1941 3052
266 130 297 154 7³
846 129 870 153 7,
907 128 939 153 M.
975 128 1003 153 Ἰ“.

267 199 466 234 l1oniines,qni
486 200 533 224 inti
549 208 595 224 nec
613 198 769 224 didicissent
795 207 842 223 ιιιϊ
858 198 967 223 omnino
986 197 1053 223 sciro
1074 198 1082 239 Ι

265 248 269 260 ι
274 241 414 266 -ιιιιιιιιιοιιῑ,

1039 127 1313 154 ittcttttoxts

1104 206 1171 232 quaa
1189 199 1357 239 quaerimus.
1378 202 1403 223 et
1420 206 1546 232 quoniam
1566 200 1688 233 princeps
1706 200 1817 226 (zi-usus
1835 201 1894 227 eius

447 235 654 262 innumerabili-s
679 235 808 275 quoiulain
834 234 997 266 nonmmtmt,
1027 235 1053 260 in
1080 245 1083 267 Ι
1105 235 1235 260 aerumnis
1253 234 1372 260 ordiendi
1392 234 1456 263 tuit.
1476 236 1535 261 date
1553 236 1629 262 nobis
1648 236 1716 262 hanc
1736 238 1849 267 veni-m,
1866 242 1897 265 ut

266 273 366 308 quibus
385 274 476 303 etiarn,
492 273 559 307 (sive
575 273 618 298 itta
633 271 961 305 irri‹len,·i,s1veqnodita
977 275 1054 305 puta·
1080 270 1083 311 1
1105 281 1146 301 ua,
1167 280 1236 306 «luae
1255 272 1358 298 sentitis
1376 271 1409 297 de
1426 273 1498 298 omni
1517 281 1613 304 uenere
1631 273 1746 303 dicendi,
1762 274 1897 301 subtiliter
1915 286 1917 292 ⁴

266 315 303 336 ret
321 315 399 345 atqui·
419 311 451 336 iti
470 310 587 335 audiuit
596 311 612 342 ,J
632 318 685 339 nie,
701 310 747 343 qui
768 309 811 334 illa
830 317 880 334 non
899 308 1053 334 didicissem

265 353 290 373 ut
305 352 372 373 tomi
376 357 400 376 n,
418 353 445 373 nt
460 348 515 381 ips«-
529 347 639 373 ali‹··«¹.il11t
658 355 734 380 pussi-
737 355 761 371 ιιι
777 345 899 379 aliquid
894 345 1051 376 indicendo,

267 384 422 418 proferebat.
457 385 574 415 Quorum
599 383 636 408 illi
659 383 770 408 alterum
796 382 870 408 facile
893 383 1055 408 assentiebar

267 421 331 447 nihil
353 431 393 447 ιιιι·
411 422 550 451 «tata-issu,
580 421 604 445 in
625 420 704 445 altu-ro
722 424 809 445 autent
830 428 871 445 ine
887 419 962 445 illudi
978 420 1010 445 ah
1024 428 1055 445 eo

266 464 309 484 aut
328 459 405 484 etiam
426 459 513 492 ipsum
533 466 618 482 errare
636 457 789 482 arbitrabar.
824 458 864 482 922.
886 457 973 482 Artem
994 466 1055 483 vero

267 496 377 529 negabat
400 505 457 520 essi·
481 494 574 523 ullam,
602 495 652 519 nisi
675 502 744 528 quae
762 494 875 527 cognitis
894 494 1054 528 penitusque

267 533 410 566 perspectis
429 536 453 556 et
472 532 497 557 in
518 540 600 557 ιιιιιιιιι
620 532 720 557 exitum
740 531 922 566 spectantibus
937 536 961 557 et
976 540 1055 557 nuni-

265 578 344 603 qnam
369 569 523 594 fallentibus
546 568 626 594 rebus
648 569 836 594 contineretur.
876 569 943 594 llaec
966 573 1054 594 autem

265 607 360 636 omnia,
377 614 444 640 qnae
459 610 630 631 tractarentur
643 606 676 631 ah
690 606 846 636 oratoribus,
863 606 943 631 (lubia
958 614 1016 631 esse
1030 610 1055 631 et

266 647 375 674 invi-rta3
404 651 487 677 quum
503 647 527 668 et
541 642 690 669 dicerentur
704 643 736 669 al)
751 643 792 673 iis,
808 644 854 678 qui
866 652 894 669 ea
904 643 991 669 omnia
1004 652 1053 668 nnn

266 680 342 714 plane
361 685 491 710 tenerent,
512 684 537 706 et
551 680 705 706 audirentur
719 681 806 711 abiis,
822 681 923 715 quibus
938 690 988 706 non
1003 681 1056 705 sci-

264 718 332 743 entia
359 722 429 743 esset
452 717 589 748 tradenda,
609 718 656 743 sed
674 718 764 753 exigui
784 718 909 752 temporis
927 722 971 744 aut
991 717 1054 743 falsa

265 759 309 781 aut
326 759 395 780 certe
409 754 520 780 obscura
534 755 634 789 opinio.
669 757 709 781 93.
725 755 794 787 Quid
810 754 910 781 multa‘?
936 756 974 781 sic
989 755 1054 780 mihi

265 837 322 855 esse
340 829 458 859 dicendi,
480 837 566 864 neque
583 838 747 864 quemquam
768 838 853 864 posse.
871 830 921 855 nisi
936 830 983 864 qui
999 829 1052 860 illa,

263 875 332 901 quae
355 875 368 892 a
391 866 554 892 doctissimis
577 867 731 893 hominihus
751 867 776 893 in
796 867 964 909 philosophia
983 866 1056 892 dii-e-

265 907 367 934 rentur,
383 908 535 939 cosnosstfft
552 908 596 930 aut
610 904 704 930 callide
718 909 762 930 aut
776 905 881 946 copiose
895 904 992 930 dicere.
1026 905 1054 930 ln

263 941 364 975 quibus
390 941 476 967 (licere
503 941 663 967 Charmadas
687 941 787 967 solebat
811 942 947 974 ingenium
967 946 1052 972 tuum,

265 978 370 1008 Crasse
392 978 561 1005 vehementer
579 978 721 1009 admirans,
738 987 780 1004 n1e
794 969 853 1004 sibi
861 978 1033 1013 perfatilem'
1027 988 1054 1005 ιιι

264 1015 404 1046 audiendo,
422 1020 445 1041 te
460 1024 561 1051 pegrpu
555 1025 655 1042 nat-eni
669 1016 696 1042 in
710 1016 872 1058 disputando
884 1024 943 1042 esse
954 1017 1052 1042 visum.

263 1202 350 1228 adhuc
365 1202 511 1233 neminem,
539 1202 611 1237 quod
622 1211 682 1228 euni
697 1202 845 1228 statuebam
855 1202 994 1233 disertum,
1006 1203 1052 1237 qui

264 1244 352 1273 posset
370 1240 434 1265 satis
448 1244 522 1265 acute
537 1244 615 1274 atque
629 1239 746 1265 dilucide
760 1239 831 1274 apud
847 1239 992 1266 mediocres
1007 1240 1055 1266 ho-

264 1277 348 1302 mines
358 1285 391 1302 ex
401 1277 536 1303 communi
547 1277 661 1311 quadam
673 1277 796 1311 opinione
808 1277 945 1303 hominum
957 1277 1052 1307 (licere,

263 1314 431 1348 eloquentem
452 1322 526 1344 vero,
549 1315 596 1349 qui
619 1313 770 1340 mirabilius
793 1318 818 1340 et
840 1314 1055 1350 magnificentius

263 1359 359 1386 augere
382 1355 470 1386 posset
487 1356 566 1386 atque
584 1359 688 1382 ornare,
709 1359 778 1385 quae
797 1351 888 1381 vellet,
909 1360 1055 1386 omnesque

263 1389 383 1414 omnium
402 1397 503 1419 rerum,
519 1397 588 1423 quae
606 1388 639 1414 ad
653 1388 796 1414 dicendum
811 1389 980 1423 pertinerent,
997 1388 1056 1415 fon-

264 1430 302 1452 tes
321 1426 409 1451 animo
427 1435 455 1451 ac
473 1426 599 1452 memoria
617 1426 770 1451 contineret.

263 1463 348 1494 nobis,
361 1463 408 1497 qui
423 1467 490 1493 ante,
506 1471 587 1497 quam
601 1462 634 1488 ad
647 1462 806 1488 discendum
821 1463 933 1498 ingressi
948 1472 1052 1494 sumus,

263 1500 402 1526 obruimur
418 1500 562 1526 ambitione
575 1504 600 1526 et
615 1499 683 1531 soro,
705 1500 740 1526 sit
754 1504 840 1526 tamen
854 1501 882 1526 in
897 1509 923 1526 re
938 1501 1054 1535 positum

263 1541 341 1572 atque
355 1541 456 1563 natura.
478 1538 520 1563 95.
536 1538 591 1573 Ego
604 1537 684 1568 enim,
701 1541 831 1572 quantum
842 1546 958 1573 auguror
967 1538 1056 1564 conie-

263 1579 336 1600 ctura
357 1579 510 1609 quantaque
533 1575 640 1610 ingenia
661 1575 688 1600 in
707 1575 804 1601 nostris
823 1575 978 1601 hominibus
996 1583 1055 1602 esse

264 1612 352 1642 video,
370 1620 421 1638 non
439 1611 563 1646 despero,
584 1611 638 1638 sore
656 1611 772 1646 aliquem
791 1611 947 1646 aliquando,
967 1613 1015 1647 qui
1030 1616 1056 1638 et

263 1649 352 1675 studio
365 1649 472 1679 acriore,
489 1657 569 1684 quam
585 1657 632 1675 nos
646 1657 741 1674 sumus
751 1653 831 1683 atque
841 1648 953 1679 fuimus,
967 1654 992 1675 et
1001 1650 1054 1676 otio

263 1694 293 1712 ae
315 1685 437 1712 facultate
459 1686 579 1712 discendi
598 1685 696 1712 maiore
714 1694 743 1712 ac
761 1686 904 1712 maturiore
922 1690 948 1712 et
966 1686 1055 1712 labore
1076 1707 1077 1711 .

263 1727 342 1758 atque
359 1723 490 1749 industria
507 1723 657 1758 superiore,
677 1731 762 1758 quum
781 1731 810 1749 se
828 1723 860 1749 ad
879 1723 1052 1754 audiendum,

265 1760 420 1796 legendum,
445 1760 670 1795 scribendumque
692 1759 836 1791 dediderit,
861 1761 972 1786 exsistat
994 1760 1054 1787 talis

263 1802 356 1828 orator,
372 1797 479 1832 qualem
493 1798 656 1832 quaerimus,
672 1798 719 1832 qui
732 1798 790 1823 iure
804 1806 856 1824 non
869 1797 956 1823 solum
971 1797 1056 1824 diser-

264 1840 320 1866 tus,
338 1834 385 1860 sed
400 1835 477 1861 etiam
493 1834 620 1869 eloquens
638 1834 691 1861 dici
705 1835 803 1869 possit;
818 1835 865 1869 qui
880 1839 981 1866 tamen,
997 1843 1055 1861 mea

263 1872 405 1903 sententia,
422 1876 467 1898 aut
485 1872 528 1898 hic
541 1876 581 1898 est
594 1872 646 1898 iam
662 1872 773 1899 Crassus
804 1876 861 1902 aut,
881 1872 904 1898 si
922 1872 985 1907 quis
999 1873 1054 1906 pari

265 1909 344 1935 fuerit
357 1909 464 1944 ingenio
477 1908 609 1944 pluraque
622 1917 703 1944 quam
718 1909 762 1935 hic
775 1913 800 1935 et
813 1909 928 1935 audierit
941 1913 966 1935 et
981 1909 1056 1935 lecti-

264 1946 323 1972 tarit
335 1950 358 1972 et
369 1947 513 1981 scripserit,
527 1946 649 1980 paullum
660 1946 722 1972 huic
731 1945 833 1981 aliquid
844 1946 938 1981 poterit
948 1945 1053 1972 addere.

319 1985 358 2010 96.
373 1983 427 2010 Hoc
445 1983 501 2010 loco
519 1983 669 2018 Sulpicius,
691 1984 836 2018 insperanti
855 1983 935 2014 mihi,
955 1984 1052 2018 inquit,

264 2025 288 2047 et
306 2020 408 2051 Cottae,
429 2020 476 2046 sed
490 2020 567 2046 valde
580 2020 680 2055 optanti
695 2021 802 2055 utrique
816 2025 935 2047 nostrum
949 2020 1052 2051 cecidit,

265 2063 293 2084 ut
310 2059 337 2084 in
352 2058 434 2084 istum
447 2065 605 2089 sermonem,
622 2057 723 2089 Crasse,
739 2057 938 2084 delaberemini.
972 2058 1054 2084 Nobis

263 2095 334 2121 enim
349 2095 402 2121 huc
415 2095 584 2121 venientibus
597 2095 746 2121 iucundum
761 2095 824 2121 satis
839 2094 894 2121 fore
904 2095 1052 2125 videbatur,

264 2133 299 2162 si,
319 2140 405 2167 quum
422 2141 470 2158 vos
487 2132 520 2158 de
537 2132 617 2158 rebus
631 2131 690 2158 aliis
705 2132 889 2167 loqueremini,
906 2136 993 2158 tamen
1007 2140 1054 2158 nos

264 2169 366 2204 aliquid
384 2178 417 2195 ex
434 2177 555 2196 sermone
572 2173 660 2196 vestro
677 2170 803 2196 memoria
821 2169 934 2205 dignum
948 2170 1056 2204 excipe-

265 2215 291 2233 re
309 2215 464 2241 possemus;
492 2211 521 2233 ut
540 2215 602 2233 vero
619 2206 727 2241 penitus
746 2207 774 2232 in
792 2215 851 2232 eam
868 2207 955 2241 ipsam
973 2207 1054 2233 totius

265 2244 346 2270 huius
360 2243 402 2270 vel
415 2243 511 2275 studii,
523 2243 565 2270 vel
575 2243 687 2274 artificii,
700 2243 742 2270 vel
754 2243 886 2270 facultatis
896 2243 1056 2278 disputatio-

265 2289 325 2307 nem
348 2289 431 2315 paene
449 2281 570 2307 intimam
589 2281 728 2311 veniretis,
749 2282 796 2307 vix
813 2280 959 2315 optandum
977 2281 1054 2307 nobis

266 2318 414 2344 videbatur.
452 2319 494 2344 97.
521 2318 578 2354 Ego
591 2319 671 2349 enim,
687 2318 735 2353 qui
748 2318 781 2344 ab
795 2319 904 2344 ineunte
917 2322 999 2344 aetate
1013 2318 1056 2344 in-

264 2363 360 2381 census
378 2363 464 2381 essem
483 2355 572 2382 studio
587 2356 728 2390 utriusque
746 2359 878 2386 vestrum,
892 2355 979 2382 Crassi
994 2363 1056 2381 vero

265 2392 344 2418 etiam
358 2400 453 2423 amore,
469 2401 554 2427 quum
569 2392 602 2418 ab
615 2401 646 2419 eo
659 2401 793 2427 nusquam
807 2392 980 2423 discederem,
996 2400 1056 2418 ver-

266 2428 330 2454 bum
349 2437 382 2455 ex
399 2438 430 2456 eo
448 2438 596 2465 numquam
613 2429 708 2456 elicere
722 2430 796 2464 potui
810 2429 843 2456 de
856 2430 899 2455 via
913 2438 943 2456 ac
956 2429 1055 2456 ratione

265 2465 383 2497 dicendi,
412 2475 497 2501 quum
519 2471 545 2493 et
562 2475 609 2502 per
625 2467 813 2501 memetipsum
832 2467 948 2502 egissem
966 2471 992 2492 et
1010 2474 1056 2501 per

266 2503 380 2528 Drusum
394 2511 471 2538 saepe
485 2508 641 2536 tentassem,
668 2512 723 2538 quo
739 2505 767 2530 in
784 2512 880 2539 genere
893 2508 931 2534 tu,
947 2503 1053 2535 Antoni,

266 2540 336 2566 (vere
356 2540 456 2575 loquar)
475 2549 622 2576 numquam
641 2541 708 2567 mihi
726 2541 890 2576 percontanti
909 2545 954 2567 aut
971 2548 1055 2575 quae-

266 2577 332 2602 renti
347 2577 449 2611 aliquid
462 2577 572 2604 defuisti
585 2581 611 2604 et
624 2586 751 2613 persaepe
765 2586 816 2610 me,
831 2586 900 2613 quae
914 2577 1034 2604 soleres
1026 2586 1054 2604 m

266 2613 377 2640 dicendo
390 2614 538 2646 observ,are
554 2615 678 2642 docuisti
700 2617 741 2641 98
757 2599 834 2642 Nuiie
847 2615 973 2650 quoniam
983 2619 1056 2641 uter-

805 1426 832 1451 Id
851 1426 874 1452 si
893 1430 933 1452 est
946 1425 1055 1452 difficile
1076 1430 1077 1447 ἰ

1081 318 1137 343 p«
1141 318 1227 343 rai-Min
1222 309 1314 334 nmini.
1340 309 1416 340 Quod
1430 309 1539 343 quidem
1553 310 1576 336 ai
1590 311 1639 336 erit
1651 319 1665 336 a
1681 311 1757 336 vohis
1771 312 1897 346 impetn·-
1914 330 1917 338 .

1080 375 1082 379 ι
1106 351 1175 375 turn,
1197 355 1229 371 ιιι
1225 355 1291 378 tgna
1311 346 1424 375 habebo
1445 347 1551 376 (rasse,
1565 347 1627 373 huic
1648 347 1791 382 palat-«trae
1804 353 1829 374 et
1843 349 1898 374 Tu·
1915 365 1919 372 .

1105 366 1215 409 sculaino
1233 389 1279 408 tuo
1291 384 1402 418 gratiam
1416 388 1442 409 et
1456 384 1532 419 long«.-
1547 385 1701 411 Academiae
1716 385 1754 410 illi
1769 394 1799 411 ac
1812 385 1898 420 Lyceo
1916 404 1918 411 s

1106 425 1181 445 tunm
1218 420 1266 446 hoc
1301 420 1486 446 suburbanum
1522 422 1691 456 gymnasium
1727 427 1896 457 anteponam.

1107 457 1190 483 xxn.
1207 459 1248 483 9⁹.
1269 458 1336 483 'l'nin
1357 457 1413 487 ille,
1431 458 1514 484 lmmo
1529 467 1598 489 vero,
1615 459 1710 494 inquit,
1727 460 1840 494 Sulpici,
1856 468 1899 486 m-

1105 504 1200 529 gemns
1213 496 1365 522 Anuminm.
1381 496 1428 529 qui
1443 500 1467 520 et
1483 500 1566 529 [min-st
1581 495 1672 526 tacere.
1688 496 1760 531 quod
1772 496 1895 531 requiris,

1106 536 1131 557 et
1147 533 1299 562 consuevit,
1325 537 1352 558 ιιι
1372 538 1395 558 te
1413 532 1493 558 amlio
1510 532 1606 559 ‹iii-ere.
1643 534 1707 559 Nam
1727 542 1768 559 me
1787 533 1898 568 quidem

1107 568 1188 595 fateor
1201 578 1307 604 semper
1320 579 1333 595 a
1347 579 1444 604 genere
1459 570 1507 595 hoc
1522 574 1574 595 toto
1588 571 1717 596 sermonis
1732 570 1863 606 refugisse
1873 575 1899 597 et

1107 606 1153 632 tit-i
1180 607 1297 641 cupii-nti
1316 612 1395 641 atque
1419 608 1526 633 instanti
1546 607 1703 642 saepissime
1725 616 1848 641 negasse,
1869 613 1898 634 ut

1107 648 1161 669 tute
1181 644 1270 677 paullo
1288 649 1346 669 ante
1361 645 1462 670 dixisti.
1493 644 1568 675 Quod
1584 654 1633 679 ego
1647 653 1697 670 non
1712 640 1837 679 superbia
1852 653 1899 671 no-

1106 689 1159 715 que
1178 681 1370 707 inhumanitate
1385 681 1513 707 faciebam
1528 690 1614 716 neque
1628 690 1682 716 quo
1697 687 1742 707 tuo
1754 682 1844 708 studio
1858 691 1898 708 re-

1107 719 1226 744 ctissimo
1243 723 1323 753 atque
1341 719 1441 753 optimo
1460 728 1510 744 non
1529 719 1641 754 obsequi
1658 719 1762 749 vellem,
1780 728 1899 754 praecer-

1082 771 1083 776 ι
1107 755 1153 781 tim
1165 763 1249 789 quum
1262 760 1286 781 te
1299 764 1380 781 unum
1393 764 1425 782 ex
1435 756 1561 782 omnibus
1571 756 1603 782 ad
1615 756 1771 782 discendum
1784 757 1899 783 maxime

265 797 320 818 tum
345 792 503 826 persuadere
523 792 670 822 videbatur,
696 801 781 827 neque
803 793 943 818 artilicium
968 792 1054 818 ullnn1
1082 789 1083 805 i

1083 884 1085 892 ,
1107 867 1183 901 quasi
1207 867 1234 893 in
1255 872 1309 893 arte
1329 867 1479 897 traduntur,
1496 868 1609 893 inscitia.

1108 797 1197 818 natum
1222 797 1368 827 aptumque
1390 801 1555 826 cognossem,
1581 793 1627 819 sed
1650 794 1802 819 mehercule
1820 794 1899 820 istius

1107 830 1295 864 disputationis
1323 830 1461 856 insolentia
1489 835 1568 865 atque
1589 839 1680 856 earum
1704 840 1805 861 rerum,
1829 839 1899 866 quae

1646 869 1703 893 ⁴00.
1723 868 1790 893 Tum
1810 868 1896 895 Cotta:

1082 922 1084 925 .
1107 904 1237 935 Quoniam
1256 904 1297 935 id,
1317 905 1389 939 quod
1407 904 1598 931 difficillimum
1614 905 1690 931 nobis
1706 905 1853 936 videbatur,
1870 910 1900 931 ut

1105 942 1215 967 omnino
1232 941 1265 967 de
1284 941 1325 967 his
1340 942 1428 972 rebus,
1446 942 1547 972 Crasse,
1565 942 1709 977 toquerere,
1725 943 1839 969 assecuti
1852 951 1901 969 su-

1108 987 1181 1009 mus,
1201 978 1235 1005 de
1253 978 1356 1014 reliquo
1374 980 1425 1005 iam
1445 984 1531 1005 nostra
1549 979 1627 1014 culpa
1647 979 1740 1009 fuerit,
1760 980 1783 1006 si
1797 984 1831 1010 te,
1847 980 1900 1006 nisi

1076 1018 1085 1051 ¹.
1107 1017 1208 1047 onmia,
1233 1025 1302 1050 quae
1327 1017 1468 1051 percontati
1492 1017 1606 1047 erimus,
1623 1016 1773 1051 explicatis,
1789 1016 1901 1043 dimise-

265 1053 336 1079 xxi.
359 1054 400 1079 94.
427 1054 515 1087 ltaque
538 1063 558 1078 e·
554 1062 586 1085 r0
609 1053 657 1079 hac
676 1053 766 1079 eadem
783 1054 906 1095 opinione
923 1053 1055 1079 adductus
1076 1051 1077 1057 ¹

264 1090 358 1124 scripsi
377 1091 454 1116 eti1n1
474 1090 540 1116 illud
555 1091 690 1125 quodam'
685 1100 711 1116 ιιι
727 1090 825 1121 libello
838 1091 884 1125 qui
899 1091 1056 1125 meimpru-
1076 1091 1077 1096 ¹

263 1127 341 1153 dente
363 1132 388 1153 et
411 1127 494 1153 invito
512 1127 609 1154 excidit
628 1132 653 1154 et
672 1128 791 1162 pervenit
810 1128 836 1154 in
855 1136 950 1154 manus
969 1128 1056 1154 homi·
1076 1132 1077 1136 ’

264 1173 338 1195 ιιιιιιι,
363 1164 475 1190 disertos
499 1173 540 1190 me
563 1173 691 1200 cognosse
714 1164 870 1196 nonnullos,
886 1165 1055 1200 eloquentem
1076 1187 1078 1193 ,

1107 1054 1200 1079 rimus.
1238 1055 1294 1079 tot.
1311 1054 1345 1079 De
1360 1054 1406 1084 iis,
1423 1054 1509 1085 credo,
1527 1054 1615 1084 rebus.
1632 1054 1720 1088 inquit
1733 1054 1854 1084 Crassus.
1870 1058 1900 1080 ut

1108 1091 1134 1116 in
1152 1090 1315 1116 cretionibus
1333 1091 1413 1117 scribi
1428 1091 1508 1117 solet:
1531 1099 1645 1121 (ninus
1665 1099 1752 1117 scuni
1773 1099 1900 1117 Ροιιιιο-

1107 1136 1171 1158 Qun
1206 1128 1273 1154 Tum
1297 1128 1355 1154 itte:
1383 1129 1449 1154 Nam
1468 1128 1540 1163 quod
1559 1133 1586 1154 tu
1606 1137 1656 1154 non
1676 1129 1773 1163 poteris
1791 1133 1836 1155 aut
1853 1137 1900 1155 ne-

1107 1165 1188 1196 scies,
1209 1166 1271 1200 quis
1290 1170 1409 1192 nostrum
1429 1170 1480 1192 tam
1496 1166 1639 1200 impudens
1657 1170 1709 1196 est,
1729 1166 1776 1200 qui
1791 1174 1819 1192 se
1832 1166 1899 1192 scire

1107 1207 1152 1228 aut
1166 1211 1244 1237 posse
1258 1201 1392 1245 postulet?

1163 1241 1216 1266 tam
1236 1248 1310 1270 vero,
1326 1240 1376 1266 ista
1394 1239 1552 1269 conditione,
1569 1239 1634 1265 dum
1650 1239 1714 1265 n1ihi
1731 1238 1806 1265 liceat
1820 1247 1901 1275 nega-

1107 1285 1134 1303 re
1153 1285 1230 1312 posse
1248 1277 1320 1312 quod
1339 1286 1391 1303 non
1407 1282 1509 1311 potero,
1525 1281 1549 1302 et
1565 1276 1638 1302 fateri
1653 1277 1754 1302 nescire
1767 1276 1839 1311 quod
1853 1285 1900 1302 ne-

1076 1306 1085 1346 ³¹}
1106 1315 1202 1344 sciam,
1224 1314 1292 1344 licet,
1308 1315 1397 1349 inquit
1411 1314 1531 1344 Crassus,
1548 1318 1635 1339 vestro
1649 1314 1774 1339 arbitratu
1790 1322 1900 1348 percon-

1107 1352 1209 1377 temini.
1246 1353 1302 1377 ⁴02.
1324 1351 1415 1386 Atqui,
1433 1352 1518 1386 inquit
1533 1350 1679 1385 Sulpicius,
1695 1351 1745 1377 hoc
1789 1349 1898 1387 rimum]

1107 1397 1139 1414 ex
1158 1394 1194 1418 te,
1211 1388 1244 1415 de
1257 1397 1312 1424 quo
1326 1388 1404 1415 modo
1417 1389 1548 1415 Antonius
1561 1389 1694 1422 exposuit,
1709 1388 1756 1423 qui
1789 1389 1897 1418 sentias,

1106 1426 1275 1460 quaerimus:
1296 1426 1467 1452 existimesne
1485 1431 1567 1452 artem
1582 1425 1699 1460 aliquam
1710 1433 1768 1451 esse
1777 1424 1901 1452 dicendi?

1106 1462 1195 1495 Quid?
1218 1463 1284 1489 mihi
1300 1472 1370 1490 nunc
1385 1472 1445 1494 vos,
1462 1464 1550 1498 inquit
1563 1463 1684 1493 Crassus,
1701 1467 1837 1497 tamquam
1850 1462 1901 1488 ali-

1106 1501 1150 1526 cui
1169 1500 1298 1527 Graeculo
1315 1501 1400 1527 otioso
1414 1505 1439 1526 et
1451 1500 1554 1535 loquaci
1569 1505 1594 1526 et
1607 1499 1718 1526 fortasse
1731 1499 1808 1526 docto
1819 1504 1901 1535 atque

1106 1537 1210 1564 erudito
1223 1537 1464 1572 quaestiunculam,
1481 1537 1513 1563 de
1522 1546 1575 1572 qua
1586 1545 1645 1563 meo
1657 1537 1784 1563 arbitratu
1796 1535 1897 1572 loquar,

1106 1573 1224 1609 ponitis?
1248 1574 1360 1606 Quando
1377 1575 1448 1600 enim
1467 1583 1509 1600 me
1527 1575 1576 1600 ista
1590 1582 1697 1600 curasse
1710 1578 1756 1600 aut
1768 1574 1900 1609 cogitasse

1106 1612 1280 1642 arbitramini,
1297 1617 1321 1637 et
1335 1620 1387 1638 non
1401 1620 1507 1646 semper
1520 1612 1635 1638 irrisisse
1649 1612 1739 1646 potius
1748 1619 1841 1637 eorum
1850 1611 1901 1638 ho-

1107 1649 1210 1675 minum
1233 1649 1441 1684 impudentiam,
1464 1650 1511 1683 qui
1530 1657 1615 1684 quum
1633 1649 1662 1674 in
1679 1647 1769 1674 schola
1783 1648 1900 1675 assedis-

1106 1690 1178 1717 sent,
1198 1694 1294 1721 magna
1311 1686 1450 1712 hominum
1465 1685 1613 1721 frequentia
1627 1685 1714 1712 dicere
1728 1685 1858 1717 iuberent,
1875 1686 1899 1712 si

1106 1723 1168 1758 quis
1182 1723 1249 1758 quid
1262 1722 1419 1758 quaereret?
1452 1725 1509 1750 ⁴03.
1524 1722 1600 1755 Quod
1615 1723 1733 1757 primum
1747 1722 1836 1749 ferunt
1849 1723 1900 1750 Le—

1105 1761 1228 1786 ontinum
1242 1759 1337 1787 fecisse
1350 1760 1490 1796 Gorgiam:
1517 1761 1565 1795 qui
1581 1768 1757 1796 permagnum
1769 1759 1898 1794 quiddam

1106 1798 1243 1832 suscipere
1261 1806 1290 1824 ac
1308 1798 1424 1832 profiteri
1443 1797 1597 1828 videbatur,
1610 1805 1696 1832 quum
1709 1805 1738 1823 se
1751 1797 1784 1823 ad
1797 1798 1896 1829 omnia,

1107 1834 1139 1860 de
1160 1835 1262 1869 quibus
1279 1835 1396 1870 quisque
1413 1835 1506 1861 audire
1525 1834 1617 1865 vellet,
1637 1843 1695 1860 esse
1713 1838 1834 1869 paratum
1851 1834 1900 1861 de-

1107 1873 1249 1898 nuntiaret.
1295 1873 1387 1899 Postea
1406 1880 1468 1899 vero
1486 1871 1568 1908 vulgo
1585 1871 1636 1898 hoc
1652 1871 1738 1898 facere
1754 1876 1899 1906 coeperunt

1107 1909 1241 1944 hodieque
1258 1909 1372 1940 faciunt,
1392 1914 1423 1935 ut
1436 1909 1509 1936 nulla
1523 1910 1558 1935 sit
1570 1917 1613 1935 res
1626 1916 1714 1944 neque
1727 1913 1798 1935 tanta
1810 1917 1899 1944 neque

1107 1951 1159 1972 tam
1173 1947 1318 1981 improvisa
1332 1955 1419 1981 neque
1433 1951 1486 1973 tam
1500 1954 1576 1977 nova,
1588 1945 1622 1972 de
1631 1954 1684 1980 qua
1694 1954 1723 1972 se
1736 1953 1788 1972 non
1797 1946 1896 1977 omnia,

1106 1992 1175 2018 quae
1197 1983 1250 2010 dici
1269 1988 1395 2018 possunt,
1415 1983 1587 2018 profiteantur
1604 1991 1664 2009 esse
1676 1982 1804 2009 dicturos.
1839 1984 1896 2010 104.

1105 2020 1181 2052 Quod
1195 2022 1218 2047 si
1232 2026 1266 2051 te,
1283 2020 1365 2052 Cotta,
1381 2021 1522 2047 arbitrarer
1533 2026 1579 2047 aut
1590 2025 1623 2051 te,
1637 2019 1749 2054 Sulpici.
1765 2019 1798 2046 de
1811 2020 1845 2046 iis
1855 2029 1899 2046 re-

1106 2058 1157 2084 bus
1171 2058 1263 2084 audire
1277 2058 1354 2089 velle,
1370 2058 1543 2084 adduxissem
1557 2057 1610 2084 huc
1623 2057 1755 2084 Graecum
1768 2056 1895 2092 aliquem,

1105 2095 1152 2130 qui
1164 2103 1211 2121 vos
1221 2095 1373 2122 istiusmodi
1383 2094 1611 2130 disputationibus
1620 2093 1774 2126 delectaret;
1785 2093 1859 2129 quod
1864 2103 1898 2121 no

1106 2140 1177 2158 nunc
1196 2132 1306 2167 quidem
1325 2132 1435 2159 difficile
1453 2131 1524 2158 factu
1542 2137 1591 2158 est.
1624 2131 1672 2158 Est
1689 2131 1761 2157 enim
1773 2131 1846 2166 apud
1859 2131 1895 2158 M.

1105 2170 1243 2201 Pisonem,
1273 2169 1466 2196 adolescentem
1491 2170 1544 2195 iam
1567 2169 1632 2195 huic
1653 2167 1742 2195 studio
1763 2168 1894 2199 deditum.

1105 2215 1212 2233 summo
1234 2207 1368 2233 hominem
1390 2207 1498 2242 ingenio
1519 2206 1656 2241 nostrique
1677 2204 1894 2239 cupidissimum,

1105 2244 1295 2278 Peripateticus
1313 2227 1436 2274 Staseas?
1448 2243 1528 2270 homo
1541 2243 1618 2270 nobis
1630 2250 1694 2269 sane
1707 2241 1847 2269 familiaris
1859 2247 1894 2274 et,

1106 2285 1136 2306 ut
1152 2281 1221 2307 inter
1239 2281 1360 2307 homines
1379 2281 1478 2315 peritos
1494 2285 1614 2307 constare
1631 2280 1722 2310 video,
1741 2280 1770 2306 in
1786 2279 1834 2306 illo
1845 2288 1897 2307 suo

1105 2326 1202 2353 genere
1227 2319 1349 2344 omnium
1372 2318 1505 2352 princeps.
1547 2317 1645 2343 XXffl.
1671 2318 1728 2343 ⁴05.
1751 2315 1836 2348 Quem
1866 2321 1896 2344 tu

1106 2355 1186 2385 mihi.
1207 2356 1295 2390 inquit
1312 2355 1432 2386 Mucius,
1449 2354 1580 2385 Staseam,
1596 2362 1677 2389 quem
1690 2354 1895 2388 Peripateticum

1106 2391 1214 2418 narras?
1227 2392 1367 2419 Gerendus
1377 2396 1418 2418 est
1430 2391 1479 2418 tibi
1489 2399 1547 2418 mos
1557 2391 1778 2422 adolescentibus
1790 2390 1894 2422 Crasse,

1105 2429 1153 2464 qui
1179 2437 1232 2455 non
1254 2429 1348 2456 Graeci
1367 2428 1482 2455 alicuius
1504 2428 1687 2463 quotidianam
1710 2427 1899 2470 loquacitatem

1106 2466 1164 2492 sine
1181 2475 1234 2492 usu
1248 2475 1335 2501 neque
1348 2475 1382 2493 ex
1394 2465 1494 2492 scholis
1507 2465 1664 2492 cantilenam
1679 2465 1832 2500 requirunt,
1846 2465 1902 2492 sed*

1105 2511 1139 2529 ex
1152 2503 1259 2530 homine
1269 2504 1390 2530 omnium
1403 2503 1601 2538 sapientissimo
1613 2507 1693 2538 atque
1707 2502 1896 2544 eloquentissi-

1106 2549 1149 2566 mo
1171 2545 1250 2575 atque
1272 2549 1306 2567 ex
1322 2549 1362 2572 eo,
1377 2541 1425 2576 qui
1438 2539 1531 2566 nonin
1545 2538 1652 2571 libellis,
1668 2539 1756 2566 sedin
1769 2539 1894 2566 maximis

1105 2578 1208 2603 caussis
1221 2582 1247 2604 et
1260 2578 1288 2604 in
1301 2578 1351 2604 hoc
1363 2576 1498 2604 domicilio
1514 2576 1621 2611 imperii
1634 2582 1660 2603 et
1671 2576 1771 2612 gloriae
1783 2576 1819 2602 sit
1830 2583 1894 2602 oon-

1105 2614 1166 2640 silio
1180 2614 1325 2656 linguaque
1338 2615 1471 2650 princeps,
1490 2613 1568 2640 cuius
1582 2614 1696 2649 vestigia
1707 2613 1833 2648 persequi
1845 2621 1903 2639 cum

265 2658 317 2685 que
332 2655 451 2677 vestrum
465 2651 587 2686 patefecit
600 2661 689 2679 earum
705 2660 793 2678 rerum
807 2653 927 2687 ipsarum
941 2651 1052 2682 aditum,
1082 2647 1086 2677 l
1105 2651 1191 2686 pium,
1207 2653 1266 2678 eius
1279 2653 1436 2678 sententiam
1450 2651 1627 2677 sciscitantur.
1650 2652 1706 2677 ⁴06.
1721 2649 1854 2685 Equidem
1867 2653 1898 2677 et
