1941 3052
325 150 379 177 DE
413 150 713 177 PROVINCIIS
747 149 1146 177 CONSULARIBUS.
1181 150 1278 176 CAP.

71 228 106 251 to.
132 223 308 257 Posteaquam
324 230 384 247 sum
397 222 504 256 penitus
516 222 543 247 in
556 220 750 256 rempublicam
762 222 866 257 ingres-
888 224 889 254 ᾖ

72 270 128 292 5115,
142 261 177 286 ita
187 259 304 286 dissensi
315 259 348 285 ab
360 258 415 289 illo,
429 263 466 289 ut,
481 259 507 284 in
519 259 698 285 disiunctione
709 259 864 289 sententiae,
888 257 890 284 ἶ

70 298 204 325 coniuncti
221 301 308 323 tamen
324 296 439 322 amicitia
456 305 633 322 maneremus.
657 297 698 322 41.
712 296 810 323 Consul
822 296 867 322 ille

71 335 125 371 egit
136 343 180 361 eas
191 343 242 365 res,
250 342 364 368 quarum
373 342 414 359 me
421 334 577 368 participem
586 342 644 359 esse
651 333 748 360 voluit:
766 334 867 368 quibus

71 381 120 408 ego
136 372 159 398 si
176 372 266 398 minus
281 371 454 401 assentiebar,
473 375 560 396 tamen
572 370 646 397 illius
658 371 723 397 1111111
737 371 867 397 iudicium

71 414 177 446 gratum
193 417 253 435 esse
268 408 392 434 debebat.
415 409 456 434 Me
468 408 522 439 ille,
536 412 566 434 ut
576 408 812 443 quinqueviratum
825 417 868 434 ac—

71 448 196 482 ciperem,
219 446 335 481 rogavit:
367 454 410 471 me
426 446 453 472 in
470 446 555 471 tribus
571 446 624 472 sibi
639 446 868 472 coniunctissimis

71 483 260 511 consularibus
272 491 330 509 esse
343 482 440 509 voluit:
463 483 530 508 mihi
543 482 710 518 legationem,
724 492 805 517 quam
813 483 869 508 vel-

72 521 134 552 lem.
156 525 256 556 quanto
277 529 338 546 cum
361 520 459 546 honore
475 519 580 550 vellem,
599 520 704 546 detulit.
731 520 803 552 Quae
820 529 869 555 ego

71 559 160 588 omnia
181 567 233 584 non
255 558 358 593 ingrato
378 558 475 588 animo,
498 557 544 583 sed
561 557 738 583 obstinatione
752 557 868 591 quadam

71 596 217 623 sententiae
233 595 383 630 repudiavi.
415 594 500 626 Quam
516 595 659 629 sapienter,
677 603 727 620 non
744 595 866 629 disputo:

72 633 165 660 multis
181 633 252 659 enim
272 641 323 659 non
341 632 471 667 probabo:
499 636 649 658 constanter
659 632 769 666 quidem
781 631 870 658 81101·-

73 672 133 698 titer
152 675 235 697 certe:
266 670 313 705 qui
329 678 414 704 quum
430 678 472 695 me
487 668 651 695 firmissimis
666 669 764 703 opibus
779 674 868 695 contra

72 708 161 735 scelus
180 708 350 734 inimicorum
367 707 470 732 munire
486 711 512 732 et
527 706 669 740 populares
686 707 803 741 impetus
822 715 866 741 po-

73 745 159 781 pulari
176 745 308 780 praesidio
324 744 479 778 propulsare
495 752 611 778 possem,
625 745 750 778 quamvis
762 745 866 778 excipe-

73 792 100 810 re
116 782 258 812 fortunam,
275 782 366 808 subire
382 781 437 806 vim
452 786 531 815 atque
543 781 668 807 iniuriam
681 781 773 810 malui.
786 790 867 816 quam

72 825 118 847 aut
137 829 151 846 a
174 819 270 846 vestris
285 819 462 844 sanctissimis
479 818 614 844 mentibus
628 818 758 845 dissidere
775 824 820 845 aut
835 819 868 845 de

73 866 132 884 meo
145 861 215 883 statu
232 856 373 882 declinare.
408 855 460 881 Sed
477 864 529 882 non
544 856 567 881 is
583 856 671 882 solum
687 861 779 891 gratus
790 856 869 882 debet

72 904 140 926 esse,
157 894 205 929 qui
219 894 320 928 accepit
334 892 503 923 beneficium,
522 901 614 919 verum
631 894 709 919 etiam
722 894 753 924 15,
767 894 810 919 cui
823 903 869 928 po-

72 937 152 959 testas
167 930 315 966 accipiendi
328 930 387 956 fuit.
409 930 466 966 Ego
477 929 522 956 illa
533 935 696 962 ornamenta,
710 931 811 965 quibus
824 931 869 957 ille

73 978 114 996 me
135 969 252 999 ornabat,
270 968 362 994 decere
379 976 422 994 me
448 972 473 994 et
488 969 629 994 convenire
645 969 678 994 iis
695 969 784 1000 rebus,
802 978 868 1004 quas

71 1015 216 1043 gesseram,
237 1015 288 1032 non
306 1005 441 1040 putabam.
468 1004 546 1031 Illum
563 1005 672 1040 quidem
684 1007 769 1033 amico
779 1007 870 1033 animo
891 1012 892 1036 ζ

72 1053 114 1071 1118
131 1044 229 1070 habere
244 1043 336 1070 eodem
353 1042 418 1072 loco,
435 1051 490 1077 quo
508 1043 656 1077 principem
673 1044 769 1075 civem,
788 1053 868 1070 suum

71 1090 212 1118 generum,
229 1081 387 1107 sentiebam.
415 1081 456 1106 42.
474 1080 605 1107 Traduxit
616 1081 648 1107 ad
660 1081 766 1115 plebem
779 1082 871 1108 inimi·
891 1102 892 1105 ,

71 1128 133 1146 cum
150 1127 255 1145 meum:
283 1118 341 1144 sive
352 1119 435 1144 iratus
447 1118 523 1148 mibi,
537 1118 609 1152 quod
622 1127 663 1144 me
675 1127 766 1145 secum
779 1128 811 1145 ne
823 1119 870 1145 be-

72 1156 174 1183 neficiis
185 1155 295 1191 quidem
307 1155 414 1181 videbat
427 1164 504 1189 posse
514 1156 651 1191 coniungi,
664 1157 722 1182 sive
733 1161 868 1183 exoratus.

72 1195 110 1221 Ne
125 1194 189 1220 haec
205 1193 315 1228 quidem
333 1192 383 1219 fuit
398 1192 505 1219 iniuria.
529 1193 594 1219 Nam
607 1198 697 1227 postea
712 1203 763 1225 1118,
777 1199 806 1220 ut
816 1195 868 1220 sibi

72 1240 158 1258 essem
172 1231 284 1267 legatus,
298 1239 349 1257 non
361 1230 448 1257 solum
460 1230 554 1261 suasit.
569 1232 747 1257 verumetiam
755 1232 867 1268 rogavit.

72 1270 111 1296 Ne
126 1269 153 1295 id
168 1268 279 1304 quidem
290 1268 393 1302 accepi:
416 1276 466 1293 non
478 1276 531 1302 quo
542 1267 660 1294 alienum
672 1278 729 1295 mea
740 1269 869 1305 dignitate
891 1278 892 1282 ¹

72 1307 225 1337 arbitrarer,
246 1305 293 1332 sed
310 1305 382 1340 quod
399 1309 501 1331 tantum
518 1305 681 1340 reipublicae
698 1306 806 1333 sceleris
818 1307 869 1333 im-

74 1344 188 1379 pendere
199 1352 214 1370 a
223 1342 381 1369 consulibus
393 1342 523 1377 proximis
536 1351 588 1369 non
598 1344 765 1378 suspicabar.

129 1419 221 1445 XVIII.
242 1417 313 1453 Ergo
327 1416 415 1443 adhuc
430 1417 516 1452 magis
532 1421 572 1443 est
588 1417 655 1443 mihi
667 1418 823 1450 verendum,
837 1427 869 1445 ne

73 1465 130 1483 mea
146 1455 273 1490 superbia
290 1455 317 1481 in
334 1454 408 1480 illius
426 1454 591 1485 liberalitate,
605 1463 686 1489 quam
699 1465 731 1482 ne
742 1456 817 1482 illius
829 1457 870 1483 in-

72 1494 141 1521 iuria
156 1494 183 1520 in
200 1497 287 1519 nostra
302 1492 418 1518 amicitia
434 1491 653 1526 reprehendatur.
681 1494 721 1519 43.
740 1494 808 1520 Ecce
824 1494 869 1520 illa

72 1535 225 1566 tempestas,
243 1529 328 1565 caligo
343 1529 483 1560 bonorum,
497 1533 522 1555 et
533 1530 621 1556 subita
633 1535 712 1565 atque
726 1531 870 1566 improvisa

73 1568 195 1599 formido,
215 1567 337 1594 tenebrae
348 1566 519 1601 reipublicae,
533 1567 610 1593 ruina
622 1572 701 1603 atque
713 1569 869 1595 incendium

71 1606 196 1636 civitatis,
215 1610 297 1631 terror
311 1605 427 1630 iniectus
443 1604 549 1630 Caesari
565 1604 597 1631 de
614 1605 672 1631 eius
688 1607 762 1637 actis,
782 1612 869 1633 metus

72 1643 162 1671 caedis
181 1643 258 1669 bonis
278 1642 415 1672 omnibus,
439 1641 581 1668 consulum
602 1642 700 1674 scelus,
722 1644 866 1678 cupiditas,

72 1685 184 1718 egestae,
197 1679 317 1706 audacia.
339 1678 367 1705 Si
380 1687 432 1705 non
443 1688 504 1705 sum
517 1679 634 1711 adiutus,
650 1689 701 1707 non
713 1681 822 1708 debuit:
845 1682 868 1708 si

71 1719 203 1748 desertus.
216 1717 269 1743 sibi
281 1716 392 1743 sortasse
403 1716 534 1751 providit;
557 1717 579 1743 si
591 1718 672 1744 etiam
684 1723 866 1753 oppugnatus,

71 1761 101 1784 ut
115 1755 226 1792 quidam
245 1758 290 1780 aut
301 1758 396 1789 putant
406 1754 564 1785 autvolunt,
579 1754 675 1782 violata
686 1753 801 1783 amicitia
814 1761 866 1790 est;

72 1794 160 1828 accepi
173 1792 308 1823 iniuriam,
323 1791 449 1818 inimicus
460 1800 519 1818 esse
531 1791 627 1818 debui:
647 1801 698 1819 non
711 1803 792 1830 nego:
809 1794 867 1826 sed,

71 1831 95 1858 si
105 1831 176 1858 idem
188 1829 233 1856 ille
246 1834 302 1856 tum
314 1837 356 1855 me
367 1828 473 1855 salvum
485 1837 544 1855 esse
557 1829 649 1862 voluit,
663 1839 748 1866 quum
762 1840 807 1858 vos
815 1840 866 1863 me,

72 1873 101 1896 ut
119 1867 291 1895 carissimum
308 1866 404 1897 filium,
421 1866 624 1898 desiderabatis.
643 1873 668 1894 et
683 1869 706 1895 si
724 1878 770 1895 vos
786 1869 869 1896 iidem

72 1906 204 1942 pertinere
219 1904 251 1930 ad
267 1912 389 1930 caussam
405 1903 477 1930 illam
496 1904 639 1938 putabatis,
657 1906 821 1933 voluntatem
839 1907 868 1933 C.

71 1943 191 1970 Caesaris
206 1950 220 1968 a
235 1941 322 1967 salute
337 1949 395 1967 mea
411 1949 462 1967 non
474 1941 629 1975 abhorrere,
653 1948 686 1974 et,
701 1945 723 1970 si
737 1944 810 1970 illius
824 1953 870 1971 vo-

74 1980 183 2007 luntatis
198 1987 326 2014 generum
343 1978 400 2004 eius
412 1978 498 2004 habeo
509 1983 612 2010 testem,
625 1981 673 2014 qui
685 1981 754 2007 idem
768 1981 869 2008 Italiam

72 2019 99 2044 in
120 2016 285 2050 municipiis,
308 2015 437 2050 populum
459 2016 606 2042 Romanum
628 2017 654 2043 iu
669 2019 804 2050 concione,
823 2028 870 2046 vos

72 2055 125 2082 mei
141 2062 247 2088 semper
261 2052 454 2087 cupidissimos
469 2053 496 2078 in
512 2053 642 2087 Capitolio
653 2055 685 2081 ad
698 2064 783 2082 meam
796 2056 870 2083 salu-

73 2098 125 2120 tem
147 2090 281 2118 incitavit:
312 2090 335 2116 si
355 2089 473 2124 denique
489 2090 537 2116 Cn.
555 2091 699 2126 Pompeius
715 2093 785 2120 idem
803 2094 869 2120 1111111

72 2131 148 2156 testis
161 2129 195 2155 de
207 2127 341 2154 voluntate
353 2126 482 2157 Caesaris.
496 2132 521 2153 et
531 2136 644 2162 sponsor
654 2135 694 2156 est
705 2130 744 2157 illi
755 2130 867 2157 demea:

72 2175 160 2194 nonne
181 2165 258 2192 vobis
279 2164 371 2191 video·-
389 2168 415 2190 et
430 2163 518 2190 ultimi
535 2167 662 2200 temporis
678 2168 867 2199 recordatione,

71 2209 98 2231 et
114 2203 228 2240 proximi
241 2202 368 2228 memoria
391 2201 510 2228 medium
522 2202 590 2229 illud
603 2205 789 2232 tristissimum
803 2210 870 2232 tem-

73 2250 124 2278 pus
138 2241 249 2271 debere,
266 2239 289 2265 si
305 2247 338 2265 ex
353 2247 443 2265 rerum
454 2243 546 2265 natura
559 2249 610 2267 non
623 2249 733 2276 possum
744 2243 866 2274 evellere.

72 2287 106 2306 ex
115 2279 206 2306 animo
215 2277 326 2312 quidem
336 2280 406 2302 certe
417 2276 558 2302 excidere?
578 2278 619 2304 tt.
632 2279 688 2315 Ego
700 2289 770 2311 vero,
783 2281 806 2306 si
819 2282 870 2306 mi—

73 2317 101 2343 111
112 2325 164 2343 11011
177 2315 238 2342 licet
248 2323 295 2349 per
308 2314 414 2348 aliquos
426 2313 461 2339 ita
472 2313 588 2348 gloriari,
603 2323 646 2342 me
659 2317 776 2344 dolorem
789 2322 869 2352 atque

72 2353 228 2381 inimicitias
243 2360 316 2378 meas
332 2350 496 2385 reipublicae
506 2354 679 2385 concessisse,
693 2355 766 2389 quod
778 2355 868 2390 magui

72 2390 214 2418 cuiusdam
231 2389 348 2415 hominis
363 2393 389 2414 et
404 2389 581 2422 persapientis
598 2391 716 2418 videtur:
740 2396 798 2418 utar
809 2392 867 2422 hoc..

72 2428 146 2464 quod
162 2436 214 2455 non
230 2431 283 2452 tam
302 2426 334 2452 ad
348 2425 452 2451 laudem
465 2425 676 2460 adipiscendam,
689 2437 771 2463 quam
783 2429 816 2455 ad
830 2430 870 2455 vi-

74 2465 180 2492 tandam
196 2463 418 2499 vituperationem
435 2462 513 2493 valet,
532 2463 667 2492 hominem
685 2474 727 2492 me
739 2475 798 2492 esse
808 2475 870 2502 gra-

74 2507 141 2535 tum,
153 2507 179 2530 et
189 2509 241 2530 non
252 2500 331 2528 modo
342 2500 421 2527 tantis
434 2499 579 2533 beneficiis,
593 2503 640 2529 sed
651 2504 730 2530 etiam
742 2503 869 2530 mediocri

1316 151 1344 176 14
1366 166 1400 169 —
1424 152 1462 175 20.
1661 151 1710 176 5:37

919 221 1058 247 hominum
1083 220 1267 247 benevolentia
1292 221 1462 247 commoveri.
1508 221 1581 247 xlx.
1605 220 1625 247 Α
1648 221 1712 247 viris

918 258 1072 285 fortissimis
1088 263 1113 284 et
1127 258 1160 284 de
1176 267 1218 284 me
1233 259 1332 293 optime
1350 258 1450 284 meritis
1465 258 1629 292 quibusdam
1643 263 1710 292 peto,

920 301 956 326 ut,
980 297 1003 322 si
1022 305 1071 331 ego
1091 296 1151 322 illos
1171 304 1290 322 meorum
1308 295 1427 322 laborum
1444 300 1469 321 et
1484 295 1712 321 incommodorum

919 334 1061 368 participes
1073 342 1131 359 esse
1144 333 1226 363 nolui,
1239 342 1271 359 ne
1284 332 1323 359 illi
1336 342 1377 359 me
1389 341 1498 358 suarum
1510 333 1711 358 inimicitiarum

919 372 1021 397 socium
1039 371 1120 396 velint
1135 379 1203 400 esse,
1222 371 1376 405 praesertim
1392 379 1477 405 quum
1494 370 1560 396 mihi
1576 370 1657 396 iidem
1674 370 1713 396 illi

919 409 1106 438 concesserint,
1125 412 1153 433 ut
1168 408 1247 434 etiam
1264 412 1319 434 acta
1336 408 1380 433 illa
1397 408 1526 438 Caesaris,
1543 416 1611 442 quae
1628 416 1714 442 neque

919 447 1073 480 oppugnavi
1088 451 1162 471 antea
1180 454 1265 480 neque
1281 445 1397 476 defendi,
1411 453 1470 471 meo
1481 445 1533 471 iam
1545 445 1602 471 iure
1614 445 1713 480 possim

920 483 1070 508 defendere.
1095 484 1135 509 45.
1148 483 1214 508 Nam
1227 483 1326 508 summi
1338 483 1453 508 civitatis
1467 483 1524 513 viri,
1538 491 1653 517 quorum
1666 491 1714 518 ego

919 520 1031 546 consilio
1047 520 1240 554 rempublicam
1256 520 1421 550 conservavi,
1439 524 1589 554 etquorum
1602 520 1715 546 auctori-

921 562 971 583 tate
988 557 1061 583 illam
1077 557 1290 583 coniunctionem
1303 558 1423 583 Caesaris
1435 557 1536 592 defugi,
1550 557 1630 583 Iulias
1644 557 1714 592 leges

921 599 945 620 et
956 600 1056 620 ceteras
1068 594 1114 620 illo
1129 594 1238 620 consule
1251 600 1354 630 rogatas
1367 594 1496 620 iurelatas
1504 599 1614 629 negant:
1632 594 1714 620 iidem

921 632 994 658 illam
1031 632 1252 666 proscriptionem
1287 632 1382 666 capitis
1407 632 1459 657 mei
1490 637 1579 658 contra
1601 632 1713 658 salutem

920 669 1092 703 reipublicae,
1115 669 1162 695 sed
1184 669 1268 695 salvis
1287 669 1416 703 auspiciis
1433 674 1550 704 rogatam
1567 678 1627 695 esse
1642 669 1715 695 dice-

920 707 992 732 bant.
1015 707 1106 741 ltaque
1123 708 1164 732 vir
1175 715 1281 732 summa
1293 707 1456 736 auctoritate,
1470 715 1575 732 summa
1587 706 1715 741 eloquen—

920 745 964 774 tia,
984 743 1052 769 dixit
1062 744 1188 779 graviter,
1201 752 1293 769 casum
1307 743 1383 769 illum
1396 752 1485 769 meum
1499 743 1581 769 sunus
1593 753 1651 769 esse
1663 744 1715 770 rei-

920 781 1052 816 publicae,
1075 780 1121 806 sed
1143 780 1225 807 sunus
1246 781 1347 806 iustum
1369 785 1393 806 ct
1415 780 1555 806 indictum.
1587 781 1633 807 Est
1649 781 1714 807 milii

919 819 970 852 ipsi
986 818 1095 844 omnino
1111 818 1344 852 perhonorificum,
1362 818 1511 844 discessum
1529 827 1618 844 meum
1635 818 1716 844 sunus

919 856 971 882 dici
988 855 1161 890 reipublicae.
1190 855 1300 890 Reliqua
1317 865 1368 881 non
1386 855 1562 890 reprehendo:
1591 855 1637 881 sed
1650 856 1715 881 mihi

919 893 952 919 ad
968 893 1004 923 id,
1022 893 1094 928 quod
1111 893 1204 924 sentio,
1223 901 1341 919 assumo.
1368 893 1443 923 Nam,
1457 893 1479 918 si
1492 892 1558 918 illud
1572 893 1629 918 iure
1641 902 1717 927 roga-

919 935 976 957 tum
989 931 1076 957 dicere
1088 932 1146 956 ausi
1163 935 1235 961 sunt,
1248 930 1320 965 quod
1333 930 1407 956 nullo
1419 930 1541 964 exemplo
1553 930 1608 956 fieri
1621 931 1714 965 potuit.

920 968 994 994 nulla
1011 968 1067 1004 lege
1085 968 1168 999 licuit,
1182 968 1245 1003 quia
1259 977 1336 994 nemo
1347 968 1379 994 de
1390 967 1462 994 caelo
1473 973 1603 993 servarat:
1627 967 1717 994 obliti-

920 1015 952 1032 ne
968 1010 1050 1036 erant,
1070 1010 1136 1036 tum,
1155 1014 1240 1040 quum
1258 1005 1312 1036 ille,
1330 1005 1378 1040 qui
1395 1005 1421 1031 id
1432 1009 1529 1040 egerat,
1544 1005 1666 1040 plebeius
1678 1010 1717 1030 est

922 1043 979 1079 lege
995 1043 1094 1069 curiata
1111 1043 1205 1073 factuS.
1219 1043 1272 1069 dici
1284 1043 1316 1068 de
1327 1042 1400 1068 caelo
1411 1051 1470 1068 esse
1481 1042 1635 1068 servaturn‘?
1664 1042 1716 1074 Qui

920 1081 944 1107 si
956 1081 1079 1115 plebeius
1090 1081 1199 1107 omnino
1210 1089 1268 1106 esse
1280 1089 1331 1106 non
1340 1080 1433 1114 potuit,
1443 1080 1489 1114 qui
1498 1080 1622 1106 tribunus
1630 1080 1717 1114 plebis

921 1119 1006 1153 potuit
1017 1118 1094 1144 esse‘?
1117 1123 1150 1148 et,
1163 1118 1242 1144 cuius
1254 1118 1404 1144 tribunatus
1416 1118 1438 1143 si
1451 1122 1523 1143 ratus
1535 1122 1584 1148 est,
1593 1117 1715 1147 1111111851,

920 1156 992 1191 quod
1008 1156 1114 1182 irritum
1130 1164 1163 1182 ex
1178 1156 1244 1182 actis
1260 1156 1380 1182 Caesaris
1397 1155 1481 1190 possit
1496 1164 1568 1181 esse:
1596 1155 1654 1180 eius
1666 1163 1716 1181 non

920 1193 1008 1220 solum
1029 1194 1181 1219 tribunatus
1201 1198 1284 1223 ratus,
1307 1192 1353 1219 sed
1374 1193 1453 1219 etiam
1474 1192 1717 1227 perniciosissimae

920 1240 971 1263 res,
985 1231 1167 1266 auspiciorum
1179 1230 1307 1266 religione
1318 1234 1482 1261 conservata,
1496 1231 1553 1256 iure
1566 1229 1631 1256 latae
1644 1230 1718 1255 vide-

921 1268 1040 1295 buntur‘?
1075 1269 1115 1295 46.
1133 1268 1219 1300 Quare
1235 1272 1280 1294 aut
1297 1268 1373 1294 vobis
1384 1267 1556 1294 statuendum
1568 1272 1617 1298 est,
1633 1267 1717 1303 legem

921 1306 1022 1332 Aeliam
1045 1315 1160 1337 manere,
1186 1305 1270 1341 legem
1291 1305 1394 1331 FuIiam
1411 1314 1462 1331 non
1478 1313 1537 1331 esse
1553 1304 1715 1340 abrogatam,

921 1352 973 1369 non
984 1343 1111 1369 omnibus
1124 1343 1198 1369 fastis
1211 1343 1296 1378 legem
1310 1342 1370 1368 ferri
1384 1342 1475 1375 licere',
1498 1350 1583 1377 quum
1597 1342 1639 1368 lex
1651 1342 1718 1368 sera-

921 1385 972 1411 tur.
986 1380 1018 1407 de
1029 1380 1102 1407 caelo
1114 1380 1223 1411 servari,
1237 1380 1399 1411 obnuntiari,
1412 1379 1539 1406 intercedi
1549 1379 1640 1405 licere:
1655 1388 1717 1405 ceu-

921 1419 1023 1445 sorium
1044 1418 1176 1444 iudicium
1198 1426 1228 1444 ac
1243 1418 1378 1444 notionem
1394 1421 1419 1443 et
1435 1417 1503 1443 illud
1520 1425 1624 1443 morum
1641 1425 1719 1443 5818-

921 1456 1060 1482 rissimum
1082 1455 1266 1491 magisterium
1289 1464 1340 1481 non
1362 1463 1421 1481 esse
1439 1454 1546 1480 nefariis
1564 1454 1669 1489 legibus
1685 1454 1717 1480 de

920 1493 1027 1519 civitate
1043 1492 1194 1524 sublatum3
1216 1493 1239 1518 si
1251 1492 1379 1527 patricius
1391 1492 1516 1518 tribunus
1528 1491 1614 1526 plebis
1627 1491 1715 1521 suerit,

920 1535 1009 1557 contra
1027 1530 1100 1566 leges
1116 1535 1240 1560 sacratas¹
1258 1530 1281 1556 si
1298 1529 1430 1564 plebeius,
1443 1534 1532 1555 contra
1544 1529 1663 1563 auspicia
1676 1528 1718 1555 Iu-

921 1569 988 1595 isse:
1021 1573 1067 1594 aut
1082 1568 1149 1594 mibi
1165 1567 1310 1594 concedant
1327 1567 1448 1594 homines
1464 1571 1576 1601 oportet,
1594 1567 1620 1592 in
1637 1566 1718 1592 rebus

921 1606 998 1632 bonis
1013 1615 1065 1632 non
1082 1606 1222 1640 exquirere
1234 1605 1291 1631 iura
1303 1613 1341 1635 ea,
1355 1613 1424 1639 quae
1436 1605 1488 1638 ipsi
1503 1604 1529 1630 in
1542 1604 1654 1639 perditis
1666 1613 1717 1630 11011

920 1644 1076 1679 exquirunt.
1095 1643 1250 1677 praesertim
1262 1650 1347 1677 quum
1359 1642 1392 1668 ab
1408 1641 1462 1667 illis
1473 1641 1615 1676 aliquoties
1627 1641 1719 1667 condi-

921 1682 956 1707 tio
973 1682 1001 1708 C.
1020 1681 1126 1707 Caesari
1139 1680 1188 1706 lata
1199 1680 1244 1710 sit,
1259 1684 1287 1706 ut
1298 1679 1404 1705 easdem
1417 1688 1458 1705 res
1470 1678 1522 1705 alio
1534 1679 1612 1705 modo
1624 1678 1715 1705 ferret:

919 1719 982 1754 (qua
993 1718 1144 1745 conditione
1155 1717 1274 1752 auspicia
1286 1717 1465 1752 requirebant,
1481 1716 1551 1752 leges
1562 1716 1719 1751 comproba—

921 1755 1010 1790 bant3)
1031 1756 1058 1782 in
1079 1755 1172 1782 Clodio
1191 1755 1374 1789 auspiciorum
1396 1754 1460 1780 ratio
1476 1754 1510 1780 sit
1525 1754 1627 1784 eadem.
1647 1754 1718 1788 leges

920 1802 1014 1820 omnes
1025 1794 1079 1819 sint
1090 1801 1199 1819 eversae
1210 1801 1240 1818 ac
1251 1792 1369 1827 perditae
1380 1791 1507 1817 civitatis.

976 1831 1039 1857 XX.
1057 1831 1098 1857 47.
1116 1830 1273 1856 Extremum
1290 1829 1359 1855 illud
1375 1833 1428 1855 est.-
1455 1837 1514 1864 ego,
1532 1829 1555 1854 si
1567 1832 1656 1854 essent
1668 1828 1719 1854 ini-

921 1868 1036 1895 micitiae
1048 1868 1115 1894 1111111
1127 1876 1189 1894 811111
1202 1867 1230 1894 C.
1244 1867 1364 1897 Caesare,
1379 1871 1465 1892 tamen
1479 1865 1527 1892 boc
1539 1870 1656 1900 tempore
1668 1865 1719 1891 rei-

921 1905 1045 1941 publicae
1060 1905 1210 1936 consulere.
1224 1904 1379 1931 inimicitias
1392 1904 1417 1930 in
1429 1903 1503 1929 aliud
1515 1907 1621 1938 tempus
1634 1911 1719 1929 reser—

922 1952 983 1970 vare
1004 1943 1140 1969 deberem.
1176 1943 1286 1969 Possem
1307 1942 1386 1968 etiam
1408 1949 1578 1967 summorum
1600 1941 1717 1966 virorum

921 1980 1045 2016 exemplo
1056 1980 1210 2006 inimicitias
1222 1979 1385 2014 reipublicae
1396 1987 1490 2005 caussa
1502 1978 1643 2013 deponere.
1667 1977 1718 2004 Sed

920 2027 1005 2054 quum
1029 2018 1186 2044 inimicitiae
1208 2016 1307 2043 suerint
1323 2025 1482 2051 numquam,
1499 2016 1590 2050 opinio
1606 2015 1718 2042 iniuriae

920 2055 1050 2082 beneflcio
1061 2055 1096 2081 sit
1107 2055 1246 2087 exstincta;
1259 2055 1388 2080 sententia
1397 2062 1463 2084 mea,
1472 2053 1716 2088 patresconscripti.

920 2094 943 2119 si
956 2093 1073 2129 dignitas
1085 2093 1173 2128 agitur
1185 2092 1213 2119 C.
1227 2091 1356 2121 Caesaris,
1371 2091 1472 2118 1101111111
1484 2090 1614 2117 tribuam:
1637 2090 1660 2116 si
1673 2090 1719 2115 bo·

921 2139 968 2157 nos
979 2130 1101 2165 quidam,
1114 2134 1223 2156 senatus
1234 2129 1389 2156 concordiae
1400 2128 1552 2154 consulum:
1575 2128 1719 2153 siauctori-

921 2172 960 2194 tas
975 2168 1141 2194 decretorum
1159 2171 1318 2197 vestrorum,
1335 2166 1511 2192 constantiam
1523 2165 1625 2191 ordinis
1637 2165 1663 2190 in
1675 2173 1718 2190 eo-

920 2205 981 2231 dem
998 2204 1116 2231 ornando
1132 2205 1290 2238 imperatore
1306 2203 1433 2229 servabo:
1470 2203 1493 2228 si
1511 2208 1637 2237 perpetua
1654 2202 1719 2227 ratio

921 2242 1017 2268 Gallici
1028 2241 1102 2271 belli,
1115 2241 1278 2276 reipublicae
1290 2240 1448 2275 providebo:
1472 2240 1495 2266 si
1507 2240 1616 2274 aliquod
1628 2247 1717 2265 111811111

922 2279 1055 2314 privatum
1071 2278 1198 2308 officium.
1218 2286 1260 2304 me
1279 2286 1329 2304 non
1347 2278 1481 2312 ingratum
1497 2285 1556 2302 esse
1569 2276 1715 2311 praestabo.

921 2317 1008 2351 Atque
1025 2316 1074 2342 boc
1090 2315 1170 2341 velim
1187 2315 1298 2349 probare
1309 2314 1445 2343 omnibus.
1460 2319 1547 2348 patres
1558 2313 1715 2347 conscripti:

921 2353 968 2379 sed
991 2353 1128 2379 levissimo
1149 2352 1242 2383 seram.
1260 2352 1282 2377 si
1300 2351 1365 2378 sorte
1381 2356 1426 2377 aut
1442 2351 1474 2377 iis
1490 2351 1579 2376 minus
1596 2349 1715 2384 probaro.

920 2391 967 2426 qui
993 2398 1083 2416 meum
1109 2390 1249 2416 inimicum
1271 2394 1436 2424 repugnante
1457 2393 1542 2413 vestra
1563 2387 1718 2413 auctoritate

922 2432 1053 2458 texerunt,
1071 2432 1116 2453 aut
1132 2427 1175 2457 iis,
1193 2427 1215 2452 si
1231 2426 1279 2461 qui
1292 2434 1381 2451 111811111
1394 2434 1454 2451 cum
1467 2425 1576 2451 inimico
1587 2432 1636 2451 suo
1648 2424 1718 2451 redi—

921 2470 977 2492 tum
995 2464 1021 2491 in
1037 2465 1150 2499 gratiam
1168 2463 1367 2497 vituperabunt,
1384 2471 1468 2497 quum
1486 2462 1537 2496 ipsi
1550 2466 1646 2488 etcum
1659 2471 1718 2488 meo

920 2507 946 2529 et
960 2511 1022 2529 cum
1038 2510 1088 2529 suo
1104 2501 1214 2528 inimico
1229 2501 1254 2527 in
1271 2501 1383 2536 gratiam
1396 2509 1448 2526 non
1460 2499 1607 2526 dubitarint
1619 2499 1706 2526 redire

824 2604 990 2615 ‹Quot—>ff

1478 2743 1511 2768 68
