<?xml version="1.0" encoding="UTF-8"?>
<!DOCTYPE html PUBLIC "-//W3C//DTD XHTML 1.0 Transitional//EN"
    "http://www.w3.org/TR/xhtml1/DTD/xhtml1-transitional.dtd">
<html xmlns="http://www.w3.org/1999/xhtml" xml:lang="en" lang="en">
 <head>
  <title>
</title>
<meta http-equiv="Content-Type" content="text/html;charset=utf-8" />
  <meta name='ocr-system' content='tesseract 3.04.00' />
  <meta name='ocr-capabilities' content='ocr_page ocr_carea ocr_par ocr_line ocrx_word'/>
</head>
<body>
  <div class='ocr_page' id='page_1' title='image "./operaomniaunovol00ciceuoft/operaomniaunovol00ciceuoft_0678.png"; bbox 0 0 1941 3052; ppageno 0'>
   <div class='ocr_carea' id='block_1_1' title="bbox 230 155 1028 670">
    <p class='ocr_par' dir='ltr' id='par_1_1' title="bbox 230 155 1028 670">
     <span class='ocr_line' id='line_1_1' title="bbox 235 155 852 182; baseline -0.002 0"><span class='ocrx_word' id='word_1_1' title='bbox 235 156 282 182; x_wconf 70' lang='lat'>655</span> <span class='ocrx_word' id='word_1_2' title='bbox 810 155 852 181; x_wconf 70' lang='lat'>69.</span> 
     </span>
     <span class='ocr_line' id='line_1_2' title="bbox 233 224 1028 258; baseline -0.001 -6"><span class='ocrx_word' id='word_1_3' title='bbox 233 227 368 252; x_wconf 74' lang='lat' dir='ltr'>consecuti</span> <span class='ocrx_word' id='word_1_4' title='bbox 393 225 506 251; x_wconf 70' lang='lat' dir='ltr'>sinnius?</span> <span class='ocrx_word' id='word_1_5' title='bbox 540 225 676 256; x_wconf 68' lang='lat' dir='ltr'>l&#39;vrtiyalia</span> <span class='ocrx_word' id='word_1_6' title='bbox 702 224 805 250; x_wconf 81' lang='lat' dir='ltr'>Iuliana</span> <span class='ocrx_word' id='word_1_7' title='bbox 827 225 950 258; x_wconf 80' lang='lat' dir='ltr'>Lupercin</span> <span class='ocrx_word' id='word_1_8' title='bbox 966 227 1028 251; x_wconf 77' lang='lat' dir='ltr'>ado-</span> 
     </span>
     <span class='ocr_line' id='line_1_3' title="bbox 233 261 1028 298; baseline -0.001 -9"><span class='ocrx_word' id='word_1_9' title='bbox 233 267 322 289; x_wconf 68' lang='lat' dir='ltr'>mixtis.</span> <span class='ocrx_word' id='word_1_10' title='bbox 364 264 542 298; x_wconf 70' lang='lat' dir='ltr'>Lupercorum</span> <span class='ocrx_word' id='word_1_11' title='bbox 555 262 714 288; x_wconf 87' lang='lat' dir='ltr'>mentionem</span> <span class='ocrx_word' id='word_1_12' title='bbox 728 261 812 287; x_wconf 80' lang='lat' dir='ltr'>facere</span> <span class='ocrx_word' id='word_1_13' title='bbox 823 261 921 288; x_wconf 71' lang='lat' dir='ltr'>nudet?</span> <span class='ocrx_word' id='word_1_14' title='bbox 941 270 1028 297; x_wconf 83' lang='lat' dir='ltr'>neque</span> 
     </span>
     <span class='ocr_line' id='line_1_4' title="bbox 234 299 1024 333; baseline -0.001 -7"><span class='ocrx_word' id='word_1_15' title='bbox 234 300 308 327; x_wconf 75' lang='lat' dir='ltr'>illius</span> <span class='ocrx_word' id='word_1_16' title='bbox 333 301 384 327; x_wconf 70' lang='lat' dir='ltr'>‹lit-i</span> <span class='ocrx_word' id='word_1_17' title='bbox 408 300 560 326; x_wconf 68' lang='lat' dir='ltr'>memoriam</span> <span class='ocrx_word' id='word_1_18' title='bbox 583 299 771 333; x_wconf 77' lang='lat' dir='ltr'>perhorrescit,</span> <span class='ocrx_word' id='word_1_19' title='bbox 797 307 852 333; x_wconf 82' lang='lat' dir='ltr'>quo</span> <span class='ocrx_word' id='word_1_20' title='bbox 872 307 955 325; x_wconf 79' lang='lat' dir='ltr'>ausus</span> <span class='ocrx_word' id='word_1_21' title='bbox 976 304 1024 329; x_wconf 76' lang='lat' dir='ltr'>est.</span> 
     </span>
     <span class='ocr_line' id='line_1_5' title="bbox 232 336 1026 371; baseline -0.004 -6"><span class='ocrx_word' id='word_1_22' title='bbox 232 339 344 365; x_wconf 78' lang='lat' dir='ltr'>obrutus</span> <span class='ocrx_word' id='word_1_23' title='bbox 366 338 434 368; x_wconf 82' lang='lat' dir='ltr'>vino,</span> <span class='ocrx_word' id='word_1_24' title='bbox 459 338 602 371; x_wconf 66' lang='lat' dir='ltr'>unguentis</span> <span class='ocrx_word' id='word_1_25' title='bbox 622 336 734 366; x_wconf 78' lang='lat' dir='ltr'>oblitus,</span> <span class='ocrx_word' id='word_1_26' title='bbox 754 336 857 366; x_wconf 75' lang='lat' dir='ltr'>nudus.</span> <span class='ocrx_word' id='word_1_27' title='bbox 874 341 1026 369; x_wconf 61' lang='lat' dir='ltr'>prementem</span> 
     </span>
     <span class='ocr_line' id='line_1_6' title="bbox 234 373 1027 410; baseline -0.001 -11"><span class='ocrx_word' id='word_1_28' title='bbox 234 375 362 410; x_wconf 81' lang='lat' dir='ltr'>populum</span> <span class='ocrx_word' id='word_1_29' title='bbox 377 376 523 400; x_wconf 79' lang='lat' dir='ltr'>Romanum</span> <span class='ocrx_word' id='word_1_30' title='bbox 541 374 573 400; x_wconf 81' lang='lat' dir='ltr'>ad</span> <span class='ocrx_word' id='word_1_31' title='bbox 585 374 740 400; x_wconf 84' lang='lat' dir='ltr'>servitutem</span> <span class='ocrx_word' id='word_1_32' title='bbox 752 373 901 399; x_wconf 72' lang='lat' dir='ltr'>cohortari?</span> <span class='ocrx_word' id='word_1_33' title='bbox 926 374 1027 399; x_wconf 76' lang='lat' dir='ltr'>Vetera-</span> 
     </span>
     <span class='ocr_line' id='line_1_7' title="bbox 232 412 1027 445; baseline -0.003 -7"><span class='ocrx_word' id='word_1_34' title='bbox 232 421 322 438; x_wconf 77' lang='lat' dir='ltr'>noram</span> <span class='ocrx_word' id='word_1_35' title='bbox 343 414 463 441; x_wconf 72' lang='lat' dir='ltr'>colonias,</span> <span class='ocrx_word' id='word_1_36' title='bbox 480 414 602 437; x_wconf 70' lang='lat' dir='ltr'>‹tmtucms</span> <span class='ocrx_word' id='word_1_37' title='bbox 617 413 681 445; x_wconf 70' lang='lat' dir='ltr'>(eye,</span> <span class='ocrx_word' id='word_1_38' title='bbox 703 412 922 437; x_wconf 68' lang='lat' dir='ltr'>senatusconsulto</span> <span class='ocrx_word' id='word_1_39' title='bbox 941 416 1027 437; x_wconf 66' lang='lat' dir='ltr'>suatu-</span> 
     </span>
     <span class='ocr_line' id='line_1_8' title="bbox 232 448 1027 483; baseline 0 -9"><span class='ocrx_word' id='word_1_40' title='bbox 232 451 304 475; x_wconf 67' lang='lat' dir='ltr'>listis.</span> <span class='ocrx_word' id='word_1_41' title='bbox 346 450 399 475; x_wconf 76' lang='lat' dir='ltr'>Nos</span> <span class='ocrx_word' id='word_1_42' title='bbox 411 448 581 478; x_wconf 76' lang='lat' dir='ltr'>sustulimus,</span> <span class='ocrx_word' id='word_1_43' title='bbox 596 457 628 474; x_wconf 86' lang='lat' dir='ltr'>nn</span> <span class='ocrx_word' id='word_1_44' title='bbox 639 453 728 474; x_wconf 85' lang='lat' dir='ltr'>contra</span> <span class='ocrx_word' id='word_1_45' title='bbox 741 448 825 483; x_wconf 81' lang='lat' dir='ltr'>legem</span> <span class='ocrx_word' id='word_1_46' title='bbox 837 448 954 474; x_wconf 78' lang='lat' dir='ltr'>comitiis</span> <span class='ocrx_word' id='word_1_47' title='bbox 964 456 1027 474; x_wconf 82' lang='lat' dir='ltr'>cen-</span> 
     </span>
     <span class='ocr_line' id='line_1_9' title="bbox 232 485 1025 516; baseline -0.001 -4"><span class='ocrx_word' id='word_1_48' title='bbox 232 487 335 513; x_wconf 81' lang='lat' dir='ltr'>turiatis</span> <span class='ocrx_word' id='word_1_49' title='bbox 348 486 425 512; x_wconf 85' lang='lat' dir='ltr'>latam</span> <span class='ocrx_word' id='word_1_50' title='bbox 437 485 596 512; x_wconf 61' lang='lat' dir='ltr'>sanximus?</span> <span class='ocrx_word' id='word_1_51' title='bbox 616 485 680 512; x_wconf 87' lang='lat' dir='ltr'>Vide</span> <span class='ocrx_word' id='word_1_52' title='bbox 696 490 766 512; x_wconf 87' lang='lat' dir='ltr'>netu</span> <span class='ocrx_word' id='word_1_53' title='bbox 780 490 925 516; x_wconf 78' lang='lat' dir='ltr'>veteranos,</span> <span class='ocrx_word' id='word_1_54' title='bbox 939 490 1025 511; x_wconf 82' lang='lat' dir='ltr'>tamen</span> 
     </span>
     <span class='ocr_line' id='line_1_10' title="bbox 231 522 1025 558; baseline -0.001 -9"><span class='ocrx_word' id='word_1_55' title='bbox 231 532 284 553; x_wconf 69' lang='lat' dir='ltr'>cos,</span> <span class='ocrx_word' id='word_1_56' title='bbox 307 524 352 558; x_wconf 80' lang='lat' dir='ltr'>qui</span> <span class='ocrx_word' id='word_1_57' title='bbox 375 528 448 550; x_wconf 86' lang='lat' dir='ltr'>erant</span> <span class='ocrx_word' id='word_1_58' title='bbox 469 523 577 558; x_wconf 85' lang='lat' dir='ltr'>perditi,</span> <span class='ocrx_word' id='word_1_59' title='bbox 595 523 742 557; x_wconf 67' lang='lat' dir='ltr'><strong>perdideris</strong></span> <span class='ocrx_word' id='word_1_60' title='bbox 759 523 785 549; x_wconf 90' lang='lat' dir='ltr'>in</span> <span class='ocrx_word' id='word_1_61' title='bbox 801 531 919 558; x_wconf 85' lang='lat' dir='ltr'>eumque</span> <span class='ocrx_word' id='word_1_62' title='bbox 939 522 1025 548; x_wconf 90' lang='lat' dir='ltr'>locum</span> 
     </span>
     <span class='ocr_line' id='line_1_11' title="bbox 230 560 1026 596; baseline 0 -10"><span class='ocrx_word' id='word_1_63' title='bbox 230 561 383 591; x_wconf 66' lang='lat' dir='ltr'>deduxeris,</span> <span class='ocrx_word' id='word_1_64' title='bbox 402 569 434 587; x_wconf 84' lang='lat' dir='ltr'>ex</span> <span class='ocrx_word' id='word_1_65' title='bbox 444 569 499 596; x_wconf 85' lang='lat' dir='ltr'>quo</span> <span class='ocrx_word' id='word_1_66' title='bbox 509 561 559 596; x_wconf 89' lang='lat' dir='ltr'>ipsi</span> <span class='ocrx_word' id='word_1_67' title='bbox 575 561 627 587; x_wconf 80' lang='lat' dir='ltr'>inm</span> <span class='ocrx_word' id='word_1_68' title='bbox 639 561 759 587; x_wconf 83' lang='lat' dir='ltr'>sentiunt</span> <span class='ocrx_word' id='word_1_69' title='bbox 769 569 797 586; x_wconf 80' lang='lat' dir='ltr'>sc</span> <span class='ocrx_word' id='word_1_70' title='bbox 810 569 957 595; x_wconf 79' lang='lat' dir='ltr'>ruunquam</span> <span class='ocrx_word' id='word_1_71' title='bbox 969 560 1026 586; x_wconf 83' lang='lat' dir='ltr'>exi-</span> 
     </span>
     <span class='ocr_line' id='line_1_12' title="bbox 230 599 1027 631; baseline 0 -8"><span class='ocrx_word' id='word_1_72' title='bbox 230 603 313 625; x_wconf 83' lang='lat' dir='ltr'>turos.</span> <span class='ocrx_word' id='word_1_73' title='bbox 344 600 384 624; x_wconf 65' lang='lat'>32.</span> <span class='ocrx_word' id='word_1_74' title='bbox 400 599 604 624; x_wconf 71' lang='lat' dir='ltr'>Massiliensibus</span> <span class='ocrx_word' id='word_1_75' title='bbox 616 601 672 624; x_wconf 79' lang='lat' dir='ltr'>iure</span> <span class='ocrx_word' id='word_1_76' title='bbox 685 600 742 623; x_wconf 76' lang='lat' dir='ltr'>belli</span> <span class='ocrx_word' id='word_1_77' title='bbox 753 600 870 631; x_wconf 70' lang='lat' dir='ltr'>mic-mpla</span> <span class='ocrx_word' id='word_1_78' title='bbox 882 600 1027 623; x_wconf 69' lang='lat' dir='ltr'>reciditur-oe</span> 
     </span>
     <span class='ocr_line' id='line_1_13' title="bbox 491 635 1025 670; baseline -0.002 -9"><span class='ocrx_word' id='word_1_79' title='bbox 491 635 563 662; x_wconf 83' lang='lat' dir='ltr'>Nihil</span> <span class='ocrx_word' id='word_1_80' title='bbox 580 636 689 670; x_wconf 86' lang='lat' dir='ltr'>disputo</span> <span class='ocrx_word' id='word_1_81' title='bbox 703 635 736 661; x_wconf 86' lang='lat' dir='ltr'>de</span> <span class='ocrx_word' id='word_1_82' title='bbox 752 635 809 661; x_wconf 86' lang='lat' dir='ltr'>iure</span> <span class='ocrx_word' id='word_1_83' title='bbox 825 635 898 661; x_wconf 86' lang='lat' dir='ltr'>belli.</span> <span class='ocrx_word' id='word_1_84' title='bbox 941 635 1025 670; x_wconf 75' lang='lat' dir='ltr'>Magis</span> 
     </span>
    </p>
   </div>
   <div class='ocr_carea' id='block_1_2' title="bbox 229 637 1024 699">
    <p class='ocr_par' dir='ltr' id='par_1_2' title="bbox 229 637 1024 699">
     <span class='ocr_line' id='line_1_14' title="bbox 229 637 447 668; baseline -0.005 -7"><span class='ocrx_word' id='word_1_85' title='bbox 229 644 272 661; x_wconf 70' lang='lat' dir='ltr'>ros</span> <span class='ocrx_word' id='word_1_86' title='bbox 287 637 447 668; x_wconf 75' lang='lat' dir='ltr'><em>pollicemini.</em></span> 
     </span>
     <span class='ocr_line' id='line_1_15' title="bbox 856 672 1024 699; baseline 0 -1"><span class='ocrx_word' id='word_1_87' title='bbox 856 672 924 699; x_wconf 83' lang='lat' dir='ltr'>illud</span> <span class='ocrx_word' id='word_1_88' title='bbox 937 677 1024 698; x_wconf 86' lang='lat' dir='ltr'>tamen</span> 
     </span>
    </p>
   </div>
   <div class='ocr_carea' id='block_1_3' title="bbox 231 672 814 708">
    <p class='ocr_par' dir='ltr' id='par_1_3' title="bbox 231 672 814 708">
     <span class='ocr_line' id='line_1_16' title="bbox 231 672 814 708; baseline 0 -10"><span class='ocrx_word' id='word_1_89' title='bbox 231 672 315 699; x_wconf 75' lang='lat' dir='ltr'>facilis</span> <span class='ocrx_word' id='word_1_90' title='bbox 337 672 482 707; x_wconf 83' lang='lat' dir='ltr'>disputatio</span> <span class='ocrx_word' id='word_1_91' title='bbox 502 678 549 703; x_wconf 83' lang='lat' dir='ltr'>est,</span> <span class='ocrx_word' id='word_1_92' title='bbox 563 681 643 708; x_wconf 89' lang='lat' dir='ltr'>quam</span> <span class='ocrx_word' id='word_1_93' title='bbox 657 673 814 699; x_wconf 85' lang='lat' dir='ltr'>neccssaria.</span> 
     </span>
    </p>
   </div>
   <div class='ocr_carea' id='block_1_4' title="bbox 229 710 1048 745">
    <p class='ocr_par' dir='ltr' id='par_1_4' title="bbox 229 710 1048 745">
     <span class='ocr_line' id='line_1_17' title="bbox 229 710 1048 745; baseline -0.001 -9"><span class='ocrx_word' id='word_1_94' title='bbox 229 710 441 741; x_wconf 85' lang='lat' dir='ltr'>animadvertite,</span> <span class='ocrx_word' id='word_1_95' title='bbox 464 715 551 745; x_wconf 79' lang='lat' dir='ltr'>patres</span> <span class='ocrx_word' id='word_1_96' title='bbox 571 711 723 745; x_wconf 79' lang='lat' dir='ltr'>conscripti,</span> <span class='ocrx_word' id='word_1_97' title='bbox 746 718 827 745; x_wconf 86' lang='lat' dir='ltr'>quam</span> <span class='ocrx_word' id='word_1_98' title='bbox 844 710 879 736; x_wconf 86' lang='lat' dir='ltr'>sit</span> <span class='ocrx_word' id='word_1_99' title='bbox 896 710 958 736; x_wconf 82' lang='lat' dir='ltr'>huic</span> <span class='ocrx_word' id='word_1_100' title='bbox 974 710 1025 736; x_wconf 90' lang='lat' dir='ltr'>rei-</span> <span class='ocrx_word' id='word_1_101' title='bbox 1046 725 1048 734; x_wconf 76' lang='grc' dir='ltr'>ι</span> 
     </span>
    </p>
   </div>
   <div class='ocr_carea' id='block_1_5' title="bbox 228 747 1024 849">
    <p class='ocr_par' dir='ltr' id='par_1_5' title="bbox 228 747 1024 849">
     <span class='ocr_line' id='line_1_18' title="bbox 229 747 1022 782; baseline -0.001 -8"><span class='ocrx_word' id='word_1_102' title='bbox 229 747 352 782; x_wconf 85' lang='lat' dir='ltr'>publicae</span> <span class='ocrx_word' id='word_1_103' title='bbox 374 752 451 774; x_wconf 87' lang='lat' dir='ltr'>natus</span> <span class='ocrx_word' id='word_1_104' title='bbox 468 748 550 774; x_wconf 85' lang='lat' dir='ltr'>hostis</span> <span class='ocrx_word' id='word_1_105' title='bbox 569 748 709 778; x_wconf 80' lang='lat' dir='ltr'>Antonius.</span> <span class='ocrx_word' id='word_1_106' title='bbox 726 748 773 782; x_wconf 85' lang='lat' dir='ltr'>qui</span> <span class='ocrx_word' id='word_1_107' title='bbox 791 751 860 773; x_wconf 86' lang='lat' dir='ltr'>tanto</span> <span class='ocrx_word' id='word_1_108' title='bbox 875 755 954 782; x_wconf 84' lang='lat' dir='ltr'>opere</span> <span class='ocrx_word' id='word_1_109' title='bbox 965 755 1022 773; x_wconf 82' lang='lat' dir='ltr'>eam</span> 
     </span>
     <span class='ocr_line' id='line_1_19' title="bbox 228 785 1024 820; baseline 0 -10"><span class='ocrx_word' id='word_1_110' title='bbox 228 785 363 812; x_wconf 76' lang='lat' dir='ltr'>civitatem</span> <span class='ocrx_word' id='word_1_111' title='bbox 385 785 478 817; x_wconf 81' lang='lat' dir='ltr'>oderit,</span> <span class='ocrx_word' id='word_1_112' title='bbox 499 794 579 820; x_wconf 85' lang='lat' dir='ltr'>quam</span> <span class='ocrx_word' id='word_1_113' title='bbox 596 787 646 811; x_wconf 91' lang='lat' dir='ltr'>scit</span> <span class='ocrx_word' id='word_1_114' title='bbox 662 785 724 811; x_wconf 82' lang='lat' dir='ltr'>huic</span> <span class='ocrx_word' id='word_1_115' title='bbox 741 785 903 820; x_wconf 83' lang='lat' dir='ltr'>reipublicae</span> <span class='ocrx_word' id='word_1_116' title='bbox 918 793 1024 819; x_wconf 82' lang='lat' dir='ltr'>semper</span> 
     </span>
     <span class='ocr_line' id='line_1_20' title="bbox 230 822 540 849; baseline 0.003 -1"><span class='ocrx_word' id='word_1_117' title='bbox 230 822 314 849; x_wconf 79' lang='lat' dir='ltr'>fuisse</span> <span class='ocrx_word' id='word_1_118' title='bbox 339 823 540 849; x_wconf 86' lang='lat' dir='ltr'>amicissimam.</span> 
     </span>
    </p>
   </div>
   <div class='ocr_carea' id='block_1_6' title="bbox 209 934 1021 973">
    <p class='ocr_par' dir='ltr' id='par_1_6' title="bbox 209 934 1021 973">
     <span class='ocr_line' id='line_1_21' title="bbox 209 934 1021 973; baseline -0.001 -12"><span class='ocrx_word' id='word_1_119' title='bbox 209 939 280 973; x_wconf 75' lang='lat' dir='ltr'>¹tror</span> <span class='ocrx_word' id='word_1_120' title='bbox 301 934 407 961; x_wconf 83' lang='lat' dir='ltr'>latorem</span> <span class='ocrx_word' id='word_1_121' title='bbox 429 935 532 970; x_wconf 89' lang='lat' dir='ltr'>ipsum,</span> <span class='ocrx_word' id='word_1_122' title='bbox 553 943 634 970; x_wconf 86' lang='lat' dir='ltr'>quam</span> <span class='ocrx_word' id='word_1_123' title='bbox 655 943 713 965; x_wconf 78' lang='lat' dir='ltr'>eos,</span> <span class='ocrx_word' id='word_1_124' title='bbox 736 934 769 961; x_wconf 89' lang='lat' dir='ltr'>de</span> <span class='ocrx_word' id='word_1_125' title='bbox 788 934 890 969; x_wconf 86' lang='lat' dir='ltr'>quibus</span> <span class='ocrx_word' id='word_1_126' title='bbox 908 934 957 960; x_wconf 85' lang='lat' dir='ltr'>lata</span> <span class='ocrx_word' id='word_1_127' title='bbox 973 939 1021 964; x_wconf 88' lang='lat' dir='ltr'>est,</span> 
     </span>
    </p>
   </div>
   <div class='ocr_carea' id='block_1_7' title="bbox 226 971 1053 1046">
    <p class='ocr_par' dir='ltr' id='par_1_7' title="bbox 226 971 1053 1046">
     <span class='ocr_line' id='line_1_22' title="bbox 227 971 1053 1008; baseline -0.001 -10"><span class='ocrx_word' id='word_1_128' title='bbox 227 972 380 1007; x_wconf 68' lang='lat' dir='ltr'>poenitere?</span> <span class='ocrx_word' id='word_1_129' title='bbox 408 972 537 1003; x_wconf 74' lang='lat' dir='ltr'>Omnino,</span> <span class='ocrx_word' id='word_1_130' title='bbox 561 981 617 998; x_wconf 86' lang='lat' dir='ltr'>mea</span> <span class='ocrx_word' id='word_1_131' title='bbox 638 972 748 1008; x_wconf 88' lang='lat' dir='ltr'>quidem</span> <span class='ocrx_word' id='word_1_132' title='bbox 769 973 913 1002; x_wconf 84' lang='lat' dir='ltr'>sententia,</span> <span class='ocrx_word' id='word_1_133' title='bbox 937 971 1021 1007; x_wconf 74' lang='lat' dir='ltr'>legem</span> <span class='ocrx_word' id='word_1_134' title='bbox 1052 995 1053 1001; x_wconf 69' lang='grc'>,</span> 
     </span>
     <span class='ocr_line' id='line_1_23' title="bbox 226 1009 1045 1046; baseline -0.001 -10"><span class='ocrx_word' id='word_1_135' title='bbox 226 1009 300 1036; x_wconf 87' lang='lat' dir='ltr'>illam</span> <span class='ocrx_word' id='word_1_136' title='bbox 321 1009 454 1044; x_wconf 80' lang='lat' dir='ltr'>appellare</span> <span class='ocrx_word' id='word_1_137' title='bbox 471 1009 509 1036; x_wconf 84' lang='lat' dir='ltr'>sas</span> <span class='ocrx_word' id='word_1_138' title='bbox 526 1018 577 1036; x_wconf 90' lang='lat' dir='ltr'>non</span> <span class='ocrx_word' id='word_1_139' title='bbox 592 1014 645 1036; x_wconf 87' lang='lat' dir='ltr'>est:</span> <span class='ocrx_word' id='word_1_140' title='bbox 668 1014 702 1041; x_wconf 84' lang='lat' dir='ltr'>et,</span> <span class='ocrx_word' id='word_1_141' title='bbox 721 1014 749 1036; x_wconf 92' lang='lat' dir='ltr'>ut</span> <span class='ocrx_word' id='word_1_142' title='bbox 764 1010 799 1036; x_wconf 88' lang='lat' dir='ltr'>sit</span> <span class='ocrx_word' id='word_1_143' title='bbox 814 1009 865 1040; x_wconf 80' lang='lat' dir='ltr'>lex,</span> <span class='ocrx_word' id='word_1_144' title='bbox 880 1017 930 1035; x_wconf 92' lang='lat' dir='ltr'>non</span> <span class='ocrx_word' id='word_1_145' title='bbox 941 1009 1023 1035; x_wconf 86' lang='lat' dir='ltr'><strong>debe-</strong></span> <span class='ocrx_word' id='word_1_146' title='bbox 1044 1021 1045 1046; x_wconf 61' lang='lat'>3</span> 
     </span>
    </p>
   </div>
   <div class='ocr_carea' id='block_1_8' title="bbox 225 1046 1023 1194">
    <p class='ocr_par' dir='ltr' id='par_1_8' title="bbox 225 1046 1023 1194">
     <span class='ocr_line' id='line_1_24' title="bbox 227 1046 1023 1083; baseline -0.001 -10"><span class='ocrx_word' id='word_1_147' title='bbox 227 1055 288 1073; x_wconf 88' lang='lat' dir='ltr'>mus</span> <span class='ocrx_word' id='word_1_148' title='bbox 309 1046 382 1074; x_wconf 89' lang='lat' dir='ltr'>illam</span> <span class='ocrx_word' id='word_1_149' title='bbox 398 1048 475 1074; x_wconf 78' lang='lat' dir='ltr'>Hirtii</span> <span class='ocrx_word' id='word_1_150' title='bbox 493 1047 577 1083; x_wconf 75' lang='lat' dir='ltr'>legem</span> <span class='ocrx_word' id='word_1_151' title='bbox 597 1052 698 1082; x_wconf 88' lang='lat' dir='ltr'>putare.</span> <span class='ocrx_word' id='word_1_152' title='bbox 739 1048 900 1080; x_wconf 76' lang='lat' dir='ltr'>Appuleiana</span> <span class='ocrx_word' id='word_1_153' title='bbox 912 1049 1023 1079; x_wconf 82' lang='lat' dir='ltr'>pecunia</span> 
     </span>
     <span class='ocr_line' id='line_1_25' title="bbox 228 1084 1023 1118; baseline 0 -8"><span class='ocrx_word' id='word_1_154' title='bbox 228 1084 334 1110; x_wconf 79' lang='lat' dir='ltr'><strong><em>Brutum</em></strong></span> <span class='ocrx_word' id='word_1_155' title='bbox 345 1086 512 1111; x_wconf 79' lang='lat' dir='ltr'>subornastis.</span> <span class='ocrx_word' id='word_1_156' title='bbox 543 1085 622 1117; x_wconf 87' lang='lat' dir='ltr'>Quid,</span> <span class='ocrx_word' id='word_1_157' title='bbox 639 1085 660 1111; x_wconf 86' lang='lat' dir='ltr'>si</span> <span class='ocrx_word' id='word_1_158' title='bbox 673 1084 799 1111; x_wconf 89' lang='lat' dir='ltr'>omnibus</span> <span class='ocrx_word' id='word_1_159' title='bbox 810 1084 868 1110; x_wconf 87' lang='lat' dir='ltr'>suis</span> <span class='ocrx_word' id='word_1_160' title='bbox 880 1084 964 1118; x_wconf 83' lang='lat' dir='ltr'>copiis</span> <span class='ocrx_word' id='word_1_161' title='bbox 975 1092 1023 1110; x_wconf 85' lang='lat' dir='ltr'>ex-</span> 
     </span>
     <span class='ocr_line' id='line_1_26' title="bbox 225 1121 1021 1157; baseline 0 -10"><span class='ocrx_word' id='word_1_162' title='bbox 225 1121 364 1148; x_wconf 88' lang='lat' dir='ltr'>cellentem</span> <span class='ocrx_word' id='word_1_163' title='bbox 384 1123 472 1148; x_wconf 79' lang='lat' dir='ltr'>virum</span> <span class='ocrx_word' id='word_1_164' title='bbox 494 1122 643 1157; x_wconf 79' lang='lat' dir='ltr'>respublica</span> <span class='ocrx_word' id='word_1_165' title='bbox 660 1126 800 1152; x_wconf 76' lang='lat' dir='ltr'>armasset,</span> <span class='ocrx_word' id='word_1_166' title='bbox 817 1130 898 1156; x_wconf 87' lang='lat' dir='ltr'>quem</span> <span class='ocrx_word' id='word_1_167' title='bbox 915 1121 1021 1148; x_wconf 89' lang='lat' dir='ltr'>tandem</span> 
     </span>
     <span class='ocr_line' id='line_1_27' title="bbox 225 1159 1021 1194; baseline 0 -9"><span class='ocrx_word' id='word_1_168' title='bbox 225 1159 325 1185; x_wconf 90' lang='lat' dir='ltr'>bonum</span> <span class='ocrx_word' id='word_1_169' title='bbox 346 1159 508 1194; x_wconf 72' lang='lat' dir='ltr'>poeniteret?</span> <span class='ocrx_word' id='word_1_170' title='bbox 527 1160 580 1186; x_wconf 88' lang='lat' dir='ltr'>Nec</span> <span class='ocrx_word' id='word_1_171' title='bbox 596 1160 667 1186; x_wconf 86' lang='lat' dir='ltr'>enim</span> <span class='ocrx_word' id='word_1_172' title='bbox 682 1160 740 1186; x_wconf 86' lang='lat' dir='ltr'>sine</span> <span class='ocrx_word' id='word_1_173' title='bbox 751 1159 863 1194; x_wconf 80' lang='lat' dir='ltr'>pecunia</span> <span class='ocrx_word' id='word_1_174' title='bbox 875 1159 1021 1185; x_wconf 85' lang='lat' dir='ltr'>exercitum</span> 
     </span>
    </p>
   </div>
   <div class='ocr_carea' id='block_1_9' title="bbox 225 1195 1022 1231">
    <p class='ocr_par' dir='ltr' id='par_1_9' title="bbox 225 1195 1022 1231">
     <span class='ocr_line' id='line_1_28' title="bbox 225 1195 1022 1231; baseline -0.001 -8"><span class='ocrx_word' id='word_1_175' title='bbox 225 1195 303 1227; x_wconf 80' lang='lat' dir='ltr'>aiere,</span> <span class='ocrx_word' id='word_1_176' title='bbox 326 1205 374 1223; x_wconf 91' lang='lat' dir='ltr'>nec</span> <span class='ocrx_word' id='word_1_177' title='bbox 388 1198 445 1223; x_wconf 89' lang='lat' dir='ltr'>sine</span> <span class='ocrx_word' id='word_1_178' title='bbox 459 1198 577 1223; x_wconf 87' lang='lat' dir='ltr'>exercitu</span> <span class='ocrx_word' id='word_1_179' title='bbox 593 1196 699 1223; x_wconf 78' lang='lat' dir='ltr'>fratrem</span> <span class='ocrx_word' id='word_1_180' title='bbox 716 1201 793 1223; x_wconf 82' lang='lat' dir='ltr'>tuum</span> <span class='ocrx_word' id='word_1_181' title='bbox 809 1204 902 1231; x_wconf 86' lang='lat' dir='ltr'>capere</span> <span class='ocrx_word' id='word_1_182' title='bbox 918 1197 1022 1231; x_wconf 89' lang='lat' dir='ltr'>potuis-</span> 
     </span>
    </p>
   </div>
   <div class='ocr_carea' id='block_1_10' title="bbox 224 1234 1133 1300">
    <p class='ocr_par' dir='ltr' id='par_1_10' title="bbox 224 1234 1133 1300">
     <span class='ocr_line' id='line_1_29' title="bbox 224 1234 1051 1268; baseline 0.001 -9"><span class='ocrx_word' id='word_1_183' title='bbox 224 1238 274 1260; x_wconf 86' lang='lat' dir='ltr'>set.</span> <span class='ocrx_word' id='word_1_184' title='bbox 294 1236 334 1261; x_wconf 81' lang='lat'>33.</span> <span class='ocrx_word' id='word_1_185' title='bbox 348 1234 439 1261; x_wconf 80' lang='lat' dir='ltr'>Securi</span> <span class='ocrx_word' id='word_1_186' title='bbox 446 1243 581 1268; x_wconf 80' lang='lat' dir='ltr'>percussos</span> <span class='ocrx_word' id='word_1_187' title='bbox 592 1235 692 1261; x_wconf 87' lang='lat' dir='ltr'>Petrum</span> <span class='ocrx_word' id='word_1_188' title='bbox 702 1235 910 1263; x_wconf 77' lang='lat' dir='ltr'>etlllenedemum,</span> <span class='ocrx_word' id='word_1_189' title='bbox 919 1236 1022 1260; x_wconf 69' lang='lat' dir='ltr'>civitate</span> <span class='ocrx_word' id='word_1_190' title='bbox 1050 1262 1051 1265; x_wconf 47' lang='lat'>,</span> 
     </span>
     <span class='ocr_line' id='line_1_30' title="bbox 1049 1273 1133 1300; baseline -0.012 0"><span class='ocrx_word' id='word_1_191' title='bbox 1049 1273 1051 1279; x_wconf 93' lang='lat'>&#39;</span> <span class='ocrx_word' id='word_1_192' title='bbox 1071 1274 1133 1300; x_wconf 87' lang='lat' dir='ltr'>das:</span> 
     </span>
    </p>
   </div>
   <div class='ocr_carea' id='block_1_11' title="bbox 213 1271 1021 2726">
    <p class='ocr_par' dir='ltr' id='par_1_11' title="bbox 213 1271 1021 2726">
     <span class='ocr_line' id='line_1_31' title="bbox 223 1271 1018 1304; baseline 0.003 -8"><span class='ocrx_word' id='word_1_193' title='bbox 223 1273 331 1298; x_wconf 79' lang='lat' dir='ltr'>donatos</span> <span class='ocrx_word' id='word_1_194' title='bbox 341 1276 363 1298; x_wconf 84' lang='lat' dir='ltr'>et</span> <span class='ocrx_word' id='word_1_195' title='bbox 374 1273 483 1304; x_wconf 78' lang='lat' dir='ltr'>hospites</span> <span class='ocrx_word' id='word_1_196' title='bbox 497 1272 624 1302; x_wconf 81' lang='lat' dir='ltr'>Caesaris,</span> <span class='ocrx_word' id='word_1_197' title='bbox 642 1274 776 1299; x_wconf 76' lang='lat' dir='ltr'>laudastis.</span> <span class='ocrx_word' id='word_1_198' title='bbox 797 1271 854 1298; x_wconf 90' lang='lat' dir='ltr'>Non</span> <span class='ocrx_word' id='word_1_199' title='bbox 868 1271 1018 1302; x_wconf 83' lang='lat' dir='ltr'>laudamus,</span> 
     </span>
     <span class='ocr_line' id='line_1_32' title="bbox 223 1308 1020 1345; baseline 0 -10"><span class='ocrx_word' id='word_1_200' title='bbox 223 1308 295 1344; x_wconf 91' lang='lat' dir='ltr'>quod</span> <span class='ocrx_word' id='word_1_201' title='bbox 318 1317 349 1335; x_wconf 89' lang='lat' dir='ltr'>ne</span> <span class='ocrx_word' id='word_1_202' title='bbox 369 1309 524 1336; x_wconf 84' lang='lat' dir='ltr'>audivimus</span> <span class='ocrx_word' id='word_1_203' title='bbox 543 1309 663 1345; x_wconf 88' lang='lat' dir='ltr'>quidem.</span> <span class='ocrx_word' id='word_1_204' title='bbox 704 1308 786 1335; x_wconf 80' lang='lat' dir='ltr'>Valde</span> <span class='ocrx_word' id='word_1_205' title='bbox 806 1309 878 1335; x_wconf 91' lang='lat' dir='ltr'>enim</span> <span class='ocrx_word' id='word_1_206' title='bbox 900 1309 977 1335; x_wconf 87' lang='lat' dir='ltr'>nobis</span> <span class='ocrx_word' id='word_1_207' title='bbox 993 1309 1020 1335; x_wconf 93' lang='lat' dir='ltr'>in</span> 
     </span>
     <span class='ocr_line' id='line_1_33' title="bbox 224 1346 1020 1383; baseline -0.001 -10"><span class='ocrx_word' id='word_1_208' title='bbox 224 1350 293 1372; x_wconf 80' lang='lat' dir='ltr'>tanta</span> <span class='ocrx_word' id='word_1_209' title='bbox 306 1346 504 1383; x_wconf 79' lang='lat' dir='ltr'>perturbatione</span> <span class='ocrx_word' id='word_1_210' title='bbox 515 1347 679 1382; x_wconf 88' lang='lat' dir='ltr'>reipublicae</span> <span class='ocrx_word' id='word_1_211' title='bbox 689 1346 835 1373; x_wconf 88' lang='lat' dir='ltr'>deduobus</span> <span class='ocrx_word' id='word_1_212' title='bbox 843 1347 1020 1381; x_wconf 86' lang='lat' dir='ltr'>nequissimis</span> 
     </span>
     <span class='ocr_line' id='line_1_34' title="bbox 223 1383 1020 1419; baseline 0 -10"><span class='ocrx_word' id='word_1_213' title='bbox 223 1383 362 1410; x_wconf 81' lang='lat' dir='ltr'>Graeculis</span> <span class='ocrx_word' id='word_1_214' title='bbox 377 1384 547 1419; x_wconf 78' lang='lat' dir='ltr'>cogitandum</span> <span class='ocrx_word' id='word_1_215' title='bbox 561 1384 618 1411; x_wconf 85' lang='lat' dir='ltr'>fuit.</span> <span class='ocrx_word' id='word_1_216' title='bbox 653 1385 842 1417; x_wconf 77' lang='lat' dir='ltr'>Theopompum,</span> <span class='ocrx_word' id='word_1_217' title='bbox 856 1386 960 1414; x_wconf 80' lang='lat' dir='ltr'>muium,</span> <span class='ocrx_word' id='word_1_218' title='bbox 973 1393 1020 1410; x_wconf 69' lang='lat' dir='ltr'>es:-</span> 
     </span>
     <span class='ocr_line' id='line_1_35' title="bbox 220 1422 1019 1456; baseline 0.001 -10"><span class='ocrx_word' id='word_1_219' title='bbox 220 1423 322 1454; x_wconf 88' lang='lat' dir='ltr'>pulsum</span> <span class='ocrx_word' id='word_1_220' title='bbox 336 1430 352 1447; x_wconf 86' lang='lat' dir='ltr'>a</span> <span class='ocrx_word' id='word_1_221' title='bbox 370 1422 500 1452; x_wconf 76' lang='lat' dir='ltr'><em>Trebonio,</em></span> <span class='ocrx_word' id='word_1_222' title='bbox 517 1425 651 1456; x_wconf 76' lang='lat' dir='ltr'>consttqere</span> <span class='ocrx_word' id='word_1_223' title='bbox 664 1423 851 1448; x_wconf 70' lang='lat' dir='ltr'>Alexandriam</span> <span class='ocrx_word' id='word_1_224' title='bbox 863 1423 1019 1455; x_wconf 64' lang='lat' dir='ltr'>neglexistis.</span> 
     </span>
     <span class='ocr_line' id='line_1_36' title="bbox 222 1458 1021 1494; baseline 0.001 -10"><span class='ocrx_word' id='word_1_225' title='bbox 222 1458 349 1493; x_wconf 79' lang='lat' dir='ltr'>Magnum</span> <span class='ocrx_word' id='word_1_226' title='bbox 370 1460 470 1485; x_wconf 78' lang='lat' dir='ltr'>crimen</span> <span class='ocrx_word' id='word_1_227' title='bbox 491 1464 610 1486; x_wconf 87' lang='lat' dir='ltr'>senatus.</span> <span class='ocrx_word' id='word_1_228' title='bbox 650 1460 686 1485; x_wconf 89' lang='lat' dir='ltr'>De</span> <span class='ocrx_word' id='word_1_229' title='bbox 706 1459 891 1494; x_wconf 80' lang='lat' dir='ltr'>Theopompo,</span> <span class='ocrx_word' id='word_1_230' title='bbox 913 1467 1021 1485; x_wconf 90' lang='lat' dir='ltr'>summo</span> 
     </span>
     <span class='ocr_line' id='line_1_37' title="bbox 221 1495 1017 1532; baseline 0.001 -11"><span class='ocrx_word' id='word_1_231' title='bbox 221 1495 338 1527; x_wconf 75' lang='lat' dir='ltr'>homine,</span> <span class='ocrx_word' id='word_1_232' title='bbox 353 1497 536 1532; x_wconf 81' lang='lat' dir='ltr'>negleximus:</span> <span class='ocrx_word' id='word_1_233' title='bbox 559 1498 607 1532; x_wconf 89' lang='lat' dir='ltr'>qui</span> <span class='ocrx_word' id='word_1_234' title='bbox 619 1497 665 1523; x_wconf 91' lang='lat' dir='ltr'>ubi</span> <span class='ocrx_word' id='word_1_235' title='bbox 678 1501 807 1523; x_wconf 87' lang='lat' dir='ltr'>terrarum</span> <span class='ocrx_word' id='word_1_236' title='bbox 819 1496 938 1531; x_wconf 71' lang='lat' dir='ltr'>sit,quid</span> <span class='ocrx_word' id='word_1_237' title='bbox 949 1501 1017 1532; x_wconf 77' lang='lat' dir='ltr'>agat,</span> 
     </span>
     <span class='ocr_line' id='line_1_38' title="bbox 223 1533 1020 1570; baseline 0.003 -12"><span class='ocrx_word' id='word_1_238' title='bbox 223 1533 294 1559; x_wconf 69' lang='lat' dir='ltr'>w&#39;vat</span> <span class='ocrx_word' id='word_1_239' title='bbox 304 1533 430 1569; x_wconf 87' lang='lat' dir='ltr'>denique,</span> <span class='ocrx_word' id='word_1_240' title='bbox 443 1543 475 1560; x_wconf 90' lang='lat' dir='ltr'>an</span> <span class='ocrx_word' id='word_1_241' title='bbox 488 1539 609 1561; x_wconf 87' lang='lat' dir='ltr'>mortuus</span> <span class='ocrx_word' id='word_1_242' title='bbox 621 1535 664 1565; x_wconf 88' lang='lat' dir='ltr'>sit,</span> <span class='ocrx_word' id='word_1_243' title='bbox 677 1535 740 1570; x_wconf 91' lang='lat' dir='ltr'>quis</span> <span class='ocrx_word' id='word_1_244' title='bbox 753 1538 798 1561; x_wconf 85' lang='lat' dir='ltr'>aut</span> <span class='ocrx_word' id='word_1_245' title='bbox 809 1534 860 1560; x_wconf 85' lang='lat' dir='ltr'>scit</span> <span class='ocrx_word' id='word_1_246' title='bbox 870 1538 916 1560; x_wconf 83' lang='lat' dir='ltr'>aut</span> <span class='ocrx_word' id='word_1_247' title='bbox 926 1533 1020 1560; x_wconf 81' lang='lat' dir='ltr'>eurat‘t</span> 
     </span>
     <span class='ocr_line' id='line_1_39' title="bbox 221 1570 1021 1605; baseline 0 -8"><span class='ocrx_word' id='word_1_248' title='bbox 221 1570 276 1597; x_wconf 81' lang='lat' dir='ltr'>Ser.</span> <span class='ocrx_word' id='word_1_249' title='bbox 296 1571 404 1598; x_wconf 82' lang='lat' dir='ltr'>Galbam</span> <span class='ocrx_word' id='word_1_250' title='bbox 420 1573 504 1597; x_wconf 81' lang='lat' dir='ltr'>eodem</span> <span class='ocrx_word' id='word_1_251' title='bbox 518 1573 627 1605; x_wconf 76' lang='lat' dir='ltr'>puyione</span> <span class='ocrx_word' id='word_1_252' title='bbox 640 1575 798 1598; x_wconf 77' lang='lat' dir='ltr'>succinctum</span> <span class='ocrx_word' id='word_1_253' title='bbox 810 1574 837 1597; x_wconf 90' lang='lat' dir='ltr'>in</span> <span class='ocrx_word' id='word_1_254' title='bbox 847 1574 941 1598; x_wconf 84' lang='lat' dir='ltr'>castris</span> <span class='ocrx_word' id='word_1_255' title='bbox 951 1573 1021 1597; x_wconf 79' lang='lat' dir='ltr'>vide-</span> 
     </span>
     <span class='ocr_line' id='line_1_40' title="bbox 221 1608 1020 1644; baseline 0 -10"><span class='ocrx_word' id='word_1_256' title='bbox 221 1611 260 1634; x_wconf 82' lang='lat' dir='ltr'>tis.</span> <span class='ocrx_word' id='word_1_257' title='bbox 301 1609 373 1635; x_wconf 89' lang='lat' dir='ltr'>Nihil</span> <span class='ocrx_word' id='word_1_258' title='bbox 391 1609 438 1635; x_wconf 86' lang='lat' dir='ltr'>tibi</span> <span class='ocrx_word' id='word_1_259' title='bbox 455 1609 487 1635; x_wconf 91' lang='lat' dir='ltr'>de</span> <span class='ocrx_word' id='word_1_260' title='bbox 499 1609 582 1636; x_wconf 87' lang='lat' dir='ltr'>Galba</span> <span class='ocrx_word' id='word_1_261' title='bbox 595 1609 751 1644; x_wconf 82' lang='lat' dir='ltr'>respondeo,</span> <span class='ocrx_word' id='word_1_262' title='bbox 766 1608 912 1635; x_wconf 79' lang='lat' dir='ltr'>fortissimo</span> <span class='ocrx_word' id='word_1_263' title='bbox 922 1613 947 1634; x_wconf 90' lang='lat' dir='ltr'>et</span> <span class='ocrx_word' id='word_1_264' title='bbox 956 1616 1020 1635; x_wconf 90' lang='lat' dir='ltr'>con-</span> 
     </span>
     <span class='ocr_line' id='line_1_41' title="bbox 220 1646 1016 1681; baseline 0 -9"><span class='ocrx_word' id='word_1_265' title='bbox 220 1646 386 1673; x_wconf 85' lang='lat' dir='ltr'>stantissimo</span> <span class='ocrx_word' id='word_1_266' title='bbox 400 1647 472 1672; x_wconf 90' lang='lat' dir='ltr'>cive:</span> <span class='ocrx_word' id='word_1_267' title='bbox 494 1655 581 1673; x_wconf 85' lang='lat' dir='ltr'>coram</span> <span class='ocrx_word' id='word_1_268' title='bbox 597 1646 694 1673; x_wconf 86' lang='lat' dir='ltr'>aderit:</span> <span class='ocrx_word' id='word_1_269' title='bbox 717 1654 843 1681; x_wconf 81' lang='lat' dir='ltr'>praesens</span> <span class='ocrx_word' id='word_1_270' title='bbox 855 1646 903 1672; x_wconf 86' lang='lat' dir='ltr'>tibi</span> <span class='ocrx_word' id='word_1_271' title='bbox 914 1650 939 1672; x_wconf 85' lang='lat' dir='ltr'>et</span> <span class='ocrx_word' id='word_1_272' title='bbox 949 1646 1016 1680; x_wconf 90' lang='lat' dir='ltr'>ipse,</span> 
     </span>
     <span class='ocr_line' id='line_1_42' title="bbox 220 1683 1020 1720; baseline -0.001 -11"><span class='ocrx_word' id='word_1_273' title='bbox 220 1683 310 1714; x_wconf 85' lang='lat' dir='ltr'>etille‚</span> <span class='ocrx_word' id='word_1_274' title='bbox 332 1692 412 1718; x_wconf 90' lang='lat' dir='ltr'>quem</span> <span class='ocrx_word' id='word_1_275' title='bbox 435 1684 586 1714; x_wconf 85' lang='lat' dir='ltr'>insimulas,</span> <span class='ocrx_word' id='word_1_276' title='bbox 604 1684 686 1720; x_wconf 79' lang='lat' dir='ltr'>pugio</span> <span class='ocrx_word' id='word_1_277' title='bbox 701 1683 882 1719; x_wconf 79' lang='lat' dir='ltr'>respondebit.</span> <span class='ocrx_word' id='word_1_278' title='bbox 923 1683 1020 1709; x_wconf 76' lang='lat' dir='ltr'>Milites</span> 
     </span>
     <span class='ocr_line' id='line_1_43' title="bbox 219 1722 1019 1754; baseline 0 -8"><span class='ocrx_word' id='word_1_279' title='bbox 219 1725 265 1746; x_wconf 86' lang='lat' dir='ltr'>aut</span> <span class='ocrx_word' id='word_1_280' title='bbox 283 1729 350 1747; x_wconf 80' lang='lat' dir='ltr'>meos</span> <span class='ocrx_word' id='word_1_281' title='bbox 369 1726 414 1747; x_wconf 84' lang='lat' dir='ltr'>aut</span> <span class='ocrx_word' id='word_1_282' title='bbox 433 1726 566 1748; x_wconf 77' lang='lat' dir='ltr'>veteranos</span> <span class='ocrx_word' id='word_1_283' title='bbox 580 1724 757 1751; x_wconf 64' lang='lat' dir='ltr'>contraxistis,</span> <span class='ocrx_word' id='word_1_284' title='bbox 775 1726 905 1754; x_wconf 83' lang='lat' dir='ltr'>tamquam</span> <span class='ocrx_word' id='word_1_285' title='bbox 916 1722 951 1746; x_wconf 84' lang='lat' dir='ltr'>ad</span> <span class='ocrx_word' id='word_1_286' title='bbox 961 1722 1019 1747; x_wconf 77' lang='lat' dir='ltr'>eaei-</span> 
     </span>
     <span class='ocr_line' id='line_1_44' title="bbox 220 1758 1019 1792; baseline 0 -9"><span class='ocrx_word' id='word_1_287' title='bbox 220 1759 283 1783; x_wconf 79' lang='lat' dir='ltr'>tium</span> <span class='ocrx_word' id='word_1_288' title='bbox 301 1767 400 1788; x_wconf 84' lang='lat' dir='ltr'>eorum,</span> <span class='ocrx_word' id='word_1_289' title='bbox 419 1761 464 1792; x_wconf 84' lang='lat' dir='ltr'>qui</span> <span class='ocrx_word' id='word_1_290' title='bbox 480 1758 614 1785; x_wconf 80' lang='lat' dir='ltr'>Caesarem</span> <span class='ocrx_word' id='word_1_291' title='bbox 631 1760 792 1785; x_wconf 80' lang='lat' dir='ltr'>occiderant:</span> <span class='ocrx_word' id='word_1_292' title='bbox 818 1762 841 1784; x_wconf 81' lang='lat' dir='ltr'>et</span> <span class='ocrx_word' id='word_1_293' title='bbox 859 1759 956 1783; x_wconf 85' lang='lat' dir='ltr'>eosdem</span> <span class='ocrx_word' id='word_1_294' title='bbox 974 1765 1019 1784; x_wconf 82' lang='lat' dir='ltr'>nec</span> 
     </span>
     <span class='ocr_line' id='line_1_45' title="bbox 219 1797 1017 1829; baseline 0 -9"><span class='ocrx_word' id='word_1_295' title='bbox 219 1797 352 1828; x_wconf 79' lang='lat' dir='ltr'>opinantes</span> <span class='ocrx_word' id='word_1_296' title='bbox 366 1797 400 1822; x_wconf 84' lang='lat' dir='ltr'>ud</span> <span class='ocrx_word' id='word_1_297' title='bbox 417 1799 561 1829; x_wconf 75' lang='lat' dir='ltr'>quaestoris</span> <span class='ocrx_word' id='word_1_298' title='bbox 573 1798 622 1825; x_wconf 83' lang='lat' dir='ltr'>sui,</span> <span class='ocrx_word' id='word_1_299' title='bbox 643 1800 689 1822; x_wconf 87' lang='lat' dir='ltr'>aut</span> <span class='ocrx_word' id='word_1_300' title='bbox 703 1797 875 1828; x_wconf 80' lang='lat' dir='ltr'>imperatoris,</span> <span class='ocrx_word' id='word_1_301' title='bbox 890 1799 936 1820; x_wconf 85' lang='lat' dir='ltr'>aut</span> <span class='ocrx_word' id='word_1_302' title='bbox 950 1803 1017 1820; x_wconf 88' lang='lat' dir='ltr'>com—</span> 
     </span>
     <span class='ocr_line' id='line_1_46' title="bbox 218 1831 1017 1866; baseline -0.001 -8"><span class='ocrx_word' id='word_1_303' title='bbox 218 1834 361 1858; x_wconf 79' lang='lat' dir='ltr'>militonum</span> <span class='ocrx_word' id='word_1_304' title='bbox 375 1841 480 1859; x_wconf 85' lang='lat' dir='ltr'>suorum</span> <span class='ocrx_word' id='word_1_305' title='bbox 493 1834 612 1866; x_wconf 84' lang='lat' dir='ltr'>pericula</span> <span class='ocrx_word' id='word_1_306' title='bbox 629 1834 777 1866; x_wconf 79' lang='lat' dir='ltr'>impulistis.</span> <span class='ocrx_word' id='word_1_307' title='bbox 819 1831 926 1859; x_wconf 77' lang='lat' dir='ltr'>Scilicet</span> <span class='ocrx_word' id='word_1_308' title='bbox 937 1832 1017 1858; x_wconf 85' lang='lat' dir='ltr'>verba</span> 
     </span>
     <span class='ocr_line' id='line_1_47' title="bbox 218 1869 1015 1905; baseline 0 -10"><span class='ocrx_word' id='word_1_309' title='bbox 218 1869 352 1901; x_wconf 86' lang='lat' dir='ltr'>dedimus,</span> <span class='ocrx_word' id='word_1_310' title='bbox 366 1869 536 1905; x_wconf 85' lang='lat' dir='ltr'>decepimus:</span> <span class='ocrx_word' id='word_1_311' title='bbox 559 1870 697 1905; x_wconf 80' lang='lat' dir='ltr'>ignorabat</span> <span class='ocrx_word' id='word_1_312' title='bbox 708 1870 777 1905; x_wconf 82' lang='lat' dir='ltr'>legio</span> <span class='ocrx_word' id='word_1_313' title='bbox 788 1869 893 1900; x_wconf 85' lang='lat' dir='ltr'>Martia,</span> <span class='ocrx_word' id='word_1_314' title='bbox 907 1874 1015 1904; x_wconf 87' lang='lat' dir='ltr'>quarta:</span> 
     </span>
     <span class='ocr_line' id='line_1_48' title="bbox 219 1906 1016 1943; baseline 0 -10"><span class='ocrx_word' id='word_1_315' title='bbox 219 1907 372 1933; x_wconf 85' lang='lat' dir='ltr'>nesciebant</span> <span class='ocrx_word' id='word_1_316' title='bbox 392 1908 518 1937; x_wconf 83' lang='lat' dir='ltr'>veterani,</span> <span class='ocrx_word' id='word_1_317' title='bbox 534 1907 600 1942; x_wconf 87' lang='lat' dir='ltr'>quid</span> <span class='ocrx_word' id='word_1_318' title='bbox 617 1912 747 1943; x_wconf 80' lang='lat' dir='ltr'>ageretur.</span> <span class='ocrx_word' id='word_1_319' title='bbox 774 1907 831 1934; x_wconf 93' lang='lat' dir='ltr'>Non</span> <span class='ocrx_word' id='word_1_320' title='bbox 851 1906 890 1933; x_wconf 86' lang='lat' dir='ltr'>illi</span> <span class='ocrx_word' id='word_1_321' title='bbox 907 1911 1016 1933; x_wconf 88' lang='lat' dir='ltr'>senatus</span> 
     </span>
     <span class='ocr_line' id='line_1_49' title="bbox 217 1944 1016 1979; baseline 0 -9"><span class='ocrx_word' id='word_1_322' title='bbox 217 1945 409 1975; x_wconf 84' lang='lat' dir='ltr'>auctoritatem,</span> <span class='ocrx_word' id='word_1_323' title='bbox 423 1953 474 1971; x_wconf 93' lang='lat' dir='ltr'>non</span> <span class='ocrx_word' id='word_1_324' title='bbox 488 1944 633 1971; x_wconf 85' lang='lat' dir='ltr'>libertatem</span> <span class='ocrx_word' id='word_1_325' title='bbox 645 1944 855 1979; x_wconf 81' lang='lat' dir='ltr'>populiRomani</span> <span class='ocrx_word' id='word_1_326' title='bbox 866 1944 1016 1979; x_wconf 89' lang='lat' dir='ltr'>sequeban-</span> 
     </span>
     <span class='ocr_line' id='line_1_50' title="bbox 218 1981 1016 2017; baseline 0 -9"><span class='ocrx_word' id='word_1_327' title='bbox 218 1985 274 2007; x_wconf 87' lang='lat' dir='ltr'>tur:</span> <span class='ocrx_word' id='word_1_328' title='bbox 288 1981 408 2008; x_wconf 83' lang='lat' dir='ltr'>Caesaris</span> <span class='ocrx_word' id='word_1_329' title='bbox 418 1986 529 2008; x_wconf 88' lang='lat' dir='ltr'>mortem</span> <span class='ocrx_word' id='word_1_330' title='bbox 543 1982 636 2008; x_wconf 91' lang='lat' dir='ltr'>ulcisci</span> <span class='ocrx_word' id='word_1_331' title='bbox 644 1982 775 2012; x_wconf 82' lang='lat' dir='ltr'>volebant,</span> <span class='ocrx_word' id='word_1_332' title='bbox 784 1990 865 2017; x_wconf 78' lang='lat' dir='ltr'>quani</span> <span class='ocrx_word' id='word_1_333' title='bbox 872 1990 964 2008; x_wconf 89' lang='lat' dir='ltr'>omnes</span> <span class='ocrx_word' id='word_1_334' title='bbox 977 1981 1016 2008; x_wconf 82' lang='lat' dir='ltr'>ta-</span> 
     </span>
     <span class='ocr_line' id='line_1_51' title="bbox 218 2018 1016 2047; baseline 0.001 -3"><span class='ocrx_word' id='word_1_335' title='bbox 218 2018 297 2045; x_wconf 87' lang='lat' dir='ltr'>talem</span> <span class='ocrx_word' id='word_1_336' title='bbox 314 2018 398 2045; x_wconf 86' lang='lat' dir='ltr'>fuisse</span> <span class='ocrx_word' id='word_1_337' title='bbox 412 2019 622 2046; x_wconf 85' lang='lat' dir='ltr'>arbitrabantur:</span> <span class='ocrx_word' id='word_1_338' title='bbox 643 2024 668 2046; x_wconf 89' lang='lat' dir='ltr'>te</span> <span class='ocrx_word' id='word_1_339' title='bbox 683 2019 808 2046; x_wconf 88' lang='lat' dir='ltr'>videlicet</span> <span class='ocrx_word' id='word_1_340' title='bbox 821 2019 939 2047; x_wconf 89' lang='lat' dir='ltr'>salvum,</span> <span class='ocrx_word' id='word_1_341' title='bbox 953 2019 1016 2045; x_wconf 90' lang='lat' dir='ltr'>bea-</span> 
     </span>
     <span class='ocr_line' id='line_1_52' title="bbox 217 2055 1014 2092; baseline 0 -10"><span class='ocrx_word' id='word_1_342' title='bbox 217 2060 284 2088; x_wconf 88' lang='lat' dir='ltr'>tum,</span> <span class='ocrx_word' id='word_1_343' title='bbox 292 2055 428 2083; x_wconf 84' lang='lat' dir='ltr'>florentem</span> <span class='ocrx_word' id='word_1_344' title='bbox 436 2065 494 2084; x_wconf 84' lang='lat' dir='ltr'>esse</span> <span class='ocrx_word' id='word_1_345' title='bbox 500 2056 653 2092; x_wconf 87' lang='lat' dir='ltr'>cupiebant.</span> <span class='ocrx_word' id='word_1_346' title='bbox 668 2056 831 2083; x_wconf 66' lang='lat' dir='ltr'>XV11.3.5.0</span> <span class='ocrx_word' id='word_1_347' title='bbox 841 2058 923 2084; x_wconf 89' lang='lat' dir='ltr'>miser</span> <span class='ocrx_word' id='word_1_348' title='bbox 929 2065 1014 2092; x_wconf 91' lang='lat' dir='ltr'>quum</span> 
     </span>
     <span class='ocr_line' id='line_1_53' title="bbox 217 2093 1013 2130; baseline 0.001 -10"><span class='ocrx_word' id='word_1_349' title='bbox 217 2101 253 2124; x_wconf 84' lang='lat' dir='ltr'>re,</span> <span class='ocrx_word' id='word_1_350' title='bbox 276 2098 334 2120; x_wconf 86' lang='lat' dir='ltr'>tum</span> <span class='ocrx_word' id='word_1_351' title='bbox 350 2093 400 2121; x_wconf 91' lang='lat' dir='ltr'>hoc</span> <span class='ocrx_word' id='word_1_352' title='bbox 415 2095 482 2129; x_wconf 88' lang='lat' dir='ltr'>ipso,</span> <span class='ocrx_word' id='word_1_353' title='bbox 501 2094 573 2129; x_wconf 89' lang='lat' dir='ltr'>quod</span> <span class='ocrx_word' id='word_1_354' title='bbox 589 2102 639 2120; x_wconf 91' lang='lat' dir='ltr'>non</span> <span class='ocrx_word' id='word_1_355' title='bbox 657 2095 749 2125; x_wconf 79' lang='lat' dir='ltr'>sentis,</span> <span class='ocrx_word' id='word_1_356' title='bbox 768 2103 850 2130; x_wconf 86' lang='lat' dir='ltr'>quam</span> <span class='ocrx_word' id='word_1_357' title='bbox 867 2095 949 2121; x_wconf 89' lang='lat' dir='ltr'>miser</span> <span class='ocrx_word' id='word_1_358' title='bbox 960 2095 1013 2121; x_wconf 88' lang='lat' dir='ltr'>sis!</span> 
     </span>
     <span class='ocr_line' id='line_1_54' title="bbox 217 2130 1015 2166; baseline 0.001 -9"><span class='ocrx_word' id='word_1_359' title='bbox 217 2130 270 2157; x_wconf 84' lang='lat' dir='ltr'>Sed</span> <span class='ocrx_word' id='word_1_360' title='bbox 286 2131 434 2157; x_wconf 89' lang='lat' dir='ltr'>maximum</span> <span class='ocrx_word' id='word_1_361' title='bbox 451 2132 551 2158; x_wconf 89' lang='lat' dir='ltr'>crimen</span> <span class='ocrx_word' id='word_1_362' title='bbox 563 2131 663 2158; x_wconf 87' lang='lat' dir='ltr'>audite.</span> <span class='ocrx_word' id='word_1_363' title='bbox 704 2132 818 2165; x_wconf 81' lang='lat' dir='ltr'>Denique</span> <span class='ocrx_word' id='word_1_364' title='bbox 830 2135 893 2166; x_wconf 84' lang='lat' dir='ltr'>quid</span> <span class='ocrx_word' id='word_1_365' title='bbox 906 2141 956 2158; x_wconf 87' lang='lat' dir='ltr'>non</span> <span class='ocrx_word' id='word_1_366' title='bbox 969 2137 1015 2158; x_wconf 86' lang='lat' dir='ltr'>aut</span> 
     </span>
     <span class='ocr_line' id='line_1_55' title="bbox 214 2168 1016 2203; baseline -0.001 -8"><span class='ocrx_word' id='word_1_367' title='bbox 214 2171 419 2202; x_wconf 75' lang='lat' dir='ltr'>probat-istisaut</span> <span class='ocrx_word' id='word_1_368' title='bbox 428 2171 532 2203; x_wconf 82' lang='lat' dir='ltr'>fecistis,</span> <span class='ocrx_word' id='word_1_369' title='bbox 540 2171 606 2202; x_wconf 75' lang='lat' dir='ltr'>quod</span> <span class='ocrx_word' id='word_1_370' title='bbox 617 2171 737 2202; x_wconf 78' lang='lat' dir='ltr'>saciat,si</span> <span class='ocrx_word' id='word_1_371' title='bbox 746 2168 1016 2202; x_wconf 69' lang='lat' dir='ltr'>reviviscat—Quis?</span> 
     </span>
     <span class='ocr_line' id='line_1_56' title="bbox 215 2205 1015 2241; baseline 0.001 -9"><span class='ocrx_word' id='word_1_372' title='bbox 215 2205 293 2232; x_wconf 86' lang='lat' dir='ltr'>credo</span> <span class='ocrx_word' id='word_1_373' title='bbox 313 2207 398 2237; x_wconf 91' lang='lat' dir='ltr'>enim,</span> <span class='ocrx_word' id='word_1_374' title='bbox 419 2206 508 2233; x_wconf 81' lang='lat' dir='ltr'>afferet</span> <span class='ocrx_word' id='word_1_375' title='bbox 525 2205 634 2241; x_wconf 89' lang='lat' dir='ltr'>aliquod</span> <span class='ocrx_word' id='word_1_376' title='bbox 651 2206 771 2233; x_wconf 85' lang='lat' dir='ltr'>scelerati</span> <span class='ocrx_word' id='word_1_377' title='bbox 791 2207 907 2233; x_wconf 88' lang='lat' dir='ltr'>hominis</span> <span class='ocrx_word' id='word_1_378' title='bbox 923 2215 1015 2233; x_wconf 84' lang='lat' dir='ltr'>exem-</span> 
     </span>
     <span class='ocr_line' id='line_1_57' title="bbox 214 2243 1012 2280; baseline 0.001 -11"><span class='ocrx_word' id='word_1_379' title='bbox 214 2243 305 2278; x_wconf 87' lang='lat' dir='ltr'>plum!</span> <span class='ocrx_word' id='word_1_380' title='bbox 324 2243 368 2270; x_wconf 83' lang='lat' dir='ltr'>Cn.</span> <span class='ocrx_word' id='word_1_381' title='bbox 375 2244 507 2276; x_wconf 82' lang='lat' dir='ltr'>Pompeius</span> <span class='ocrx_word' id='word_1_382' title='bbox 516 2244 638 2277; x_wconf 79' lang='lat' dir='ltr'>ipse—O</span> <span class='ocrx_word' id='word_1_383' title='bbox 650 2253 697 2270; x_wconf 89' lang='lat' dir='ltr'>nos</span> <span class='ocrx_word' id='word_1_384' title='bbox 705 2249 805 2279; x_wconf 86' lang='lat' dir='ltr'>turpes,</span> <span class='ocrx_word' id='word_1_385' title='bbox 814 2244 837 2270; x_wconf 90' lang='lat' dir='ltr'>si</span> <span class='ocrx_word' id='word_1_386' title='bbox 846 2244 956 2280; x_wconf 88' lang='lat' dir='ltr'>quidem</span> <span class='ocrx_word' id='word_1_387' title='bbox 964 2244 1012 2271; x_wconf 91' lang='lat' dir='ltr'>Cn.</span> 
     </span>
     <span class='ocr_line' id='line_1_58' title="bbox 214 2281 1014 2315; baseline 0.003 -9"><span class='ocrx_word' id='word_1_388' title='bbox 214 2281 372 2315; x_wconf 84' lang='lat' dir='ltr'>Pompeium</span> <span class='ocrx_word' id='word_1_389' title='bbox 388 2281 483 2307; x_wconf 86' lang='lat' dir='ltr'>imitati</span> <span class='ocrx_word' id='word_1_390' title='bbox 499 2281 608 2308; x_wconf 90' lang='lat' dir='ltr'>sumus!</span> <span class='ocrx_word' id='word_1_391' title='bbox 642 2286 687 2307; x_wconf 74' lang='lat' dir='ltr'>(tut</span> <span class='ocrx_word' id='word_1_392' title='bbox 699 2283 768 2315; x_wconf 78' lang='lat' dir='ltr'>filius</span> <span class='ocrx_word' id='word_1_393' title='bbox 779 2284 840 2311; x_wconf 83' lang='lat' dir='ltr'>eius,</span> <span class='ocrx_word' id='word_1_394' title='bbox 852 2285 875 2308; x_wconf 89' lang='lat' dir='ltr'>si</span> <span class='ocrx_word' id='word_1_395' title='bbox 884 2284 953 2308; x_wconf 85' lang='lat' dir='ltr'>domi</span> <span class='ocrx_word' id='word_1_396' title='bbox 962 2291 1014 2308; x_wconf 83' lang='lat' dir='ltr'>esse</span> 
     </span>
     <span class='ocr_line' id='line_1_59' title="bbox 213 2318 1014 2353; baseline 0.001 -9"><span class='ocrx_word' id='word_1_397' title='bbox 213 2321 301 2350; x_wconf 84' lang='lat' dir='ltr'>possit.</span> <span class='ocrx_word' id='word_1_398' title='bbox 321 2319 426 2349; x_wconf 78' lang='lat' dir='ltr'>Poterit,</span> <span class='ocrx_word' id='word_1_399' title='bbox 440 2318 605 2345; x_wconf 89' lang='lat' dir='ltr'>mihicrede.</span> <span class='ocrx_word' id='word_1_400' title='bbox 621 2319 688 2345; x_wconf 84' lang='lat' dir='ltr'>Nam</span> <span class='ocrx_word' id='word_1_401' title='bbox 701 2319 1014 2353; x_wconf 85' lang='lat' dir='ltr'>paucisdiebusetindo-</span> 
     </span>
     <span class='ocr_line' id='line_1_60' title="bbox 215 2356 1013 2392; baseline 0.001 -11"><span class='ocrx_word' id='word_1_402' title='bbox 215 2363 288 2381; x_wconf 90' lang='lat' dir='ltr'>mum</span> <span class='ocrx_word' id='word_1_403' title='bbox 305 2361 329 2382; x_wconf 88' lang='lat' dir='ltr'>et</span> <span class='ocrx_word' id='word_1_404' title='bbox 340 2356 367 2382; x_wconf 92' lang='lat' dir='ltr'>in</span> <span class='ocrx_word' id='word_1_405' title='bbox 379 2356 468 2383; x_wconf 83' lang='lat' dir='ltr'>hortos</span> <span class='ocrx_word' id='word_1_406' title='bbox 481 2361 603 2391; x_wconf 86' lang='lat' dir='ltr'>paternos</span> <span class='ocrx_word' id='word_1_407' title='bbox 613 2356 789 2392; x_wconf 77' lang='lat' dir='ltr'>immigrabit.</span> <span class='ocrx_word' id='word_1_408' title='bbox 830 2357 958 2383; x_wconf 85' lang='lat' dir='ltr'>Postremo</span> <span class='ocrx_word' id='word_1_409' title='bbox 968 2365 1013 2382; x_wconf 81' lang='lat' dir='ltr'>ne-</span> 
     </span>
     <span class='ocr_line' id='line_1_61' title="bbox 214 2394 1013 2427; baseline 0.003 -9"><span class='ocrx_word' id='word_1_410' title='bbox 214 2395 280 2425; x_wconf 78' lang='lat' dir='ltr'>yatis</span> <span class='ocrx_word' id='word_1_411' title='bbox 290 2402 377 2426; x_wconf 80' lang='lat' dir='ltr'>pacem</span> <span class='ocrx_word' id='word_1_412' title='bbox 386 2402 460 2427; x_wconf 82' lang='lat' dir='ltr'>posse</span> <span class='ocrx_word' id='word_1_413' title='bbox 470 2395 534 2426; x_wconf 77' lang='lat' dir='ltr'>lieri,</span> <span class='ocrx_word' id='word_1_414' title='bbox 546 2396 598 2420; x_wconf 84' lang='lat' dir='ltr'>nisi</span> <span class='ocrx_word' id='word_1_415' title='bbox 607 2399 652 2420; x_wconf 85' lang='lat' dir='ltr'>aut</span> <span class='ocrx_word' id='word_1_416' title='bbox 663 2396 769 2420; x_wconf 78' lang='lat' dir='ltr'>emisero</span> <span class='ocrx_word' id='word_1_417' title='bbox 778 2394 1013 2427; x_wconf 77' lang='lat' dir='ltr'>Bruttun‚autfru-</span> 
     </span>
     <span class='ocr_line' id='line_1_62' title="bbox 215 2430 1011 2466; baseline 0.004 -13"><span class='ocrx_word' id='word_1_418' title='bbox 215 2435 295 2455; x_wconf 79' lang='lat' dir='ltr'>mento</span> <span class='ocrx_word' id='word_1_419' title='bbox 307 2433 402 2456; x_wconf 70' lang='lat' dir='ltr'>iuvet-o.</span> <span class='ocrx_word' id='word_1_420' title='bbox 441 2430 493 2458; x_wconf 81' lang='lat' dir='ltr'>Alii</span> <span class='ocrx_word' id='word_1_421' title='bbox 506 2432 576 2457; x_wconf 88' lang='lat' dir='ltr'>istuc</span> <span class='ocrx_word' id='word_1_422' title='bbox 588 2430 704 2466; x_wconf 74' lang='lat' dir='ltr'>negant?</span> <span class='ocrx_word' id='word_1_423' title='bbox 728 2431 786 2466; x_wconf 80' lang='lat' dir='ltr'>Ego</span> <span class='ocrx_word' id='word_1_424' title='bbox 797 2439 868 2459; x_wconf 85' lang='lat' dir='ltr'>vero.</span> <span class='ocrx_word' id='word_1_425' title='bbox 882 2439 914 2458; x_wconf 91' lang='lat' dir='ltr'>ne</span> <span class='ocrx_word' id='word_1_426' title='bbox 925 2431 949 2457; x_wconf 89' lang='lat' dir='ltr'>si</span> <span class='ocrx_word' id='word_1_427' title='bbox 960 2431 1011 2457; x_wconf 87' lang='lat' dir='ltr'>ista</span> 
     </span>
     <span class='ocr_line' id='line_1_63' title="bbox 215 2466 1011 2503; baseline 0.004 -12"><span class='ocrx_word' id='word_1_428' title='bbox 215 2466 324 2499; x_wconf 87' lang='lat' dir='ltr'>quidem</span> <span class='ocrx_word' id='word_1_429' title='bbox 346 2467 449 2499; x_wconf 80' lang='lat' dir='ltr'>seceris,</span> <span class='ocrx_word' id='word_1_430' title='bbox 467 2477 597 2503; x_wconf 90' lang='lat' dir='ltr'>umquam</span> <span class='ocrx_word' id='word_1_431' title='bbox 618 2473 706 2494; x_wconf 87' lang='lat' dir='ltr'>tecum</span> <span class='ocrx_word' id='word_1_432' title='bbox 722 2476 813 2502; x_wconf 82' lang='lat' dir='ltr'>pacem</span> <span class='ocrx_word' id='word_1_433' title='bbox 830 2468 893 2495; x_wconf 90' lang='lat' dir='ltr'>huic</span> <span class='ocrx_word' id='word_1_434' title='bbox 909 2468 1011 2495; x_wconf 76' lang='lat' dir='ltr'>civitati</span> 
     </span>
     <span class='ocr_line' id='line_1_64' title="bbox 217 2501 1011 2538; baseline 0.004 -11"><span class='ocrx_word' id='word_1_435' title='bbox 217 2501 331 2529; x_wconf 77' lang='lat' dir='ltr'>futuram</span> <span class='ocrx_word' id='word_1_436' title='bbox 357 2509 430 2538; x_wconf 91' lang='lat' dir='ltr'>puto.</span> <span class='ocrx_word' id='word_1_437' title='bbox 473 2505 560 2537; x_wconf 81' lang='lat' dir='ltr'>Quid?</span> <span class='ocrx_word' id='word_1_438' title='bbox 589 2507 635 2531; x_wconf 79' lang='lat' dir='ltr'>hoc</span> <span class='ocrx_word' id='word_1_439' title='bbox 652 2507 768 2538; x_wconf 83' lang='lat' dir='ltr'>placetne</span> <span class='ocrx_word' id='word_1_440' title='bbox 787 2508 916 2532; x_wconf 74' lang='lat' dir='ltr'>veteranis</span> <span class='ocrx_word' id='word_1_441' title='bbox 936 2504 1011 2531; x_wconf 81' lang='lat' dir='ltr'>istis?</span> 
     </span>
     <span class='ocr_line' id='line_1_65' title="bbox 216 2541 1011 2576; baseline 0.006 -12"><span class='ocrx_word' id='word_1_442' title='bbox 216 2541 307 2572; x_wconf 82' lang='lat' dir='ltr'>quibus</span> <span class='ocrx_word' id='word_1_443' title='bbox 327 2542 410 2567; x_wconf 83' lang='lat' dir='ltr'>adhuc</span> <span class='ocrx_word' id='word_1_444' title='bbox 425 2545 511 2568; x_wconf 87' lang='lat' dir='ltr'>omnia</span> <span class='ocrx_word' id='word_1_445' title='bbox 527 2545 627 2576; x_wconf 75' lang='lat' dir='ltr'>inteyra</span> <span class='ocrx_word' id='word_1_446' title='bbox 640 2547 707 2569; x_wconf 85' lang='lat' dir='ltr'>sunt.</span> <span class='ocrx_word' id='word_1_447' title='bbox 747 2542 820 2568; x_wconf 84' lang='lat' dir='ltr'>Nihil</span> <span class='ocrx_word' id='word_1_448' title='bbox 836 2543 892 2569; x_wconf 84' lang='lat' dir='ltr'>vidi</span> <span class='ocrx_word' id='word_1_449' title='bbox 903 2547 956 2569; x_wconf 87' lang='lat' dir='ltr'>tam</span> <span class='ocrx_word' id='word_1_450' title='bbox 968 2543 1011 2569; x_wconf 86' lang='lat' dir='ltr'>in—</span> 
     </span>
     <span class='ocr_line' id='line_1_66' title="bbox 217 2580 1009 2615; baseline 0.006 -14"><span class='ocrx_word' id='word_1_451' title='bbox 217 2581 330 2611; x_wconf 83' lang='lat' dir='ltr'>tegrum,</span> <span class='ocrx_word' id='word_1_452' title='bbox 353 2585 434 2612; x_wconf 88' lang='lat' dir='ltr'>quam</span> <span class='ocrx_word' id='word_1_453' title='bbox 455 2584 484 2605; x_wconf 83' lang='lat' dir='ltr'>ut</span> <span class='ocrx_word' id='word_1_454' title='bbox 499 2587 654 2615; x_wconf 79' lang='lat' dir='ltr'>oppugnare</span> <span class='ocrx_word' id='word_1_455' title='bbox 669 2580 855 2614; x_wconf 87' lang='lat' dir='ltr'>imperatorem</span> <span class='ocrx_word' id='word_1_456' title='bbox 869 2580 1009 2615; x_wconf 85' lang='lat' dir='ltr'>incipiant,</span> 
     </span>
     <span class='ocr_line' id='line_1_67' title="bbox 215 2615 1008 2651; baseline 0.005 -13"><span class='ocrx_word' id='word_1_457' title='bbox 215 2621 296 2648; x_wconf 85' lang='lat' dir='ltr'>quem</span> <span class='ocrx_word' id='word_1_458' title='bbox 313 2618 384 2640; x_wconf 88' lang='lat' dir='ltr'>tanto</span> <span class='ocrx_word' id='word_1_459' title='bbox 399 2615 487 2641; x_wconf 88' lang='lat' dir='ltr'>studio</span> <span class='ocrx_word' id='word_1_460' title='bbox 498 2624 685 2651; x_wconf 83' lang='lat' dir='ltr'>consensuque</span> <span class='ocrx_word' id='word_1_461' title='bbox 696 2615 862 2643; x_wconf 80' lang='lat' dir='ltr'>offenderint.</span> <span class='ocrx_word' id='word_1_462' title='bbox 885 2618 926 2643; x_wconf 79' lang='lat'>35.</span> <span class='ocrx_word' id='word_1_463' title='bbox 941 2617 1008 2649; x_wconf 82' lang='lat' dir='ltr'>Quo-</span> 
     </span>
     <span class='ocr_line' id='line_1_68' title="bbox 216 2653 1010 2680; baseline 0.006 -5"><span class='ocrx_word' id='word_1_464' title='bbox 216 2653 284 2676; x_wconf 82' lang='lat' dir='ltr'>niam</span> <span class='ocrx_word' id='word_1_465' title='bbox 304 2659 348 2676; x_wconf 70' lang='lat' dir='ltr'>vos</span> <span class='ocrx_word' id='word_1_466' title='bbox 367 2655 582 2679; x_wconf 80' lang='lat' dir='ltr'>assentationibus</span> <span class='ocrx_word' id='word_1_467' title='bbox 595 2659 617 2679; x_wconf 85' lang='lat' dir='ltr'>et</span> <span class='ocrx_word' id='word_1_468' title='bbox 633 2656 762 2680; x_wconf 69' lang='lat' dir='ltr'>venenatis</span> <span class='ocrx_word' id='word_1_469' title='bbox 778 2655 925 2680; x_wconf 77' lang='lat' dir='ltr'>niuneribus</span> <span class='ocrx_word' id='word_1_470' title='bbox 938 2657 1010 2680; x_wconf 83' lang='lat' dir='ltr'>veni-</span> 
     </span>
     <span class='ocr_line' id='line_1_69' title="bbox 215 2689 1008 2726; baseline 0.005 -13"><span class='ocrx_word' id='word_1_471' title='bbox 215 2689 262 2714; x_wconf 82' lang='lat' dir='ltr'>stis</span> <span class='ocrx_word' id='word_1_472' title='bbox 276 2689 420 2721; x_wconf 75' lang='lat' dir='ltr'>depravati.</span> <span class='ocrx_word' id='word_1_473' title='bbox 461 2689 501 2715; x_wconf 70' lang='lat' dir='ltr'>An</span> <span class='ocrx_word' id='word_1_474' title='bbox 517 2691 635 2725; x_wconf 82' lang='lat' dir='ltr'>corrupti</span> <span class='ocrx_word' id='word_1_475' title='bbox 651 2695 722 2721; x_wconf 88' lang='lat' dir='ltr'>sunt,</span> <span class='ocrx_word' id='word_1_476' title='bbox 735 2690 836 2726; x_wconf 90' lang='lat' dir='ltr'>quibus</span> <span class='ocrx_word' id='word_1_477' title='bbox 847 2699 1008 2725; x_wconf 88' lang='lat' dir='ltr'>persuasum</span> 
     </span>
    </p>
   </div>
   <div class='ocr_carea' id='block_1_12' title="bbox 227 823 1054 933">
    <p class='ocr_par' dir='ltr' id='par_1_12' title="bbox 227 823 1054 933">
     <span class='ocr_line' id='line_1_70' title="bbox 585 823 1054 856; baseline -0.004 -7"><span class='ocrx_word' id='word_1_478' title='bbox 585 823 654 849; x_wconf 84' lang='lat' dir='ltr'>th.</span> <span class='ocrx_word' id='word_1_479' title='bbox 682 823 811 848; x_wconf 78' lang='lat' dir='ltr'>Neminem</span> <span class='ocrx_word' id='word_1_480' title='bbox 834 823 1020 856; x_wconf 85' lang='lat' dir='ltr'>Pompeianum,</span> <span class='ocrx_word' id='word_1_481' title='bbox 1052 824 1054 850; x_wconf 66' lang='lat' dir='ltr'>s</span> 
     </span>
     <span class='ocr_line' id='line_1_71' title="bbox 227 859 1053 895; baseline 0 -10"><span class='ocrx_word' id='word_1_482' title='bbox 227 862 272 893; x_wconf 83' lang='lat' dir='ltr'>qui</span> <span class='ocrx_word' id='word_1_483' title='bbox 288 863 364 888; x_wconf 71' lang='lat' dir='ltr'>vivat,</span> <span class='ocrx_word' id='word_1_484' title='bbox 377 862 515 894; x_wconf 72' lang='lat' dir='ltr'>tenerileqc</span> <span class='ocrx_word' id='word_1_485' title='bbox 526 861 612 886; x_wconf 87' lang='lat' dir='ltr'>Hirtia</span> <span class='ocrx_word' id='word_1_486' title='bbox 622 859 766 886; x_wconf 77' lang='lat' dir='ltr'>dictitatis?</span> <span class='ocrx_word' id='word_1_487' title='bbox 786 859 1022 895; x_wconf 82' lang='lat' dir='ltr'>Qui,quaeso,iam</span> <span class='ocrx_word' id='word_1_488' title='bbox 1046 867 1053 890; x_wconf 59' lang='lat'>,5</span> 
     </span>
     <span class='ocr_line' id='line_1_72' title="bbox 229 896 1047 933; baseline -0.001 -10"><span class='ocrx_word' id='word_1_489' title='bbox 229 896 295 933; x_wconf 76' lang='lat' dir='ltr'>legis</span> <span class='ocrx_word' id='word_1_490' title='bbox 306 898 405 924; x_wconf 82' lang='lat' dir='ltr'>Hirtiae</span> <span class='ocrx_word' id='word_1_491' title='bbox 420 899 581 924; x_wconf 87' lang='lat' dir='ltr'>mentionem</span> <span class='ocrx_word' id='word_1_492' title='bbox 599 897 678 924; x_wconf 71' lang='lat' dir='ltr'>facit?</span> <span class='ocrx_word' id='word_1_493' title='bbox 697 898 775 923; x_wconf 82' lang='lat' dir='ltr'>cuius</span> <span class='ocrx_word' id='word_1_494' title='bbox 788 906 837 923; x_wconf 89' lang='lat' dir='ltr'>non</span> <span class='ocrx_word' id='word_1_495' title='bbox 851 897 940 923; x_wconf 81' lang='lat' dir='ltr'>minus</span> <span class='ocrx_word' id='word_1_496' title='bbox 953 897 1024 923; x_wconf 90' lang='lat' dir='ltr'>arbi-</span> <span class='ocrx_word' id='word_1_497' title='bbox 1045 913 1047 922; x_wconf 52' lang='lat' dir='ltr'>i</span> 
     </span>
    </p>
   </div>
   <div class='ocr_carea' id='block_1_13' title="bbox 1044 262 1053 946">
    <p class='ocr_par' dir='ltr' id='par_1_13' title="bbox 1044 262 1053 946">
     <span class='ocr_line' id='line_1_73' title="bbox 1044 262 1053 946; baseline 0 0"><span class='ocrx_word' id='word_1_498' title='bbox 1044 262 1053 946; x_wconf 95' lang='lat' dir='ltr'> </span> 
     </span>
    </p>
   </div>
   <div class='ocr_carea' id='block_1_14' title="bbox 1033 262 1053 2463">
    <p class='ocr_par' dir='ltr' id='par_1_14' title="bbox 1033 262 1053 2463">
     <span class='ocr_line' id='line_1_74' title="bbox 1033 262 1053 2463; baseline 0 0"><span class='ocrx_word' id='word_1_499' title='bbox 1033 262 1053 2463; x_wconf 95' lang='lat' dir='ltr'> </span> 
     </span>
    </p>
   </div>
   <div class='ocr_carea' id='block_1_15' title="bbox 887 153 1288 182">
    <p class='ocr_par' dir='ltr' id='par_1_15' title="bbox 887 153 1288 182">
     <span class='ocr_line' id='line_1_75' title="bbox 887 153 1288 182; baseline 0.002 -2"><span class='ocrx_word' id='word_1_500' title='bbox 887 154 921 180; x_wconf 75' lang='lat' dir='ltr'>M.</span> <span class='ocrx_word' id='word_1_501' title='bbox 953 154 982 180; x_wconf 88' lang='grc' dir='ltr'>Τ.</span> <span class='ocrx_word' id='word_1_502' title='bbox 1014 153 1288 182; x_wconf 72' lang='lat' dir='ltr'>CICERONIS</span> 
     </span>
    </p>
   </div>
   <div class='ocr_carea' id='block_1_16' title="bbox 1075 224 1874 746">
    <p class='ocr_par' dir='ltr' id='par_1_16' title="bbox 1075 224 1874 746">
     <span class='ocr_line' id='line_1_76' title="bbox 1079 224 1873 264; baseline 0.005 -13"><span class='ocrx_word' id='word_1_503' title='bbox 1079 230 1119 251; x_wconf 70' lang='lat' dir='ltr'>est</span> <span class='ocrx_word' id='word_1_504' title='bbox 1140 224 1324 253; x_wconf 66' lang='lat' dir='ltr'>swdissimum</span> <span class='ocrx_word' id='word_1_505' title='bbox 1346 226 1448 254; x_wconf 72' lang='lat' dir='ltr'>hostem</span> <span class='ocrx_word' id='word_1_506' title='bbox 1469 228 1618 255; x_wconf 70' lang='lat' dir='ltr'>iusti-simo</span> <span class='ocrx_word' id='word_1_507' title='bbox 1637 227 1707 255; x_wconf 79' lang='lat' dir='ltr'>bello</span> <span class='ocrx_word' id='word_1_508' title='bbox 1729 228 1873 264; x_wconf 69' lang='lat' dir='ltr'>persequi?</span> 
     </span>
     <span class='ocr_line' id='line_1_77' title="bbox 1081 265 1872 298; baseline 0.004 -9"><span class='ocrx_word' id='word_1_509' title='bbox 1081 265 1110 289; x_wconf 78' lang='lat' dir='ltr'>At</span> <span class='ocrx_word' id='word_1_510' title='bbox 1126 265 1248 289; x_wconf 68' lang='lat' dir='ltr'>militibus</span> <span class='ocrx_word' id='word_1_511' title='bbox 1264 266 1369 290; x_wconf 65' lang='lat' dir='ltr'>inclutis</span> <span class='ocrx_word' id='word_1_512' title='bbox 1384 273 1454 298; x_wconf 78' lang='lat' dir='ltr'>opem</span> <span class='ocrx_word' id='word_1_513' title='bbox 1462 268 1542 298; x_wconf 68' lang='lat' dir='ltr'>[ntia.</span> <span class='ocrx_word' id='word_1_514' title='bbox 1583 266 1655 292; x_wconf 74' lang='lat' dir='ltr'>Nihil</span> <span class='ocrx_word' id='word_1_515' title='bbox 1668 275 1753 292; x_wconf 85' lang='lat' dir='ltr'>moror</span> <span class='ocrx_word' id='word_1_516' title='bbox 1766 275 1807 292; x_wconf 70' lang='lat' dir='ltr'>eon</span> <span class='ocrx_word' id='word_1_517' title='bbox 1817 267 1872 292; x_wconf 75' lang='lat' dir='ltr'>aal-</span> 
     </span>
     <span class='ocr_line' id='line_1_78' title="bbox 1080 304 1870 336; baseline 0.003 -9"><span class='ocrx_word' id='word_1_518' title='bbox 1080 310 1124 327; x_wconf 75' lang='grc' dir='ltr'>υοε</span> <span class='ocrx_word' id='word_1_519' title='bbox 1141 310 1202 331; x_wconf 70' lang='lat' dir='ltr'>ense,</span> <span class='ocrx_word' id='word_1_520' title='bbox 1221 307 1244 329; x_wconf 80' lang='lat' dir='ltr'>et</span> <span class='ocrx_word' id='word_1_521' title='bbox 1263 304 1309 332; x_wconf 83' lang='lat' dir='ltr'>ire,</span> <span class='ocrx_word' id='word_1_522' title='bbox 1322 310 1373 335; x_wconf 82' lang='lat' dir='ltr'>quo</span> <span class='ocrx_word' id='word_1_523' title='bbox 1391 304 1494 328; x_wconf 70' lang='lat' dir='ltr'>iubetis:</span> <span class='ocrx_word' id='word_1_524' title='bbox 1524 307 1622 328; x_wconf 79' lang='lat' dir='ltr'>tantum</span> <span class='ocrx_word' id='word_1_525' title='bbox 1645 305 1717 329; x_wconf 74' lang='lat' dir='ltr'>morto</span> <span class='ocrx_word' id='word_1_526' title='bbox 1725 306 1870 336; x_wconf 73' lang='lat' dir='ltr'>patiantur.</span> 
     </span>
     <span class='ocr_line' id='line_1_79' title="bbox 1077 338 1874 375; baseline 0.005 -12"><span class='ocrx_word' id='word_1_527' title='bbox 1077 341 1163 371; x_wconf 64' lang='lat' dir='ltr'>perire</span> <span class='ocrx_word' id='word_1_528' title='bbox 1187 348 1256 369; x_wconf 83' lang='lat' dir='ltr'>eum,</span> <span class='ocrx_word' id='word_1_529' title='bbox 1282 342 1326 373; x_wconf 80' lang='lat' dir='ltr'>qui</span> <span class='ocrx_word' id='word_1_530' title='bbox 1354 341 1456 365; x_wconf 76' lang='lat' dir='ltr'>meruit.</span> <span class='ocrx_word' id='word_1_531' title='bbox 1504 338 1588 372; x_wconf 80' lang='lat' dir='ltr'>Quam</span> <span class='ocrx_word' id='word_1_532' title='bbox 1626 339 1753 375; x_wconf 78' lang='lat' dir='ltr'>benigue!</span> <span class='ocrx_word' id='word_1_533' title='bbox 1795 340 1874 367; x_wconf 80' lang='lat' dir='ltr'>deni-</span> 
     </span>
     <span class='ocr_line' id='line_1_80' title="bbox 1079 376 1874 412; baseline 0.003 -10"><span class='ocrx_word' id='word_1_534' title='bbox 1079 384 1131 411; x_wconf 81' lang='lat' dir='ltr'>que</span> <span class='ocrx_word' id='word_1_535' title='bbox 1151 377 1193 403; x_wconf 78' lang='lat' dir='ltr'>usi</span> <span class='ocrx_word' id='word_1_536' title='bbox 1216 376 1371 404; x_wconf 79' lang='lat' dir='ltr'>liberalitate</span> <span class='ocrx_word' id='word_1_537' title='bbox 1386 376 1492 403; x_wconf 74' lang='lat' dir='ltr'>Antonii</span> <span class='ocrx_word' id='word_1_538' title='bbox 1514 376 1612 403; x_wconf 71' lang='lat' dir='ltr'>milites</span> <span class='ocrx_word' id='word_1_539' title='bbox 1632 377 1816 412; x_wconf 74' lang='lat' dir='ltr'>imperatorem</span> <span class='ocrx_word' id='word_1_540' title='bbox 1831 386 1874 404; x_wconf 77' lang='lat' dir='ltr'>ro-</span> 
     </span>
     <span class='ocr_line' id='line_1_81' title="bbox 1080 413 1870 448; baseline 0.001 -9"><span class='ocrx_word' id='word_1_541' title='bbox 1080 413 1225 448; x_wconf 77' lang='lat' dir='ltr'>liquerunt‚</span> <span class='ocrx_word' id='word_1_542' title='bbox 1238 418 1302 440; x_wconf 78' lang='lat' dir='ltr'>etse</span> <span class='ocrx_word' id='word_1_543' title='bbox 1312 413 1345 439; x_wconf 79' lang='lat' dir='ltr'>ad</span> <span class='ocrx_word' id='word_1_544' title='bbox 1358 414 1459 440; x_wconf 79' lang='lat' dir='ltr'>boetem</span> <span class='ocrx_word' id='word_1_545' title='bbox 1472 418 1543 440; x_wconf 86' lang='lat' dir='ltr'>metu</span> <span class='ocrx_word' id='word_1_546' title='bbox 1552 415 1870 448; x_wconf 76' lang='lat' dir='ltr'>perterriticontulerunt:</span> 
     </span>
     <span class='ocr_line' id='line_1_82' title="bbox 1079 450 1873 487; baseline 0.004 -11"><span class='ocrx_word' id='word_1_547' title='bbox 1079 460 1126 486; x_wconf 84' lang='lat' dir='ltr'>per</span> <span class='ocrx_word' id='word_1_548' title='bbox 1145 459 1213 486; x_wconf 75' lang='lat' dir='ltr'>quoa</span> <span class='ocrx_word' id='word_1_549' title='bbox 1232 452 1255 478; x_wconf 81' lang='lat' dir='ltr'>si</span> <span class='ocrx_word' id='word_1_550' title='bbox 1271 451 1396 481; x_wconf 76' lang='lat' dir='ltr'>stetisset,</span> <span class='ocrx_word' id='word_1_551' title='bbox 1414 459 1464 477; x_wconf 92' lang='lat' dir='ltr'>non</span> <span class='ocrx_word' id='word_1_552' title='bbox 1481 450 1613 477; x_wconf 72' lang='lat' dir='ltr'>Dolabella</span> <span class='ocrx_word' id='word_1_553' title='bbox 1629 453 1704 486; x_wconf 77' lang='lat' dir='ltr'>prius</span> <span class='ocrx_word' id='word_1_554' title='bbox 1720 452 1873 487; x_wconf 75' lang='lat' dir='ltr'>imperatori</span> 
     </span>
     <span class='ocr_line' id='line_1_83' title="bbox 1078 487 1871 524; baseline 0.003 -10"><span class='ocrx_word' id='word_1_555' title='bbox 1078 497 1136 519; x_wconf 83' lang='lat' dir='ltr'>suo,</span> <span class='ocrx_word' id='word_1_556' title='bbox 1159 497 1239 523; x_wconf 69' lang='lat' dir='ltr'>(piam</span> <span class='ocrx_word' id='word_1_557' title='bbox 1262 489 1393 515; x_wconf 74' lang='lat' dir='ltr'>Antonius</span> <span class='ocrx_word' id='word_1_558' title='bbox 1407 489 1486 514; x_wconf 81' lang='lat' dir='ltr'>etiam</span> <span class='ocrx_word' id='word_1_559' title='bbox 1501 487 1618 524; x_wconf 78' lang='lat' dir='ltr'>collegae</span> <span class='ocrx_word' id='word_1_560' title='bbox 1634 494 1806 523; x_wconf 70' lang='lat' dir='ltr'>parentasaet.</span> <span class='ocrx_word' id='word_1_561' title='bbox 1828 491 1871 516; x_wconf 80' lang='lat'>³6.</span> 
     </span>
     <span class='ocr_line' id='line_1_84' title="bbox 1081 526 1873 560; baseline 0.001 -8"><span class='ocrx_word' id='word_1_562' title='bbox 1081 526 1237 552; x_wconf 81' lang='lat' dir='ltr'>Concordiae</span> <span class='ocrx_word' id='word_1_563' title='bbox 1255 529 1351 560; x_wconf 72' lang='lat' dir='ltr'>[fictum</span> <span class='ocrx_word' id='word_1_564' title='bbox 1362 535 1414 551; x_wconf 71' lang='lat' dir='ltr'>esse</span> <span class='ocrx_word' id='word_1_565' title='bbox 1429 528 1576 551; x_wconf 79' lang='lat' dir='ltr'>mentionem</span> <span class='ocrx_word' id='word_1_566' title='bbox 1590 528 1703 552; x_wconf 67' lang='lat' dir='ltr'>scribitin</span> <span class='ocrx_word' id='word_1_567' title='bbox 1713 529 1740 552; x_wconf 78' lang='lat' dir='ltr'>in</span> <span class='ocrx_word' id='word_1_568' title='bbox 1750 532 1839 553; x_wconf 67' lang='lat' dir='ltr'>senatu</span> <span class='ocrx_word' id='word_1_569' title='bbox 1849 531 1873 553; x_wconf 71' lang='lat' dir='ltr'>et</span> 
     </span>
     <span class='ocr_line' id='line_1_85' title="bbox 1078 563 1871 597; baseline 0.001 -8"><span class='ocrx_word' id='word_1_570' title='bbox 1078 565 1173 597; x_wconf 71' lang='lat' dir='ltr'>teyatoe</span> <span class='ocrx_word' id='word_1_571' title='bbox 1191 573 1243 590; x_wconf 70' lang='lat' dir='ltr'>esee</span> <span class='ocrx_word' id='word_1_572' title='bbox 1257 565 1405 589; x_wconf 69' lang='lat' dir='ltr'>consular-ee</span> <span class='ocrx_word' id='word_1_573' title='bbox 1421 565 1541 596; x_wconf 81' lang='lat' dir='ltr'>quinque.</span> <span class='ocrx_word' id='word_1_574' title='bbox 1583 563 1696 596; x_wconf 80' lang='lat' dir='ltr'>Difficile</span> <span class='ocrx_word' id='word_1_575' title='bbox 1709 568 1746 590; x_wconf 72' lang='lat' dir='ltr'>eet</span> <span class='ocrx_word' id='word_1_576' title='bbox 1760 566 1871 593; x_wconf 68' lang='lat' dir='ltr'>cratere.</span> 
     </span>
     <span class='ocr_line' id='line_1_86' title="bbox 1077 602 1874 635; baseline 0.003 -9"><span class='ocrx_word' id='word_1_577' title='bbox 1077 609 1126 631; x_wconf 70' lang='lat' dir='ltr'>eos,</span> <span class='ocrx_word' id='word_1_578' title='bbox 1145 603 1190 635; x_wconf 83' lang='lat' dir='ltr'>qui</span> <span class='ocrx_word' id='word_1_579' title='bbox 1201 610 1239 627; x_wconf 83' lang='lat' dir='ltr'>me</span> <span class='ocrx_word' id='word_1_580' title='bbox 1246 603 1412 634; x_wconf 83' lang='lat' dir='ltr'>praecipitem</span> <span class='ocrx_word' id='word_1_581' title='bbox 1423 603 1527 633; x_wconf 79' lang='lat' dir='ltr'>eqerint,</span> <span class='ocrx_word' id='word_1_582' title='bbox 1538 602 1707 634; x_wconf 66' lang='lat' dir='ltr'>aequissimas</span> <span class='ocrx_word' id='word_1_583' title='bbox 1717 603 1874 628; x_wconf 69' lang='lat' dir='ltr'>cond-&#39;riom</span> 
     </span>
     <span class='ocr_line' id='line_1_87' title="bbox 1076 639 1871 671; baseline 0 -7"><span class='ocrx_word' id='word_1_584' title='bbox 1076 641 1205 671; x_wconf 76' lang='lat' dir='ltr'>serentem,</span> <span class='ocrx_word' id='word_1_585' title='bbox 1223 644 1245 664; x_wconf 81' lang='lat' dir='ltr'>et</span> <span class='ocrx_word' id='word_1_586' title='bbox 1260 643 1344 664; x_wconf 81' lang='lat' dir='ltr'>tamen</span> <span class='ocrx_word' id='word_1_587' title='bbox 1358 647 1391 663; x_wconf 73' lang='lat' dir='ltr'>es:</span> <span class='ocrx_word' id='word_1_588' title='bbox 1405 639 1444 663; x_wconf 69' lang='lat' dir='ltr'>hia</span> <span class='ocrx_word' id='word_1_589' title='bbox 1458 639 1559 671; x_wconf 83' lang='lat' dir='ltr'>aliquid</span> <span class='ocrx_word' id='word_1_590' title='bbox 1573 640 1700 663; x_wconf 78' lang='lat' dir='ltr'>remittere</span> <span class='ocrx_word' id='word_1_591' title='bbox 1711 640 1871 671; x_wconf 70' lang='lat' dir='ltr'>coqitantem,</span> 
     </span>
     <span class='ocr_line' id='line_1_88' title="bbox 1075 675 1872 710; baseline 0.001 -9"><span class='ocrx_word' id='word_1_592' title='bbox 1075 680 1177 708; x_wconf 75' lang='lat' dir='ltr'>putare,</span> <span class='ocrx_word' id='word_1_593' title='bbox 1189 678 1290 710; x_wconf 82' lang='lat' dir='ltr'>aliquid</span> <span class='ocrx_word' id='word_1_594' title='bbox 1301 677 1428 701; x_wconf 83' lang='lat' dir='ltr'>moderate</span> <span class='ocrx_word' id='word_1_595' title='bbox 1437 680 1482 700; x_wconf 82' lang='lat' dir='ltr'>uui</span> <span class='ocrx_word' id='word_1_596' title='bbox 1493 676 1601 700; x_wconf 78' lang='lat' dir='ltr'>humane</span> <span class='ocrx_word' id='word_1_597' title='bbox 1611 684 1663 701; x_wconf 72' lang='lat' dir='ltr'>ease</span> <span class='ocrx_word' id='word_1_598' title='bbox 1672 678 1796 708; x_wconf 70' lang='lat' dir='ltr'>(uetur-oe.</span> <span class='ocrx_word' id='word_1_599' title='bbox 1823 675 1872 702; x_wconf 73' lang='lat' dir='ltr'>Vix</span> 
     </span>
     <span class='ocr_line' id='line_1_89' title="bbox 1076 713 1872 746; baseline 0 -7"><span class='ocrx_word' id='word_1_600' title='bbox 1076 715 1152 739; x_wconf 87' lang='lat' dir='ltr'>eliam</span> <span class='ocrx_word' id='word_1_601' title='bbox 1164 714 1310 739; x_wconf 71' lang='lat' dir='ltr'>verisimile</span> <span class='ocrx_word' id='word_1_602' title='bbox 1319 717 1362 742; x_wconf 80' lang='lat' dir='ltr'>est,</span> <span class='ocrx_word' id='word_1_603' title='bbox 1374 715 1420 746; x_wconf 78' lang='lat' dir='ltr'>qui</span> <span class='ocrx_word' id='word_1_604' title='bbox 1430 714 1600 738; x_wconf 79' lang='lat' dir='ltr'>iudicaverint</span> <span class='ocrx_word' id='word_1_605' title='bbox 1609 714 1702 738; x_wconf 65' lang='lat' dir='ltr'>hostem</span> <span class='ocrx_word' id='word_1_606' title='bbox 1714 713 1872 739; x_wconf 75' lang='lat' dir='ltr'>Dolabellam</span> 
     </span>
    </p>
   </div>
   <div class='ocr_carea' id='block_1_17' title="bbox 1053 749 1873 783">
    <p class='ocr_par' dir='ltr' id='par_1_17' title="bbox 1053 749 1873 783">
     <span class='ocr_line' id='line_1_90' title="bbox 1053 749 1873 783; baseline 0 -6"><span class='ocrx_word' id='word_1_607' title='bbox 1053 749 1055 778; x_wconf 70' lang='grc' dir='ltr'>ἰ</span> <span class='ocrx_word' id='word_1_608' title='bbox 1076 752 1106 776; x_wconf 84' lang='lat' dir='ltr'>ob</span> <span class='ocrx_word' id='word_1_609' title='bbox 1134 753 1303 777; x_wconf 74' lang='lat' dir='ltr'>rectissimum</span> <span class='ocrx_word' id='word_1_610' title='bbox 1326 753 1437 783; x_wconf 75' lang='lat' dir='ltr'>facinus,</span> <span class='ocrx_word' id='word_1_611' title='bbox 1463 751 1559 775; x_wconf 77' lang='lat' dir='ltr'>eosdem</span> <span class='ocrx_word' id='word_1_612' title='bbox 1584 751 1656 775; x_wconf 73' lang='lat' dir='ltr'>nobis</span> <span class='ocrx_word' id='word_1_613' title='bbox 1673 759 1782 783; x_wconf 80' lang='lat' dir='ltr'>parcere</span> <span class='ocrx_word' id='word_1_614' title='bbox 1799 758 1873 783; x_wconf 69' lang='lat' dir='ltr'>poen</span> 
     </span>
    </p>
   </div>
   <div class='ocr_carea' id='block_1_18' title="bbox 1053 804 1055 817">
    <p class='ocr_par' dir='ltr' id='par_1_18' title="bbox 1053 804 1055 817">
     <span class='ocr_line' id='line_1_91' title="bbox 1053 804 1055 817; baseline 0 0"><span class='ocrx_word' id='word_1_615' title='bbox 1053 804 1055 817; x_wconf 89' lang='lat' dir='ltr'>l</span> 
     </span>
    </p>
   </div>
   <div class='ocr_carea' id='block_1_19' title="bbox 1073 786 1873 1120">
    <p class='ocr_par' dir='ltr' id='par_1_19' title="bbox 1073 786 1873 1120">
     <span class='ocr_line' id='line_1_92' title="bbox 1076 786 1872 814; baseline 0 -1"><span class='ocrx_word' id='word_1_616' title='bbox 1076 789 1140 813; x_wconf 85' lang='lat' dir='ltr'>idem</span> <span class='ocrx_word' id='word_1_617' title='bbox 1155 789 1328 814; x_wconf 69' lang='lat' dir='ltr'>sentientibus.</span> <span class='ocrx_word' id='word_1_618' title='bbox 1371 787 1501 813; x_wconf 83' lang='lat' dir='ltr'>Parumne</span> <span class='ocrx_word' id='word_1_619' title='bbox 1517 786 1622 812; x_wconf 83' lang='lat' dir='ltr'>videtur</span> <span class='ocrx_word' id='word_1_620' title='bbox 1635 787 1756 814; x_wconf 88' lang='lat' dir='ltr'>omnium</span> <span class='ocrx_word' id='word_1_621' title='bbox 1772 786 1872 814; x_wconf 79' lang='lat' dir='ltr'>facino-</span> 
     </span>
     <span class='ocr_line' id='line_1_93' title="bbox 1076 823 1872 851; baseline 0 0"><span class='ocrx_word' id='word_1_622' title='bbox 1076 833 1134 851; x_wconf 85' lang='lat' dir='ltr'>rum</span> <span class='ocrx_word' id='word_1_623' title='bbox 1156 825 1209 851; x_wconf 83' lang='lat' dir='ltr'>sibi</span> <span class='ocrx_word' id='word_1_624' title='bbox 1228 834 1290 851; x_wconf 89' lang='lat' dir='ltr'>cum</span> <span class='ocrx_word' id='word_1_625' title='bbox 1307 824 1439 850; x_wconf 85' lang='lat' dir='ltr'>Dolabella</span> <span class='ocrx_word' id='word_1_626' title='bbox 1455 824 1607 850; x_wconf 78' lang='lat' dir='ltr'>societatem</span> <span class='ocrx_word' id='word_1_627' title='bbox 1623 824 1716 851; x_wconf 83' lang='lat' dir='ltr'>initam</span> <span class='ocrx_word' id='word_1_628' title='bbox 1735 823 1872 851; x_wconf 78' lang='lat' dir='ltr'>confiteri?</span> 
     </span>
     <span class='ocr_line' id='line_1_94' title="bbox 1076 860 1873 889; baseline 0 -1"><span class='ocrx_word' id='word_1_629' title='bbox 1076 863 1168 889; x_wconf 84' lang='lat' dir='ltr'>Nonne</span> <span class='ocrx_word' id='word_1_630' title='bbox 1178 863 1287 888; x_wconf 83' lang='lat' dir='ltr'>cernitis</span> <span class='ocrx_word' id='word_1_631' title='bbox 1308 870 1341 888; x_wconf 87' lang='lat' dir='ltr'>ex</span> <span class='ocrx_word' id='word_1_632' title='bbox 1361 870 1414 888; x_wconf 89' lang='lat' dir='ltr'>uno</span> <span class='ocrx_word' id='word_1_633' title='bbox 1435 861 1505 887; x_wconf 78' lang='lat' dir='ltr'>fonto</span> <span class='ocrx_word' id='word_1_634' title='bbox 1525 861 1613 887; x_wconf 84' lang='lat' dir='ltr'>omnia</span> <span class='ocrx_word' id='word_1_635' title='bbox 1629 861 1727 888; x_wconf 83' lang='lat' dir='ltr'>scelera</span> <span class='ocrx_word' id='word_1_636' title='bbox 1747 860 1873 888; x_wconf 74' lang='lat' dir='ltr'>manare?</span> 
     </span>
     <span class='ocr_line' id='line_1_95' title="bbox 1075 898 1872 934; baseline -0.001 -8"><span class='ocrx_word' id='word_1_637' title='bbox 1075 900 1134 934; x_wconf 83' lang='lat' dir='ltr'>lpse</span> <span class='ocrx_word' id='word_1_638' title='bbox 1145 899 1262 934; x_wconf 86' lang='lat' dir='ltr'>denique</span> <span class='ocrx_word' id='word_1_639' title='bbox 1274 899 1377 929; x_wconf 79' lang='lat' dir='ltr'>fatetur,</span> <span class='ocrx_word' id='word_1_640' title='bbox 1392 899 1439 925; x_wconf 81' lang='lat' dir='ltr'>hoc</span> <span class='ocrx_word' id='word_1_641' title='bbox 1451 898 1560 934; x_wconf 86' lang='lat' dir='ltr'>quidem</span> <span class='ocrx_word' id='word_1_642' title='bbox 1572 899 1637 924; x_wconf 84' lang='lat' dir='ltr'>satis</span> <span class='ocrx_word' id='word_1_643' title='bbox 1648 904 1732 929; x_wconf 83' lang='lat' dir='ltr'>acute,</span> <span class='ocrx_word' id='word_1_644' title='bbox 1747 907 1797 925; x_wconf 90' lang='lat' dir='ltr'>non</span> <span class='ocrx_word' id='word_1_645' title='bbox 1809 907 1872 934; x_wconf 82' lang='lat' dir='ltr'>pos·</span> 
     </span>
     <span class='ocr_line' id='line_1_96' title="bbox 1074 935 1871 972; baseline 0 -10"><span class='ocrx_word' id='word_1_646' title='bbox 1074 946 1103 963; x_wconf 82' lang='lat' dir='ltr'>se</span> <span class='ocrx_word' id='word_1_647' title='bbox 1118 946 1172 967; x_wconf 84' lang='lat' dir='ltr'>eos,</span> <span class='ocrx_word' id='word_1_648' title='bbox 1190 938 1237 972; x_wconf 88' lang='lat' dir='ltr'>qui</span> <span class='ocrx_word' id='word_1_649' title='bbox 1258 937 1360 963; x_wconf 84' lang='lat' dir='ltr'>hostem</span> <span class='ocrx_word' id='word_1_650' title='bbox 1372 936 1534 962; x_wconf 80' lang='lat' dir='ltr'>Dolabellam</span> <span class='ocrx_word' id='word_1_651' title='bbox 1546 935 1722 963; x_wconf 85' lang='lat' dir='ltr'>iudicaverint</span> <span class='ocrx_word' id='word_1_652' title='bbox 1733 936 1767 963; x_wconf 91' lang='lat' dir='ltr'>ob</span> <span class='ocrx_word' id='word_1_653' title='bbox 1778 937 1871 963; x_wconf 67' lang='lat' dir='ltr'>rectis-</span> 
     </span>
     <span class='ocr_line' id='line_1_97' title="bbox 1074 973 1871 1008; baseline -0.001 -8"><span class='ocrx_word' id='word_1_654' title='bbox 1074 975 1174 1000; x_wconf 88' lang='lat' dir='ltr'>simum</span> <span class='ocrx_word' id='word_1_655' title='bbox 1191 974 1302 1004; x_wconf 79' lang='lat' dir='ltr'>facinus.</span> <span class='ocrx_word' id='word_1_656' title='bbox 1316 974 1360 1008; x_wconf 81' lang='lat' dir='ltr'>(ita</span> <span class='ocrx_word' id='word_1_657' title='bbox 1371 974 1442 1000; x_wconf 87' lang='lat' dir='ltr'>enim</span> <span class='ocrx_word' id='word_1_658' title='bbox 1455 973 1560 1000; x_wconf 79' lang='lat' dir='ltr'>videtur</span> <span class='ocrx_word' id='word_1_659' title='bbox 1570 974 1703 1007; x_wconf 74' lang='lat' dir='ltr'>Antonio.)</span> <span class='ocrx_word' id='word_1_660' title='bbox 1717 973 1768 1000; x_wconf 80' lang='lat' dir='ltr'>sibi</span> <span class='ocrx_word' id='word_1_661' title='bbox 1779 982 1871 1008; x_wconf 48' lang='lat' dir='ltr'>parci.»</span> 
     </span>
     <span class='ocr_line' id='line_1_98' title="bbox 1075 1009 1869 1046; baseline -0.001 -8"><span class='ocrx_word' id='word_1_662' title='bbox 1075 1020 1101 1038; x_wconf 88' lang='lat' dir='ltr'>re</span> <span class='ocrx_word' id='word_1_663' title='bbox 1118 1011 1187 1038; x_wconf 89' lang='lat' dir='ltr'>idem</span> <span class='ocrx_word' id='word_1_664' title='bbox 1204 1012 1340 1038; x_wconf 84' lang='lat' dir='ltr'>sentienti.</span> <span class='ocrx_word' id='word_1_665' title='bbox 1381 1011 1473 1037; x_wconf 74' lang='lat' dir='ltr'>xvttt.</span> <span class='ocrx_word' id='word_1_666' title='bbox 1495 1011 1536 1037; x_wconf 82' lang='lat'>37.</span> <span class='ocrx_word' id='word_1_667' title='bbox 1554 1009 1624 1042; x_wconf 87' lang='lat' dir='ltr'>Quid</span> <span class='ocrx_word' id='word_1_668' title='bbox 1641 1010 1703 1037; x_wconf 85' lang='lat' dir='ltr'>huic</span> <span class='ocrx_word' id='word_1_669' title='bbox 1719 1010 1808 1042; x_wconf 77' lang='lat' dir='ltr'>iacias,</span> <span class='ocrx_word' id='word_1_670' title='bbox 1821 1011 1869 1046; x_wconf 89' lang='lat' dir='ltr'>qui</span> 
     </span>
     <span class='ocr_line' id='line_1_99' title="bbox 1075 1047 1870 1084; baseline -0.001 -9"><span class='ocrx_word' id='word_1_671' title='bbox 1075 1049 1139 1075; x_wconf 84' lang='lat' dir='ltr'>haec</span> <span class='ocrx_word' id='word_1_672' title='bbox 1151 1049 1244 1075; x_wconf 89' lang='lat' dir='ltr'>litteris</span> <span class='ocrx_word' id='word_1_673' title='bbox 1255 1049 1451 1084; x_wconf 86' lang='lat' dir='ltr'>memoriaeque</span> <span class='ocrx_word' id='word_1_674' title='bbox 1463 1047 1602 1077; x_wconf 79' lang='lat' dir='ltr'>mandarit,</span> <span class='ocrx_word' id='word_1_675' title='bbox 1615 1048 1650 1074; x_wconf 83' lang='lat' dir='ltr'>ita</span> <span class='ocrx_word' id='word_1_676' title='bbox 1665 1048 1716 1074; x_wconf 87' lang='lat' dir='ltr'>sibi</span> <span class='ocrx_word' id='word_1_677' title='bbox 1728 1049 1870 1075; x_wconf 77' lang='lat' dir='ltr'>convenis—</span> 
     </span>
     <span class='ocr_line' id='line_1_100' title="bbox 1073 1085 1868 1120; baseline -0.001 -8"><span class='ocrx_word' id='word_1_678' title='bbox 1073 1095 1102 1112; x_wconf 88' lang='lat' dir='ltr'>se</span> <span class='ocrx_word' id='word_1_679' title='bbox 1121 1095 1183 1112; x_wconf 91' lang='lat' dir='ltr'>cum</span> <span class='ocrx_word' id='word_1_680' title='bbox 1203 1086 1346 1115; x_wconf 72' lang='lat' dir='ltr'>Dolabella,</span> <span class='ocrx_word' id='word_1_681' title='bbox 1371 1091 1399 1112; x_wconf 92' lang='lat' dir='ltr'>ut</span> <span class='ocrx_word' id='word_1_682' title='bbox 1418 1085 1464 1112; x_wconf 88' lang='lat' dir='ltr'>ille</span> <span class='ocrx_word' id='word_1_683' title='bbox 1484 1085 1657 1115; x_wconf 83' lang='lat' dir='ltr'>Trebonium,</span> <span class='ocrx_word' id='word_1_684' title='bbox 1675 1090 1708 1115; x_wconf 88' lang='lat' dir='ltr'>et,</span> <span class='ocrx_word' id='word_1_685' title='bbox 1729 1086 1752 1112; x_wconf 86' lang='lat' dir='ltr'>si</span> <span class='ocrx_word' id='word_1_686' title='bbox 1769 1090 1868 1120; x_wconf 80' lang='lat' dir='ltr'>posset.</span> 
     </span>
    </p>
   </div>
   <div class='ocr_carea' id='block_1_20' title="bbox 1073 1122 1930 1153">
    <p class='ocr_par' dir='ltr' id='par_1_20' title="bbox 1073 1122 1930 1153">
     <span class='ocr_line' id='line_1_101' title="bbox 1073 1122 1930 1153; baseline -0.001 -3"><span class='ocrx_word' id='word_1_687' title='bbox 1073 1125 1151 1150; x_wconf 84' lang='lat' dir='ltr'>etiam</span> <span class='ocrx_word' id='word_1_688' title='bbox 1167 1124 1288 1153; x_wconf 83' lang='lat' dir='ltr'>Brutum,</span> <span class='ocrx_word' id='word_1_689' title='bbox 1306 1123 1439 1152; x_wconf 84' lang='lat' dir='ltr'>Cassium,</span> <span class='ocrx_word' id='word_1_690' title='bbox 1452 1122 1626 1149; x_wconf 86' lang='lat' dir='ltr'>discruciatos</span> <span class='ocrx_word' id='word_1_691' title='bbox 1639 1127 1750 1153; x_wconf 78' lang='lat' dir='ltr'>necaret,</span> <span class='ocrx_word' id='word_1_692' title='bbox 1763 1122 1871 1149; x_wconf 85' lang='lat' dir='ltr'>eadem·</span> <span class='ocrx_word' id='word_1_693' title='bbox 1911 1131 1913 1133; x_wconf 82' lang='grc'><strong>’</strong></span> <span class='ocrx_word' id='word_1_694' title='bbox 1926 1128 1930 1148; x_wconf 70' lang='grc' dir='ltr'>ἓ</span> 
     </span>
    </p>
   </div>
   <div class='ocr_carea' id='block_1_21' title="bbox 1073 1159 1870 1196">
    <p class='ocr_par' dir='ltr' id='par_1_21' title="bbox 1073 1159 1870 1196">
     <span class='ocr_line' id='line_1_102' title="bbox 1073 1159 1870 1196; baseline 0 -9"><span class='ocrx_word' id='word_1_695' title='bbox 1073 1169 1126 1196; x_wconf 88' lang='lat' dir='ltr'>que</span> <span class='ocrx_word' id='word_1_696' title='bbox 1151 1161 1283 1187; x_wconf 86' lang='lat' dir='ltr'>inhiberet</span> <span class='ocrx_word' id='word_1_697' title='bbox 1303 1160 1437 1195; x_wconf 88' lang='lat' dir='ltr'>supplicia</span> <span class='ocrx_word' id='word_1_698' title='bbox 1456 1159 1552 1186; x_wconf 82' lang='lat' dir='ltr'>nobis‘?</span> <span class='ocrx_word' id='word_1_699' title='bbox 1581 1159 1786 1187; x_wconf 76' lang='lat' dir='ltr'>Conservandua</span> <span class='ocrx_word' id='word_1_700' title='bbox 1801 1160 1870 1187; x_wconf 72' lang='lat' dir='ltr'>civis</span> 
     </span>
    </p>
   </div>
   <div class='ocr_carea' id='block_1_22' title="bbox 1071 1197 1929 1233">
    <p class='ocr_par' dir='ltr' id='par_1_22' title="bbox 1071 1197 1929 1233">
     <span class='ocr_line' id='line_1_103' title="bbox 1071 1197 1929 1233; baseline -0.001 -8"><span class='ocrx_word' id='word_1_701' title='bbox 1071 1207 1133 1225; x_wconf 90' lang='lat' dir='ltr'>cum</span> <span class='ocrx_word' id='word_1_702' title='bbox 1146 1203 1197 1225; x_wconf 84' lang='lat' dir='ltr'>tam</span> <span class='ocrx_word' id='word_1_703' title='bbox 1210 1199 1254 1233; x_wconf 89' lang='lat' dir='ltr'>pio</span> <span class='ocrx_word' id='word_1_704' title='bbox 1264 1199 1389 1233; x_wconf 86' lang='lat' dir='ltr'>iustoque</span> <span class='ocrx_word' id='word_1_705' title='bbox 1403 1197 1521 1224; x_wconf 81' lang='lat' dir='ltr'>foedere!</span> <span class='ocrx_word' id='word_1_706' title='bbox 1551 1197 1575 1224; x_wconf 78' lang='lat'>1⁵</span> <span class='ocrx_word' id='word_1_707' title='bbox 1586 1197 1664 1224; x_wconf 85' lang='lat' dir='ltr'>etiam</span> <span class='ocrx_word' id='word_1_708' title='bbox 1675 1198 1797 1232; x_wconf 86' lang='lat' dir='ltr'>queritur</span> <span class='ocrx_word' id='word_1_709' title='bbox 1806 1205 1870 1224; x_wconf 79' lang='lat' dir='ltr'>con·</span> <span class='ocrx_word' id='word_1_710' title='bbox 1925 1203 1929 1214; x_wconf 79' lang='lat'>³</span> 
     </span>
    </p>
   </div>
   <div class='ocr_carea' id='block_1_23' title="bbox 1072 1234 1869 1307">
    <p class='ocr_par' dir='ltr' id='par_1_23' title="bbox 1072 1234 1869 1307">
     <span class='ocr_line' id='line_1_104' title="bbox 1072 1234 1869 1270; baseline 0 -8"><span class='ocrx_word' id='word_1_711' title='bbox 1072 1236 1186 1262; x_wconf 89' lang='lat' dir='ltr'>ditiones</span> <span class='ocrx_word' id='word_1_712' title='bbox 1201 1244 1264 1262; x_wconf 87' lang='lat' dir='ltr'>suas</span> <span class='ocrx_word' id='word_1_713' title='bbox 1284 1235 1445 1270; x_wconf 85' lang='lat' dir='ltr'>repudiatas,</span> <span class='ocrx_word' id='word_1_714' title='bbox 1462 1243 1562 1270; x_wconf 87' lang='lat' dir='ltr'>aequas</span> <span class='ocrx_word' id='word_1_715' title='bbox 1579 1234 1689 1269; x_wconf 88' lang='lat' dir='ltr'>quidem</span> <span class='ocrx_word' id='word_1_716' title='bbox 1704 1239 1730 1261; x_wconf 85' lang='lat' dir='ltr'>et</span> <span class='ocrx_word' id='word_1_717' title='bbox 1740 1243 1869 1262; x_wconf 87' lang='lat' dir='ltr'>verecun-</span> 
     </span>
     <span class='ocr_line' id='line_1_105' title="bbox 1175 1271 1869 1307; baseline -0.001 -8"><span class='ocrx_word' id='word_1_718' title='bbox 1175 1278 1205 1300; x_wconf 85' lang='lat' dir='ltr'>ut</span> <span class='ocrx_word' id='word_1_719' title='bbox 1225 1273 1335 1300; x_wconf 88' lang='lat' dir='ltr'>baberet</span> <span class='ocrx_word' id='word_1_720' title='bbox 1355 1272 1471 1300; x_wconf 88' lang='lat' dir='ltr'>Galliam</span> <span class='ocrx_word' id='word_1_721' title='bbox 1492 1272 1624 1303; x_wconf 81' lang='lat' dir='ltr'>ultimam,</span> <span class='ocrx_word' id='word_1_722' title='bbox 1645 1273 1812 1307; x_wconf 76' lang='lat' dir='ltr'>aptissimam</span> <span class='ocrx_word' id='word_1_723' title='bbox 1835 1271 1869 1299; x_wconf 83' lang='lat' dir='ltr'>ad</span> 
     </span>
    </p>
   </div>
   <div class='ocr_carea' id='block_1_24' title="bbox 1048 1309 1869 1381">
    <p class='ocr_par' dir='ltr' id='par_1_24' title="bbox 1048 1309 1869 1381">
     <span class='ocr_line' id='line_1_106' title="bbox 1049 1309 1867 1345; baseline -0.001 -8"><span class='ocrx_word' id='word_1_724' title='bbox 1049 1310 1050 1317; x_wconf 64' lang='lat'>¹</span> <span class='ocrx_word' id='word_1_725' title='bbox 1072 1311 1174 1338; x_wconf 89' lang='lat' dir='ltr'>bellum</span> <span class='ocrx_word' id='word_1_726' title='bbox 1206 1310 1389 1337; x_wconf 86' lang='lat' dir='ltr'>renovandum</span> <span class='ocrx_word' id='word_1_727' title='bbox 1417 1309 1658 1345; x_wconf 85' lang='lat' dir='ltr'>instruendumque</span> <span class='ocrx_word' id='word_1_728' title='bbox 1688 1310 1867 1344; x_wconf 82' lang='lat' dir='ltr'>provinciam:</span> 
     </span>
     <span class='ocr_line' id='line_1_107' title="bbox 1048 1347 1869 1381; baseline -0.002 -6"><span class='ocrx_word' id='word_1_729' title='bbox 1048 1367 1049 1370; x_wconf 23' lang='grc' dir='ltr'>η</span> <span class='ocrx_word' id='word_1_730' title='bbox 1071 1353 1101 1375; x_wconf 88' lang='lat' dir='ltr'>ut</span> <span class='ocrx_word' id='word_1_731' title='bbox 1116 1348 1234 1375; x_wconf 81' lang='lat' dir='ltr'>Alaudae</span> <span class='ocrx_word' id='word_1_732' title='bbox 1249 1349 1276 1375; x_wconf 90' lang='lat' dir='ltr'>in</span> <span class='ocrx_word' id='word_1_733' title='bbox 1293 1349 1367 1375; x_wconf 81' lang='lat' dir='ltr'>tertia</span> <span class='ocrx_word' id='word_1_734' title='bbox 1378 1347 1485 1374; x_wconf 82' lang='lat' dir='ltr'>dec-uria</span> <span class='ocrx_word' id='word_1_735' title='bbox 1496 1347 1652 1378; x_wconf 81' lang='lat' dir='ltr'>iudicarent.</span> <span class='ocrx_word' id='word_1_736' title='bbox 1666 1347 1693 1373; x_wconf 92' lang='lat' dir='ltr'>id</span> <span class='ocrx_word' id='word_1_737' title='bbox 1707 1352 1755 1378; x_wconf 85' lang='lat' dir='ltr'>est,</span> <span class='ocrx_word' id='word_1_738' title='bbox 1768 1351 1798 1374; x_wconf 87' lang='lat' dir='ltr'>ut</span> <span class='ocrx_word' id='word_1_739' title='bbox 1808 1355 1869 1381; x_wconf 83' lang='lat' dir='ltr'>per-</span> 
     </span>
    </p>
   </div>
   <div class='ocr_carea' id='block_1_25' title="bbox 1071 1384 1869 1571">
    <p class='ocr_par' dir='ltr' id='par_1_25' title="bbox 1071 1384 1869 1571">
     <span class='ocr_line' id='line_1_108' title="bbox 1073 1384 1869 1422; baseline -0.001 -10"><span class='ocrx_word' id='word_1_740' title='bbox 1073 1386 1177 1422; x_wconf 72' lang='lat' dir='ltr'>fugium</span> <span class='ocrx_word' id='word_1_741' title='bbox 1196 1385 1327 1412; x_wconf 87' lang='lat' dir='ltr'>scelerum</span> <span class='ocrx_word' id='word_1_742' title='bbox 1343 1390 1432 1412; x_wconf 85' lang='lat' dir='ltr'>essent</span> <span class='ocrx_word' id='word_1_743' title='bbox 1446 1394 1508 1412; x_wconf 88' lang='lat' dir='ltr'>cum</span> <span class='ocrx_word' id='word_1_744' title='bbox 1525 1385 1690 1420; x_wconf 89' lang='lat' dir='ltr'>turpissimis</span> <span class='ocrx_word' id='word_1_745' title='bbox 1705 1384 1869 1419; x_wconf 76' lang='lat' dir='ltr'>reipublicae</span> 
     </span>
     <span class='ocr_line' id='line_1_109' title="bbox 1071 1421 1869 1452; baseline -0.003 -2"><span class='ocrx_word' id='word_1_746' title='bbox 1071 1423 1210 1450; x_wconf 89' lang='lat' dir='ltr'>sordibus:</span> <span class='ocrx_word' id='word_1_747' title='bbox 1238 1427 1268 1450; x_wconf 83' lang='lat' dir='ltr'>ut</span> <span class='ocrx_word' id='word_1_748' title='bbox 1277 1428 1333 1450; x_wconf 87' lang='lat' dir='ltr'>acta</span> <span class='ocrx_word' id='word_1_749' title='bbox 1345 1431 1393 1450; x_wconf 88' lang='lat' dir='ltr'>sua</span> <span class='ocrx_word' id='word_1_750' title='bbox 1405 1428 1459 1449; x_wconf 85' lang='lat' dir='ltr'>rata</span> <span class='ocrx_word' id='word_1_751' title='bbox 1470 1427 1568 1452; x_wconf 88' lang='lat' dir='ltr'>essent,</span> <span class='ocrx_word' id='word_1_752' title='bbox 1580 1423 1659 1448; x_wconf 91' lang='lat' dir='ltr'>cuius</span> <span class='ocrx_word' id='word_1_753' title='bbox 1670 1421 1775 1448; x_wconf 88' lang='lat' dir='ltr'>nullum</span> <span class='ocrx_word' id='word_1_754' title='bbox 1783 1430 1869 1448; x_wconf 83' lang='lat' dir='ltr'>rema-</span> 
     </span>
     <span class='ocr_line' id='line_1_110' title="bbox 1072 1459 1866 1496; baseline -0.003 -8"><span class='ocrx_word' id='word_1_755' title='bbox 1072 1466 1115 1488; x_wconf 91' lang='lat' dir='ltr'>net</span> <span class='ocrx_word' id='word_1_756' title='bbox 1125 1460 1282 1488; x_wconf 88' lang='lat' dir='ltr'>consulatus</span> <span class='ocrx_word' id='word_1_757' title='bbox 1297 1461 1452 1496; x_wconf 72' lang='lat' dir='ltr'>vestigium.</span> <span class='ocrx_word' id='word_1_758' title='bbox 1484 1460 1599 1487; x_wconf 86' lang='lat' dir='ltr'>Cavebat</span> <span class='ocrx_word' id='word_1_759' title='bbox 1609 1460 1688 1486; x_wconf 84' lang='lat' dir='ltr'>etiam</span> <span class='ocrx_word' id='word_1_760' title='bbox 1700 1459 1731 1486; x_wconf 89' lang='lat' dir='ltr'>L.</span> <span class='ocrx_word' id='word_1_761' title='bbox 1743 1459 1866 1490; x_wconf 74' lang='lat' dir='ltr'>Antonio,</span> 
     </span>
     <span class='ocr_line' id='line_1_111' title="bbox 1071 1496 1868 1534; baseline -0.003 -9"><span class='ocrx_word' id='word_1_762' title='bbox 1071 1499 1118 1534; x_wconf 87' lang='lat' dir='ltr'>qui</span> <span class='ocrx_word' id='word_1_763' title='bbox 1135 1498 1220 1525; x_wconf 87' lang='lat' dir='ltr'>fuerat</span> <span class='ocrx_word' id='word_1_764' title='bbox 1234 1499 1416 1533; x_wconf 84' lang='lat' dir='ltr'>aequissimus</span> <span class='ocrx_word' id='word_1_765' title='bbox 1432 1498 1488 1533; x_wconf 83' lang='lat' dir='ltr'>agri</span> <span class='ocrx_word' id='word_1_766' title='bbox 1505 1497 1600 1532; x_wconf 85' lang='lat' dir='ltr'>privati</span> <span class='ocrx_word' id='word_1_767' title='bbox 1611 1501 1637 1523; x_wconf 86' lang='lat' dir='ltr'>et</span> <span class='ocrx_word' id='word_1_768' title='bbox 1649 1497 1750 1531; x_wconf 90' lang='lat' dir='ltr'>publici</span> <span class='ocrx_word' id='word_1_769' title='bbox 1761 1496 1868 1523; x_wconf 82' lang='lat' dir='ltr'>decem—</span> 
     </span>
     <span class='ocr_line' id='line_1_112' title="bbox 1071 1534 1867 1571; baseline -0.003 -9"><span class='ocrx_word' id='word_1_770' title='bbox 1071 1536 1188 1571; x_wconf 83' lang='lat' dir='ltr'>pedator,</span> <span class='ocrx_word' id='word_1_771' title='bbox 1203 1535 1306 1562; x_wconf 85' lang='lat' dir='ltr'>Nucula</span> <span class='ocrx_word' id='word_1_772' title='bbox 1318 1540 1344 1562; x_wconf 88' lang='lat' dir='ltr'>et</span> <span class='ocrx_word' id='word_1_773' title='bbox 1355 1535 1472 1562; x_wconf 85' lang='lat' dir='ltr'>Lentone</span> <span class='ocrx_word' id='word_1_774' title='bbox 1481 1535 1591 1570; x_wconf 79' lang='lat' dir='ltr'>collega.</span> <span class='ocrx_word' id='word_1_775' title='bbox 1633 1536 1674 1561; x_wconf 88' lang='grc'>38.</span> <span class='ocrx_word' id='word_1_776' title='bbox 1698 1534 1867 1566; x_wconf 80' lang='lat' dir='ltr'>Quamobrem</span> 
     </span>
    </p>
   </div>
   <div class='ocr_carea' id='block_1_26' title="bbox 1071 1573 1927 1653">
    <p class='ocr_par' dir='ltr' id='par_1_26' title="bbox 1071 1573 1927 1653">
     <span class='ocr_line' id='line_1_113' title="bbox 1071 1573 1927 1607; baseline -0.004 -7"><span class='ocrx_word' id='word_1_777' title='bbox 1071 1583 1114 1600; x_wconf 72' lang='lat' dir='ltr'>vos</span> <span class='ocrx_word' id='word_1_778' title='bbox 1125 1576 1212 1607; x_wconf 83' lang='lat' dir='ltr'>polius</span> <span class='ocrx_word' id='word_1_779' title='bbox 1221 1575 1427 1603; x_wconf 78' lang='lat' dir='ltr'>animadvertite,</span> <span class='ocrx_word' id='word_1_780' title='bbox 1441 1578 1527 1599; x_wconf 83' lang='lat' dir='ltr'>utrum</span> <span class='ocrx_word' id='word_1_781' title='bbox 1538 1575 1572 1598; x_wconf 85' lang='lat' dir='ltr'>sit</span> <span class='ocrx_word' id='word_1_782' title='bbox 1585 1573 1735 1605; x_wconf 64' lang='lat' dir='ltr'>elegantius,</span> <span class='ocrx_word' id='word_1_783' title='bbox 1746 1575 1769 1597; x_wconf 86' lang='lat' dir='ltr'>et</span> <span class='ocrx_word' id='word_1_784' title='bbox 1780 1573 1867 1604; x_wconf 79' lang='lat' dir='ltr'>parti-</span> <span class='ocrx_word' id='word_1_785' title='bbox 1900 1589 1902 1593; x_wconf 88' lang='lat'><em>-</em></span> <span class='ocrx_word' id='word_1_786' title='bbox 1923 1584 1927 1590; x_wconf 90' lang='lat'><em>-</em></span> 
     </span>
     <span class='ocr_line' id='line_1_114' title="bbox 1071 1608 1925 1653; baseline -0.004 -16"><span class='ocrx_word' id='word_1_787' title='bbox 1071 1613 1117 1637; x_wconf 82' lang='lat' dir='ltr'>bus</span> <span class='ocrx_word' id='word_1_788' title='bbox 1134 1612 1232 1643; x_wconf 80' lang='lat' dir='ltr'>utilius,</span> <span class='ocrx_word' id='word_1_789' title='bbox 1255 1611 1373 1636; x_wconf 84' lang='lat' dir='ltr'>Trebonii</span> <span class='ocrx_word' id='word_1_790' title='bbox 1382 1615 1486 1636; x_wconf 85' lang='lat' dir='ltr'>mortem</span> <span class='ocrx_word' id='word_1_791' title='bbox 1495 1612 1622 1643; x_wconf 80' lang='lat' dir='ltr'>persequi,</span> <span class='ocrx_word' id='word_1_792' title='bbox 1636 1618 1672 1635; x_wconf 88' lang='lat' dir='ltr'>an</span> <span class='ocrx_word' id='word_1_793' title='bbox 1687 1608 1821 1635; x_wconf 67' lang='lat' dir='ltr'>caesaris.-</span> <span class='ocrx_word' id='word_1_794' title='bbox 1843 1612 1868 1634; x_wconf 71' lang='grc' dir='ltr'>σι</span> <span class='ocrx_word' id='word_1_795' title='bbox 1907 1608 1925 1653; x_wconf 59' lang='grc'>;</span> 
     </span>
    </p>
   </div>
   <div class='ocr_carea' id='block_1_27' title="bbox 1070 1647 1867 1681">
    <p class='ocr_par' dir='ltr' id='par_1_27' title="bbox 1070 1647 1867 1681">
     <span class='ocr_line' id='line_1_115' title="bbox 1070 1647 1867 1681; baseline -0.004 -7"><span class='ocrx_word' id='word_1_796' title='bbox 1070 1653 1156 1674; x_wconf 79' lang='lat' dir='ltr'>atrum</span> <span class='ocrx_word' id='word_1_797' title='bbox 1169 1650 1204 1674; x_wconf 84' lang='lat' dir='ltr'>sit</span> <span class='ocrx_word' id='word_1_798' title='bbox 1220 1650 1336 1681; x_wconf 78' lang='lat' dir='ltr'>aequius,</span> <span class='ocrx_word' id='word_1_799' title='bbox 1357 1655 1511 1674; x_wconf 79' lang='lat' dir='ltr'>concurrere</span> <span class='ocrx_word' id='word_1_800' title='bbox 1524 1655 1577 1675; x_wconf 76' lang='lat' dir='ltr'>nos,</span> <span class='ocrx_word' id='word_1_801' title='bbox 1593 1655 1642 1679; x_wconf 80' lang='lat' dir='ltr'>quo</span> <span class='ocrx_word' id='word_1_802' title='bbox 1654 1647 1759 1679; x_wconf 69' lang='lat' dir='ltr'>facilius</span> <span class='ocrx_word' id='word_1_803' title='bbox 1771 1647 1867 1672; x_wconf 75' lang='lat' dir='ltr'>revivi-</span> 
     </span>
    </p>
   </div>
   <div class='ocr_carea' id='block_1_28' title="bbox 1070 1680 1925 1723">
    <p class='ocr_par' dir='ltr' id='par_1_28' title="bbox 1070 1680 1925 1723">
     <span class='ocr_line' id='line_1_116' title="bbox 1070 1680 1925 1723; baseline -0.004 -12"><span class='ocrx_word' id='word_1_804' title='bbox 1070 1690 1125 1711; x_wconf 87' lang='lat' dir='ltr'>scat</span> <span class='ocrx_word' id='word_1_805' title='bbox 1140 1685 1351 1718; x_wconf 82' lang='lat' dir='ltr'>Pompeianorum</span> <span class='ocrx_word' id='word_1_806' title='bbox 1369 1692 1470 1713; x_wconf 83' lang='lat' dir='ltr'>caussa.</span> <span class='ocrx_word' id='word_1_807' title='bbox 1490 1686 1563 1710; x_wconf 78' lang='lat' dir='ltr'>toties</span> <span class='ocrx_word' id='word_1_808' title='bbox 1576 1685 1702 1716; x_wconf 75' lang='lat' dir='ltr'>iuyutata,</span> <span class='ocrx_word' id='word_1_809' title='bbox 1712 1691 1747 1708; x_wconf 84' lang='lat' dir='ltr'>an</span> <span class='ocrx_word' id='word_1_810' title='bbox 1761 1690 1866 1709; x_wconf 67' lang='lat' dir='ltr'>coiuen-</span> <span class='ocrx_word' id='word_1_811' title='bbox 1907 1719 1909 1723; x_wconf 94' lang='lat'>.</span> <span class='ocrx_word' id='word_1_812' title='bbox 1922 1680 1925 1687; x_wconf 90' lang='lat'>&#39;</span> 
     </span>
    </p>
   </div>
   <div class='ocr_carea' id='block_1_29' title="bbox 1070 1718 1908 1794">
    <p class='ocr_par' dir='ltr' id='par_1_29' title="bbox 1070 1718 1908 1794">
     <span class='ocr_line' id='line_1_117' title="bbox 1070 1718 1863 1755; baseline -0.003 -7"><span class='ocrx_word' id='word_1_813' title='bbox 1070 1725 1127 1754; x_wconf 85' lang='lat' dir='ltr'>tire,</span> <span class='ocrx_word' id='word_1_814' title='bbox 1152 1730 1183 1748; x_wconf 83' lang='lat' dir='ltr'>ne</span> <span class='ocrx_word' id='word_1_815' title='bbox 1206 1723 1318 1748; x_wconf 82' lang='lat' dir='ltr'>ludibrio</span> <span class='ocrx_word' id='word_1_816' title='bbox 1338 1724 1418 1748; x_wconf 83' lang='lat' dir='ltr'>simus</span> <span class='ocrx_word' id='word_1_817' title='bbox 1441 1723 1560 1746; x_wconf 76' lang='lat' dir='ltr'>inimicis.</span> <span class='ocrx_word' id='word_1_818' title='bbox 1604 1719 1634 1746; x_wconf 88' lang='lat' dir='ltr'>Si</span> <span class='ocrx_word' id='word_1_819' title='bbox 1649 1725 1719 1746; x_wconf 88' lang='lat' dir='ltr'>esset</span> <span class='ocrx_word' id='word_1_820' title='bbox 1734 1718 1863 1755; x_wconf 80' lang='lat' dir='ltr'>iugulata.</span> 
     </span>
     <span class='ocr_line' id='line_1_118' title="bbox 1070 1757 1908 1794; baseline -0.005 -8"><span class='ocrx_word' id='word_1_821' title='bbox 1070 1767 1218 1794; x_wconf 89' lang='lat' dir='ltr'>numquam</span> <span class='ocrx_word' id='word_1_822' title='bbox 1234 1763 1404 1794; x_wconf 78' lang='lat' dir='ltr'>exsurgeret:</span> <span class='ocrx_word' id='word_1_823' title='bbox 1434 1757 1507 1793; x_wconf 89' lang='lat' dir='ltr'>quod</span> <span class='ocrx_word' id='word_1_824' title='bbox 1526 1757 1573 1783; x_wconf 88' lang='lat' dir='ltr'>tibi</span> <span class='ocrx_word' id='word_1_825' title='bbox 1590 1757 1699 1792; x_wconf 83' lang='lat' dir='ltr'>tuisque</span> <span class='ocrx_word' id='word_1_826' title='bbox 1718 1757 1863 1792; x_wconf 84' lang='lat' dir='ltr'>contingat.</span> <span class='ocrx_word' id='word_1_827' title='bbox 1906 1774 1908 1777; x_wconf 87' lang='lat'>.</span> 
     </span>
    </p>
   </div>
   <div class='ocr_carea' id='block_1_30' title="bbox 1072 1792 1925 1831">
    <p class='ocr_par' dir='ltr' id='par_1_30' title="bbox 1072 1792 1925 1831">
     <span class='ocr_line' id='line_1_119' title="bbox 1072 1792 1925 1831; baseline -0.005 -8"><span class='ocrx_word' id='word_1_828' title='bbox 1072 1798 1171 1827; x_wconf 86' lang='lat' dir='ltr'>Utrum,</span> <span class='ocrx_word' id='word_1_829' title='bbox 1184 1797 1282 1831; x_wconf 74' lang='lat' dir='ltr'>inquit,</span> <span class='ocrx_word' id='word_1_830' title='bbox 1297 1798 1446 1830; x_wconf 77' lang='lat' dir='ltr'>eleqantius.</span> <span class='ocrx_word' id='word_1_831' title='bbox 1477 1795 1558 1829; x_wconf 79' lang='lat' dir='ltr'>Atqui</span> <span class='ocrx_word' id='word_1_832' title='bbox 1570 1794 1619 1821; x_wconf 87' lang='lat' dir='ltr'>hoc</span> <span class='ocrx_word' id='word_1_833' title='bbox 1633 1794 1703 1821; x_wconf 89' lang='lat' dir='ltr'>bello</span> <span class='ocrx_word' id='word_1_834' title='bbox 1712 1794 1745 1820; x_wconf 87' lang='lat' dir='ltr'>de</span> <span class='ocrx_word' id='word_1_835' title='bbox 1758 1793 1866 1829; x_wconf 80' lang='lat' dir='ltr'>elegan-</span> <span class='ocrx_word' id='word_1_836' title='bbox 1907 1792 1925 1823; x_wconf 29' lang='grc' dir='ltr'>’ζ</span> 
     </span>
    </p>
   </div>
   <div class='ocr_carea' id='block_1_31' title="bbox 1067 1830 1866 2019">
    <p class='ocr_par' dir='ltr' id='par_1_31' title="bbox 1067 1830 1866 2019">
     <span class='ocr_line' id='line_1_120' title="bbox 1069 1830 1866 1869; baseline -0.004 -9"><span class='ocrx_word' id='word_1_837' title='bbox 1069 1835 1104 1861; x_wconf 89' lang='lat' dir='ltr'>tia</span> <span class='ocrx_word' id='word_1_838' title='bbox 1115 1834 1267 1869; x_wconf 83' lang='lat' dir='ltr'>quaeritur!</span> <span class='ocrx_word' id='word_1_839' title='bbox 1299 1838 1322 1859; x_wconf 86' lang='lat' dir='ltr'>el</span> <span class='ocrx_word' id='word_1_840' title='bbox 1334 1834 1453 1866; x_wconf 80' lang='lat' dir='ltr'>partibus</span> <span class='ocrx_word' id='word_1_841' title='bbox 1466 1834 1565 1858; x_wconf 87' lang='lat' dir='ltr'>utilius.</span> <span class='ocrx_word' id='word_1_842' title='bbox 1605 1833 1647 1858; x_wconf 79' lang='lat'>39.</span> <span class='ocrx_word' id='word_1_843' title='bbox 1669 1831 1768 1862; x_wconf 84' lang='lat' dir='ltr'>Partes,</span> <span class='ocrx_word' id='word_1_844' title='bbox 1781 1830 1866 1857; x_wconf 78' lang='lat' dir='ltr'>furio-</span> 
     </span>
     <span class='ocr_line' id='line_1_121' title="bbox 1069 1868 1864 1903; baseline -0.004 -6"><span class='ocrx_word' id='word_1_845' title='bbox 1069 1880 1106 1902; x_wconf 82' lang='lat' dir='ltr'>se,</span> <span class='ocrx_word' id='word_1_846' title='bbox 1119 1872 1247 1897; x_wconf 83' lang='lat' dir='ltr'>dicuntur</span> <span class='ocrx_word' id='word_1_847' title='bbox 1257 1871 1284 1897; x_wconf 89' lang='lat' dir='ltr'>in</span> <span class='ocrx_word' id='word_1_848' title='bbox 1296 1870 1360 1901; x_wconf 75' lang='lat' dir='ltr'>foro.</span> <span class='ocrx_word' id='word_1_849' title='bbox 1375 1870 1401 1897; x_wconf 94' lang='lat' dir='ltr'>in</span> <span class='ocrx_word' id='word_1_850' title='bbox 1413 1870 1496 1896; x_wconf 83' lang='lat' dir='ltr'>curia.</span> <span class='ocrx_word' id='word_1_851' title='bbox 1536 1868 1640 1895; x_wconf 82' lang='lat' dir='ltr'>Bellum</span> <span class='ocrx_word' id='word_1_852' title='bbox 1651 1873 1739 1895; x_wconf 84' lang='lat' dir='ltr'>contra</span> <span class='ocrx_word' id='word_1_853' title='bbox 1751 1869 1864 1903; x_wconf 85' lang='lat' dir='ltr'>patriam</span> 
     </span>
     <span class='ocr_line' id='line_1_122' title="bbox 1069 1906 1866 1943; baseline -0.005 -8"><span class='ocrx_word' id='word_1_854' title='bbox 1069 1909 1200 1936; x_wconf 79' lang='lat' dir='ltr'>netarium</span> <span class='ocrx_word' id='word_1_855' title='bbox 1219 1908 1379 1943; x_wconf 88' lang='lat' dir='ltr'>suscepisti:</span> <span class='ocrx_word' id='word_1_856' title='bbox 1415 1915 1557 1943; x_wconf 78' lang='lat' dir='ltr'>oppugnas</span> <span class='ocrx_word' id='word_1_857' title='bbox 1570 1906 1715 1932; x_wconf 84' lang='lat' dir='ltr'>Mutinam:</span> <span class='ocrx_word' id='word_1_858' title='bbox 1749 1906 1866 1932; x_wconf 90' lang='lat' dir='ltr'>circum-</span> 
     </span>
     <span class='ocr_line' id='line_1_123' title="bbox 1068 1942 1865 1981; baseline -0.005 -8"><span class='ocrx_word' id='word_1_859' title='bbox 1068 1946 1146 1973; x_wconf 88' lang='lat' dir='ltr'>sedes</span> <span class='ocrx_word' id='word_1_860' title='bbox 1166 1945 1304 1972; x_wconf 86' lang='lat' dir='ltr'>consulem</span> <span class='ocrx_word' id='word_1_861' title='bbox 1324 1945 1508 1981; x_wconf 82' lang='lat' dir='ltr'>designatum:</span> <span class='ocrx_word' id='word_1_862' title='bbox 1545 1943 1647 1970; x_wconf 89' lang='lat' dir='ltr'>bellum</span> <span class='ocrx_word' id='word_1_863' title='bbox 1664 1947 1754 1970; x_wconf 81' lang='lat' dir='ltr'>contra</span> <span class='ocrx_word' id='word_1_864' title='bbox 1769 1948 1794 1970; x_wconf 82' lang='lat' dir='ltr'>te</span> <span class='ocrx_word' id='word_1_865' title='bbox 1811 1942 1865 1970; x_wconf 88' lang='lat' dir='ltr'>duo</span> 
     </span>
     <span class='ocr_line' id='line_1_124' title="bbox 1067 1979 1862 2019; baseline -0.005 -9"><span class='ocrx_word' id='word_1_866' title='bbox 1067 1983 1192 2011; x_wconf 89' lang='lat' dir='ltr'>consules</span> <span class='ocrx_word' id='word_1_867' title='bbox 1217 1987 1323 2019; x_wconf 81' lang='lat' dir='ltr'>gerunt,</span> <span class='ocrx_word' id='word_1_868' title='bbox 1345 1990 1463 2017; x_wconf 89' lang='lat' dir='ltr'>cumque</span> <span class='ocrx_word' id='word_1_869' title='bbox 1484 1981 1526 2008; x_wconf 87' lang='lat' dir='ltr'>his</span> <span class='ocrx_word' id='word_1_870' title='bbox 1546 1989 1594 2016; x_wconf 87' lang='lat' dir='ltr'>pro</span> <span class='ocrx_word' id='word_1_871' title='bbox 1617 1985 1733 2016; x_wconf 80' lang='lat' dir='ltr'>praetore</span> <span class='ocrx_word' id='word_1_872' title='bbox 1753 1979 1862 2007; x_wconf 84' lang='lat' dir='ltr'>Caesar:</span> 
     </span>
    </p>
   </div>
   <div class='ocr_carea' id='block_1_32' title="bbox 1067 2019 1866 2093">
    <p class='ocr_par' dir='ltr' id='par_1_32' title="bbox 1067 2019 1866 2093">
     <span class='ocr_line' id='line_1_125' title="bbox 1067 2019 1865 2052; baseline -0.005 -5"><span class='ocrx_word' id='word_1_873' title='bbox 1067 2026 1162 2047; x_wconf 89' lang='lat' dir='ltr'>cuncta</span> <span class='ocrx_word' id='word_1_874' title='bbox 1177 2026 1267 2047; x_wconf 84' lang='lat' dir='ltr'>contra</span> <span class='ocrx_word' id='word_1_875' title='bbox 1281 2025 1306 2047; x_wconf 88' lang='lat' dir='ltr'>te</span> <span class='ocrx_word' id='word_1_876' title='bbox 1317 2020 1390 2046; x_wconf 81' lang='lat' dir='ltr'>Italia</span> <span class='ocrx_word' id='word_1_877' title='bbox 1401 2023 1500 2045; x_wconf 84' lang='lat' dir='ltr'>armata</span> <span class='ocrx_word' id='word_1_878' title='bbox 1511 2024 1561 2045; x_wconf 80' lang='lat' dir='ltr'>est.</span> <span class='ocrx_word' id='word_1_879' title='bbox 1602 2019 1667 2045; x_wconf 80' lang='lat' dir='ltr'>istas</span> <span class='ocrx_word' id='word_1_880' title='bbox 1678 2023 1708 2044; x_wconf 86' lang='lat' dir='ltr'>tu</span> <span class='ocrx_word' id='word_1_881' title='bbox 1719 2022 1806 2052; x_wconf 84' lang='lat' dir='ltr'>partes</span> <span class='ocrx_word' id='word_1_882' title='bbox 1817 2025 1865 2052; x_wconf 89' lang='lat' dir='ltr'>po-</span> 
     </span>
     <span class='ocr_line' id='line_1_126' title="bbox 1067 2054 1866 2093; baseline -0.006 -8"><span class='ocrx_word' id='word_1_883' title='bbox 1067 2059 1130 2089; x_wconf 85' lang='lat' dir='ltr'>tius,</span> <span class='ocrx_word' id='word_1_884' title='bbox 1143 2066 1225 2093; x_wconf 89' lang='lat' dir='ltr'>quam</span> <span class='ocrx_word' id='word_1_885' title='bbox 1235 2067 1249 2084; x_wconf 85' lang='lat' dir='ltr'>a</span> <span class='ocrx_word' id='word_1_886' title='bbox 1261 2066 1288 2084; x_wconf 85' lang='lat' dir='ltr'>re</span> <span class='ocrx_word' id='word_1_887' title='bbox 1300 2057 1407 2092; x_wconf 85' lang='lat' dir='ltr'>publica</span> <span class='ocrx_word' id='word_1_888' title='bbox 1414 2055 1589 2083; x_wconf 78' lang='lat' dir='ltr'>defectionem</span> <span class='ocrx_word' id='word_1_889' title='bbox 1597 2054 1693 2082; x_wconf 80' lang='lat' dir='ltr'>vocas?</span> <span class='ocrx_word' id='word_1_890' title='bbox 1710 2055 1796 2082; x_wconf 78' lang='lat' dir='ltr'>Potius</span> <span class='ocrx_word' id='word_1_891' title='bbox 1803 2055 1866 2081; x_wconf 80' lang='lat' dir='ltr'>Tro-</span> 
     </span>
    </p>
   </div>
   <div class='ocr_carea' id='block_1_33' title="bbox 1061 2091 1894 2689">
    <p class='ocr_par' dir='ltr' id='par_1_33' title="bbox 1061 2091 1894 2689">
     <span class='ocr_line' id='line_1_127' title="bbox 1067 2091 1864 2127; baseline -0.005 -5"><span class='ocrx_word' id='word_1_892' title='bbox 1067 2097 1136 2122; x_wconf 87' lang='lat' dir='ltr'>bonii</span> <span class='ocrx_word' id='word_1_893' title='bbox 1142 2101 1255 2125; x_wconf 85' lang='lat' dir='ltr'>mortem,</span> <span class='ocrx_word' id='word_1_894' title='bbox 1267 2104 1302 2121; x_wconf 90' lang='lat' dir='ltr'>an</span> <span class='ocrx_word' id='word_1_895' title='bbox 1318 2095 1438 2121; x_wconf 85' lang='lat' dir='ltr'>Caesaris</span> <span class='ocrx_word' id='word_1_896' title='bbox 1446 2091 1649 2127; x_wconf 81' lang='lat' dir='ltr'>persequamur?</span> <span class='ocrx_word' id='word_1_897' title='bbox 1669 2091 1864 2119; x_wconf 79' lang='lat' dir='ltr'>Treboniisatis</span> 
     </span>
     <span class='ocr_line' id='line_1_128' title="bbox 1066 2129 1864 2168; baseline -0.006 -8"><span class='ocrx_word' id='word_1_898' title='bbox 1066 2133 1198 2168; x_wconf 83' lang='lat' dir='ltr'>persecuti</span> <span class='ocrx_word' id='word_1_899' title='bbox 1214 2141 1320 2163; x_wconf 88' lang='lat' dir='ltr'>sumus,</span> <span class='ocrx_word' id='word_1_900' title='bbox 1341 2131 1417 2158; x_wconf 77' lang='lat' dir='ltr'>hoste</span> <span class='ocrx_word' id='word_1_901' title='bbox 1434 2130 1551 2157; x_wconf 85' lang='lat' dir='ltr'>iudicato</span> <span class='ocrx_word' id='word_1_902' title='bbox 1563 2129 1712 2157; x_wconf 84' lang='lat' dir='ltr'>Dolabella:</span> <span class='ocrx_word' id='word_1_903' title='bbox 1743 2129 1864 2156; x_wconf 83' lang='lat' dir='ltr'>Caesaris</span> 
     </span>
     <span class='ocr_line' id='line_1_129' title="bbox 1066 2165 1863 2197; baseline -0.006 0"><span class='ocrx_word' id='word_1_904' title='bbox 1066 2179 1138 2197; x_wconf 89' lang='lat' dir='ltr'>mors</span> <span class='ocrx_word' id='word_1_905' title='bbox 1153 2169 1280 2197; x_wconf 77' lang='lat' dir='ltr'>facillime</span> <span class='ocrx_word' id='word_1_906' title='bbox 1295 2168 1449 2196; x_wconf 76' lang='lat' dir='ltr'>defenditur</span> <span class='ocrx_word' id='word_1_907' title='bbox 1465 2168 1600 2194; x_wconf 85' lang='lat' dir='ltr'>oblivione</span> <span class='ocrx_word' id='word_1_908' title='bbox 1613 2172 1639 2193; x_wconf 89' lang='lat' dir='ltr'>et</span> <span class='ocrx_word' id='word_1_909' title='bbox 1653 2166 1769 2194; x_wconf 85' lang='lat' dir='ltr'>silentio.</span> <span class='ocrx_word' id='word_1_910' title='bbox 1809 2165 1863 2192; x_wconf 84' lang='lat' dir='ltr'>Sed</span> 
     </span>
     <span class='ocr_line' id='line_1_130' title="bbox 1066 2202 1864 2242; baseline -0.006 -8"><span class='ocrx_word' id='word_1_911' title='bbox 1066 2207 1163 2238; x_wconf 79' lang='lat' dir='ltr'>videte,</span> <span class='ocrx_word' id='word_1_912' title='bbox 1181 2207 1247 2242; x_wconf 90' lang='lat' dir='ltr'>quid</span> <span class='ocrx_word' id='word_1_913' title='bbox 1262 2207 1397 2233; x_wconf 89' lang='lat' dir='ltr'>moliatur.</span> <span class='ocrx_word' id='word_1_914' title='bbox 1436 2205 1525 2238; x_wconf 87' lang='lat' dir='ltr'>Quum</span> <span class='ocrx_word' id='word_1_915' title='bbox 1541 2209 1652 2231; x_wconf 81' lang='lat' dir='ltr'>mortem</span> <span class='ocrx_word' id='word_1_916' title='bbox 1663 2203 1784 2231; x_wconf 84' lang='lat' dir='ltr'>Caesaris</span> <span class='ocrx_word' id='word_1_917' title='bbox 1795 2202 1864 2230; x_wconf 87' lang='lat' dir='ltr'>ulci-</span> 
     </span>
     <span class='ocr_line' id='line_1_131' title="bbox 1065 2240 1862 2279; baseline -0.008 -7"><span class='ocrx_word' id='word_1_918' title='bbox 1065 2245 1191 2272; x_wconf 88' lang='lat' dir='ltr'>scendam</span> <span class='ocrx_word' id='word_1_919' title='bbox 1212 2249 1297 2279; x_wconf 81' lang='lat' dir='ltr'>putat,</span> <span class='ocrx_word' id='word_1_920' title='bbox 1320 2248 1431 2270; x_wconf 90' lang='lat' dir='ltr'>mortem</span> <span class='ocrx_word' id='word_1_921' title='bbox 1450 2243 1574 2278; x_wconf 83' lang='lat' dir='ltr'>proponit</span> <span class='ocrx_word' id='word_1_922' title='bbox 1590 2250 1644 2268; x_wconf 87' lang='lat' dir='ltr'>non</span> <span class='ocrx_word' id='word_1_923' title='bbox 1657 2241 1691 2268; x_wconf 87' lang='lat' dir='ltr'>iis</span> <span class='ocrx_word' id='word_1_924' title='bbox 1701 2240 1800 2271; x_wconf 88' lang='lat' dir='ltr'>solum,</span> <span class='ocrx_word' id='word_1_925' title='bbox 1813 2241 1862 2276; x_wconf 90' lang='lat' dir='ltr'>qui</span> 
     </span>
     <span class='ocr_line' id='line_1_132' title="bbox 1064 2277 1863 2317; baseline -0.006 -9"><span class='ocrx_word' id='word_1_926' title='bbox 1064 2282 1138 2309; x_wconf 87' lang='lat' dir='ltr'>illam</span> <span class='ocrx_word' id='word_1_927' title='bbox 1157 2291 1212 2308; x_wconf 90' lang='lat' dir='ltr'>rem</span> <span class='ocrx_word' id='word_1_928' title='bbox 1228 2286 1378 2317; x_wconf 76' lang='lat' dir='ltr'>gesserunt,</span> <span class='ocrx_word' id='word_1_929' title='bbox 1390 2281 1438 2307; x_wconf 88' lang='lat' dir='ltr'>sed</span> <span class='ocrx_word' id='word_1_930' title='bbox 1448 2281 1482 2306; x_wconf 87' lang='lat' dir='ltr'>iis</span> <span class='ocrx_word' id='word_1_931' title='bbox 1492 2280 1582 2310; x_wconf 85' lang='lat' dir='ltr'>etiam,</span> <span class='ocrx_word' id='word_1_932' title='bbox 1595 2279 1618 2305; x_wconf 90' lang='lat' dir='ltr'>si</span> <span class='ocrx_word' id='word_1_933' title='bbox 1629 2279 1677 2314; x_wconf 84' lang='lat' dir='ltr'>qui</span> <span class='ocrx_word' id='word_1_934' title='bbox 1688 2286 1740 2305; x_wconf 87' lang='lat' dir='ltr'>non</span> <span class='ocrx_word' id='word_1_935' title='bbox 1751 2277 1863 2304; x_wconf 74' lang='lat' dir='ltr'>moleste</span> 
     </span>
     <span class='ocr_line' id='line_1_133' title="bbox 1064 2317 1860 2350; baseline -0.006 -4"><span class='ocrx_word' id='word_1_936' title='bbox 1064 2319 1193 2346; x_wconf 82' lang='lat' dir='ltr'>tulerunt.</span> <span class='ocrx_word' id='word_1_937' title='bbox 1238 2319 1312 2345; x_wconf 81' lang='lat' dir='ltr'>XIX.</span> <span class='ocrx_word' id='word_1_938' title='bbox 1331 2319 1372 2345; x_wconf 75' lang='lat' dir='ltr'>to.</span> <span class='ocrx_word' id='word_1_939' title='bbox 1387 2318 1496 2350; x_wconf 84' lang='lat' dir='ltr'>Quibus,</span> <span class='ocrx_word' id='word_1_940' title='bbox 1512 2319 1565 2343; x_wconf 81' lang='lat' dir='ltr'>utri</span> <span class='ocrx_word' id='word_1_941' title='bbox 1582 2320 1697 2342; x_wconf 79' lang='lat' dir='ltr'>nostram</span> <span class='ocrx_word' id='word_1_942' title='bbox 1714 2317 1860 2345; x_wconf 79' lang='lat' dir='ltr'>ceciderint,</span> 
     </span>
     <span class='ocr_line' id='line_1_134' title="bbox 1065 2354 1861 2390; baseline -0.008 -7"><span class='ocrx_word' id='word_1_943' title='bbox 1065 2359 1137 2384; x_wconf 86' lang='lat' dir='ltr'>lucro</span> <span class='ocrx_word' id='word_1_944' title='bbox 1141 2360 1256 2390; x_wconf 78' lang='lat' dir='ltr'>futurum</span> <span class='ocrx_word' id='word_1_945' title='bbox 1268 2361 1312 2383; x_wconf 86' lang='lat' dir='ltr'>est.</span> <span class='ocrx_word' id='word_1_946' title='bbox 1335 2356 1408 2388; x_wconf 79' lang='lat' dir='ltr'>Quod</span> <span class='ocrx_word' id='word_1_947' title='bbox 1417 2355 1589 2388; x_wconf 83' lang='lat' dir='ltr'>spectaculum</span> <span class='ocrx_word' id='word_1_948' title='bbox 1598 2354 1682 2380; x_wconf 79' lang='lat' dir='ltr'>adhuc</span> <span class='ocrx_word' id='word_1_949' title='bbox 1692 2355 1749 2385; x_wconf 84' lang='lat' dir='ltr'>ipsa</span> <span class='ocrx_word' id='word_1_950' title='bbox 1755 2355 1861 2386; x_wconf 73' lang='lat' dir='ltr'>[ortana</span> 
     </span>
     <span class='ocr_line' id='line_1_135' title="bbox 1063 2388 1861 2425; baseline -0.008 -4"><span class='ocrx_word' id='word_1_951' title='bbox 1063 2397 1162 2424; x_wconf 75' lang='lat' dir='ltr'>vitavit,</span> <span class='ocrx_word' id='word_1_952' title='bbox 1176 2403 1206 2420; x_wconf 85' lang='lat' dir='ltr'>ne</span> <span class='ocrx_word' id='word_1_953' title='bbox 1216 2396 1311 2420; x_wconf 72' lang='lat' dir='ltr'>videret</span> <span class='ocrx_word' id='word_1_954' title='bbox 1322 2395 1398 2419; x_wconf 84' lang='lat' dir='ltr'>unius</span> <span class='ocrx_word' id='word_1_955' title='bbox 1408 2393 1594 2425; x_wconf 72' lang='lat' dir='ltr'>corporisduus</span> <span class='ocrx_word' id='word_1_956' title='bbox 1601 2392 1678 2419; x_wconf 85' lang='lat' dir='ltr'>acies,</span> <span class='ocrx_word' id='word_1_957' title='bbox 1686 2391 1782 2416; x_wconf 81' lang='lat' dir='ltr'>lanista</span> <span class='ocrx_word' id='word_1_958' title='bbox 1789 2388 1861 2416; x_wconf 72' lang='lat' dir='ltr'>Cice-</span> 
     </span>
     <span class='ocr_line' id='line_1_136' title="bbox 1062 2429 1861 2464; baseline -0.008 -6"><span class='ocrx_word' id='word_1_959' title='bbox 1062 2440 1132 2461; x_wconf 84' lang='lat' dir='ltr'>rone,</span> <span class='ocrx_word' id='word_1_960' title='bbox 1139 2433 1203 2458; x_wconf 83' lang='lat' dir='ltr'>dimi</span> <span class='ocrx_word' id='word_1_961' title='bbox 1205 2435 1300 2458; x_wconf 74' lang='lat' dir='ltr'>carues:</span> <span class='ocrx_word' id='word_1_962' title='bbox 1311 2433 1356 2464; x_wconf 81' lang='lat' dir='ltr'>qai</span> <span class='ocrx_word' id='word_1_963' title='bbox 1360 2438 1439 2463; x_wconf 79' lang='lat' dir='ltr'>usque</span> <span class='ocrx_word' id='word_1_964' title='bbox 1443 2438 1472 2455; x_wconf 87' lang='lat' dir='ltr'>eo</span> <span class='ocrx_word' id='word_1_965' title='bbox 1476 2429 1541 2462; x_wconf 76' lang='lat' dir='ltr'>felix</span> <span class='ocrx_word' id='word_1_966' title='bbox 1546 2431 1591 2457; x_wconf 82' lang='lat' dir='ltr'>est,</span> <span class='ocrx_word' id='word_1_967' title='bbox 1598 2431 1626 2453; x_wconf 75' lang='lat' dir='ltr'>ul</span> <span class='ocrx_word' id='word_1_968' title='bbox 1632 2429 1720 2453; x_wconf 79' lang='lat' dir='ltr'>iisdem</span> <span class='ocrx_word' id='word_1_969' title='bbox 1725 2435 1861 2453; x_wconf 78' lang='lat' dir='ltr'>ornanoen—</span> 
     </span>
     <span class='ocr_line' id='line_1_137' title="bbox 1063 2464 1894 2502; baseline -0.007 -7"><span class='ocrx_word' id='word_1_970' title='bbox 1063 2471 1096 2495; x_wconf 85' lang='lat' dir='ltr'>tis</span> <span class='ocrx_word' id='word_1_971' title='bbox 1105 2471 1231 2502; x_wconf 80' lang='lat' dir='ltr'>deceperit</span> <span class='ocrx_word' id='word_1_972' title='bbox 1242 2476 1293 2498; x_wconf 75' lang='lat' dir='ltr'>vos,</span> <span class='ocrx_word' id='word_1_973' title='bbox 1305 2469 1398 2501; x_wconf 84' lang='lat' dir='ltr'>quibus</span> <span class='ocrx_word' id='word_1_974' title='bbox 1406 2469 1535 2499; x_wconf 81' lang='lat' dir='ltr'>deceptum</span> <span class='ocrx_word' id='word_1_975' title='bbox 1542 2464 1858 2497; x_wconf 69' lang='lat' dir='ltr'>Caesaremqloriatusest.</span> <span class='ocrx_word' id='word_1_976' title='bbox 1891 2476 1894 2482; x_wconf 82' lang='lat'><strong>·</strong></span> 
     </span>
     <span class='ocr_line' id='line_1_138' title="bbox 1063 2500 1859 2542; baseline -0.008 -10"><span class='ocrx_word' id='word_1_977' title='bbox 1063 2506 1151 2542; x_wconf 75' lang='lat' dir='ltr'>Pergit</span> <span class='ocrx_word' id='word_1_978' title='bbox 1162 2506 1191 2532; x_wconf 88' lang='lat' dir='ltr'>in</span> <span class='ocrx_word' id='word_1_979' title='bbox 1198 2513 1256 2531; x_wconf 86' lang='lat' dir='ltr'>mea</span> <span class='ocrx_word' id='word_1_980' title='bbox 1262 2503 1410 2534; x_wconf 83' lang='lat' dir='ltr'>maledicta,</span> <span class='ocrx_word' id='word_1_981' title='bbox 1417 2503 1497 2538; x_wconf 82' lang='lat' dir='ltr'>quasi</span> <span class='ocrx_word' id='word_1_982' title='bbox 1505 2502 1594 2528; x_wconf 88' lang='lat' dir='ltr'>veroei</span> <span class='ocrx_word' id='word_1_983' title='bbox 1601 2501 1781 2536; x_wconf 83' lang='lat' dir='ltr'>pulcherrime</span> <span class='ocrx_word' id='word_1_984' title='bbox 1787 2500 1859 2535; x_wconf 89' lang='lat' dir='ltr'>prio—</span> 
     </span>
     <span class='ocr_line' id='line_1_139' title="bbox 1062 2536 1859 2578; baseline -0.008 -9"><span class='ocrx_word' id='word_1_985' title='bbox 1062 2551 1089 2569; x_wconf 83' lang='lat' dir='ltr'>ra</span> <span class='ocrx_word' id='word_1_986' title='bbox 1101 2543 1293 2578; x_wconf 86' lang='lat' dir='ltr'>processerint:</span> <span class='ocrx_word' id='word_1_987' title='bbox 1315 2549 1396 2576; x_wconf 85' lang='lat' dir='ltr'>quem</span> <span class='ocrx_word' id='word_1_988' title='bbox 1407 2540 1582 2576; x_wconf 83' lang='lat' dir='ltr'>egoinustum</span> <span class='ocrx_word' id='word_1_989' title='bbox 1591 2538 1740 2564; x_wconf 82' lang='lat' dir='ltr'>verissimis</span> <span class='ocrx_word' id='word_1_990' title='bbox 1746 2536 1859 2564; x_wconf 79' lang='lat' dir='ltr'>maledi-</span> 
     </span>
     <span class='ocr_line' id='line_1_140' title="bbox 1061 2575 1856 2610; baseline -0.008 -4"><span class='ocrx_word' id='word_1_991' title='bbox 1061 2584 1164 2606; x_wconf 87' lang='lat' dir='ltr'>ctorum</span> <span class='ocrx_word' id='word_1_992' title='bbox 1177 2580 1246 2606; x_wconf 80' lang='lat' dir='ltr'>notis</span> <span class='ocrx_word' id='word_1_993' title='bbox 1258 2578 1359 2605; x_wconf 85' lang='lat' dir='ltr'>tradam</span> <span class='ocrx_word' id='word_1_994' title='bbox 1370 2577 1510 2604; x_wconf 84' lang='lat' dir='ltr'>hominum</span> <span class='ocrx_word' id='word_1_995' title='bbox 1521 2575 1856 2610; x_wconf 66' lang='lat' dir='ltr'>memoriaesempiternae.</span> 
     </span>
     <span class='ocr_line' id='line_1_141' title="bbox 1061 2612 1857 2653; baseline -0.006 -10"><span class='ocrx_word' id='word_1_996' title='bbox 1061 2617 1119 2653; x_wconf 75' lang='lat' dir='ltr'>Ego</span> <span class='ocrx_word' id='word_1_997' title='bbox 1139 2616 1254 2643; x_wconf 81' lang='lat' dir='ltr'>lanista?</span> <span class='ocrx_word' id='word_1_998' title='bbox 1288 2621 1314 2642; x_wconf 80' lang='lat' dir='ltr'>et</span> <span class='ocrx_word' id='word_1_999' title='bbox 1332 2614 1443 2650; x_wconf 88' lang='lat' dir='ltr'>quidem</span> <span class='ocrx_word' id='word_1_1000' title='bbox 1463 2622 1516 2640; x_wconf 88' lang='lat' dir='ltr'>non</span> <span class='ocrx_word' id='word_1_1001' title='bbox 1536 2614 1682 2648; x_wconf 87' lang='lat' dir='ltr'>insipiens:</span> <span class='ocrx_word' id='word_1_1002' title='bbox 1712 2612 1857 2638; x_wconf 77' lang='lat' dir='ltr'>deteriores</span> 
     </span>
     <span class='ocr_line' id='line_1_142' title="bbox 1061 2651 1640 2689; baseline -0.009 -9"><span class='ocrx_word' id='word_1_1003' title='bbox 1061 2655 1133 2680; x_wconf 88' lang='lat' dir='ltr'>enim</span> <span class='ocrx_word' id='word_1_1004' title='bbox 1150 2653 1266 2689; x_wconf 84' lang='lat' dir='ltr'>iugulari</span> <span class='ocrx_word' id='word_1_1005' title='bbox 1281 2652 1370 2687; x_wconf 90' lang='lat' dir='ltr'>cupio,</span> <span class='ocrx_word' id='word_1_1006' title='bbox 1387 2651 1510 2677; x_wconf 87' lang='lat' dir='ltr'>meliores</span> <span class='ocrx_word' id='word_1_1007' title='bbox 1525 2651 1640 2676; x_wconf 79' lang='lat' dir='ltr'>vincere.</span> 
     </span>
    </p>
   </div>
   <div class='ocr_carea' id='block_1_34' title="bbox 1039 1403 1052 2709">
    <p class='ocr_par' dir='ltr' id='par_1_34' title="bbox 1039 1403 1052 2709">
     <span class='ocr_line' id='line_1_143' title="bbox 1039 1403 1052 2709; baseline 0 0"><span class='ocrx_word' id='word_1_1008' title='bbox 1039 1403 1052 2709; x_wconf 95' lang='lat' dir='ltr'> </span> 
     </span>
    </p>
   </div>
   <div class='ocr_carea' id='block_1_35' title="bbox 1062 2650 1913 2722">
    <p class='ocr_par' dir='ltr' id='par_1_35' title="bbox 1062 2637 1913 2722">
     <span class='ocr_line' id='line_1_144' title="bbox 1688 2650 1913 2676; baseline -0.009 0"><span class='ocrx_word' id='word_1_1009' title='bbox 1688 2650 1747 2676; x_wconf 83' lang='lat' dir='ltr'>Utri</span> <span class='ocrx_word' id='word_1_1010' title='bbox 1760 2650 1857 2676; x_wconf 74' lang='lat' dir='ltr'>cecide-</span> <span class='ocrx_word' id='word_1_1011' title='bbox 1888 2651 1913 2660; x_wconf 67' lang='lat'>*&#39;</span> 
     </span>
     <span class='ocr_line' id='line_1_145' title="bbox 1062 2685 1911 2722; baseline -0.007 -5"><span class='ocrx_word' id='word_1_1012' title='bbox 1062 2693 1123 2722; x_wconf 80' lang='lat' dir='ltr'>rint,</span> <span class='ocrx_word' id='word_1_1013' title='bbox 1143 2691 1245 2721; x_wconf 84' lang='lat' dir='ltr'>scribit,</span> <span class='ocrx_word' id='word_1_1014' title='bbox 1269 2691 1342 2716; x_wconf 81' lang='lat' dir='ltr'>lucro</span> <span class='ocrx_word' id='word_1_1015' title='bbox 1355 2690 1426 2715; x_wconf 83' lang='lat' dir='ltr'>nobis</span> <span class='ocrx_word' id='word_1_1016' title='bbox 1438 2691 1564 2721; x_wconf 76' lang='lat' dir='ltr'>futurum.</span> <span class='ocrx_word' id='word_1_1017' title='bbox 1590 2688 1632 2714; x_wconf 65' lang='lat' dir='ltr'>tt.</span> <span class='ocrx_word' id='word_1_1018' title='bbox 1653 2685 1675 2714; x_wconf 93' lang='grc' dir='ltr'>Ο</span> <span class='ocrx_word' id='word_1_1019' title='bbox 1689 2685 1854 2721; x_wconf 77' lang='lat' dir='ltr'>praeclarum</span> <span class='ocrx_word' id='word_1_1020' title='bbox 1891 2685 1911 2699; x_wconf 76' lang='grc'>·’</span> 
     </span>
    </p>
   </div>
   <div class='ocr_carea' id='block_1_36' title="bbox 1875 0 1941 3052">
    <p class='ocr_par' dir='ltr' id='par_1_36' title="bbox 1875 0 1941 3052">
     <span class='ocr_line' id='line_1_146' title="bbox 1875 0 1941 3052; baseline 0 0"><span class='ocrx_word' id='word_1_1021' title='bbox 1875 0 1941 3052; x_wconf 95' lang='lat' dir='ltr'> </span> 
     </span>
    </p>
   </div>
  </div>
 </body>
</html>
