1941 3052
229 166 274 190 tii-,³
798 164 836 188 ΟΞ.
873 162 906 187 Μ.
942 162 971 187 Τ.
1007 162 1025 187 (2

224 231 300 252 indi-
315 236 370 256 ιιι,
385 230 495 251 mitur-ett-
511 232 567 255 (13.)
577 230 765 253 antendnnfflmn,
776 229 970 255 runnneqtirmllmn.
982 236 1014 250 re-

223 267 372 294 puta-nantibu-
382 269 438 289 tu.)
447 265 532 285 “uult
540 268 582 289 (151.
599 264 1015 290 nomem-rain<17.›e·‚mpn·ttnnemn-

224 300 512 326 iurum,minnmm.yflrium
524 302 592 324 (tm),
615 306 625 318 u·
634 303 748 319 nto-rnu-
759 303 776 320 tt
785 299 902 318 animun
911 299 947 324 in)
958 298 1015 320 alin·

224 337 249 356 nti
266 336 322 356 nli·-
333 335 474 362 quantiunn
485 335 602 362 prmlentrr
616 341 664 353 un·
675 333 811 353 ntmtmmtn·
821 336 884 357 tw.)-
897 334 1014 357 ‘lssl‘lfiw

224 379 273 392 num
292 372 334 391 atu-1
353 378 402 390 eane
413 377 500 393 “ent-ra,
513 369 621 389 inlinitum
633 372 653 387 rt
665 368 760 388 finitum:
777 368 924 388 infinitum
940 369 1014 392 :tunni-

223 406 292 426 «iuni.
303 413 352 425 ent·
362 409 382 425 et
393 404 498 425 attinuit:
517 403 595 426 cunii
604 407 609 422 t
618 403 643 422 iu
651 410 662 422 n
670 403 677 422 i
685 411 694 422 ι
705 406 760 428 120)
771 410 820 422 rue
837 408 861 426 α)
871 411 901 423 en
909 403 952 423 nie
960 407 1013 424 ctu.

224 448 287 463 rani.
303 440 361 460 nitrio
375 439 466 465 aliquid,
482 439 538 458 unde
554 438 575 457 iti
590 437 619 457 nit
630 442 756 464 urtumstflun
768 438 796 457 nit
808 445 886 458 ι-ιυιιι
905 439 1014 463 effectum,

224 475 323 502 punitum
333 474 420 496 nun-ri.
438 478 461 499 β)
471 473 483 493 tl
491 472 527 492 esi
535 480 547 492 n
555 472 573 492 it
583 472 669 492 lunen·
681 471 786 496 notiunin,
795 473 946 499 prnuprieutin,
957 473 1013 493 nti-i-

224 510 301 533 niuniu,
310 507 617 536 patritiani..‹te-criptiuntn,
631 511 653 533 7)
664 507 706 527 tii·
714 510 720 527 t
728 507 734 527 i
742 515 753 527 n
761 511 783 527 ct
792 507 798 527 i
806 516 817 527 o
825 515 836 527 n
845 515 880 527 em
891 507 973 527 iuri-et
981 507 1012 527 in-

224 544 301 567 iuriae,
314 544 348 563 hie
359 547 429 563 nutem
442 546 485 562 tum
497 542 636 569 nimpliciter,
647 542 680 562 vel
691 542 718 562 de
728 543 850 570 expetendo
859 542 1013 569 fugiendoque,
1035 560 1036 569 ,

224 579 255 598 »nl
275 579 302 598 tlt·
312 586 380 604 uto-qm»
396 581 415 598 et
432 577 516 603 iniquo,
531 577 565 597 vel
576 577 602 597 tle
613 577 705 597 honesto
716 582 736 597 ct
747 577 814 604 turpi,
826 581 870 598 tum
881 581 1012 604 tuiiipflrate,

223 613 255 633 tvl
275 614 301 633 tle
320 613 393 633 eudem
414 615 435 632 et
454 612 507 636 altu,
523 613 550 632 ile
565 612 648 632 mnion-
660 615 681 632 et
697 612 780 632 minure
795 612 1012 639 encquatrernlum‘,
1034 611 1036 630 Ι

222 649 297 668 actio
305 647 348 668 nin
358 647 499 674 ‹flu-entium·-
518 648 573 673 (2¹.)
583 647 617 667 iel
628 647 654 667 ad
665 647 761 667 officium
771 647 805 667 vel
816 648 842 667 ml
853 647 921 667 animi
932 651 1012 667 motum
1034 640 1036 672 Ι

222 684 268 703 uite
287 682 439 703 comitandum
455 682 502 702 nise
512 682 629 702 natandum
640 689 689 702 ene
700 682 833 702 rofa-renat...
871 683 904 703 De
913 686 1012 709 aptorum

222 719 247 737 ml
267 718 306 738 Ιιιι
325 717 466 744 iprae-tione·
485 716 581 737 lucorum
601 717 687 737 delectu
706 717 797 744 exponit
811 725 830 737 c.
840 720 873 738 22.
885 724 916 743 nq.
928 717 1012 737 finitum

222 753 301 773 hallero
315 752 358 773 trin
367 759 453 777 genera,
468 758 594 773 cau-nrum
604 751 750 775 iudicialium,
761 751 954 776 deliberationum,
966 752 1011 772 lau·

221 788 341 811 tintinnum.
356 787 382 807 nat
397 787 436 808 hu·
451 787 553 808 accedere
568 786 678 811 legitimn-
692 787 874 814 dhreptMioneu,
885 787 990 807 oriunulu
1001 794 1012 806 e

222 823 312 849 urriptn,
329 823 385 848 quud
395 821 429 842 vel
441 821 563 846 ambiguum
574 821 612 846 nit,
622 821 656 842 vel
669 829 716 842 cum
727 822 840 842 vuluntate
854 821 888 842 vel
899 829 946 842 tum
957 822 1011 843 ·cri-
1033 821 1035 865 1

223 858 266 884 ,ni-
278 857 396 878 centi-arii·
407 857 523 884 ili-crepet.
535 858 652 883 (ze—26.)

276 941 294 966 Ι.
317 942 339 966 t.
355 935 845 975 Maioresnosresscribereingressos,
858 939 1009 971 C.Trebati,
1033 965 1034 970 ,

220 982 245 1004 ot
263 978 296 1004 iis
314 977 398 1008 libris,
418 985 486 1012 quos
504 977 578 1003 brevi
598 981 714 1012 tempore
732 978 796 1003 satis
814 977 912 1003 multos
925 977 1012 1003 edidi-
1032 977 1035 1007 l

221 1023 290 1046 mus,
309 1015 443 1051 digniores
462 1023 476 1040 e
493 1022 574 1040 cursu
590 1015 648 1048 ipso
667 1015 799 1041 revocavit
818 1014 940 1041 voluntas
956 1019 1009 1040 tua.
1032 1030 1034 1041 .

194 1078 199 1085 ,
219 1052 308 1084 Quum
330 1052 401 1079 enim
420 1060 524 1078 mecum
543 1052 570 1078 in
585 1051 735 1078 Tusculano
748 1060 820 1078 esses
834 1052 899 1078 etin
915 1052 1012 1078 biblio-

220 1090 293 1116 theca
310 1089 451 1124 separatim
470 1094 582 1124 uterque
601 1093 720 1115 nostrum
739 1089 771 1115 ad
790 1098 870 1115 suum
889 1089 1010 1115 studium

221 1126 333 1158 libellos,
353 1135 421 1162 quos
440 1126 527 1157 vellet,
547 1126 688 1157 evolveret,
709 1126 827 1153 incidisti
842 1127 869 1153 in
883 1127 1011 1153 Aristote-

221 1164 252 1190 lis
266 1164 362 1199 Topica
375 1163 515 1199 quaedam,
535 1172 604 1198 quae
618 1168 679 1190 sunt
693 1164 726 1190 ab
740 1164 786 1190 illo
800 1163 923 1198 pluribus
936 1164 1010 1191 libris

219 1200 358 1236 explicata.
401 1200 459 1233 Qua
486 1201 656 1236 inscriptione
678 1206 826 1227 commotus
849 1202 974 1227 continuo
997 1210 1009 1227 a

220 1247 261 1264 me
274 1247 365 1265 eorum
381 1238 508 1265 librorum
523 1239 679 1265 sententiam
694 1239 843 1273 requisisti3
866 1240 890 1266 2.
911 1247 1011 1273 quum-

218 1284 270 1310 que
289 1276 337 1302 tibi
353 1276 538 1310 exposuissem
548 1275 718 1310 disciplinam
732 1276 952 1302 inveniendorum
968 1285 1010 1302 ar-

217 1317 418 1349 gumentorum,
443 1317 472 1339 ut
494 1314 550 1339 sine
573 1312 629 1339 ullo
651 1321 736 1339 errore
755 1313 787 1339 ad
805 1322 862 1339 eam
881 1314 1008 1339 rationem

219 1351 260 1376 via
283 1350 483 1385 perveniremus
506 1350 539 1376 ab
561 1350 701 1376 Aristotele
720 1351 839 1381 inventa,
859 1350 914 1377 illis
934 1350 1009 1377 libris
1030 1362 1033 1384 4

217 1388 357 1418 contineri,
383 1387 532 1414 verecunde
551 1391 578 1414 tu
598 1387 723 1422 quidem,
744 1392 773 1414 ut
790 1388 887 1419 omnia,
905 1387 951 1414 sed
971 1393 1010 1414 ta-

218 1433 287 1455 men,
301 1424 377 1451 facile
395 1429 425 1451 ut
442 1433 576 1451 cernerem
591 1429 615 1451 te
629 1425 720 1451 ardere
734 1425 832 1456 studio,
849 1433 963 1456 mecum,
979 1429 1009 1451 ut

217 1462 264 1488 tibi
279 1461 353 1488 illam
368 1461 506 1493 traderem,
523 1462 610 1497 egisti.
637 1462 726 1494 Quum
741 1467 829 1488 autem
844 1471 893 1498 ego
907 1467 940 1493 te,
957 1471 1009 1489 non
1037 1471 1039 1492 ξ

217 1504 268 1525 tam
292 1498 391 1525 vitandi
415 1498 512 1525 laboris
532 1500 583 1525 mei
601 1507 708 1530 caussa,
729 1508 810 1534 quam
829 1499 901 1534 quod
919 1499 946 1526 id
965 1504 1008 1526 tua

217 1537 343 1562 interesse
360 1535 509 1567 arbitrarer,
525 1536 567 1563 vel
582 1541 611 1563 ut
625 1545 669 1563 eos
682 1545 729 1571 per
743 1542 767 1563 te
780 1538 838 1572 ipse
853 1536 952 1573 legeres
967 1536 1008 1563 vel

217 1578 245 1599 ut
260 1578 338 1599 totam
355 1574 482 1600 rationem
497 1583 510 1600 a
524 1573 679 1601 doctissimo
691 1574 808 1609 quodam
822 1574 926 1600 rhetore
941 1575 1010 1600 acci-

217 1619 300 1645 peres,
314 1610 433 1637 hortatus
447 1619 542 1642 essem,
559 1615 712 1646 utrumque,
729 1616 757 1637 ut
771 1620 804 1638 ex
817 1616 842 1637 te
856 1611 1006 1642 audiebam,

216 1657 244 1674 es
257 1652 393 1683 expertus.
415 1648 467 1675 Sed
478 1657 492 1674 a
503 1648 578 1674 libris
588 1652 612 1674 te
622 1649 770 1675 obscuritas
782 1649 880 1675 reiecit.
903 1650 926 1675 3.
938 1649 1010 1675 Rhe-

217 1690 255 1711 tor
268 1690 356 1711 autem
371 1685 416 1711 ille
427 1694 540 1721 magnus
555 1685 627 1717 haec,
644 1690 673 1712 ut
686 1686 787 1720 opinor.
801 1685 966 1712 Aristotelica
980 1694 1008 1712 se

217 1722 335 1757 ignorare
355 1723 499 1757 respondit.
540 1721 616 1755 Quod
634 1723 743 1758 quidem
762 1723 873 1749 minime
886 1731 947 1749 sum
962 1723 1009 1749 ad-

216 1760 403 1788 miratus.eum
414 1759 605 1795 philosophum
619 1760 716 1786 rhetori
729 1769 779 1786 non
790 1768 849 1786 esse
860 1760 1006 1796 cognitum,

215 1797 262 1830 qui
285 1796 318 1822 ab
340 1797 409 1831 ipsis
432 1796 600 1832 philosophis
623 1802 725 1832 praeter
746 1797 890 1823 admodum
909 1806 1008 1832 paucos

216 1834 389 1868 ignoraretur.
411 1833 516 1866 Quibus
530 1842 560 1860 eo
572 1835 660 1860 minus
674 1834 867 1869 ignoscendum
878 1834 1007 1870 est,quod

217 1879 267 1897 non
290 1870 367 1897 modo
389 1871 469 1897 rebus
491 1871 534 1902 iis,
554 1880 623 1906 quae
641 1871 674 1897 ab
689 1871 734 1898 illo
747 1871 832 1898 dictae
846 1877 871 1898 et
884 1872 1007 1898 inventae

215 1912 286 1939 sunt,
302 1907 373 1934 allici
387 1907 544 1939 debuerunt,
561 1908 608 1935 sed
621 1908 726 1935 dicendi
737 1917 845 1944 quoque
857 1909 1006 1935 incredibili

216 1945 331 1980 quadam
349 1954 434 1980 quum
453 1945 537 1980 copia,
558 1950 615 1972 tum
634 1946 713 1972 etiam
731 1947 871 1972 suavitate.
904 1947 928 1972 4.
949 1947 1007 1973 Non

215 1983 288 2017 potui
302 1983 385 2018 igitur
399 1982 447 2008 tibi
461 1983 568 2017 saepius
579 1983 627 2009 hoc
641 1984 742 2018 roganti
753 1988 779 2009 et
792 1988 880 2010 tamen
894 1984 1005 2014 verenti,

215 2028 247 2046 ne
266 2019 332 2046 mihi
351 2020 440 2055 gravis
460 2028 541 2050 esses,
562 2019 648 2054 (facile
662 2021 733 2046 enim
747 2020 774 2046 id
785 2020 947 2055 cernebam,)
960 2020 1008 2047 de-

214 2057 276 2083 bere
299 2056 414 2087 diutius,
436 2065 468 2083 ne
486 2057 538 2092 ipsi
559 2057 626 2083 iuris
644 2058 781 2092 interpreti
800 2058 854 2084 fieri
873 2057 1007 2084 videretur

215 2094 320 2120 iniuria.
360 2094 465 2120 Etenim
479 2103 563 2129 quum
579 2099 607 2120 tu
618 2095 684 2121 mihi
696 2095 817 2130 meisque
831 2095 914 2121 multa
928 2103 1007 2130 saepe

214 2131 376 2166 scripsisses,
397 2131 498 2158 veritus
515 2140 586 2163 sum,
602 2140 643 2163 ne,
660 2132 682 2158 si
697 2140 746 2167 ego
758 2141 890 2167 gravarer,
906 2137 952 2158 aut
964 2133 1008 2158 in-

213 2173 319 2204 gratum
331 2168 358 2195 id
369 2173 415 2195 aut
424 2169 571 2203 superbum
584 2168 726 2195 videretur.
749 2169 809 2201 Sed,
824 2169 890 2196 dum
904 2169 1006 2196 fuimus

213 2214 274 2237 una,
295 2210 324 2232 tu
342 2206 460 2240 optimus
478 2215 506 2232 es
525 2206 608 2237 testis,
629 2215 710 2241 quam
731 2206 826 2233 fuerim
844 2211 1004 2241 occupatus3

213 2245 238 2269 5.
263 2247 292 2269 ut
310 2247 398 2269 autem
414 2252 428 2269 a
448 2247 472 2269 te
489 2243 610 2274 discessi,
630 2244 658 2270 in
673 2244 809 2270 Graeciam
825 2244 1004 2278 proficiscens,

212 2288 298 2315 quum
319 2288 398 2315 opera
420 2289 477 2306 mea
491 2289 539 2307 nec
552 2280 703 2315 respublica
717 2289 764 2307 nec
778 2282 856 2308 amici
870 2286 1007 2307 uterentur

215 2326 261 2343 nec
283 2317 392 2344 honeste
410 2318 478 2344 inter
495 2326 567 2344 arma
581 2318 679 2344 versari
694 2327 809 2353 possem,
826 2327 858 2344 ne
872 2319 895 2344 si
909 2323 965 2344 tuto
978 2317 1006 2344 id

213 2354 322 2389 quidem
341 2354 407 2381 mihi
425 2354 522 2386 liceret,
543 2360 572 2381 ut
591 2356 651 2381 veni
669 2355 771 2382 Veliam
789 2360 889 2390 tuaque
906 2360 932 2382 et
946 2359 1006 2382 tuos

215 2391 278 2422 vidi,
294 2391 445 2418 admonitus
456 2392 538 2418 huius
551 2393 619 2419 aeris
633 2392 712 2419 alieni
727 2392 800 2419 nolui
814 2392 907 2419 deesse
921 2401 953 2419 ne
967 2397 1007 2419 ta—

213 2429 278 2454 citae
300 2428 410 2463 quidem
432 2428 586 2465 flagitationi
604 2434 673 2456 tuae.
713 2430 805 2464 Itaque
822 2430 899 2461 haec,
919 2438 1006 2465 quum

215 2473 318 2491 mecum
345 2465 426 2492 libros
456 2475 509 2493 non
533 2467 667 2498 haberem,
692 2467 820 2493 memoria
841 2467 951 2502 repetita
977 2467 1005 2493 in

213 2503 271 2536 ipsa
285 2503 451 2538 navigatione
464 2505 611 2539 conscripsi
625 2504 727 2539 tibique
741 2512 775 2530 ex
788 2505 881 2530 itinere
892 2504 963 2535 misi,
976 2507 1006 2530 ut

214 2547 271 2564 mea
293 2538 430 2574 diligentia
448 2541 631 2567 mandatorum
651 2546 757 2567 tuorum
777 2545 801 2567 te
818 2549 935 2576 quoque,
955 2541 1004 2567 etsi

213 2575 374 2602 admonitore
388 2585 440 2603 non
454 2586 525 2613 eges,
541 2578 573 2604 ad
587 2579 742 2604 memoriam
757 2582 905 2604 nostrarum
915 2586 1004 2604 rerum

212 2612 364 2639 excitarem.
399 2613 450 2640 Sed
462 2615 514 2641 iam
528 2619 634 2650 tempus
648 2620 688 2642 est
701 2615 733 2641 ad
748 2615 784 2645 id,
800 2615 873 2650 quod
886 2615 1006 2642 institui-

213 2658 283 2680 mus,
299 2649 430 2676 accedere.

267 2687 297 2713 Π.
313 2688 337 2713 6.
359 2686 448 2719 Quum
462 2689 549 2715 omnis
567 2689 632 2715 ratio
645 2688 759 2724 diligens
774 2688 922 2715 disserendi
937 2689 1004 2714 duas

1041 161 1281 188 {curiosis

1068 231 1160 257 habeat
1167 236 1262 266 parton.
1272 239 1351 257 unam
1359 231 1519 262 inveniendi.
1528 232 1634 260 alteram
1642 233 1855 265 indic-admiri-

1068 276 1154 303 usque
1173 269 1304 303 princeps.
1323 273 1351 294 ut
1369 269 1434 295 milii
1449 270 1557 304 quidem
1573 270 1685 300 videtur.
1703 272 1855 299 Aristoteles

1043 316 1045 347 Ι
1067 305 1126 331 fuit.
1153 305 1232 331 Stoici
1248 310 1335 331 autem
1351 306 1376 332 in
1391 306 1469 332 altera
1484 307 1698 334 elaboraverunt:
1721 309 1854 336 iudicandi

1042 349 1045 380 1
1066 343 1137 368 enim
1153 343 1208 368 vias
1222 342 1365 375 diligenter
1379 345 1509 377 persecuti
1524 349 1586 371 sunt
1599 353 1628 370 ea
1643 346 1760 376 scientia,
1773 355 1854 381 quam

1067 379 1223 412 διαλεκτικήν
1245 379 1392 414 appellant·,
1419 381 1572 407 inveniendi
1597 391 1658 408 vero
1676 388 1768 412 artem.
1787 392 1855 418 quae

1066 416 1156 449 τοπική
1170 417 1277 446 dicitur,
1289 425 1412 452 quaeque
1425 418 1458 443 ad
1474 426 1552 444 usum
1568 420 1652 453 potior
1665 425 1753 446 eratet
1764 420 1856 447 ordine

1066 457 1174 479 naturae
1187 459 1255 480 certe
1270 455 1348 488 prior,
1365 459 1444 480 totam
1459 455 1632 490 reliquerunt.
1654 458 1678 483 7.
1693 458 1745 483 Nos
1756 463 1853 487 nutem.

1065 491 1190 525 quoniam
1214 492 1240 517 in
1260 496 1370 526 utraque
1384 500 1488 518 summa
1504 492 1602 519 utilitas
1616 499 1690 520 estet
1705 499 1854 530 utramque,

1065 529 1087 554 si
1106 529 1156 554 erit
1172 529 1265 558 otium,
1283 530 1407 563 persequi
1423 530 1580 565 cogitamus,
1597 531 1630 556 ab
1644 540 1682 561 ea.
1702 540 1771 567 quae
1786 533 1856 568 prior

1065 569 1113 595 cst,
1129 565 1273 592 ordiemur.
1315 566 1346 592 Ut
1360 566 1441 601 igitur
1450 575 1540 593 earum
1555 576 1652 597 rerum,
1665 577 1733 603 quae
1744 570 1856 596 abscon-

1064 602 1134 629 ditae
1148 608 1219 634 sunt,
1233 603 1412 629 demonstrato
1425 609 1450 630 et
1464 609 1550 630 notato
1561 604 1625 635 loco,
1643 604 1727 632 facilia
1738 607 1856 633 inventio

1064 644 1116 671 est,
1132 641 1179 671 sic,
1195 649 1280 675 quum
1295 641 1473 677 pervestigare
1487 647 1673 676 argumentum
1686 642 1795 678 aliquod
1810 652 1856 670 vo-

1065 676 1163 709 lumus,
1183 677 1252 704 locos
1267 686 1343 704 nosse
1357 678 1500 705 debemus:
1523 680 1561 705 sic
1578 680 1649 705 enim
1663 680 1809 715 appellatae
1823 681 1856 707 ab

1063 714 1203 741 Aristotele
1218 720 1281 741 sunt
1299 724 1344 741 cae
1362 717 1438 750 quasi
1458 715 1543 744 sedes,
1560 725 1574 742 e
1587 717 1687 751 quibus
1701 723 1855 753 argumenta

1064 757 1232 786 promuntur.
1263 754 1288 778 8.
1314 753 1403 787 ltaque
1423 753 1483 779 licet
1501 753 1619 783 delinire,
1641 753 1727 780 locum
1742 764 1800 781 esse
1813 764 1856 781 ar·

1063 790 1184 824 gumenti
1196 789 1300 818 sedem;
1323 795 1510 823 argumentum
1522 795 1609 817 autem
1621 792 1774 822 orationem,
1786 800 1854 827 quae

1063 827 1100 852 rei
1119 826 1216 853 dubiae
1236 826 1312 853 faciat
1330 827 1419 853 [idem.
1461 828 1512 853 Sed
1530 836 1563 854 ex
1578 829 1609 854 iis
1625 828 1697 858 locis,
1714 830 1740 855 in
1754 830 1854 864 quibus

1033 874 1035 881 ¹
1063 868 1216 899 argumenta
1235 863 1337 890 inclusa
1355 869 1426 894 sunt,
1447 864 1491 891 alii
1510 866 1536 891 in
1555 874 1586 891 eo
1603 865 1669 900 ipso,
1685 866 1718 892 de
1731 875 1786 901 quo
1798 867 1855 901 agi-

1033 919 1035 924 .
1064 905 1114 931 tur,
1140 901 1256 932 haerent,
1276 901 1320 927 alii
1339 907 1515 928 assumuntur
1527 903 1701 929 extrinsecus.

1063 943 1119 964 tum
1134 946 1167 964 ex
1181 942 1242 969 toto,
1259 943 1315 965 tum
1330 947 1363 965 ex
1377 939 1498 974 partibus
1511 939 1578 970 eius,
1595 945 1651 966 tum
1665 949 1699 967 ex
1712 904 1853 971 nJg‚¹i)=ffri

1063 984 1096 1002 ex
1114 975 1156 1002 his
1175 975 1262 1007 rebus,
1283 984 1351 1011 quae
1365 977 1562 1011 quodammodo
1575 977 1679 1003 affectae
1693 983 1756 1004 sunt
1769 978 1800 1004 ad
1816 978 1851 1007 id.

1062 1012 1095 1039 de
1113 1021 1167 1048 quo
1184 1014 1331 1048 quaeritur.
1371 1014 1545 1040 Extrinsecus
1563 1019 1650 1040 autem
1664 1023 1693 1041 ea
1707 1015 1852 1045 ducuntur,

1062 1058 1131 1085 quae
1151 1050 1249 1077 absunt
1271 1050 1402 1086 longeque
1420 1051 1551 1077 disiuncta
1570 1056 1642 1078 sunt.
1670 1053 1695 1078 9.
1715 1052 1766 1079 Sed
1781 1052 1854 1079 adid

1063 1092 1155 1118 totum,
1181 1087 1214 1114 de
1235 1096 1290 1123 quo
1313 1088 1461 1119 disseritur,
1487 1093 1542 1115 tum
1565 1088 1684 1115 delinitio
1702 1089 1851 1120 adhibetur,

1061 1133 1130 1160 quae
1151 1125 1229 1160 quasi
1247 1124 1397 1152 involutum
1416 1125 1515 1152 evolvit
1536 1126 1572 1156 id,
1589 1126 1621 1152 de
1635 1135 1690 1161 quo
1702 1127 1852 1162 quaeritur3

1062 1163 1120 1189 eius
1134 1163 1284 1198 argumenti
1299 1162 1359 1189 talis
1372 1168 1412 1189 est
1423 1162 1550 1189 formula:
1567 1164 1610 1189 lus
1620 1164 1699 1190 civile
1712 1169 1752 1190 est
1762 1165 1854 1199 aequi-

1062 1204 1100 1226 tas
1119 1200 1260 1226 constituta
1275 1201 1317 1231 iis,
1338 1201 1386 1235 qui
1404 1200 1525 1226 eiusdem
1544 1201 1659 1227 civitatis
1678 1206 1749 1231 sunt,
1765 1201 1798 1227 ad
1813 1210 1853 1228 res

1061 1246 1124 1263 suas
1142 1237 1313 1269 obtinendas;
1335 1238 1394 1264 eius
1412 1242 1500 1264 autem
1515 1238 1655 1272 aequitatis
1670 1238 1743 1264 utilis
1757 1243 1796 1264 est
1809 1247 1854 1265 co·

1060 1275 1158 1310 gnitio:
1181 1274 1255 1301 utilis
1273 1279 1313 1301 est
1331 1283 1393 1311 ergo
1410 1276 1477 1301 iuris
1490 1275 1579 1301 civilis
1593 1275 1716 1301 scientia:
1740 1277 1780 1301 ⁴0.
1796 1280 1852 1302 tum

1061 1313 1176 1346 partium
1196 1312 1372 1343 enumeratio,
1397 1320 1466 1347 quae
1492 1317 1617 1338 tractatur
1642 1312 1692 1338 hoc
1707 1312 1798 1339 modo:
1825 1312 1853 1339 Si

1061 1357 1147 1384 neque
1165 1357 1246 1375 censu
1261 1357 1308 1375 nec
1322 1349 1438 1376 vindicta
1458 1357 1506 1375 nec
1520 1354 1675 1376 testamento
1689 1349 1756 1376 liber
1769 1349 1853 1376 lactus

1060 1391 1108 1417 cst,
1125 1394 1177 1413 non
1191 1391 1231 1413 est
1246 1386 1326 1415 liber:
1348 1395 1435 1422 neque
1449 1391 1489 1413 est
1502 1386 1556 1413 ulla
1570 1395 1661 1413 earum
1675 1395 1778 1413 rerum:
1801 1396 1852 1414 non

1060 1428 1099 1450 est
1120 1424 1203 1459 igitur
1221 1424 1300 1456 liber,
1323 1428 1380 1450 tum
1399 1424 1504 1455 notatio,
1524 1432 1610 1459 quum
1628 1432 1662 1451 ex
1679 1425 1705 1450 vi
1723 1424 1797 1451 verbi
1811 1433 1854 1451 ar-

1059 1466 1218 1496 gumentum
1240 1461 1348 1496 aliquod
1370 1461 1488 1493 elicitur,
1513 1461 1562 1488 hoc
1583 1461 1676 1488 modo:
1701 1460 1790 1494 Quum
1810 1461 1853 1488 lex

1060 1498 1169 1525 assiduo
1187 1498 1320 1525 vindicem
1340 1499 1479 1525 assiduum
1497 1507 1556 1525 esse
1574 1499 1672 1529 iubeat,
1694 1498 1852 1534 locupletem

1060 1536 1134 1562 iubet
1158 1535 1296 1570 locupleti;
1324 1535 1442 1571 locuples
1464 1537 1534 1562 enim
1553 1541 1594 1562 est
1611 1536 1750 1567 assiduus,
1770 1541 1799 1562 ut
1817 1537 1853 1562 ait

1060 1572 1166 1604 Aelius,
1194 1573 1343 1608 appellatus
1365 1574 1398 1599 ab
1421 1581 1479 1599 asse
1500 1573 1597 1599 dando.
1644 1574 1687 1600 111.
1715 1573 1853 1600 Ducuntur

1060 1611 1139 1636 etiam
1154 1615 1308 1646 argumenta
1323 1618 1356 1636 ex
1369 1611 1402 1636 iis
1417 1610 1505 1641 rebus,
1521 1619 1590 1645 quae
1603 1610 1800 1645 quodammodo
1813 1610 1853 1637 al'-

1061 1646 1142 1674 fectae
1156 1652 1219 1673 sunt
1233 1647 1265 1673 ad
1279 1647 1315 1676 id.
1331 1647 1364 1673 de
1374 1656 1429 1682 quo
1438 1649 1583 1682 quaeritur.
1619 1649 1659 1674 Η.
1681 1647 1733 1674 Sed
1747 1648 1853 1684 hocge-

1060 1693 1111 1711 nus
1122 1685 1149 1710 in
1163 1684 1254 1719 plures
1268 1689 1355 1719 partes
1369 1685 1543 1711 distributum
1557 1690 1606 1711 est.
1647 1685 1713 1711 Nam
1727 1684 1778 1711 alia
1789 1693 1853 1712 eon-

1059 1722 1148 1758 iugata
1159 1721 1392 1756 appellamus,a1ia
1407 1731 1440 1748 ex
1458 1730 1564 1757 genere,
1577 1721 1627 1748 alia
1641 1730 1675 1748 ex
1689 1721 1781 1753 forma,
1801 1722 1851 1748 alia

1059 1767 1092 1785 ex
1109 1759 1296 1789 similitudine,
1316 1759 1367 1785 alia
1382 1768 1416 1786 ex
1429 1759 1584 1790 differentia,
1599 1759 1650 1786 alia
1663 1768 1697 1786 ex
1710 1760 1848 1790 contrario,

1059 1796 1109 1822 alia
1123 1804 1156 1823 ex
1169 1796 1310 1826 adiunctis,
1327 1796 1377 1823 alia
1392 1805 1425 1823 ex
1438 1796 1664 1827 antecedentibus,
1679 1796 1729 1823 alia
1743 1805 1776 1823 ex
1788 1805 1853 1823 oon—

1058 1833 1244 1868 sequentibus,
1265 1833 1315 1859 alia
1334 1842 1368 1860 ex
1386 1833 1606 1869 repugnantibus,
1627 1834 1676 1860 alia
1690 1842 1724 1860 ex
1736 1834 1848 1863 caussis.

1058 1870 1108 1897 alia
1132 1879 1165 1897 ex
1186 1870 1298 1901 effectis,
1323 1870 1373 1897 alia
1391 1879 1425 1897 ex
1445 1871 1639 1905 comparatione
1657 1871 1787 1897 maiorum
1806 1875 1851 1897 aut

1058 1908 1162 1943 parium
1177 1912 1222 1934 aut
1237 1909 1380 1934 minorum.
1416 1910 1455 1934 ⁴2.
1476 1908 1620 1944 Coniugata
1631 1907 1766 1939 dicuntur,
1781 1916 1851 1943 quae

1058 1950 1120 1971 sunt
1142 1953 1176 1971 ex
1198 1945 1286 1971 verbis
1310 1946 1416 1981 generis
1438 1945 1568 1971 eiusdem.
1612 1945 1739 1971 Eiusdem
1762 1950 1850 1971 autem

1057 1983 1162 2018 generis
1181 1982 1261 2008 verba
1279 1987 1350 2013 sunt,
1371 1990 1440 2017 quae
1457 1987 1512 2009 orta
1530 1982 1563 2008 ab
1577 1990 1631 2008 uno
1644 1983 1716 2008 varie
1729 1990 1851 2009 commu-

1059 2024 1159 2050 tantur,
1181 2024 1210 2046 ut
1227 2020 1343 2054 sapiens,
1363 2019 1504 2054 sapienter,
1526 2020 1665 2054 sapientia.
1705 2019 1774 2045 Haec
1790 2028 1851 2046 ver-

1058 2057 1153 2083 borum
1170 2057 1321 2092 coniugatio
1338 2058 1447 2092 σι-ζυγιά
1461 2056 1567 2087 dicitur,
1583 2065 1616 2083 ex
1629 2065 1681 2092 qua
1695 2056 1849 2083 huiusmodi

1057 2098 1097 2120 est
1119 2099 1320 2129 argumentum:
1342 2093 1369 2119 Si
1391 2102 1568 2128 compascuus
1590 2102 1652 2130 ager
1673 2098 1725 2125 est,
1749 2094 1792 2120 ius
1810 2099 1850 2120 est

1058 2139 1235 2166 compascere.
1267 2133 1306 2157 ⁴3.
1327 2131 1348 2157 A
1361 2139 1456 2166 genere
1470 2131 1509 2157 sic
1522 2131 1642 2157 ducitur:
1663 2130 1794 2163 Quoniam
1808 2139 1850 2157 ar-

1057 2173 1168 2204 gentum
1186 2177 1264 2194 omne
1279 2167 1385 2194 mulieri
1400 2168 1516 2203 legatum
1530 2173 1578 2199 est,
1596 2177 1648 2194 non
1662 2172 1747 2203 potest
1759 2176 1788 2194 ea
1802 2176 1849 2203 pe-

1058 2206 1144 2236 cunia,
1169 2214 1238 2240 quae
1256 2209 1393 2231 numerata
1412 2205 1484 2231 domi
1502 2205 1591 2232 relicta
1605 2210 1652 2236 est,
1673 2213 1724 2231 non
1738 2213 1797 2231 esse
1812 2205 1850 2232 1oe

1056 2247 1129 2278 gatag
1152 2241 1236 2269 forma
1249 2242 1320 2268 enirn
1335 2251 1349 2268 a
1361 2251 1466 2278 genere,
1482 2242 1570 2277 quoad
1583 2250 1662 2269 suum
1677 2250 1773 2268 nomen
1787 2243 1850 2269 reti-

1058 2284 1110 2311 net,
1130 2288 1278 2314 numquam
1296 2280 1455 2315 seiungitur,
1476 2284 1611 2306 numerata
1629 2284 1717 2305 autem
1737 2280 1849 2314 pecunia

1058 2325 1153 2343 nomen
1171 2317 1272 2352 argenti
1291 2317 1398 2343 retinet:
1421 2316 1505 2352 legata
1519 2317 1600 2352 igitur
1612 2315 1727 2342 videtur.
1768 2318 1807 2343 tt.
1827 2317 1848 2343 Α

1058 2353 1140 2380 forma
1158 2354 1272 2389 generis,
1293 2362 1374 2389 quam
1387 2353 1531 2384 interdum,
1547 2361 1601 2388 quo
1614 2353 1721 2388 planius
1735 2355 1849 2388 accipia-

1057 2395 1108 2422 tur,
1128 2396 1230 2426 partem
1249 2391 1310 2417 licet
1323 2391 1467 2421 nominare,
1484 2390 1534 2417 hoc
1546 2390 1638 2417 modo:
1661 2390 1689 2417 Si
1704 2391 1739 2417 ita
1752 2391 1848 2417 Fabiae

1056 2429 1168 2463 pecunia
1187 2428 1272 2464 legata
1290 2433 1331 2454 est
1347 2437 1361 2454 a
1380 2429 1445 2458 viro,
1461 2427 1484 2453 si
1497 2428 1522 2453 ei
1535 2428 1593 2453 viro
1606 2435 1673 2454 uxor
1686 2427 1849 2454 materiami-

1057 2465 1105 2492 lias
1119 2470 1197 2496 esset,
1206 2466 1229 2491 si
1243 2474 1273 2491 ea
1286 2466 1314 2491 in
1328 2473 1437 2491 manum
1450 2473 1502 2490 non
1516 2469 1682 2495 convenerat,
1691 2465 1757 2491 nihil
1767 2464 1848 2491 debe-

1056 2507 1108 2529 tur.
1130 2502 1223 2529 Genus
1239 2501 1330 2539 [enim]
1349 2506 1389 2528 est
1406 2509 1486 2534 uxor;
1508 2502 1566 2528 eius
1579 2501 1648 2528 duae
1661 2501 1773 2528 formae:
1794 2510 1846 2528 una

1056 2539 1288 2566 matrumfamilias
1301 2547 1401 2569 earum,
1413 2539 1520 2573 quaein
1532 2547 1641 2565 manum
1651 2543 1844 2570 convena-uun

1055 2576 1135 2603 altera
1157 2585 1261 2608 earum,
1286 2585 1355 2611 quae
1378 2575 1562 2602 tantummodo
1583 2584 1680 2602 uxores
1703 2575 1844 2602 habentur.

1055 2613 1112 2646 Qua
1130 2614 1157 2640 in
1175 2618 1248 2648 parte
1264 2621 1349 2648 quum
1369 2612 1447 2639 suerit
1461 2613 1554 2643 Fabia,
1571 2612 1687 2648 legatum
1700 2613 1725 2639 ei
1739 2621 1790 2640 non
1805 2614 1847 2639 vi-

1054 2650 1141 2677 detur.
1177 2652 1218 2676 45.
1241 2651 1263 2677 Α
1280 2649 1457 2677 similitudine
1475 2649 1525 2676 hoc.
1541 2650 1633 2676 modo:
1661 2649 1689 2676 Si
1707 2649 1786 2676 aedes
1799 2658 1846 2676 eae

1053 2692 1210 2714 corruerunt
1232 2687 1361 2714 vitiumve
1384 2686 1514 2717 recerunt,
1541 2695 1654 2722 quarum
1674 2686 1845 2714 ususfructus
