1941 3052
246 176 293 201 :392
817 178 858 202 ²38.
895 176 928 202 M.
963 176 993 202 T.

1029 176 1304 203 ‹ztct-:ttosts

244 250 315 276 aunt,
334 245 358 272 iil
372 245 546 280 qnodoinnvs
558 245 716 280 intelligunt.
734 246 799 280 quid
811 247 834 272 ci
848 245 951 272 tandem
963 245 1035 273 aliud
1062 248 1065 276 1
1087 248 1205 274 ctoritate
1219 247 1405 275 advocatorum
1420 253 1445 275 vt
1460 249 1484 275 vi
1504 254 1693 276 tormentorum
1711 249 1831 280 adducti.
1851 251 1878 280 in

245 291 314 309 mors
329 284 426 317 cripuit
441 288 542 317 praeter
556 292 664 308 setinum
679 283 797 309 doloris?
815 283 893 310 Lxu.
909 284 965 310 072.
981 284 1036 319 Age
1056 294 1065 313 *l
1090 285 1198 311 veritate
1217 290 1385 315 triano-arunt.
1409 295 1495 321 nequ(-
1514 296 1542 312 se
1559 287 1708 322 quidquam
1723 288 1790 314 scin
1802 287 1879 315 dixe-

245 328 318 349 vero.
341 329 471 346 vem-num
492 329 537 354 per
551 329 630 354 «piem
644 319 756 346 daturin?
781 329 827 354 per
843 321 876 346 M.
892 320 1034 347 Asellium.

1063 322 1065 327 ⁴
1088 326 1158 348 runt.

243 357 313 388 Quid
329 357 391 383 huic
404 366 464 382 cuin
482 358 576 383 Avito?
602 357 683 383 uiliil:
705 362 784 391 atque
801 357 880 388 1111οο,
900 357 972 392 quod
991 357 1036 384 itte
1056 382 1065 392 U

243 394 389 428 Oppianico
408 393 615 420 familiarissimo
635 399 675 419 est
695 403 774 425 unus,
800 394 888 428 potius
904 395 983 421 etiam
999 395 1036 421 si·
1063 420 1064 427 ,

244 431 350 457 multus.
373 431 437 456 Eine
451 431 540 465 igitur.
557 440 637 465 quern
651 431 703 457 sibi
715 431 891 462 offensiorem.
907 432 1036 467 Oppiani·
1056 433 1057 439 ¹

241 477 272 493 co
289 467 526 494 farnilinrissitnuni
541 468 718 498 111-1011010550,
736 469 906 503 potissimum
918 474 944 495 et
953 478 1034 496 suum

242 504 330 531 scelus
349 509 374 530 et
393 504 465 531 illius
485 505 633 539 periculum
647 505 848 532 commitebat?
873 506 926 533 Cur
939 506 1035 533 deinde

243 546 283 572 tu.
309 541 355 576 qui
380 542 475 576 pit-tato
493 542 525 568 ad
544 542 724 569 accusandum
743 544 874 570 excitatus
897 553 938 574 08.
965 544 1035 570 bunc

242 579 372 605 Asellium
391 588 450 605 esse
469 579 584 606 inultum
605 580 704 606 tamdiu
724 580 810 607 sinis?
835 590 883 607 cur
897 591 948 608 non
963 582 1035 608 Aviti

241 616 364 651 exemplo
378 625 444 642 usus
458 625 499 648 05,
520 622 548 644 ut
563 625 609 651 per
628 617 718 649 illurn.
738 619 785 652 qui
805 618 936 645 attulisset
956 628 1035 646 vene-

242 661 319 684 110111,
340 653 373 680 de
393 654 440 680 1100
460 654 703 688 praejudicaretur?
736 656 792 682 ⁴73.
814 656 866 682 lain
887 665 948 683 vero
967 656 1034 683 illud

240 699 320 725 quam
333 700 384 717 non
397 691 542 726 probabile,
552 701 632 727 quam
645 693 810 723 inusitatum.
825 693 937 724 iudices,
953 702 1033 729 quam

241 737 350 759 novum.
368 729 393 755 in
409 738 475 763 pane
489 729 580 755 datum
597 731 743 756 vencnum!
772 730 923 757 faciliusne
938 733 1032 766 potuit.

239 774 320 800 quam
335 766 362 792 in
378 766 491 801 poculo?
505 766 584 793 latius
595 768 689 802 potuit.
705 767 825 794 abditum
838 768 927 804 aliqua
938 769 965 795 111
975 778 1034 804 par-

241 807 265 829 to
279 803 364 837 puniri.
380 812 460 838 quam
476 804 499 830 si
515 808 597 831 1010111
609 804 825 840 colliquefactum
838 806 864 832 in
875 807 980 841 potione
991 815 1034 832 es-

239 840 297 866 set'?
305 840 418 867 celerius
430 842 515 876 potuit
524 846 682 873 comestum.
691 851 771 877 quani
783 847 901 878 epotum.
914 844 940 870 in
953 853 1033 870 venas
1054 853 1055 856 ¹

239 882 318 912 atque
337 878 364 904 in
382 887 474 905 omnes
494 884 579 914 partes
598 880 715 914 corporis
730 880 902 915 permanare?
928 881 1033 908 facilius

241 914 330 941 fallere
349 916 375 942 in
395 924 461 951 pane
478 916 511 952 (si
526 921 596 943 esset
609 917 836 953 animadversum)
849 927 929 953 quam
944 919 971 945 in
987 928 1034 954 po-

238 952 307 983 culo.
323 962 408 988 quum
424 954 458 979 ita
473 954 616 980 confusum
630 960 712 986 esset.
730 960 757 982 ut
771 957 872 982 secerni
889 955 963 982 nullo
977 965 1034 983 1110-
1053 975 1055 985 .

239 989 273 1016 110
287 990 395 1025 posset?
417 991 449 1017 At
463 993 598 1026 repentina
614 997 697 1019 morte
712 993 800 1027 periit.
842 994 898 1020 ΓΜ.
919 993 995 1026 Quod
1009 994 1032 1020 si

238 1032 308 1054 esset
323 1028 357 1054 ita
372 1027 480 1060 facturn,
497 1034 583 1056 tamen
594 1039 623 1056 ea
635 1039 676 1056 res
687 1035 793 1065 propter
804 1031 949 1058 multorum
960 1032 1034 1057 eius·
1053 1055 1055 1061 .

210 1080 215 1086 ·
239 1065 310 1091 modi
331 1070 440 1092 mortem
459 1068 524 1093 satis
543 1068 645 1094 lii-mam
666 1069 760 1094 veneni
778 1069 958 1103 suspicionem
981 1078 1031 1095 non

239 1101 355 1129 liaberet.
377 1103 405 1129 Si
419 1109 490 1130 esset
503 1105 692 1139 suspiciosum.
710 1111 796 1132 tamen
811 1107 843 1132 ad
855 1106 920 1133 alios
931 1107 1030 1141 potius.
1053 1123 1054 1137 ;

237 1148 318 1175 quam
334 1140 366 1166 ad
380 1141 488 1167 Avitum
505 1143 655 1176 pertineret.
678 1144 775 1169 Verum
787 1144 814 1170 in
828 1152 859 1170 eo
873 1144 931 1178 ipso
946 1144 1033 1170 homi-

239 1185 285 1204 nes
299 1178 533 1213 impudentissime
545 1181 720 1207 mentiuntur.
743 1181 770 1207 ld
783 1186 811 1207 ut
823 1181 991 1217 intelligatis).
1007 1186 1033 1208 et

238 1219 348 1242 mortem
363 1216 430 1248 eius.
446 1221 480 1247 et.
496 1217 723 1252 quemadmodum
739 1223 797 1253 post
809 1223 918 1245 mortem
929 1219 957 1246 in
968 1219 1033 1246 Avi·
1053 1249 1054 1253 Ἰ

238 1256 294 1279 10111
309 1253 344 1279 511
357 1254 457 1280 crimen
471 1263 485 1280 a
500 1259 582 1281 matre
596 1256 760 1290 quaesitum,
776 1257 936 1292 cognoscite.

295 1291 351 1316 ⁴75.
367 1290 456 1322 Quum
471 1300 556 1327 vagus
570 1297 595 1318 et
609 1293 685 1319 exsul
699 1298 804 1324 erraret.
821 1298 900 1329 atque
912 1293 1032 1329 undique

236 1326 364 1354 exclusus
378 1327 555 1363 Oppianicus,
576 1330 603 1356 in
622 1330 764 1357 Falernum
783 1340 811 1357 sc
829 1331 862 1358 ad
881 1331 911 1358 C.
925 1331 1032 1364 Quinti-

238 1364 304 1391 lium
318 1366 490 1393 contulisset:
517 1367 555 1393 ibi
570 1367 688 1401 primum
703 1368 729 1394 in
744 1369 868 1395 morbum
883 1369 986 1400 incidit,
1002 1378 1032 1395 ac

236 1403 300 1429 satis
315 1403 485 1430 vehementer
499 1403 600 1439 diuque
614 1406 768 1441 aegrotavit.
790 1406 880 1438 Quum
894 1411 964 1433 esset
978 1415 1030 1434 una

236 1439 335 1471 Sassia,
351 1445 376 1466 et
390 1440 474 1468 Statio
484 1441 562 1468 Albio
575 1442 690 1477 quodam
703 1443 804 1474 colono,
821 1443 929 1470 homine
940 1443 1032 1471 valen-

235 1481 269 1508 te.
285 1477 332 1512 qui
347 1478 427 1504 simul
443 1487 501 1505 esse
515 1479 624 1510 solebat.
642 1479 799 1507 familiarius
811 1486 938 1513 1110101111,
949 1490 1031 1517 quam

236 1515 278 1541 vir
290 1515 533 1548 dissolutissimus,
550 1517 678 1544 incolumi
694 1517 806 1549 toi-tuna.
822 1519 876 1553 pati
891 1524 989 1554 posset.
1005 1524 1032 1546 et

234 1552 277 1578 ius
291 1552 361 1579 illud
375 1554 536 1581 matrimonii
550 1559 653 1581 castum
667 1560 747 1590 atque
759 1555 910 1592 legitimum
920 1556 1032 1583 damna-

234 1590 305 1616 tione
319 1591 369 1616 viri
384 1591 521 1618 sublatum
531 1592 715 1619 arbitraretur:
732 1594 896 1620 Nicostratus
907 1594 1028 1629 quidam.

235 1627 321 1653 tidelis
345 1627 485 1663 Oppianici
508 1629 647 1661 servulus,
676 1632 847 1665 percuriosus
870 1636 896 1658 et
919 1632 1031 1658 minime

235 1664 358 1696 mendax.
367 1665 450 1692 multa
463 1666 561 1693 dicitur
570 1668 722 1694 renuntiare
733 1668 842 1695 domino
851 1668 948 1695 solitus
959 1677 1028 1696 esse.

233 1702 334 1729 Interea
352 1702 516 1738 Oppianicus
534 1712 619 1739 quum
638 1705 690 1731 iam
709 1705 917 1737 convalesceret,
942 1715 1030 1742 neque
1050 1734 1052 1740 ,

233 1740 260 1766 in
275 1739 387 1766 Falerno
405 1741 603 1775 improbitatem
620 1741 706 1769 coloni
725 1743 828 1769 diutius
847 1742 914 1770 ferre
928 1748 1027 1778 posset,

233 1781 259 1803 et
272 1776 325 1803 huc
339 1777 371 1803 ad
386 1777 484 1804 Urbem
498 1778 634 1813 profectus
647 1784 727 1811 esset,
743 1780 855 1815 (solebat
868 1781 941 1807 enim
956 1786 1029 1808 extra
1050 1795 1051 1800 =

232 1818 335 1849 portam
354 1814 458 1849 aliquid
478 1815 574 1842 habere
593 1816 738 1851 conducti.)
762 1817 890 1844 cecidisse
909 1827 942 1845 ex
959 1827 1030 1854 equo

232 1851 343 1883 dicitur.
365 1856 390 1878 et
409 1852 487 1879 homo
504 1853 610 1880 infirma
629 1853 781 1881 valetudine
800 1854 868 1881 latus
886 1855 1029 1882 otlendisse

233 1888 414 1921 vehementer,
430 1895 464 1921 et.
480 1894 654 1926 posteaquam
669 1891 701 1918 ad
712 1891 809 1919 Urbem
823 1901 886 1919 cum
900 1892 969 1920 febri
982 1902 1030 1920 ve-

233 1926 314 1958 nerit,
330 1927 424 1961 paucis
438 1927 535 1954 diebus
551 1937 609 1954 esse
624 1933 755 1956 mortuus.
790 1930 882 1956 Mortis
895 1931 969 1962 ratio.
986 1931 1030 1957 iu—

231 1963 318 1994 dices.
339 1964 471 1991 eiusmodi
486 1969 539 1996 051,
561 1970 590 1992 ut
603 1971 648 1993 aut
662 1966 728 1993 nibil
744 1966 840 1994 habeat
853 1969 1026 2002 suspicionis,

232 2005 286 2032 aut.
303 2002 326 2027 si
341 2001 408 2036 quid
422 2001 510 2033 habet,
526 2002 555 2029 id
568 2003 636 2029 intra
652 2005 766 2038 parietes
777 2005 805 2031 in
815 2004 961 2032 domestico
970 2014 1029 2032 sce-

233 2037 286 2065 lere
306 2043 436 2065 versetur.
476 2040 568 2066 Lxffl.
587 2041 643 2067 ⁴76.
664 2041 725 2068 Post
739 2046 852 2069 mortem
867 2043 926 2069 eius
939 2043 1028 2070 Sassta

231 2076 321 2102 statim
332 2075 420 2103 moliri
430 2076 528 2103 nefaria
539 2077 636 2104 mulier
645 2079 732 2114 coepit
740 2079 853 2106 insidias
865 2080 933 2107 tilio:
946 2089 1030 2115 quae-

231 2113 345 2140 stionem
359 2113 457 2140 habere
471 2114 504 2141 de
518 2115 569 2141 viri
584 2120 667 2142 morte
681 2117 828 2143 constituit.
862 2117 935 2144 Emit
947 2118 980 2144 de
994 2118 1026 2145 A.

233 2150 348 2185 Rupilio,
363 2159 418 2186 quo
428 2156 484 2178 erat
494 2160 562 2179 usus
573 2152 739 2188 Oppianicus
749 2154 861 2186 medico,
878 2155 1027 2182 Stratonem

229 2188 390 2223 quemdam,
413 2189 491 2224 quasi
513 2194 543 2216 ut
564 2190 636 2216 idem
660 2190 768 2221 faceret.
794 2192 866 2227 quod
885 2192 981 2219 Avitus
999 2194 1027 2219 in

230 2225 343 2252 emendo
357 2226 473 2262 Diogene
488 2226 593 2254 fecerat.
615 2228 652 2254 De
667 2228 715 2255 hoc
729 2228 850 2256 Stratone
864 2234 889 2256 et
902 2229 935 2256 de
949 2230 1027 2256 Ascla

229 2262 346 2298 quodam
361 2272 438 2290 servo
451 2273 500 2291 suo
513 2265 695 2300 quaesituram
709 2274 769 2292 esse
782 2266 861 2293 dixit.
892 2268 1027 2294 Praeterea

229 2309 339 2327 servum
353 2300 431 2328 illum
446 2302 638 2333 Nicostratum.
657 2311 740 2338 quem
758 2304 873 2331 nimium
888 2304 1026 2340 loquacem

230 2337 315 2365 fuisse
329 2347 358 2364 ac
369 2339 484 2365 nimium
495 2339 603 2366 domino
615 2340 721 2367 fidelem
731 2340 918 2373 arbitrabatur.
934 2342 968 2369 ab
978 2342 1028 2369 hoc

229 2375 396 2402 adolescente
422 2376 570 2411 Oppianico
595 2378 622 2404 in
652 2379 838 2413 quaestionem
868 2379 1025 2415 postulavit.

230 2413 277 2439 llic
290 2421 376 2448 quum
391 2419 461 2440 esset
476 2414 522 2441 illo
535 2419 655 2449 tempore
668 2424 744 2450 puer,
760 2420 787 2442 et
799 2416 845 2443 illa
858 2418 981 2452 quaestio
993 2417 1028 2443 de

229 2450 312 2484 patris
331 2451 373 2477 sui
392 2456 476 2478 morte
494 2453 621 2478 constitui
639 2452 785 2480 diceretur:
805 2455 855 2481 etsi
872 2454 952 2480 illum
970 2463 1027 2481 ser-

229 2495 294 2513 vum
309 2492 333 2514 et
347 2488 398 2514 sibi
413 2488 575 2515 benevolum
589 2498 649 2516 esse
662 2495 688 2516 et
700 2491 769 2525 patri
783 2490 867 2517 fuisse
879 2491 1027 2518 arbitraba-

229 2528 285 2556 tur,
311 2525 378 2551 nihil
403 2530 490 2552 tamen
514 2530 556 2553 est
577 2535 660 2553 ausus
682 2536 814 2554 recusare.
855 2528 1026 2555 Advocantur

228 2561 308 2587 amici
322 2566 348 2588 et
361 2561 480 2597 hospites
494 2563 636 2598 Oppianici
650 2569 676 2591 et
688 2565 776 2599 ipsius
794 2565 916 2592 mulieris
934 2566 1023 2598 multi,

228 2597 351 2625 homines
370 2599 474 2626 honesti
492 2605 572 2636 atque
589 2601 717 2628 omnibus
734 2602 816 2628 rebus
829 2604 922 2630 ornati.
961 2604 1027 2631 Tor-

229 2636 326 2662 mentis
345 2637 472 2663 omnibus
487 2638 732 2665 vehementissimis
746 2640 894 2674 quaeritur.
933 2640 1024 2673 Quum

228 2677 318 2699 essent
331 2674 414 2700 animi
428 2682 566 2702 servorum
581 2680 606 2702 et
619 2684 667 2711 spe
680 2681 706 2702 et
718 2680 792 2703 metu
807 2678 912 2709 tentati,
933 2683 963 2705 ut
976 2677 1025 2705 ali-

227 2710 295 2745 quid
314 2711 342 2738 in
359 2712 516 2746 quaestione
533 2713 665 2740 dicerent:
686 2718 774 2740 tamen
788 2714 828 2750 (ut
841 2715 964 2751 arbitror)
977 2724 1026 2743 au-

1202 322 1258 348 ⁴77,
1279 323 1404 354 Quaestio
1424 322 1470 349 illo
1487 323 1529 350 die
1543 323 1575 350 de
1589 324 1735 350 amicorum
1749 326 1878 353 antenu-

1087 359 1198 385 diiniua
1213 364 1262 385 eat.
1284 359 1355 385 Satis
1370 359 1448 393 longo
1463 360 1601 387 intervallo
1615 366 1673 396 post
1688 362 1784 388 iterum
1798 361 1879 390 advo-

1087 401 1189 422 cantur.
1231 396 1347 423 llabetur
1360 396 1393 422 de
1408 398 1510 432 integro
1523 399 1658 433 quaestio:
1680 398 1752 425 nutt-
1771 399 1812 426 vifl
1825 403 1878 426 toea

1088 438 1238 459 mentorum
1252 434 1440 460 acerrimorum
1456 436 1688 469 praetermittitur:
1704 436 1818 463 avt-mn·
1831 436 1879 464 sd-

1089 471 1170 497 vocati
1190 475 1215 497 et
1230 471 1280 497 iam
1301 472 1346 498 vix
1366 471 1432 498 ferre
1450 480 1542 506 [mse.
1563 472 1650 498 turm
1667 472 1783 499 crudeti-
1800 478 1878 510 atquo

1088 508 1238 543 importuna
1254 508 1360 539 mulier.
1376 509 1429 535 sihi
1443 517 1623 545 nequaquam.
1641 514 1668 536 ut
1682 515 1822 545 ruperunt.
1836 519 1876 543 ea,

1086 554 1155 581 (luae
1168 546 1322 581 cogitasset.
1347 546 1497 580 procedere.
1537 546 1626 579 Quum
1642 547 1693 573 iarn
1708 551 1787 574 tortor
1799 552 1879 584 utque

1087 588 1176 609 essent
1191 588 1317 609 tormenta
1333 584 1390 618 ipsa
1403 583 1521 614 ‹lt-fessa.
1538 593 1624 619 neque
1639 589 1725 611 tamen
1741 584 1785 611 illa
1799 584 1876 613 tmen

1087 619 1171 647 facere
1187 621 1279 647 velli-t:
1303 621 1414 656 quidam
1428 630 1461 648 ex
1475 621 1621 651 advocatia.
1643 622 1722 648 110100
1734 626 1760 648 et
1773 621 1875 650 110110τί-

1087 657 1137 684 bus
1157 658 1248 693 populi
1267 663 1375 685 ornatus
1393 663 1418 685 et
1436 667 1541 685 summa
1558 659 1654 685 virtute
1668 659 1816 694 praeditus.
1837 660 1877 687 10-

1062 713 1063 723 l
1087 695 1205 731 telligcrc
1219 705 1248 721 se
1261 695 1342 726 dixit.
1365 705 1415 722 non
1432 696 1457 722 id
1471 697 1528 731 agi,
1548 701 1577 722 ut
1595 705 1688 723 verum
1703 697 1875 729 inveniretur,

1085 732 1132 758 sed
1148 738 1175 759 ut
1189 732 1291 768 aliquid
1307 733 1365 759 salsi
1379 733 1467 760 dicere
1480 738 1644 769 cogerentur.
1671 734 1723 760 Hoc
1736 738 1877 769 postquam

1085 771 1162 797 ceteri
1181 770 1400 805 comprobarunt.
1421 780 1454 797 ex
1471 772 1591 798 omnium
1607 772 1736 798 sententia
1750 772 1878 799 constitu-

1086 812 1142 834 tum
1157 813 1205 838 est,
1222 809 1286 834 satis
1302 808 1386 835 videri
1399 817 1458 834 ease
1471 809 1634 844 quaesitum.
1677 809 1733 835 ⁴78.
1750 808 1877 836 Redditur

1085 845 1231 880 Oppianico
1238 846 1410 875 Nicostratus.
1425 846 1549 872 Larinum
1563 847 1619 881 ipsa
1631 846 1808 881 proficiscitur
1815 854 1876 873 cum

1085 883 1151 912 suis.
1169 892 1298 913 1110010115,
1314 883 1385 918 quod
1401 884 1452 909 iam
1467 888 1536 909 certe
1551 883 1711 910 incolumem
1727 883 1811 910 fitium
1823 882 1877 910 sore

1086 920 1207 955 putabat.
1228 920 1259 946 ad
1278 929 1359 955 quem
1379 930 1429 947 non
1448 920 1527 947 modo
1542 929 1634 947 verum
1648 921 1763 951 crimen.
1784 920 1831 947 sed
1844 928 1877 948 ne

1086 958 1143 984 licta
1163 958 1272 993 quidem
1293 958 1411 992 suspicio
1429 959 1592 993 perveniret.
1621 963 1645 984 et
1663 958 1706 984 cui
1725 967 1777 984 non
1800 957 1878 986 modo

1085 1000 1172 1030 aperta
1189 995 1358 1021 inimicorum
1373 996 1548 1031 oppugnatio.
1574 995 1620 1021 sed
1640 1004 1672 1022 ne
1686 995 1803 1022 occultae
1816 995 1877 1031 qui·

1084 1032 1144 1059 dem
1156 1033 1248 1059 matris
1259 1033 1372 1059 insidiae
1382 1041 1474 1059 nocere
1486 1034 1644 1067 potuissent.
1667 1033 1793 1059 Larinum
1804 1036 1878 1068 postr-

1083 1078 1164 1105 quam
1180 1071 1265 1096 venit:
1282 1079 1350 1105 quae
1364 1079 1377 1096 a
1393 1070 1512 1097 Stratone
1527 1070 1573 1097 illo
1588 1079 1720 1097 venenum
1735 1075 1810 1097 antea
1822 1070 1880 1097 viro

1083 1116 1132 1134 suo
1146 1107 1252 1138 datum.
1273 1108 1324 1134 sibi
1343 1117 1501 1143 persuasum
1516 1116 1575 1134 esse
1588 1107 1756 1138 simulasset.
1777 1108 1877 1134 instru-

1083 1150 1151 1171 ctam
1171 1146 1193 1171 01
1212 1146 1338 1172 continuo
1356 1150 1382 1171 et
1398 1150 1516 1172 ornatam
1532 1145 1620 1172 Larini
1640 1145 1788 1171 medicinae
1800 1153 1878 1171 exer·-

1083 1182 1181 1209 cendae
1195 1191 1288 1209 caussa
1304 1182 1439 1209 tabernam
1454 1182 1537 1209 dedit.
1578 1182 1668 1209 LXIV.
1689 1182 1791 1213 Unum,
1812 1181 1878 1208 alte-

1084 1229 1157 1251 rum.
1178 1221 1284 1246 tertium
1299 1229 1399 1247 annum
1413 1220 1501 1246 Sassia
1515 1219 1683 1255 quiescebat.
1704 1224 1733 1246 ut
1751 1219 1820 1246 velle
1838 1223 1878 1246 at-

1083 1266 1136 1293 que
1149 1262 1239 1292 optare
1257 1257 1360 1292 aliquid
1378 1257 1536 1284 calamitatis
1555 1257 1609 1284 tilio
1627 1257 1729 1292 potius,
1749 1265 1830 1292 quam
1849 1255 1877 1284 id

1083 1300 1185 1321 struere
1198 1300 1224 1321 et
1238 1295 1325 1322 moliri
1340 1295 1484 1321 videretur.
1526 1296 1583 1321 ⁴7⁴³.
1603 1295 1671 1321 Tum
1690 1295 1797 1321 interim
1811 1294 1877 1321 1101·-

1052 1335 1053 1341 “
1083 1333 1178 1363 1011510,
1191 1332 1296 1359 Metello
1306 1332 1473 1362 consulibus.
1487 1337 1515 1359 ut
1526 1331 1790 1367 huncOppianicum.
1803 1330 1876 1358 aliud

1083 1374 1205 1406 agentem
1219 1378 1248 1396 30
1263 1369 1330 1396 nihil
1345 1369 1477 1396 eiusmodi
1491 1370 1661 1405 cogitantem.
1677 1369 1710 1395 ad
1722 1369 1789 1396 hauc
1799 1377 1878 1396 accu-

1083 1408 1213 1434 sationem
1227 1407 1384 1438 detraheret,
1400 1408 1485 1434 invito
1498 1407 1640 1442 despondit
1654 1407 1678 1433 ei
1693 1406 1775 1433 filiam
1787 1414 1874 1438 suam.

1083 1445 1170 1476 illam,
1190 1453 1272 1480 quam
1286 1453 1320 1472 ex
1332 1453 1430 1481 genero
1443 1449 1610 1480 susceperat,
1631 1448 1661 1471 ut
1678 1453 1754 1475 eum.
1774 1444 1876 1479 nuptiis

1085 1482 1223 1518 alligatum
1238 1482 1319 1509 simul
1334 1488 1359 1509 et
1373 1482 1524 1509 testamenti
1538 1491 1586 1517 spe
1599 1481 1766 1512 deuinctum,

1082 1520 1179 1546 habere
1193 1521 1221 1546 in
1234 1524 1371 1555 potestate.
1393 1520 1446 1547 Hoc
1459 1520 1519 1555 ipso
1533 1519 1587 1546 tere
1600 1524 1717 1554 ternpore
1731 1519 1818 1546 Strato
1830 1517 1876 1546 1110

1083 1557 1205 1584 medicus
1231 1557 1304 1584 domi
1330 1557 1433 1584 furtum
1459 1557 1522 1584 fecit
1547 1562 1571 1584 et
1597 1557 1705 1584 caedem
1731 1555 1874 1584 eiusmodi.

1081 1594 1171 1628 Quum
1185 1599 1256 1622 esset
1269 1595 1296 1622 in
1311 1595 1423 1621 aedibus
1436 1595 1594 1625 armarium.
1617 1595 1644 1621 10
1657 1603 1713 1629 quo
1725 1595 1804 1621 sciret
1817 1600 1875 1621 0500

1083 1641 1253 1659 nummorum
1265 1632 1432 1667 aliquantum
1443 1637 1468 1658 et
1477 1632 1548 1658 auri:
1565 1636 1644 1658 noctu
1655 1631 1723 1658 duos
1732 1639 1875 1658 conservo·

1082 1670 1243 1696 dormientes
1261 1669 1357 1696 occidit
1374 1670 1402 1696 in
1421 1670 1606 1704 piscinamque
1623 1669 1732 1696 deiecit:
1757 1669 1816 1704 ipse
1833 1677 1876 1695 a:b

1082 1707 1157 1734 marii
1177 1706 1292 1733 fundum
1311 1707 1443 1738 exsecuit.
1464 1711 1489 1733 et
1507 1706 1572 1733 tt-S.
1592 1706 1623 1719 ⁸⁸
1640 1711 1665 1732 et
1683 1706 1740 1732 auri
1753 1706 1876 1741 quinque

1081 1744 1170 1780 pondo
1183 1744 1307 1775 abstulit,
1327 1753 1381 1771 uno
1394 1752 1428 1771 ex
1441 1745 1526 1771 serw's
1542 1752 1624 1779 puero
1637 1752 1689 1770 non
1703 1743 1798 1779 grandi
1811 1751 1876 1770 eon·

1081 1783 1146 1809 scio.
1176 1783 1232 1808 ⁴80.
1247 1782 1329 1808 Furto
1342 1781 1470 1817 postridie
1483 1782 1597 1817 cognito,
1613 1781 1701 1808 omnis
1714 1781 1834 1816 suspicio
1845 1780 1875 1808 in
1915 1811 1918 1814 ⁴

1081 1828 1126 1846 eos
1147 1828 1252 1850 serv03.
1277 1820 1324 1854 qui
1348 1827 1400 1846 non
1423 1819 1622 1854 comparebant.
1647 1817 1873 1845 commovebatur.

1080 1856 1169 1889 Quum
1188 1857 1304 1883 exsectio
1321 1856 1367 1883 illa
1386 1855 1463 1883 fundi
1481 1857 1509 1883 in
1526 1856 1639 1883 armario
1652 1855 1876 1882 animadvertere-

1081 1899 1132 1926 tur,
1147 1894 1312 1929 quaerebant
1325 1893 1462 1924 homines,
1477 1902 1595 1929 quonam
1609 1893 1689 1920 modo
1702 1892 1759 1920 fieri
1772 1892 1875 1928 potuis·

1080 1936 1130 1958 set.
1151 1931 1266 1964 Quidam
1281 1940 1315 1958 ex
1327 1932 1421 1958 amicis
1433 1931 1538 1958 Sassiae
1551 1930 1704 1958 recordatus
1717 1934 1766 1961 est,
1781 1938 1811 1957 se
1823 1937 1875 1957 nu-

1080 1978 1127 2004 per
1140 1970 1168 1995 in
1182 1970 1304 1996 auctione
1317 1968 1432 2004 quadam
1447 1968 1549 1995 vidisse
1563 1968 1590 1994 in
1603 1968 1684 1995 rebus
1698 1968 1810 1994 minutis
1827 1965 1874 1994 ad-

1081 2015 1191 2037 uncam.
1211 2015 1245 2033 ex
1262 2007 1335 2033 omni
1353 2011 1425 2041 parte
1439 2005 1572 2033 dentatam
1587 2010 1612 2032 et
1625 2009 1769 2032 tortuosam
1783 2005 1873 2032 venire

1080 2043 1220 2075 serrulam,
1237 2052 1290 2079 qua
1303 2043 1372 2070 illud
1387 2044 1506 2079 potuisse
1520 2044 1555 2070 ita
1567 2043 1756 2070 circumsecari
1769 2041 1875 2069 widem-

1080 2086 1133 2108 tur.
1167 2082 1206 2108 Ne
1219 2081 1319 2108 multa:
1334 2081 1500 2116 perquiritur
1513 2089 1528 2107 a
1541 2080 1722 2107 coactoribus:
1737 2079 1873 2106 invenitur

1080 2128 1109 2145 ea
1123 2118 1225 2145 serrula
1239 2118 1272 2146 ad
1282 2118 1432 2145 Stratonem
1445 2118 1611 2153 pervenisse.
1633 2117 1687 2144 Hoc
1696 2117 1774 2144 initio
1782 2116 1872 2152 suspi—
1911 2143 1914 2147 ,

1079 2157 1164 2183 0101115
1183 2161 1252 2187 0110,
1277 2161 1303 2183 01
1316 2160 1406 2191 aperte
1420 2155 1576 2182 insimulato
1589 2154 1722 2185 Stratone.
1747 2162 1816 2190 puer
1826 2151 1873 2181 itte

1079 2194 1203 2220 conscius
1222 2193 1375 2229 pertimuit:
1398 2201 1455 2219 rem
1472 2201 1579 2220 omnem
1597 2191 1721 2219 dominae
1734 2190 1870 2222 indicavit.

1080 2231 1202 2258 homines
1225 2231 1252 2258 in
1270 2231 1372 2266 piscina
1390 2230 1492 2257 inventi
1511 2234 1587 2260 sunt.
1612 2229 1698 2256 Strato
1715 2229 1743 2256 10
1766 2226 1872 2271 vinctu-n

1078 2269 1214 2295 coniectus
1231 2273 1285 2299 est,
1309 2273 1389 2304 atque
1407 2268 1487 2294 etiam
1505 2268 1533 2294 in
1550 2266 1658 2294 taberna
1676 2267 1736 2293 0105
1757 2273 1870 2297 nummu.
1908 2291 1912 2295 ,

1079 2314 1249 2341 nequaquam
1267 2314 1373 2336 omnes.
1393 2305 1574 2340 reperiuntur.

1078 2344 1199 2378 quaestio
1211 2343 1243 2370 de
1255 2342 1334 2370 furto.
1349 2343 1416 2369 Nam
1428 2342 1494 2378 quid
1504 2342 1648 2377 quisquam
1659 2341 1790 2376 suspicari
1797 2337 1871 2367 atiud

1078 2380 1183 2415 potest?
1196 2381 1235 2407 An
1247 2380 1297 2407 hoc
1309 2379 1418 2407 dicitis?
1430 2379 1544 2406 armario
1557 2378 1683 2414 expilato.
1698 2378 1811 2420 pecunia
1823 2376 1871 2404 ab·

1080 2418 1143 2449 lata,
1164 2427 1216 2445 non
1229 2418 1303 2444 omni
1317 2422 1484 2452 recuperata,
1503 2416 1599 2443 occisis
1613 2415 1778 2446 bominibus.
1794 2418 1871 2442 insu-’-

1055 2461 1056 2464 ’
1078 2460 1161 2481 1013111
1176 2464 1235 2482 esse
1247 2455 1432 2490 quaestionem
1445 2454 1478 2480 de
1488 2458 1572 2480 morte
1581 2452 1741 2488 Oppianici?
1752 2452 1797 2479 cui
1810 2459 1870 2487 pm-

1054 2495 1056 2504 ·
1078 2492 1166 2519 batis‘?
1179 2492 1246 2528 quid
1259 2497 1313 2524 est,
1330 2491 1404 2528 quod
1416 2492 1507 2518 minus
1521 2491 1576 2517 veri
1591 2490 1679 2517 simile
1693 2489 1810 2525 proten-e
1822 2496 1870 2524 ptr-

1055 2533 1056 2542 *
1078 2529 1186 2556 tuistis‘?
1199 2529 1307 2561 Deinde,
1323 2534 1354 2556 ut
1365 2529 1485 2556 omittam
1495 2532 1589 2559 cetera,
1606 2528 1720 2554 triennio
1730 2531 1790 2562 post
1800 2534 1871 2553 111αο-

1054 2562 1056 2570 ’
1077 2572 1130 2593 tem
1152 2566 1293 2602 Oppianici
1314 2566 1348 2593 de
1368 2566 1426 2593 eius
1449 2570 1533 2592 morte
1556 2565 1743 2600 quaerebatur.
1782 2564 1869 2606 Atqpe

1077 2605 1156 2631 etiam
1173 2605 1282 2631 incensa
1299 2603 1361 2631 odio
1378 2603 1491 2638 pristino
1504 2603 1683 2628 Nicostratum
1697 2600 1822 2628 eumdem
1833 2598 1869 2627 1}-

1077 2641 1134 2668 lum
1147 2646 1206 2668 tum
1219 2641 1278 2668 5100
1291 2649 1384 2668 caussa
1398 2641 1426 2667 in
1440 2640 1624 2675 quaestionem
1639 2638 1793 2674 postulavit.
1813 2637 1868 2672 Op-

1076 2679 1200 2714 pianicus
1213 2679 1300 2713 primo
1314 2678 1455 2705 recusaw't.
1480 2678 1653 2712 Posteaquam
1667 2676 1722 2705 illa,
1738 2675 1867 2717 abductu-

1076 2725 1132 2743 ram
1145 2725 1174 2743 se
1189 2715 1284 2747 filiam,
1305 2720 1466 2742 mutaturam
1484 2723 1543 2741 esse
1561 2718 1762 2744 testamentum,
1783 2719 1867 2739 mma·

1614 2305 1657 2330 ⁴81
1665 2324 1671 2330 .
1697 2303 1872 2331 0005111011οτ
1912 2307 1913 2311 ’
