1941 3052
211 140 258 164 9Ιὶ
786 139 824 161 ΙΙΗ
871 137 903 162 M.
937 137 965 162 Τ.

213 209 327 235 miniati.
351 208 416 242 quid
438 217 470 233 vx
493 213 516 234 te
533 206 643 233 Aledius
659 207 818 240 quint-aierit:
841 208 906 241 quin
924 208 1003 233 etiam
1025 207 1034 223 '¹
1057 212 1108 232 tam
1121 216 1176 232 rein
1192 212 1218 232 tu
1231 207 1405 240 gubernabis.

213 255 283 272 nunc
304 245 408 271 molesti
427 249 499 270 sunt.
540 243 610 275 Ouid
627 245 780 273 existimas,
803 245 826 270 si
845 246 958 270 venero?
980 248 1002 270 2.

1025 273 1027 287 l

1001 137 1273 162 tzitttiltosts‘

1448 210 1471 234 Ξ.
1494 209 1631 236 Drusinnis
1650 219 1710 235 ver-1
1727 211 1774 236 Im„
1787 212 1847 237 Imi-

1057 249 1090 269 ιι*
1107 244 1191 269 multo
1204 249 1348 278 ants-pono:
1368 254 1454 279 neque
1469 252 1532 272 sunt
1548 255 1675 281 umquam
1691 251 1846 282 romporan.

213 284 246 309 b·-
258 283 378 308 'l'ercntia
391 283 423 307 ita
435 290 497 307 cura
507 301 512 311 ,
531 286 558 306 ut
572 281 682 308 scribis:
705 290 800 315 meque
813 281 862 307 bac
873 281 904 307 ad
919 283 1004 308 mnxi-
1026 299 1034 310 ι,
1056 281 1121 306 Mihi
1133 281 1221 311 crede,
1239 290 1290 307 una
1303 290 1344 306 nie
1356 291 1449 307 cau-im
1462 289 1562 311 movi-t,
1582 285 1606 309 in
1619 293 1671 318 qm.
1684 286 1739 310 ‚wien
1752 293 1793 310 ine
1809 296 1846 311 η-

213 329 269 346 mus
280 318 462 352 aegritudines
473 319 625 343 accessione
637 326 708 344 nunc
719 319 835 344 maxima
849 318 941 344 libera.
963 319 1002 349 ΕΙ,
1025 310 1035 356 ξ,
1056 320 1207 351 ioquin-9111.

1247 318 1308 344 Sed.
1324 323 1351 344 ut
1364 318 1437 349 sar-is,
1450 320 1598 354 oimequere
1611 322 1672 346 Ium-
1684 323 1765 347 vrmri
1778 331 1847 348 ineo.

213 358 319 382 utsrias
331 365 372 381 nn·
386 357 418 381 ita
430 354 529 385 dolere,
543 359 571 381 ut
583 364 634 381 non
647 356 760 381 inccam:
774 356 876 390 quibus
885 357 1005 383 consuli-
1025 370 1034 398 ἐ,
1057 355 1122 380 Nam
1139 354 1210 389 quod
1225 355 1322 380 scribis
1339 356 1487 392 ἐγγήραμα,
1503 362 1591 383 actum
1611 359 1662 384 iam
1678 359 1712 384 de
1728 360 1778 385 isto
1793 365 1832 385 est

213 394 263 420 bns
273 392 422 419 Carneades
433 397 458 418 et
469 401 497 417 ea
511 391 607 427 legatio
619 393 727 418 Romam
741 394 855 423 venerit,
872 394 1003 428 scriptum
1026 390 1035 433 ιζ
1056 391 1106 417 aba
1119 393 1205 427 inagis
1215 401 1324 427 quaero.

211 435 251 457 vst
267 431 292 456 in
308 435 350 456 tuo
363 431 463 455 (innuli.
505 429 586 460 tinec,
609 438 679 455 nunc
695 438 807 464 quaero,
825 438 894 464 quae
909 439 1003 457 caussa

212 468 300 494 suerit.
342 467 377 493 De
387 466 488 501 Oropo.
505 467 612 501 opinor:
631 466 677 492 sed
689 472 790 493 certum
804 468 906 494 nescio:
924 473 962 498 et,
980 469 1003 494 si

213 507 245 531 ita
260 508 308 535 est,
322 512 391 538 quae
401 503 616 530 controversiae?
627 504 771 535 Praeterea,
785 505 832 539 qui
844 513 875 531 eo
886 509 1004 540 tempore
1033 505 1035 518 ³

211 541 310 569 nobilis
322 541 471 576 Epicureus
483 540 563 567 fuerit
576 541 701 572 Athenis,
724 542 771 576 qni
786 541 931 576 praefuerit
943 543 1004 569 hor-

211 578 263 606 tis?
273 579 320 613 qui
332 579 412 605 etiam
419 578 532 604 Athenis
543 579 669 605 πολιτικοί
679 578 777 605 suerint
789 579 926 605 illustres?
935 588 1004 614 quae

211 623 235 643 te
255 617 335 642 etiam
357 624 390 642 ex
405 615 558 650 Apollodori
575 620 639 650 puto
654 624 732 650 posse
749 617 880 643 invenire.
921 619 946 643 3.
970 617 1004 643 De

211 654 305 683 Attica,
315 653 471 684 molestum;
484 653 531 679 sed
543 653 670 687 quoniam
684 653 786 684 leviter,
795 659 864 680 recte
871 662 930 680 esse
941 663 1005 680 con-

211 691 272 717 Iido.
314 692 338 717 4.
360 691 395 716 De
411 690 522 717 Gamala
537 690 652 716 dubium
669 691 736 717 mibi
753 700 804 717 non
823 696 888 718 erat.
930 691 1004 718 Unde

210 729 282 754 enim
294 732 346 754 tam
359 727 423 754 felix
435 728 518 763 Ligus
531 727 622 762 pater?
642 728 708 754 Nam
724 728 790 763 quid
807 728 840 754 de
852 738 894 755 me
904 728 1002 760 dicam,

209 766 253 792 eui
266 766 394 792 utomnia
408 766 577 800 contingant,
597 773 666 800 quae
683 765 755 796 volo,
775 765 858 792 levari
875 774 926 793 non
943 775 1005 801 pos-

209 802 290 829 sum?
318 804 343 829 5.
366 803 400 829 De
412 803 490 829 Drusi
503 803 599 834 hortis,
616 803 710 838 quanti
726 802 835 829 licuisse
851 808 877 830 tu
890 804 1001 830 scribis:

211 840 237 866 id
249 848 298 876 ego
309 848 416 875 quoque
428 840 566 866 audieram
580 844 614 871 et,
627 845 656 866 ut
666 841 769 875 opinor,
787 841 843 867 heri
855 840 887 866 ad
900 846 924 867 te
937 842 1004 867 scri-
1032 866 1033 869 ,

1032 882 1034 892 '
1055 879 1111 904 ciae
1124 879 1205 904 nostri
1220 878 1445 909 imbecillitatem,
1462 878 1612 907 mollitiam.
1625 880 1848 906 consuetudinem

210 886 329 912 pseram:
343 877 389 904 sed
401 878 494 912 quanti
505 878 608 912 quanti,
617 877 684 904 bene
694 879 801 908 emitur,
810 878 882 913 quod
895 887 1004 905 necesse

209 920 258 942 est.

210 953 277 987 ipse,
290 952 357 987 quid
368 951 402 978 de
415 960 458 978 me
469 952 644 987 existimem,)
659 951 756 979 levatio
766 953 899 987 quaedam
911 958 963 984 est,
980 954 1003 979 si
1024 963 1026 968 ’

731 990 770 1016 Ad
787 990 875 1017 Sicam
894 991 1001 1025 scripsi,
1024 999 1026 1020 ,ζ

209 1026 282 1061 quod
293 1028 377 1053 utitur
388 1027 416 1053 L.
429 1026 512 1053 Cotta.
552 1027 580 1053 Si
592 1027 659 1053 nihil
671 1027 847 1054 conficeretur
861 1028 894 1054 de
905 1029 1004 1054 Trans·
1024 1027 1025 1031 ’

210 990 301 1016 minus
315 989 429 1020 doloris,
441 991 478 1016 'at
497 989 578 1016 officii
594 990 690 1016 debiti.

210 1064 347 1095 tiberinis,
370 1064 450 1091 babet
470 1065 497 1090 in
513 1063 631 1091 Ostiensi
647 1064 720 1091 Cotta
739 1065 916 1092 celeberrimo
937 1065 1000 1096 loco.

209 1101 256 1128 sed
267 1101 398 1136 pusillum
412 1101 476 1128 loci:
494 1101 526 1127 ad
545 1102 612 1128 lianc
628 1110 683 1128 rem
696 1107 782 1128 tamen
795 1102 857 1137 plus
868 1103 949 1129 etiam
960 1111 1004 1128 sa-

209 1140 253 1165 tis.
294 1138 322 1165 Id
339 1138 420 1165 velim
436 1139 548 1174 cogites.
589 1140 643 1165 Nec
657 1144 744 1165 tamen
758 1140 806 1166 ista
818 1141 901 1174 pretia
915 1140 1004 1166 horto-

209 1184 269 1202 rum
285 1176 466 1211 pertimueriS.
507 1177 560 1202 Nec
576 1176 644 1202 mihi
661 1177 712 1202 iam
725 1181 846 1212 argento,
870 1185 918 1203 nec
931 1182 1003 1203 veste

208 1222 276 1248 opus
291 1217 344 1243 est,
363 1221 410 1239 nec
425 1213 610 1248 quibusquam
626 1214 746 1240 amoenis
767 1213 846 1240 locis:
870 1214 920 1240 hoc
934 1223 1003 1249 opus
1024 1220 1026 1230 ²

208 1256 258 1277 est.
299 1250 382 1277 Video
398 1251 492 1282 etiam,
513 1259 527 1277 a
542 1251 644 1285 quibus
660 1250 783 1278 adiuvari
798 1253 911 1286 possim.
951 1251 1003 1277 Sed

209 1288 318 1323 loquere
328 1296 390 1314 cum
402 1287 479 1314 Silio.
519 1288 593 1314 Nihil
604 1288 677 1314 enim
689 1293 729 1315 est
740 1288 848 1315 melius.
878 1288 1003 1315 Mandavi

207 1326 288 1352 etiam
303 1325 388 1351 Sicae.
430 1325 589 1360 Rescripsit,
607 1326 782 1352 constitutum
796 1334 825 1352 se
840 1335 902 1352 cum
914 1335 945 1353 eo
956 1326 1004 1353 ba-

209 1363 281 1388 bere.
321 1362 425 1389 Scribet
435 1363 518 1398 igitur
529 1363 562 1389 ad
574 1371 630 1394 me,
647 1363 715 1398 quid
726 1364 824 1399 egerit,
842 1368 868 1391 et
882 1369 911 1391 ut
922 1369 949 1390 tu
963 1364 1004 1390 vi-

207 1399 295 1426 debis

260 1477 346 1498 XXIV.
375 1478 472 1501 (Asturae,
483 1479 561 1497 Caesare
571 1479 604 1496 IV.
615 1486 651 1498 cus.
664 1486 678 1497 ς.
689 1480 733 1499 coll.
745 1482 802 1501 ⁷09.)

392 1521 561 1549 CICERO
589 1522 757 1550 ATTICO
787 1523 815 1550 S.

262 1569 285 1594 t.
308 1562 384 1594 Bene
401 1567 462 1594 [ecit
476 1568 508 1594 A.
527 1568 625 1600 Silius.
647 1570 695 1604 qui
717 1570 888 1605 transegerit:
914 1577 1003 1604 neque

206 1606 278 1631 enim
294 1605 319 1631 ei
334 1605 428 1631 deesse
444 1604 567 1632 volebam
583 1610 622 1637 et,
639 1606 706 1641 quid
723 1615 844 1641 possem,
862 1606 1001 1633 timebam.

208 1643 241 1668 De
253 1642 329 1673 Ovia,
343 1642 453 1673 confice,
465 1647 495 1669 ut
505 1643 613 1670 scribis.
643 1644 679 1670 De
690 1643 826 1675 Cicerone,
840 1649 947 1678 tempus
959 1652 1003 1670 es-

206 1688 234 1705 se
246 1680 299 1705 iam
311 1679 431 1711 videtum
454 1679 502 1706 sed
513 1689 626 1715 quaero,
643 1680 717 1716 quod
727 1681 769 1708 illi
779 1690 848 1716 opus
858 1682 909 1708 erit
918 1681 1003 1708 Athe—

207 1718 262 1747 nis,
280 1717 462 1751 permutarine
474 1718 571 1752 possit,
589 1726 622 1744 an
634 1718 687 1753 ipsi
700 1717 840 1745 ferendum
851 1719 899 1751 sit,
918 1718 951 1745 de
963 1723 1003 1745 to-

207 1759 286 1788 taque
301 1762 342 1785 re,
359 1754 603 1789 quemadmodum,
621 1760 647 1782 et
661 1755 770 1790 quando
785 1755 901 1790 placeat,
918 1754 1002 1782 velim

206 1790 371 1817 consideres.
410 1791 547 1818 Publilius
567 1793 690 1819 iturusne
710 1794 746 1819 sit
770 1794 797 1819 in
818 1792 950 1823 Africam.
977 1797 1003 1819 et

205 1828 326 1863 quando,
349 1837 383 1855 ex
402 1828 498 1855 Aledio
516 1829 585 1856 scire
605 1830 717 1864 poteris,
741 1838 856 1865 quaeras
871 1835 897 1856 et
911 1829 944 1856 ad
959 1838 1002 1856 me
1031 1842 1033 1854 ι

206 1865 323 1896 scribas,
341 1865 433 1892 velim.
474 1867 499 1892 2.
520 1867 566 1897 Et,
583 1871 613 1893 ut
625 1867 657 1893 ad
670 1875 744 1893 meas
755 1867 870 1902 ineptias
882 1867 999 1897 redeam,

207 1902 289 1928 velim
314 1911 356 1928 me
376 1903 516 1929 certiorem
537 1903 632 1934 facias,
656 1904 684 1930 P.
706 1904 832 1933 Crassus,
855 1904 1001 1930 Venuleiae

206 1939 288 1970 filius,
302 1940 400 1966 vivone
410 1940 439 1966 P.
451 1940 547 1967 Crasso
557 1940 701 1972 consulari,
715 1946 789 1975 patre
798 1949 862 1972 suo,
879 1946 1001 1968 mortuus

205 1978 254 2007 sit,
272 1981 301 2003 ut
311 1985 361 2012 ego
371 1977 528 2003 meminisse
540 1977 646 2009 videor,
663 1987 696 2004 an
712 1983 781 2013 post.
821 1979 887 2005 Item
901 1987 1001 2014 quaero

205 2014 239 2040 de
252 2014 365 2050 Regillo,
378 2014 474 2049 Lepidi
486 2014 549 2045 filio,
563 2019 667 2042 rectene
678 2016 862 2047 meminerim,
876 2022 949 2051 patre
959 2017 1001 2043 vi-

206 2060 240 2078 vo
251 2056 397 2078 mortuum.

205 2090 292 2115 ciana.
332 2089 368 2115 De
379 2088 464 2116 Attica
475 2089 588 2124 optime;
612 2095 638 2117 et
647 2091 673 2116 ei
684 2090 798 2118 salutem
810 2090 898 2122 dices,
920 2095 947 2118 et
956 2091 1001 2117 Pi-

206 2126 267 2153 liae.

259 2203 334 2224 XXV.
363 2205 460 2227 (Aslurnc.
471 2205 548 2223 caune
559 2206 592 2223 IV.
603 2212 640 2224 cos.
652 2213 667 2224 ι,
677 2207 721 2225 coll.
733 2209 790 2228 709.)

391 2248 558 2275 CICERO
586 2249 755 2277 ATTICO
783 2250 812 2277 S.

262 2295 286 2319 t.
308 2288 427 2328 Scripsit
442 2294 475 2320 ad
491 2303 534 2321 me
547 2294 692 2331 diligenter
702 2295 763 2322 Sica
773 2295 807 2322 de
818 2295 898 2328 Silio,
915 2305 1000 2332 seque

206 2329 239 2356 ad
254 2335 278 2357 te
293 2339 350 2357 rem
365 2331 509 2358 detulisse:
531 2332 603 2367 quod
619 2337 647 2359 tu
662 2332 733 2359 idem
749 2333 857 2360 scribis.
897 2334 964 2360 Mihi
975 2339 1001 2361 et

206 2375 247 2393 res
262 2372 288 2394 et
302 2367 420 2395 conditio
435 2369 535 2404 placet,
558 2369 606 2396 sed
622 2370 669 2401 ita,
694 2375 723 2397 ut
741 2376 880 2397 numerato
894 2371 997 2402 malim,

205 2413 286 2439 quam
302 2406 497 2433 aestimatione.
537 2407 707 2442 Voluptarias
721 2409 794 2434 enim
814 2409 1000 2443 possessiones

206 2441 276 2468 nolet
287 2442 381 2469 Silius.
422 2443 606 2479 Vectigalibus
621 2449 711 2471 autem
725 2450 756 2471 ut
769 2446 804 2471 iis
815 2454 926 2480 possum
940 2454 999 2472 esse

205 2483 355 2511 contentus,
367 2489 436 2515 quae
448 2481 541 2512 habeo,
555 2482 594 2507 sic
605 2482 653 2508 vix
664 2482 825 2508 minoribus.
850 2483 927 2510 Unde
936 2491 1000 2519 ergo

206 2516 362 2543 numerato‘?
381 2518 446 2544 H-S
461 2527 494 2544 nc
510 2519 646 2553 exprimes
665 2518 698 2544 ab
713 2519 893 2555 Hermogene,
913 2529 998 2555 quum

205 2554 363 2585 praesertim
378 2563 487 2581 necesse
502 2556 565 2582 erit:
581 2560 608 2582 et
619 2555 694 2582 domi
708 2556 788 2582 video
804 2565 863 2583 esse
878 2557 941 2584 H-S
956 2566 997 2584 nc.

206 2588 334 2623 Reliquae
349 2592 479 2625 pecuniae
494 2592 537 2618 vel
549 2601 659 2619 usuram
671 2592 738 2619 Silio
751 2594 914 2628 pendemus,
932 2594 998 2621 dum

206 2633 220 2650 a
233 2625 357 2657 Faberio,
376 2628 417 2654 vel
429 2629 462 2654 ab
474 2629 642 2664 aliquosqui
654 2630 766 2657 Faberio
780 2630 874 2662 debet,
891 2640 999 2666 reprae-

206 2663 382 2690 sentabimus.
882 2668 936 2695 Sed
959 2674 999 2696 to—

423 2665 478 2692 Erit
493 2667 573 2692 etiam
587 2667 691 2702 aliquid
707 2667 841 2695 alicunde.

299 915 374 945 Mihi.
388 923 497 950 quoquo
509 914 587 941 modo
598 919 625 941 tu
637 915 860 950 existimas,(seio
871 917 943 942 enim
954 925 1004 951 ego
1025 908 1033 926 '¹

437 2053 462 2078 3.
484 2051 610 2087 Cispiana
625 2052 790 2087 explicabis,
807 2054 926 2089 itemque
938 2054 1001 2080 Pre-
1023 2059 1032 2076 *v

1025 518 1035 588 Ιι

1032 1350 1033 1360 ,
1054 1328 1204 1363 gniturum.

1107 461 1192 482 xxvi.
1220 463 1317 483 (mmm,
1327 464 1405 480 ‹nu-n
1415 463 1447 480 tv.
1458 470 1495 481 «a.
1507 470 1514 480 ι
1532 465 1575 482 mit.

1241 505 1409 532 CICERO
1438 506 1605 533 ATTICO
1634 508 1661 534 S.

1114 545 1136 568 t.
1159 538 1238 573 Sica,
1257 548 1285 569 ut
1300 543 1406 572 scribit.
1423 544 1528 570 etiamsi
1544 544 1611 571 nibil
1627 544 1771 571 confecerit
1785 554 1848 572 cum

1057 581 1087 606 A.
1100 580 1174 609 Silio,
1188 585 1274 606 tamen
1287 589 1315 605 se
1327 580 1421 606 scribit
1432 588 1459 606 x.
1473 581 1530 607 Kal.
1543 590 1602 607 esse
1615 587 1768 608 venturum.
1783 583 1849 609 Tuis

1056 617 1278 651 occupationibus
1291 618 1412 650 ignoscm
1427 626 1527 653 eaeque
1540 619 1606 644 mihi
1618 624 1681 645 aunt
1692 625 1777 645 notae.
1814 621 1849 646 De

1058 654 1192 680 voluntate
1205 659 1257 680 tua.
1273 660 1300 680 ut
1311 654 1393 680 simul
1405 655 1501 684 simus,
1511 655 1552 681 vel
1565 656 1654 682 studio
1665 658 1754 690 smnus
1765 662 1790 683 et
1800 666 1849 683 cu-

1057 692 1175 726 piditate.
1191 700 1241 718 non
1256 691 1360 718 dubito.
1394 693 1419 718 2.
1442 693 1477 718 De
1489 693 1563 718 Nicia
1575 693 1646 727 quod
1659 693 1764 723 scribis,
1779 695 1801 720 si
1814 695 1848 720 ita

1057 737 1098 755 me
1111 729 1250 757 babet-em.
1267 734 1296 755 ut
1306 730 1365 755 eius
1377 728 1542 756 humanitate
1553 729 1604 756 frui
1616 739 1736 765 possem,
1756 732 1781 757 in
1794 732 1849 766 pri-

1057 767 1108 792 mis
1120 766 1216 792 vellem
1229 766 1304 792 illum
1317 775 1422 792 mecum
1436 766 1543 793 habere.
1583 767 1634 793 Sed
1651 768 1717 793 mibi
1733 768 1850 794 solitudo

1055 809 1081 830 et
1096 812 1217 829 recessus
1234 804 1370 838 provincia
1380 809 1430 829 est.
1470 803 1547 836 Quod
1567 805 1630 839 quia
1652 804 1728 830 facile
1749 805 1849 834 [er-ebat

1056 841 1115 867 Sica
1125 862 1130 868 .
1144 850 1194 875 ego
1206 841 1291 875 magis
1305 841 1381 866 illum
1392 840 1526 867 desidero.
1568 842 1703 868 Praeterea
1719 844 1787 868 nosti
1802 843 1848 869 Ni-

1587 466 1641 482 7oo.

1056 916 1153 941 victus.
1194 916 1248 941 Cur
1268 923 1331 950 ergo
1352 915 1391 941 illi
1409 915 1537 941 molestus
1556 916 1651 942 velim.
1675 925 1759 951 quum
1781 917 1848 943 mihi

1055 952 1101 978 ille
1116 952 1252 979 iucundus
1267 961 1326 978 esse
1342 961 1393 979 non
1413 952 1516 987 possit?
1534 953 1662 979 Voluntas
1683 959 1769 980 tamen
1789 955 1849 980 eius

1056 990 1123 1016 mihi
1134 995 1207 1025 grata
1219 994 1268 1016 est.
1310 989 1394 1016 Unam
1411 998 1467 1016 rem
1482 990 1514 1015 ad
1531 999 1573 1016 me
1589 991 1734 1025 scripsisti,
1751 991 1783 1017 de
1795 1000 1848 1026 qua

1054 1027 1162 1053 decrevi
1174 1026 1242 1053 nihil
1254 1027 1303 1053 tibi
1315 1027 1472 1053 rescribere.
1504 1027 1588 1062 Spero
1598 1028 1670 1054 enim
1683 1037 1724 1054 me
1735 1037 1749 1054 a
1762 1034 1786 1055 te
1798 1030 1849 1055 im-

1054 1070 1183 1099 petrasse,
1195 1069 1224 1090 ut
1236 1065 1356 1099 privares
1368 1073 1410 1091 me
1423 1065 1471 1091 ista
1483 1065 1614 1091 molestia.
1650 1065 1732 1092 Piliae
1742 1071 1768 1092 et
1781 1067 1849 1093 Atti-

1054 1110 1100 1128 eae
1110 1101 1235 1128 salutem.

1109 1170 1206 1192 xxvu.
1235 1172 1331 1195 (Anum.
1342 1174 1419 1190 emm
1431 1173 1462 1190 iv.
1473 1179 1510 1190 cm.
1521 1180 1536 1190 ι.
1547 1173 1592 1191 mii.
1603 1174 1658 1193 ποθ.)

1237 1215 1403 1242 CICERO
1436 1216 1603 1243 ATTICO
1636 1216 1664 1242 S.

1116 1254 1139 1279 t.
1166 1253 1203 1279 De
1220 1252 1322 1279 Siliano
1338 1254 1453 1289 negotio,
1476 1254 1526 1280 etsi
1547 1253 1615 1280 mihi
1636 1261 1688 1279 non
1704 1257 1745 1279 est
1760 1253 1848 1288 ignota

1054 1289 1186 1321 conditio,
1204 1294 1292 1317 tamen
1309 1290 1388 1317 hodie
1404 1299 1446 1317 me
1460 1299 1494 1317 ex
1504 1290 1563 1317 Sica
1578 1290 1692 1317 arbitror
1703 1291 1793 1316 omnia
1804 1298 1850 1317 co-

1245 1327 1347 1359 Cottae,
1363 1328 1436 1363 quod
1449 1337 1531 1363 negas
1542 1333 1566 1354 te
1578 1336 1669 1358 nosse,
1686 1327 1753 1354 ultra
1768 1327 1850 1354 Silia-

1055 1373 1116 1391 nam
1138 1364 1231 1391 villam
1252 1370 1293 1392 est
1311 1365 1402 1400 (quam
1418 1370 1482 1400 puto
1497 1365 1546 1392 tibi
1563 1370 1651 1392 notam
1669 1365 1739 1400 esse)
1755 1364 1849 1391 villula

1055 1402 1163 1429 sordida
1176 1407 1203 1428 et
1216 1402 1294 1428 valde
1305 1402 1418 1437 pusilla3
1438 1402 1506 1429 nihil
1517 1403 1588 1438 agri;
1606 1402 1639 1429 ad
1651 1401 1731 1429 aliam
1742 1410 1798 1428 rem
1810 1401 1850 1429 lo-

1054 1439 1079 1465 ci
1090 1440 1169 1470 satis,
1182 1440 1235 1466 nisi
1246 1439 1279 1466 ad
1291 1448 1363 1470 eam,
1380 1448 1462 1475 quam
1473 1448 1582 1475 quaero.
1622 1439 1725 1474 Sequor
1735 1439 1850 1466 celebri—

1054 1482 1146 1503 tatem.
1186 1477 1252 1508 Sed,
1270 1477 1293 1503 si
1308 1477 1447 1512 perficitur
1459 1477 1492 1503 de
1505 1477 1588 1504 hortis
1599 1476 1672 1507 Silii,
1691 1476 1740 1503 hoc
1754 1482 1807 1507 est,
1825 1477 1848 1503 si

1054 1514 1174 1548 perficis3
1192 1514 1242 1549 (est
1252 1515 1325 1540 enim
1336 1519 1420 1541 totum
1431 1515 1550 1549 positum
1560 1515 1588 1541 in
1600 1515 1650 1549 te;)
1665 1513 1733 1540 nihil
1745 1519 1785 1540 est
1795 1515 1850 1540 sci-

1056 1551 1129 1582 licet,
1147 1551 1221 1586 quod
1236 1551 1270 1577 de
1281 1552 1354 1578 Cotta
1367 1552 1528 1588 cogitemus.
1569 1553 1594 1578 2.
1615 1552 1651 1577 De
1662 1551 1802 1582 Cicerone,
1820 1556 1850 1578 ut

1054 1588 1161 1619 scribis,
1175 1589 1209 1615 ita
1222 1588 1331 1615 faciam:
1345 1589 1398 1623 ipsi
1410 1589 1562 1624 permittam
1573 1588 1607 1615 de
1618 1593 1751 1623 tempore:
1769 1596 1849 1614 num-

1055 1634 1159 1652 morum
1170 1631 1303 1660 quantum
1313 1634 1383 1660 opus
1389 1627 1447 1657 erit,
1460 1631 1491 1652 ut
1500 1630 1676 1660 permutetur,
1691 1630 1718 1651 tu
1730 1625 1846 1652 videbis.

1054 1665 1079 1689 3.
1091 1663 1132 1689 Ex
1142 1662 1245 1693 Aledio,
1258 1662 1330 1698 quod
1343 1663 1450 1693 scribis.
1463 1662 1564 1697 siquid
1576 1663 1721 1692 inveneris,
1733 1662 1846 1688 scribes.

1053 1700 1086 1726 Et
1100 1708 1150 1735 ego
1165 1708 1200 1726 ex
1214 1701 1268 1726 tuis
1282 1700 1468 1726 animadverto
1479 1699 1588 1730 littei-is,
1605 1704 1631 1726 et
1646 1699 1764 1734 profecto
1775 1705 1802 1726 tu
1813 1707 1848 1726 ex

1054 1738 1131 1767 meis,
1145 1737 1213 1763 nihil
1225 1737 1323 1763 habere
1335 1745 1396 1768 nos,
1409 1736 1482 1772 quod
1493 1736 1658 1763 scribamus:
1675 1736 1769 1762 eadem
1779 1745 1849 1772 quo-

1054 1774 1133 1804 tidie,
1149 1782 1218 1809 quae
1229 1775 1282 1800 iam
1294 1775 1402 1809 iamque
1413 1775 1471 1809 ipsa
1483 1774 1594 1800 contrita
1609 1779 1685 1800 sunt:
1704 1778 1792 1800 tamen
1808 1774 1849 1800 sa-

1053 1819 1113 1837 cere
1125 1820 1176 1837 non
1188 1820 1313 1846 possum,
1329 1812 1396 1846 quin
1407 1811 1528 1846 quotidie
1539 1810 1573 1837 ad
1584 1816 1608 1837 te
1620 1811 1736 1839 mittam.
1750 1816 1779 1837 ut.
1789 1816 1849 1838 tuas

1053 1849 1195 1883 accipiam.
1222 1848 1247 1875 t.
1259 1849 1295 1875 De
1306 1849 1387 1875 Bruto
1396 1853 1494 1879 tamen,
1506 1849 1530 1874 si
1541 1847 1608 1883 quid
1620 1848 1744 1874 habebis.
1774 1848 1848 1875 Scire

1053 1886 1126 1912 enim
1137 1886 1191 1912 iam
1203 1891 1275 1921 puto.
1290 1886 1337 1912 ubi
1348 1886 1462 1912 Pansam
1475 1890 1620 1920 exspectet.
1645 1885 1682 1916 Si,
1696 1890 1725 1912 ut
1735 1893 1849 1912 consue-

1030 1947 1031 1950 ,
1053 1923 1117 1950 tudo
1130 1928 1183 1954 est,
1201 1924 1229 1949 in
1244 1924 1330 1958 prima
1347 1923 1498 1958 provincia,
1520 1923 1627 1949 circiter
1640 1922 1699 1949 Kal.
1716 1922 1849 1950 affuturus

1054 1960 1170 1987 videtur.
1210 1960 1314 1986 Vellem
1329 1960 1442 1987 tardius.
1482 1959 1566 1986 Valde
1579 1960 1652 1986 enim
1663 1959 1762 1986 Urbem
1773 1959 1849 1996 fugio

1053 1997 1151 2024 multas
1161 1997 1196 2023 ob
1207 2006 1327 2024 caussas.
1361 1998 1453 2033 Itaque
1464 1997 1492 2024 id
1502 1998 1592 2032 ipsum
1603 1996 1707 2027 dubito,
1720 2006 1754 2024 an
1765 2006 1848 2024 excu-

1052 2036 1182 2061 sationem
1189 2035 1308 2070 aliquam
1315 2034 1432 2061 adillum
1443 2043 1549 2070 parem:
1561 2033 1635 2069 quod
1645 2034 1757 2070 quidem
1768 2034 1850 2061 video

1053 2071 1130 2098 facile
1145 2081 1214 2099 esse.
1253 2072 1305 2099 Sed
1316 2072 1448 2098 habemus
1459 2072 1525 2098 satis
1536 2072 1664 2107 temporis
1678 2071 1712 2098 ad
1726 2072 1848 2108 cogitan-

1052 2109 1128 2136 dum.
1169 2109 1252 2136 Piliae
1263 2115 1289 2136 et
1298 2110 1400 2136 Atticae
1411 2109 1536 2136 salutem.

1246 2181 1345 2204 (Asturae,
1354 2181 1433 2199 Caesare
1444 2181 1477 2199 tv.
1489 2187 1526 2198 eos-
1537 2186 1552 2197 s.
1563 2179 1607 2198 ωΙΙ.
1618 2181 1673 2202 too.)

1237 2223 1405 2251 CICERO
1437 2223 1603 2250 ATTICO
1629 2223 1657 2249 S.

1109 2263 1132 2287 4.
1145 2256 1190 2288 De
1196 2261 1263 2288 Silio
1272 2261 1359 2287 nihilo
1369 2260 1447 2296 plura
1456 2261 1571 2296 cognovi
1581 2268 1615 2287 ex
1626 2264 1764 2295 praesente
1774 2259 1844 2290 Sica,

1051 2306 1133 2333 quam
1144 2307 1179 2325 ex
1191 2298 1285 2325 litteris
1295 2299 1366 2325 eius.
1391 2297 1539 2333 Scripserat
1550 2298 1622 2324 enim
1633 2296 1786 2332 diligenter.
1817 2296 1846 2323 Si

1051 2336 1136 2371 igitur
1148 2340 1176 2362 tu
1187 2335 1266 2362 illum
1277 2336 1435 2362 conveneris
1443 2356 1449 2366 ‚
1461 2335 1565 2361 scribes
1575 2334 1608 2361 ad
1619 2342 1674 2364 me,
1690 2334 1714 2359 si
1725 2333 1791 2368 quid
1803 2334 1846 2359 vi—

1050 2373 1169 2399 debitur.
1208 2373 1244 2399 De
1257 2381 1312 2408 quo
1326 2377 1406 2407 putas
1421 2372 1454 2399 ad
1465 2380 1508 2398 me
1518 2372 1632 2398 missum
1643 2379 1715 2402 esse;
1733 2371 1768 2397 sit
1779 2371 1846 2397 mis-

1050 2419 1126 2441 sum,
1143 2418 1240 2441 necne,
1257 2411 1361 2442 nescim
1379 2409 1482 2436 dietum
1493 2408 1604 2444 quidem
1615 2407 1683 2434 mihi
1693 2412 1764 2434 certe
1775 2407 1844 2434 nihil

1050 2452 1100 2474 est.
1140 2447 1180 2473 Tu
1194 2448 1291 2483 igitur,
1308 2452 1339 2474 ut
1347 2447 1475 2481 coepisti:
1495 2450 1533 2476 et,
1547 2446 1570 2471 si
1581 2444 1648 2480 quid
1659 2445 1695 2471 ita
1705 2444 1842 2474 conficies,

1050 2484 1133 2519 (quod
1147 2484 1275 2519 equidem
1291 2493 1343 2511 non
1354 2484 1468 2510 arbitror
1477 2482 1535 2508 fieri
1545 2482 1645 2516 posse,)
1655 2486 1685 2508 ut
1695 2481 1736 2508 illi
1747 2482 1845 2516 probe-

1051 2526 1102 2552 tur,
1115 2521 1282 2553 Cieeronem,
1294 2523 1319 2548 si
1329 2521 1380 2547 tibi
1390 2520 1515 2555 placebit,
1528 2519 1682 2545 adhibebis.
1716 2519 1783 2545 Eius
1793 2518 1844 2545 ali—

1050 2558 1118 2593 quid
1127 2559 1250 2589 interest,
1269 2558 1357 2585 videri
1367 2557 1441 2584 illius
1449 2565 1544 2583 caussa
1555 2555 1688 2582 voluisse:
1711 2564 1771 2582 mea
1781 2556 1845 2591 qui-

1049 2596 1112 2622 dem
1124 2596 1206 2626 nihil,
1224 2596 1278 2622 nisi
1290 2595 1330 2626 id,
1343 2594 1416 2630 quod
1426 2599 1455 2620 tu
1468 2594 1536 2619 scis:
1552 2592 1625 2628 quod
1636 2601 1686 2628 ego
1696 2593 1788 2629 magni
1799 2601 1845 2618 a&

1049 2633 1138 2659 stimo.
1178 2634 1204 2659 2.
1225 2632 1302 2665 Quod
1318 2640 1360 2658 me
1375 2630 1408 2657 ad
1419 2630 1642 2657 consuetudinem
1653 2638 1775 2662 revocas3
1793 2629 1844 2656 fuit

1050 2669 1317 2705 meumquidemiam
1328 2668 1433 2704 pridem
1444 2667 1640 2703 rempublicam
1652 2667 1756 2703 lugere,
1769 2665 1845 2702 quod

1104 2179 1216 2200 xxvul.
