1941 3052
213 141 258 165 290
782 141 824 164 ⁴22¹.
860 138 893 164 M.

211 210 349 244 situlum-nt.
366 210 437 245 ‹piod
453 211 484 236 iis
499 210 559 245 pluit
575 209 698 236 frumenti
715 209 902 243 imperabatur,
917 217 998 243 quam
1020 208 1029 214 '¹

209 252 337 282 «plantum
349 253 497 273 exararunt:
516 247 668 273 lmminiliu«
680 247 784 275 conctis.
802 246 827 271 in
839 254 930 271 corum
941 255 999 272 ara-

211 286 294 310 tioni-n
309 286 439 319 Apronium
456 286 538 312 venit.
563 293 639 309 omn«-
654 284 861 309 instrumentuui
875 282 996 317 diripuit.
1020 283 1029 316 ἦ

746 320 835 345 Postea
858 329 943 354 quum
966 320 998 346 ad
1021 335 1022 339 =

211 321 336 347 l'nmilinm
357 322 480 350 ntntnxit.
509 330 588 355 pecus
607 321 703 353 abegit.

1020 238 1023 262 l

173 374 176 377 -
209 367 270 384 cum
287 359 491 394 Nyinpiunturuv.
507 359 620 383 venisse-t
633 358 740 383 Aetnam
756 362 781 382 et
794 361 887 385 oraret.
905 361 933 382 ut
947 358 998 383 sibi
1021 363 1023 368 “

209 404 256 421 ntia
273 397 485 421 restituerentur:
504 395 635 420 liomiuem
651 395 746 428 corripi
763 403 791 419 ac
802 394 931 428 suspendi
943 395 999 420 ius-

209 434 243 458 ›iit
258 434 284 459 in
299 433 409 458 oli-astro
423 432 551 466 quodam.
576 440 644 466 quac
658 436 697 456 cst
715 432 804 461 arbor,
832 431 946 461 iudices,
972 432 998 457 in

211 469 273 495 loro.

210 506 299 541 populi
314 507 419 531 llomani
437 507 461 531 in
476 506 607 531 sociorum
624 506 688 531 urbe
702 515 731 531 ac
743 505 805 536 soro,
822 506 932 532 colonus
942 515 999 532 ara-

210 549 302 577 torque
317 548 410 572 vester.
427 543 555 577 quamdiu
572 543 695 569 voluntas
710 544 818 577 Apronii
835 543 904 569 tulit.

315 469 425 494 'I'amdiu
447 469 570 503 pependit
590 469 615 494 in
635 468 726 494 arbore
740 469 828 494 socius
843 469 999 503 amicusque
1021 498 1023 503 .

263 582 304 606 58.
330 581 430 606 Genera
451 580 606 606 iamdudum
630 580 866 606 innumerabilium
890 580 1000 606 iniuria·

210 626 277 647 rum,
294 617 409 647 iudices,
425 617 540 647 siugulis
556 618 710 643 nominibus
725 617 841 652 profero:
868 618 998 643 inlinitam

209 654 407 680 multitudinem
440 655 596 680 iniuriarum
630 656 817 689 praetermitto.

207 691 297 717 oculos
316 692 472 726 animosque
492 697 593 718 vestros
612 697 661 718 tota
681 692 770 718 Sicilia
789 692 998 718 decumanorum

208 728 256 755 lios
271 730 395 763 impetus,
412 734 542 755 aratorum
557 729 728 764 direptiones.
746 729 826 755 liuius
841 730 999 764 importuni-

208 771 299 795 tatem.
327 767 434 800 Apronii
455 775 565 800 ref-'num
587 767 732 801 proponite.
773 767 939 801 Contempsit
957 766 999 792 Si-

859 655 910 681 Vos
940 659 999 680 ante
1022 660 1030 672 ¹·

1022 680 1030 718 l:
1051 692 1103 718 bat.
1127 693 1202 718 Servi
1217 697 1304 719 nutem
1319 694 1387 723 eius.
1402 693 1449 728 qui
1464 698 1490 719 ct
1504 693 1624 720 moribus
1637 693 1732 720 iisdem
1743 698 1841 725 esseut,

207 803 295 829 culos:
316 812 366 829 non
385 804 463 830 duxit
482 804 616 830 homines:
638 813 685 830 nec
704 805 775 838 ipsos
790 804 821 830 ad
837 813 1000 839 persequen-
1021 818 1023 842 ς

206 840 271 866 dum
291 840 461 867 vehementes
481 840 534 867 l'ore
552 846 577 867 et
597 850 642 867 vos
662 850 752 867 eorum
772 842 883 867 iniurias
908 841 1001 867 leviter

208 877 306 904 laturos
320 879 492 904 existimavit.
528 878 623 904 xxtv.
640 880 681 904 59.
697 879 773 905 Esto:
791 878 883 904 falsam
898 878 931 904 de
945 878 999 904 illis

207 915 301 941 babuit
326 916 492 950 opinionem,
522 915 617 942 malam
641 915 674 941 de
698 916 787 948 vobis3
816 920 998 942 verumtamen

205 961 290 987 quum
305 952 338 978 de
352 952 450 979 Siculis
466 952 533 979 male
548 957 704 983 mereretur,
725 954 797 979 cives
811 953 942 979 Romanos
956 962 1000 979 co-
1021 961 1022 964 ¹

209 989 269 1019 tuit,
291 989 332 1016 his
347 990 471 1020 indulsit.
492 999 583 1016 eorum
600 990 726 1017 voluntati
742 995 767 1016 et
780 991 879 1025 gratiae
893 990 999 1016 deditus

208 1026 266 1052 luit.
307 1028 357 1053 Iste
380 1028 453 1053 cives
472 1027 620 1053 Romanos‘.>
645 1028 678 1054 At
701 1027 783 1054 nullis
805 1028 937 1054 inimicior
955 1032 999 1053 aut

205 1063 326 1090 infestior
346 1064 404 1090 fuit.

207 1101 328 1132 verbera,
349 1102 424 1128 mitto
442 1110 561 1132 secures.
581 1110 686 1128 crucem
706 1102 822 1137 denique
836 1102 908 1128 illam
924 1111 1000 1136 prae-

206 1139 334 1169 termitto=
355 1148 435 1173 quam
453 1140 559 1165 civibus
574 1140 699 1165 Romanis
718 1144 810 1166 testem
826 1139 999 1166 humanitatis

205 1176 233 1202 in
247 1184 292 1202 eos
306 1184 334 1202 ac
353 1176 550 1203 benevolentiae
568 1185 632 1203 suae
651 1177 735 1203 voluit
752 1185 824 1203 csse:
849 1177 937 1208 mitto,
958 1178 1000 1203 in-
1020 1182 1022 1188 '

205 1221 296 1248 quam,
314 1213 377 1239 baec
390 1214 487 1245 omnia,
504 1219 583 1249 atque
597 1215 624 1240 in
639 1214 711 1240 aliud
723 1214 828 1240 dicendi
841 1219 948 1248 tempus
958 1223 999 1240 re-

205 1250 279 1277 iicio:
299 1250 332 1277 de
346 1251 480 1282 decumis,
496 1251 529 1277 de
541 1252 642 1277 civium
657 1252 834 1277 Romanorum
848 1252 998 1278 conditione

206 1287 232 1314 in
247 1289 408 1314 arationibus
423 1288 544 1323 disputo:
560 1289 606 1323 qui
618 1288 845 1324 quemadmodum
857 1293 946 1315 essent
956 1297 999 1315 ac-
1020 1290 1021 1296 ¹

205 1325 288 1359 cepti,
313 1325 428 1355 iudices,
453 1325 567 1352 audistis
586 1334 619 1352 ex
637 1326 714 1360 ipsis.
754 1326 823 1352 Bona
843 1326 894 1352 sibi
910 1331 997 1360 erepta

205 1370 264 1388 esse
281 1362 381 1389 dixere.
422 1364 463 1389 60.
491 1363 589 1389 Verum
613 1363 689 1393 haec.
715 1364 842 1398 quoniam
865 1363 998 1389 eiusmodi

204 1407 297 1425 caussa
313 1399 375 1430 suit,
393 1399 498 1426 ferenda
512 1405 589 1426 sunt:
613 1400 679 1426 nihil
696 1400 812 1426 valuisse
826 1401 996 1434 aequitatem,

205 1436 271 1463 nibil
286 1437 521 1463 consuetudinem:
545 1437 641 1463 damna
655 1437 780 1472 denique,
797 1438 908 1468 iudices,
925 1437 998 1464 nulla

205 1478 274 1500 tanta
285 1479 356 1504 sunt.
373 1483 441 1509 quae
456 1483 506 1501 non
522 1475 571 1501 viri
588 1474 675 1506 fortes,
693 1483 789 1510 magno
803 1483 832 1501 ac
848 1474 931 1501 libero
941 1475 999 1501 ani-

203 1519 248 1537 mo
266 1511 362 1542 all‘ecti,
384 1511 490 1538 ferenda
504 1512 673 1538 arbitrentur.
714 1512 798 1544 Quid,
819 1512 841 1538 si
860 1512 998 1547 equitibus

203 1548 328 1575 Romanis
344 1557 393 1575 non
408 1549 530 1575 obscuris
545 1558 631 1584 neque
645 1550 756 1584 ignotis,
780 1549 827 1575 sed
842 1549 960 1575 honestis
974 1554 999 1576 et

203 1585 364 1617 illustribus,
381 1595 476 1613 manus
488 1587 521 1612 ab
531 1587 655 1621 Apronio,
673 1587 722 1613 isto
732 1592 858 1621 praetore,
875 1587 932 1613 sine
944 1586 998 1613 ulla

203 1622 368 1650 dubitatione
378 1623 572 1650 afferebantur?
584 1623 650 1659 quid
662 1623 840 1658 exspectatis?
853 1623 919 1658 quid
930 1632 944 1650 a
956 1632 998 1650 me
1027 1627 1029 1636 ’

204 1660 320 1695 amplius
334 1660 477 1687 dicendum
497 1661 615 1696 putatis‘?
640 1661 680 1688 An
700 1661 726 1687 id
750 1661 898 1696 agendum,
920 1665 950 1687 ut
968 1669 998 1687 eo

203 1697 316 1723 celerius
330 1698 362 1723 de
377 1699 427 1724 isto
441 1699 632 1734 transigamus.
654 1707 709 1733 quo
722 1699 853 1724 maturius
867 1698 899 1724 ad
913 1698 999 1733 Apro-

205 1735 280 1760 nium
295 1736 444 1769 possimus,
461 1735 488 1761 id
502 1735 574 1770 quod
588 1744 637 1771 ego
650 1735 689 1762 illi
704 1736 756 1762 iam
771 1736 798 1761 in
813 1735 904 1761 Sicilia
919 1735 998 1770 polli-

204 1772 273 1798 citus
291 1780 366 1803 sum,
395 1772 550 1807 pervenire?
575 1774 622 1808 qui
641 1772 670 1799 C.
691 1773 858 1803 Macrinium,
883 1773 995 1804 iudices,

205 1817 310 1835 summa
325 1810 422 1835 virtute
438 1810 586 1840 hominem,
607 1819 712 1836 summa
726 1810 871 1840 industria.
891 1818 997 1836 summa

204 1847 301 1881 gratia,
327 1847 462 1873 Leontinis
480 1848 507 1873 in
526 1847 634 1882 publico
648 1847 761 1873 biduum
777 1847 871 1873 tenuit.
911 1848 998 1882 Atque

205 1883 237 1909 ab
252 1884 375 1917 Apronio,
392 1884 502 1915 iudices,
519 1884 626 1910 homine
636 1885 663 1910 in
675 1884 801 1910 dedecore
813 1889 881 1915 nato,
898 1884 930 1910 ad
943 1889 999 1911 tur—

206 1921 354 1955 pitudinem
370 1920 489 1952 educato,
506 1922 538 1947 ad
553 1921 641 1948 Verris
656 1921 753 1957 flagitia
766 1921 946 1956 libidinesque
954 1930 998 1948 ac-

204 1957 382 1988 commodato,
402 1959 518 1993 equitem
534 1959 681 1985 Romanum
700 1959 793 1985 scitote
810 1958 924 1985 biduum
938 1959 998 1985 cibo

205 1999 326 2029 tectoque
345 1995 523 2030 prohibitum:
549 1996 662 2022 biduum
682 1996 817 2022 Leontinis
835 1996 862 2022 in
882 1995 937 2023 foro
949 2005 998 2022 cu·-

204 2031 298 2058 stodiis
312 2032 420 2067 Apronii
437 2037 566 2059 retentum
582 2038 661 2068 atque
675 2038 820 2064 servatum,
837 2042 924 2068 neque
938 2038 997 2060 ante
1019 2044 1021 2067 ζ

204 2068 362 2101 dimissum,
387 2078 467 2105 quam
487 2070 519 2096 ad
536 2070 700 2097 conditiones
718 2071 776 2097 eius
795 2070 923 2105 depactus
946 2075 996 2097 est.

204 2105 289 2132 XXV.
302 2108 343 2133 6t.
355 2107 420 2133 Nam
435 2107 501 2142 quid
515 2116 564 2143 ego
577 2107 610 2134 de
619 2107 650 2140 Q.
662 2107 755 2139 Lollio,
771 2108 882 2139 iudices,
899 2108 994 2139 dicam,
1019 2126 1027 2142 ιχ

1026 2147 1028 2176 3
1049 2144 1204 2172 versatum?
1235 2145 1277 2171 65.
1296 2144 1432 2180 Apronius
1449 2145 1589 2179 stipatores
1605 2144 1732 2171 Venerios
1749 2152 1841 2170 secum

204 2144 293 2178 equite
306 2144 424 2170 Romano
437 2149 553 2179 spectato
567 2150 646 2180 atque
660 2144 788 2172 honesto?
802 2145 876 2171 Clara
890 2154 932 2171 res
946 2150 994 2177 est,

204 2189 284 2215 quam
304 2181 424 2207 dicturus
443 2191 516 2213 sum,
543 2187 594 2208 tota
613 2182 704 2208 Sicilia
722 2182 894 2209 celeberrima
917 2187 997 2218 atque

206 2218 355 2245 notissima:
371 2219 418 2254 qui
432 2228 517 2254 quum
532 2224 616 2246 araret
629 2220 656 2246 in
668 2220 803 2250 Aetnensi,
819 2228 960 2255 quumque
973 2221 996 2247 is

204 2263 266 2290 ager
279 2255 395 2290 Apronio
407 2264 469 2282 cum
483 2257 577 2283 ceteris
591 2257 661 2292 agris
675 2261 745 2283 esset
763 2257 888 2289 traditus3
914 2266 998 2292 eque-

204 2292 252 2318 stri
271 2297 358 2319 vetere
376 2293 421 2319 illa
439 2298 464 2320 et
477 2294 631 2320 auctoritate
644 2298 670 2320 et
682 2295 767 2329 gratia
783 2293 866 2321 fretus
880 2294 997 2321 affirma-

204 2329 242 2355 vit
259 2338 288 2355 se
306 2330 462 2357 decumanis
479 2330 542 2366 plus
555 2340 636 2366 quam
651 2331 772 2363 deberet,
793 2341 845 2358 non
859 2331 994 2358 daturum.

204 2365 324 2393 Refertur
345 2368 404 2394 eius
427 2377 515 2394 sermo
537 2369 569 2394 ad
587 2368 745 2403 Apronium.
785 2369 929 2395 Enimvero
946 2370 996 2396 iste

205 2403 289 2430 ridere
303 2412 332 2430 ac
346 2405 448 2436 mirari,
468 2405 583 2432 Lollium
599 2405 664 2432 nihii
679 2405 712 2432 de
726 2406 861 2437 Matrinio,
882 2406 949 2432 nihil
963 2406 997 2432 de

204 2441 298 2466 ceteris
311 2441 392 2467 rebus
406 2442 523 2469 audisse.
563 2443 644 2469 Mittit
656 2443 689 2469 ad
703 2443 838 2470 hominem
854 2443 994 2470 Venerios:

203 2476 262 2510 (hoc
275 2486 383 2513 quoque
396 2480 530 2511 attendite,
547 2480 709 2515 apparitores
723 2489 737 2506 a
748 2485 865 2515 praetore
876 2481 997 2516 assigna-

205 2518 244 2539 tos
260 2514 385 2541 babuisse
398 2516 590 2549 decumanum3
607 2517 629 2543 si
644 2517 694 2543 hoc
707 2518 839 2544 mediocre
852 2526 997 2553 argumen-

205 2555 261 2576 tum
285 2551 368 2578 videri
388 2558 486 2586 potest,
510 2554 593 2580 istum
611 2554 820 2581 decumanorum
839 2555 946 2581 nomine
963 2554 996 2581 ad

204 2595 267 2613 suos
280 2594 408 2623 quaestus
422 2598 480 2616 esse
494 2591 608 2617 abusum
618 2591 635 2626 z)
647 2591 789 2618 adducitur
802 2600 816 2617 a
827 2592 947 2618 Veneriis
958 2595 997 2618 at-

205 2632 258 2659 que
276 2625 340 2651 adeo
358 2627 497 2653 attrabitur
515 2627 617 2654 Lollius
634 2628 786 2659 commode,
807 2637 893 2663 quum
911 2629 996 2663 Apro-

207 2662 266 2688 nius
280 2670 294 2688 e
307 2662 436 2697 palaestra
450 2664 570 2702 redisset.
586 2669 611 2691 et
624 2665 651 2691 in
667 2665 794 2696 triclinio,
810 2665 883 2700 quod
897 2666 926 2692 in
941 2665 996 2692 soro

445 1065 519 1091 Mitto
538 1065 636 1095 vincla.
662 1066 737 1091 mitto
754 1073 898 1095 carcerem,
924 1065 1000 1091 mitto
1020 1068 1022 1070 “

1027 1963 1028 1966 ’
1050 1959 1183 1985 verantiae
1201 1958 1275 1985 nulla
1289 1959 1388 1985 ratione
1402 1959 1470 1993 eripi
1483 1959 1578 1993 possit.

1027 2015 1028 2018 η
1049 1995 1192 2022 tersuistis:
1212 2000 1249 2022 tot
1267 1995 1389 2022 homines
1407 2000 1531 2022 nocentes
1548 2000 1574 2022 et
1586 1995 1722 2030 improbos
1735 2003 1844 2022 aecusa-

925 138 954 164 T.
987 138 1260 165 CICERONIS

1051 209 1146 235 Aetnae
1162 214 1299 239 araverat.
1315 209 1496 236 ‹lecubuisset.
1537 212 1578 237 οἰ.
1595 210 1726 239 Statuitur
1739 212 1840 240 Lamus

1051 246 1076 272 in
1097 246 1142 271 illo
1161 247 1319 281 tempestivo
1336 246 1512 282 gladiatorum
1530 249 1663 275 convivio.
1705 249 1760 276 Non
1784 259 1841 276 me-

1051 283 1166 312 hercule.
1182 292 1250 318 quae
1263 283 1363 318 loquor.
1379 285 1522 315 crederem,
1539 285 1649 315 iudices.
1666 287 1768 312 tamt-tsi
1782 286 1842 312 vul-

1050 329 1084 353 go
1097 320 1242 349 audieram.
1259 321 1310 347 nisi
1326 329 1429 347 mecum
1444 322 1501 356 ipse
1515 331 1606 353 senex,
1642 331 1706 349 uum
1722 323 1787 350 milii
1803 329 1842 349 at-

1051 365 1103 391 que
1119 356 1181 383 liuic
1201 357 1328 384 voluntati
1346 359 1521 386 nccuutionin
1541 368 1614 386 meae
1637 360 1768 386 amimam
1781 370 1842 396 gra-

1052 395 1100 419 tias
1123 399 1224 429 ageret.
1250 403 1355 421 flunima
1377 404 1438 422 cum
1461 401 1612 423 auctoritate
1633 402 1704 424 esset
1727 397 1841 424 locutus.

1028 439 1029 443 ¹
1052 432 1195 462 Statuitur,
1216 436 1245 458 ut
1258 432 1330 462 dico,
1350 440 1433 467 eques
1447 433 1594 464 nomana..
1616 443 1696 469 prope
1710 443 1793 461 annot
1807 443 1842 461 xc

1053 473 1142 498 natus.
1164 469 1190 495 in
1205 469 1313 503 Apronii
1332 470 1468 500 convivio.
1489 478 1573 505 quum
1592 471 1690 498 interea
1709 472 1843 506 Apronius

1050 510 1129 540 caput
1143 511 1222 541 atque
1235 515 1265 532 os
1278 515 1359 532 suum
1375 512 1511 540 unguento
1525 507 1686 542 perfricaret.
1707 508 1777 541 Quid
1791 513 1840 538 est.

1052 543 1137 569 Lolli‘?
1160 544 1255 578 inquit.
1296 544 1350 574 Tu,
1374 544 1425 570 nisi
1445 543 1514 570 malo
1531 549 1650 576 coactus.
1671 551 1739 572 recte
1759 545 1842 572 taem

1052 580 1156 606 nescis?
1171 581 1253 606 IIonio
1263 580 1329 615 quid
1340 585 1441 616 agerct;
1458 586 1562 612 taceret.
1579 582 1761 617 responderem
1776 583 1842 618 quid

1052 617 1146 643 faceret
1163 618 1292 653 denique.
1318 618 1363 644 illa
1382 619 1534 645 auctoritate
1552 623 1578 645 et
1595 624 1678 645 aetate
1695 620 1841 655 praeditus,

1052 655 1194 681 nesciebat.
1221 656 1353 690 Apronius
1368 656 1465 682 interea
1479 664 1586 682 caenam
1599 665 1629 682 ac
1643 656 1736 691 pocula
1751 665 1843 692 posce-

1050 730 1151 764 quibus
1165 729 1304 761 dominus,
1320 735 1345 756 et
1358 730 1450 756 eodem
1465 739 1562 766 genere
1576 739 1605 757 ac
1620 730 1676 757 loco
1689 731 1751 762 nati,
1768 740 1844 766 prae-

1052 771 1091 793 ter
1103 767 1195 793 oculos
1210 767 1286 793 Lollii
1302 767 1365 793 baec
1379 768 1466 793 omnia
1482 767 1610 794 ferebant.
1644 768 1738 794 Ridere
1751 769 1843 796 couvi-

1052 813 1112 835 νεα
1133 804 1284 831 cachinnari
1299 805 1356 839 ipse
1370 805 1518 839 Apronius:
1539 806 1590 831 nisi
1605 804 1670 832 l'orte
1684 806 1843 832 existimatis

1051 850 1112 867 cum
1128 842 1154 867 in
1170 842 1232 867 vino
1244 850 1274 868 ac
1289 841 1353 868 luxu
1369 851 1420 868 non
1432 842 1531 873 risisse,
1546 843 1593 877 qui
1605 851 1675 869 nunc
1687 843 1713 869 in
1725 842 1844 877 periculo

1051 883 1130 913 atque
1143 879 1224 905 exitio
1238 887 1288 905 suo
1301 880 1384 905 risum
1400 884 1488 905 tenere
1502 888 1553 906 non
1568 880 1660 914 possit.
1695 880 1733 906 Ne
1747 879 1841 911 multa,

1051 916 1167 942 iudices:
1194 916 1236 942 bis
1253 916 1423 942 contumeliis
1441 917 1533 943 scitote
1546 916 1578 949 Q.
1594 917 1708 943 Lollium
1722 922 1842 944 coactum

1051 953 1082 979 ad
1098 953 1207 988 Apronii
1223 953 1296 988 leges
1306 953 1525 989 conditionesque
1536 954 1650 980 venisse.
1672 956 1713 981 63.
1730 954 1840 985 Lollius.

1051 995 1133 1016 aetate
1147 995 1173 1016 et
1187 990 1278 1017 morbo
1292 990 1447 1025 impeditus.
1463 991 1495 1017 ad
1507 991 1687 1017 testimonium
1698 991 1842 1018 dicendum

1052 1028 1142 1054 venire
1157 1036 1207 1054 non
1223 1028 1318 1062 potuit.
1358 1027 1428 1060 Quid
1442 1036 1510 1062 opus
1524 1032 1564 1054 est
1578 1027 1680 1055 Lollio?
1697 1029 1781 1055 Nemo
1794 1028 1843 1055 boc

1051 1065 1148 1097 nescit;
1174 1073 1251 1091 nemo
1265 1069 1371 1091 tuorum
1385 1066 1540 1096 amicorum,
1556 1074 1634 1092 nemo
1647 1065 1694 1092 abs
1708 1070 1732 1092 te
1745 1065 1844 1100 produ·

1050 1107 1122 1132 ctus,
1139 1110 1217 1128 nemo
1229 1102 1277 1128 abs
1291 1107 1315 1128 te
1329 1102 1518 1138 interrogatus,
1535 1111 1606 1129 nunc
1619 1111 1648 1129 se
1663 1103 1780 1138 primurn
1795 1102 1844 1130 hoc

1050 1139 1119 1165 dicet
1133 1139 1235 1165 audire.
1277 1139 1311 1166 M.
1328 1139 1443 1170 Lollius.
1459 1140 1518 1166 eius
1533 1139 1618 1171 lilius,
1638 1139 1792 1166 adolescens
1806 1139 1844 1166 le-

1049 1177 1201 1208 ctissimus,
1223 1181 1326 1211 praesto
1340 1181 1393 1203 est:
1419 1176 1501 1203 buius
1519 1177 1599 1204 verba
1612 1176 1736 1203 audietis.
1776 1177 1842 1204 Nam

1049 1213 1081 1246 Q.
1098 1213 1199 1240 Lollius
1213 1214 1271 1240 eius
1285 1213 1367 1245 lilius,
1383 1214 1430 1249 qui
1445 1213 1577 1241 Calidium
1591 1214 1738 1244 accusavit.
1754 1213 1844 1241 adole-

1028 1253 1029 1271 1
1049 1260 1127 1277 scens
1141 1255 1167 1277 et
1180 1251 1266 1278 bonus
1280 1255 1305 1277 et
1320 1250 1393 1277 fortis
1407 1255 1432 1277 et
1450 1251 1477 1278 in
1495 1252 1590 1286 primis
1608 1251 1737 1282 disertus.
1757 1260 1842 1286 quum

1051 1288 1092 1315 bis
1107 1288 1212 1314 iniuriis
1225 1288 1451 1323 contumeliisque
1464 1293 1613 1316 commotus
1627 1289 1654 1315 in
1668 1288 1786 1315 Siciliam
1801 1297 1844 1315 es-

1050 1330 1090 1352 set
1114 1325 1257 1360 profectus,
1281 1326 1308 1352 in
1332 1326 1426 1352 itinere
1447 1326 1552 1352 occisus
1574 1330 1627 1352 est:
1651 1327 1729 1352 cqus
1751 1326 1843 1353 mortis

1049 1371 1171 1389 caussam
1188 1362 1293 1398 fugitivi
1308 1363 1454 1395 sustinent;
1480 1371 1508 1389 re
1525 1362 1635 1398 quidem
1650 1371 1710 1389 vera
1725 1371 1803 1390 nemo
1815 1363 1842 1390 in

1050 1400 1140 1426 Sicilia
1155 1400 1267 1431 dubitat.
1283 1401 1350 1435 quin
1364 1408 1395 1427 eo
1407 1401 1566 1432 sitoocisus‚
1581 1400 1653 1436 quod
1664 1400 1760 1427 habere
1769 1399 1844 1427 clau-

1050 1446 1078 1464 sa
1093 1446 1143 1464 non
1159 1437 1274 1472 potuerit
1287 1446 1335 1464 sua
1349 1437 1459 1464 consilia
1473 1437 1506 1464 de
1520 1438 1609 1464 Verre.
1635 1438 1686 1464 Iste
1700 1446 1778 1472 porro
1791 1446 1842 1465 non

1027 1487 1029 1506 t
1049 1474 1201 1505 dubitabat,
1221 1475 1288 1510 quin
1306 1475 1342 1506 is,
1362 1475 1410 1510 qui
1424 1474 1506 1501 alium
1520 1480 1595 1502 antea
1609 1475 1699 1502 studio
1711 1475 1843 1502 adductus

1027 1535 1028 1538 ,
1049 1516 1216 1543 accusasset.
1244 1512 1297 1539 sibi
1323 1511 1475 1539 advenienti
1500 1517 1605 1548 praesto
1629 1518 1700 1539 esset
1724 1511 1841 1543 tuturus.

1049 1558 1134 1584 quum
1149 1553 1219 1575 esset
1232 1549 1349 1584 parentis
1362 1550 1468 1576 iniuriis
1482 1554 1507 1576 et
1516 1549 1662 1577 domestico
1671 1549 1760 1576 dolore
1770 1558 1844 1576 com·

1027 1589 1029 1593 ⁴
1049 1591 1147 1613 motus.

1105 1623 1202 1649 xxvl.
1215 1624 1257 1650 64.
1272 1623 1362 1649 Iamne
1373 1622 1531 1659 intelligitis.
1543 1623 1656 1655 iudices,
1668 1631 1737 1659 quae
1748 1624 1840 1658 pestis,

1049 1669 1119 1695 quae
1137 1661 1289 1687 immanitas
1307 1661 1335 1687 in
1354 1665 1440 1687 vestra
1458 1661 1658 1695 antiquissima.
1688 1660 1842 1687 fidelissima

1051 1698 1225 1733 proximaque
1239 1698 1375 1732 provincia
1390 1702 1492 1724 versata
1502 1697 1555 1724 sit?
1574 1698 1627 1724 lam
1640 1697 1745 1728 videtis.
1761 1706 1842 1733 quam

1028 1738 1029 1744 ¹
1049 1735 1083 1762 ob
1096 1743 1218 1761 caussam
1233 1734 1331 1765 Sicilia.
1348 1739 1384 1761 tot
1394 1734 1534 1761 hominum
1546 1734 1615 1762 furta
1625 1740 1709 1766 antea.
1726 1736 1840 1770 rapinas=

1027 1779 1028 1785 ¹
1050 1773 1204 1807 iniquitates
1218 1772 1434 1807 ignominiasque
1448 1781 1582 1807 perpessa,
1599 1780 1650 1799 non
1666 1773 1779 1807 potuerit
1794 1772 1843 1799 hoc

1028 1808 1029 1838 ἒ
1050 1818 1148 1836 novum
1168 1817 1198 1836 ac
1216 1809 1353 1845 singulare
1369 1814 1449 1844 atque
1462 1809 1619 1836 incredibile
1631 1818 1718 1845 genus
1732 1810 1844 1836 iniuria—

1049 1855 1109 1873 rum
1124 1846 1400 1882 contumeliarumque
1415 1846 1549 1881 perl'erre?
1570 1847 1624 1873 Iam
1638 1855 1730 1873 omnes
1744 1846 1844 1873 intelli-

1049 1888 1125 1920 gunt,
1141 1892 1190 1910 cur
1203 1884 1327 1910 universa
1341 1884 1478 1919 provincia
1491 1883 1657 1910 defensorem
1671 1892 1735 1910 suae
1748 1883 1843 1910 salutis

1049 1930 1110 1948 eum
1125 1920 1315 1956 quaesiverit*v
1331 1921 1409 1947 cuius
1423 1921 1472 1947 iste
1487 1920 1558 1952 fidei,
1573 1920 1736 1985 dilli'genilass
1753 1929 1844 1963 perse-

1640 1963 1708 1985 otiu
1730 1966 1788 1984 icus
1801 1967 1844 1985 in-

1049 2038 1088 2060 tos
1107 2038 1133 2059 et
1150 2037 1236 2060 vestra
1254 2037 1280 2059 et
1292 2033 1461 2068 superiorum
1476 2033 1603 2059 memoria
1616 2033 1690 2059 scitis
1703 2041 1775 2059 esse:
1800 2041 1844 2059 eo-

1048 2079 1130 2106 quem
1153 2070 1273 2101 vidistis,
1293 2078 1405 2105 ecquem
1423 2069 1537 2096 audistis
1558 2070 1587 2097 iu
1605 2070 1685 2096 tantis
1704 2069 1795 2101 furtis,
1814 2070 1843 2096 in

1048 2112 1101 2134 tam
1115 2108 1227 2143 apertis,
1247 2108 1276 2134 in
1290 2112 1360 2134 tanta
1374 2107 1497 2139 audacia,
1517 2111 1588 2134 tanta
1605 2106 1771 2142 impudentia
1783 2115 1843 2133 osse

1049 2182 1177 2209 habebat:
1200 2181 1316 2208 ducebat
1332 2190 1378 2208 eos
1394 2181 1496 2208 circum
1508 2182 1643 2208 civitates:
1667 2180 1775 2216 publice
1789 2181 1841 2207 sibi

1049 2219 1171 2246 convivia
1186 2219 1282 2254 parari,
1298 2219 1381 2246 sterni
1395 2218 1509 2245 triclinia
1523 2219 1589 2245 etin
1604 2218 1660 2245 soro
1672 2218 1754 2244 sterni
1765 2217 1843 2244 iube-

1049 2257 1107 2283 bat:
1123 2265 1154 2283 eo
1168 2257 1255 2283 vocari
1270 2256 1392 2283 homines
1405 2255 1618 2287 honestissimos,
1634 2263 1686 2281 non
1699 2254 1787 2281 solum
1799 2254 1843 2282 Si-

1018 2297 1019 2302 *
1047 2293 1132 2325 culos,
1147 2293 1196 2320 sed
1209 2294 1288 2320 etiam
1302 2293 1406 2328 equites
1415 2293 1560 2320 Romanos:
1575 2296 1613 2323 ut.
1628 2292 1739 2327 quicum
1752 2292 1842 2318 vivere

1049 2339 1127 2358 nemo
1140 2339 1280 2366 umquam,
1296 2331 1348 2357 nisi
1363 2330 1449 2365 turpis
1463 2330 1641 2365 impurusque
1655 2328 1792 2360 voluisset,
1808 2327 1841 2356 ad

1050 2368 1108 2395 eius
1122 2369 1278 2395 convivium
1292 2367 1480 2403 spectatissimi
1495 2371 1574 2402 atque
1588 2366 1771 2393 honestissimi
1789 2366 1842 2393 viri

1047 2410 1208 2432 tenerentur.
1247 2405 1315 2431 Haec
1328 2409 1367 2436 tu,
1382 2404 1503 2431 omnium
1517 2403 1668 2430 mortalium
1682 2402 1842 2439 profligatis-

1048 2443 1116 2469 sime
1138 2451 1168 2469 ac
1189 2442 1383 2478 perditissime,
1407 2449 1493 2476 quum
1511 2441 1606 2471 scires.
1630 2448 1716 2475 quum
1733 2439 1840 2466 audires

1047 2479 1176 2514 quotidie,
1191 2487 1278 2514 quum
1292 2479 1409 2511 videres;
1429 2478 1452 2504 si
1465 2478 1524 2504 sine
1537 2482 1583 2504 tuo
1595 2481 1708 2513 quaestu
1723 2477 1841 2504 maximo

1048 2517 1153 2548 fierent,
1177 2525 1239 2543 cum
1262 2520 1334 2543 tanto
1350 2514 1470 2551 periculo
1487 2519 1533 2541 tuo
1551 2514 1606 2541 fieri
1625 2519 1742 2550 paterere
1760 2518 1840 2549 atque

1046 2553 1224 2580 concederes?
1248 2557 1351 2580 tantum
1364 2552 1436 2587 apud
1453 2556 1479 2578 te
1496 2556 1625 2587 quaestus
1637 2551 1761 2586 Apronii,
1781 2555 1841 2577 tan-

1048 2595 1105 2617 tum
1123 2591 1182 2617 eius
1199 2599 1287 2617 sermo
1304 2589 1539 2625 inquinatissimus
1556 2593 1582 2615 et
1599 2588 1742 2615 blanditiae
1764 2587 1840 2623 flagi—

1048 2628 1129 2654 tiosae
1147 2627 1302 2658 valuerunt.
1326 2631 1356 2653 ut
1374 2635 1523 2661 numquam
1540 2627 1661 2652 animum
1681 2629 1756 2651 tuum
1775 2633 1838 2651 cura

1018 2684 1027 2691 ..
1048 2669 1154 2691 tuarum
1169 2664 1335 2691 fortunarum
1347 2664 1526 2699 cogitatioque
1536 2661 1671 2700 tangeret?
1690 2663 1731 2688 66.
1747 2661 1839 2689 Cerni·

1909 1725 1917 1848 l
