1941 3052
324 96 649 124 EPISTOLARUM
677 97 730 124 AD
759 96 986 124 DIVERSOS
1016 97 1097 124 LIB.
1118 98 1197 124 VIII.
1228 98 1289 124 ΕΡ.
1312 100 1326 124 9
1347 101 1443 125 -11,
1646 100 1692 127 721

247 166 413 194 CAELIUS
439 167 626 195 CICERONI
646 167 674 194 S.

123 210 145 234 I.
168 203 217 234 Sic
237 212 279 238 tu,
301 208 406 242 inquis,
429 209 536 235 Hirrum
557 208 690 235 tractasti?
718 209 811 239 Immo,
833 209 857 235 si

67 246 146 275 scias,
164 253 245 280 quam
260 244 346 275 facile,
360 253 441 279 quam
452 254 485 272 ne
496 246 673 272 contentionis
683 246 794 280 quidem
806 247 858 272 mi-

66 283 154 309 nimae
166 282 255 312 fuerit,
268 281 367 316 pudeat
377 287 402 308 te
413 291 508 309 ausum
521 282 598 309 illum
609 292 738 318 umquam
749 291 808 309 esse
816 284 857 309 in-

64 319 159 346 cedere
171 324 307 353 tamquam
318 323 396 345 tuum
407 320 618 354 competitorem.
648 321 710 346 Post
721 320 857 355 repulsam

65 365 128 383 vero
140 357 212 382 risus
223 355 299 382 facit:
321 357 410 382 civem
421 357 522 383 bonum
535 357 611 388 ludit,
624 362 650 384 et
660 362 748 384 contra
760 357 857 384 Caesa-

66 402 122 420 rem
140 394 285 420 sententias
301 393 380 420 dicit:
412 395 637 428 exspectationem
653 395 774 429 corripit,
803 394 856 420 Cu-

66 431 169 457 rionem
184 439 294 465 prorsus
314 439 366 457 non
381 431 551 458 mediocriter
561 432 732 467 obiurgatus,
750 432 799 457 hac
815 440 857 457 re-

65 467 144 503 pulsa
165 476 193 494 se
209 468 332 494 mutavit.
373 468 511 494 Praeterea
530 469 578 503 qui
593 477 742 503 numquam
757 469 784 494 in
801 468 856 494 foro

65 505 227 540 apparuerit,
246 513 297 531 non
314 504 429 531 multum
444 506 472 531 in
488 505 597 532 iudiciis
612 510 733 532 versatus
745 506 787 536 sit,
802 506 857 540 agit

64 550 174 568 caussas
186 541 323 568 liberales:
346 542 393 568 sed
404 551 462 569 raro
474 547 535 577 post
545 543 695 569 meridiem.
710 544 735 569 2.
747 543 783 568 De
794 551 856 577 pro-

65 579 173 610 vinciis,
187 579 259 614 quod
271 579 319 605 tibi
330 580 499 614 scripseram,
508 580 601 606 Idibus
608 580 702 606 Sextil.
711 584 799 606 actum
811 581 853 610 iri,

64 616 216 651 interpellat
232 616 364 642 iudicium
379 617 506 648 Marcelli,
522 617 641 643 consulis
653 617 795 651 designati.
827 617 854 642 In

65 653 177 680 Kalend.
191 654 287 680 reiecta
298 662 334 684 re,
349 662 381 680 ne
392 653 569 689 frequentiam
580 654 690 689 quidem
697 654 801 680 efficere
808 662 856 688 po-

64 695 179 718 tuerant.
220 691 272 716 Has
287 690 387 717 litteras
402 700 426 717 a.
438 691 465 717 d.
482 699 518 717 ιν.
536 692 603 718 Non.
617 691 767 726 Septembr.
780 691 853 721 dedi,

64 736 151 763 quum
162 727 195 754 ad
206 736 264 754 eam
275 727 347 754 diem
358 736 392 754 ne
403 727 572 764 profligatum
583 728 692 763 quidem
705 728 855 763 quidquam

65 769 130 792 erat.
161 765 194 791 Ut
205 765 292 795 video,
307 773 400 791 caussa
412 765 477 791 haec
488 766 591 801 integra
603 767 630 792 in
641 766 796 800 proximum
807 774 855 791 an-

64 811 131 828 num
142 801 329 828 transferetur:
361 806 395 833 et,
404 807 536 837 quantum
547 803 649 833 divino,
659 802 854 837 relinquendus

64 839 114 866 tibi
129 840 187 870 erit,
204 839 252 873 qui
270 839 436 873 provinciam
451 840 579 866 obtineat.
623 841 690 866 Nam
705 849 757 866 non
772 848 856 874 expe-

63 876 137 902 ditur
151 877 298 906 successio,
317 876 425 910 quando
441 876 556 908 Galliae,
574 885 643 912 quae
659 877 758 904 habent
773 878 855 903 inter-

64 922 207 944 cessorem,
221 914 248 939 in
260 913 381 939 eamdem
392 914 580 945 conditionem,
590 923 670 950 quam
681 920 783 941 ceterae
794 923 856 949 pro-

65 951 178 982 vinciae,
191 955 329 977 vocantur.
369 951 423 977 Hoc
438 952 506 977 mihi
518 960 570 978 non
581 957 622 978 est
632 951 757 978 dubium.
797 951 855 983 Quo

64 988 114 1015 tibi
133 988 220 1022 magis
240 988 349 1022 scripsi,
373 993 402 1014 ut
416 988 449 1014 ad
466 989 538 1015 hunc
553 994 680 1016 eventum
696 994 720 1016 te
736 998 853 1024 parares.

64 1027 89 1052 3.
102 1025 166 1051 Fere
179 1025 273 1051 litteris
284 1025 410 1051 omnibus
422 1025 472 1052 tibi
482 1026 658 1061 depantheris
665 1027 772 1061 scripsi.
788 1027 856 1052 Tur-

64 1070 97 1097 pe
116 1062 165 1088 tibi
180 1062 242 1093 erit,
263 1063 398 1089 Patiscum
413 1063 523 1090 Curioni
537 1063 630 1090 decem
645 1064 788 1098 pantheras
804 1065 856 1090 mi-

63 1100 141 1130 sisse,
154 1104 178 1126 te
189 1108 241 1126 non
253 1099 345 1126 multis
357 1101 478 1134 partibus
490 1100 595 1135 plures:
617 1110 685 1136 quas
697 1110 768 1136 ipsas
775 1101 855 1128 Curio

65 1137 141 1168 mihi,
150 1141 175 1163 et
186 1136 251 1163 alias
262 1137 400 1164 Africanas
411 1137 504 1164 decem
515 1138 637 1165 donavit:
655 1147 686 1165 ne
692 1138 854 1173 putesillum

64 1179 166 1201 tantum
182 1174 289 1209 praedia
305 1175 404 1201 rustica
419 1175 482 1201 dare
493 1176 570 1202 scire.
611 1176 660 1207 Tu,
674 1177 696 1202 si
709 1176 787 1202 modo
798 1184 855 1202 me-

65 1212 147 1238 moria
163 1212 293 1243 tenueris,
314 1217 340 1238 et
355 1212 493 1248 Cibyratas
509 1213 671 1244 arcessieris,
693 1213 811 1248 itemque
828 1214 853 1239 in

64 1248 250 1284 Pamphyliam
271 1249 370 1275 litteras
391 1251 510 1281 miseris,
533 1250 604 1285 (nam
624 1250 662 1277 ibi
683 1251 774 1285 plures
795 1251 854 1285 capi

64 1285 160 1321 aiunt.)
174 1286 246 1320 quod
260 1286 334 1312 voles
350 1286 461 1314 efficies.
501 1288 555 1315 Hoc
566 1287 752 1315 vehementius
765 1288 855 1316 laboro

64 1332 146 1354 nunc,
159 1323 232 1358 quod
243 1332 363 1351 seorsum
375 1334 390 1351 a
400 1324 501 1361 collega
513 1331 577 1361 puto
589 1327 750 1353 mihiomnia
759 1335 855 1362 paran-

63 1361 107 1387 da.
129 1360 232 1387 Amabo
246 1366 279 1392 te,
293 1362 395 1397 impera
406 1363 456 1389 tibi
467 1363 526 1389 hoc.
539 1363 637 1390 Curare
648 1363 717 1390 soles
730 1363 852 1392 libenter.

63 1402 93 1424 ut
103 1406 161 1434 ego.
176 1399 302 1425 maiorem
314 1404 417 1434 partem
429 1400 498 1426 nihil
509 1409 611 1427 curare.
648 1402 675 1427 In
688 1401 737 1428 hoc
748 1403 854 1437 negotio

64 1434 137 1462 nulla
154 1441 206 1466 tua,
225 1436 278 1462 nisi
290 1436 427 1471 loquendi,
444 1446 507 1464 cura
518 1443 567 1469 est,
581 1438 631 1465 hoc
641 1443 689 1470 est,
703 1439 854 1474 imperandi

63 1477 89 1499 et
104 1473 258 1499 mandandi.
298 1474 365 1500 Nam
385 1474 466 1500 simul
482 1480 561 1510 atque
576 1480 655 1502 erunt
669 1481 774 1511 captae:
805 1477 854 1511 qui

63 1509 134 1536 alant
149 1518 193 1536 eas
208 1515 233 1536 et
248 1510 394 1545 deportent,
413 1511 496 1538 habes
512 1521 565 1544 eos¹
583 1521 651 1548 quos
666 1513 699 1539 ad
713 1514 853 1540 Sittianam

62 1547 244 1583 syngrapham
260 1548 332 1574 misi.
373 1549 438 1575 Puto
454 1550 543 1581 etiam,
560 1551 584 1576 si
600 1550 683 1576 ullam
699 1559 774 1586 spem
786 1551 853 1577 mihi

62 1584 158 1611 litteris
169 1584 327 1616 ostenderis,
341 1594 383 1612 me
395 1586 445 1613 isto
456 1587 604 1613 missurum
615 1587 691 1614 alios.
718 1589 742 1615 4.
756 1589 791 1615 M.
805 1589 854 1614 Fe-

62 1621 171 1653 fidium,
186 1623 304 1657 equitem
316 1623 563 1655 Romanum,amici
574 1625 627 1651 mei
639 1625 734 1657 filium,
752 1625 853 1652 bonum

61 1663 88 1686 et
107 1663 246 1685 strenuum
265 1659 474 1692 adolescentem,
498 1663 546 1697 qui
566 1662 599 1688 ad
619 1671 699 1688 suum
715 1663 852 1698 negotium

62 1697 133 1723 istuc
152 1697 238 1728 venit,
261 1697 311 1723 tibi
329 1699 500 1726 commendo:
533 1704 559 1726 et
575 1704 598 1726 te
614 1708 686 1735 rogo,
703 1704 732 1727 ut
746 1709 808 1726 eum
825 1701 852 1727 in

62 1737 168 1760 tuorum
180 1742 291 1761 numero
303 1734 412 1761 habeas.
443 1736 537 1772 Agros,
553 1745 621 1772 quos
633 1737 793 1764 fructuarios
806 1738 854 1764 ha—

62 1770 126 1797 bent
140 1772 276 1802 civitates,
294 1771 352 1798 vult
364 1777 409 1799 tuo
425 1773 564 1806 beneficio,
581 1774 653 1809 quod
669 1775 719 1801 thi
735 1774 812 1802 facile
828 1779 854 1802 et

62 1808 204 1835 honestum
215 1808 286 1835 factu
298 1814 346 1841 est,
356 1810 490 1837 immunes
502 1820 574 1844 esse;
595 1813 620 1838 5.
632 1817 721 1847 gratos
733 1817 758 1839 et
769 1813 852 1839 bonos

62 1846 134 1872 viros
150 1845 200 1872 tibi
213 1845 353 1881 obligaris,
394 1847 459 1874 Nolo
473 1853 497 1874 te
506 1853 609 1883 putare,
623 1849 771 1876 Favonium
783 1859 797 1876 a
808 1858 853 1877 co-

63 1881 203 1908 lumnariis
224 1884 397 1917 praeteritum
417 1893 490 1912 esse:
515 1887 633 1920 optimus
652 1887 769 1922 quisque
789 1896 852 1914 eum

62 1927 114 1945 non
131 1918 201 1946 fecit.
241 1920 384 1954 Pompeius
405 1925 466 1948 tuus
482 1928 570 1957 aperte
586 1923 726 1951 Caesarem
742 1929 813 1951 vetat
828 1929 853 1951 et

61 1957 228 1991 provinciam
249 1961 337 1983 tencre
358 1966 420 1984 cum
440 1961 558 1986 exercitu
578 1965 604 1987 et
623 1961 760 1988 consulem
781 1970 850 1988 esse.

61 1994 161 2020 Tamen
182 1994 250 2020 hanc
267 1995 425 2021 sententiam
443 1995 525 2028 dixit,
547 1997 653 2024 nullum
670 1998 719 2024 hoc
735 2003 852 2033 tempore

61 2030 484 2060 senatusconsultumfaciendum
493 2043 498 2059 :
515 2033 606 2069 Scipio
618 2035 694 2066 hanc,
703 2035 850 2062 utKalend.

61 2068 172 2099 Martiis,
193 2066 235 2104 [de
250 2069 398 2103 provinciis
413 2069 531 2107 Galliis]
549 2080 600 2098 neu
612 2071 678 2106 quid
688 2073 851 2100 coniunctim

61 2104 213 2132 referretur.
253 2105 426 2134 Contristavit
440 2107 505 2134 haec
519 2109 650 2136 sententia
664 2109 777 2136 Balbum
789 2110 853 2137 Cor-

61 2142 163 2169 nelium
188 2147 214 2169 et
232 2143 297 2174 soio,
320 2151 383 2170 eum
403 2149 529 2179 questum
548 2154 607 2172 esse
627 2154 690 2172 cum
713 2146 850 2181 Scipione.

60 2178 181 2207 Calidius
192 2180 219 2206 in
231 2179 387 2207 defensione
397 2190 447 2208 sua
458 2181 510 2209 fuit
519 2182 724 2215 disertissimus,
733 2184 760 2211 in
771 2193 851 2211 accu—

59 2217 162 2245 satione
172 2217 237 2244 satis
249 2216 374 2253 frigidus.

113 2286 143 2308 Χ.
166 2286 185 2307 Λ
193 2286 244 2307 Ro.
268 2286 359 2312 Scribit.
375 2287 412 2314 qui
423 2287 468 2308 nint
483 2287 506 2308 in
518 2289 577 2309 Urba
586 2296 684 2311 rumore·
693 2290 720 2311 de
729 2289 788 2311 bello
797 2291 850 2312 Pu.

61 2320 128 2346 unco,
146 2321 199 2348 quid
213 2321 236 2342 in
255 2326 333 2342 uenatu
351 2323 378 2342 de
396 2322 518 2349 provincii·
537 2326 606 2344 actum
625 2324 655 2344 iri
668 2325 779 2345 videntur:
799 2325 850 2352 quid

61 2358 130 2377 netum
137 2357 168 2377 uit
176 2357 291 2378 aCurione
297 2357 324 2377 da
333 2363 385 2382 agro
392 2358 510 2385 emp-no.
517 2361 539 2379 et
548 2365 611 2385 quam
621 2359 712 2386 ipnedet
721 2366 817 2387 opernm.
825 2366 851 2380 ne

61 2389 162 2412 ciceroni
172 2394 302 2419 profanetur
310 2392 433 2418 provincia.
451 2394 538 2416 (Romu,
548 2394 637 2418 Sulpicio,
648 2396 789 2414 Muranum-1.
797 2398 850 2417 703.)

231 2436 398 2464 CAELIUS
427 2437 615 2465 CICERONI
643 2438 672 2465 S.

117 2478 139 2502 t.
161 2471 318 2512 Sanequam
337 2477 433 2504 litteris
448 2478 477 2505 C.
490 2479 575 2505 Cassii
587 2483 612 2505 et
626 2479 740 2506 Deiotari
755 2488 850 2506 sumus

60 2515 194 2541 commoti.
234 2515 302 2541 Nam
322 2515 431 2541 Cassius
452 2516 491 2542 cis
506 2516 661 2551 Euphraten
681 2518 773 2552 copias
789 2518 851 2543 I'ar-

61 2549 166 2578 thorum
179 2559 238 2579 esse
253 2552 373 2587 scripsit:
400 2552 546 2584 Deiotarus,
563 2553 694 2588 profectas
710 2563 758 2589 per
772 2554 851 2581 Com-

61 2595 199 2624 magenem
211 2589 238 2616 in
249 2589 416 2624 provinciam
428 2595 554 2617 nostram.
585 2591 641 2626 Ego
651 2591 762 2626 quidem
774 2600 851 2626 prae-

60 2624 171 2660 cipuum
187 2631 296 2657 metum,
310 2626 382 2662 quod
397 2627 430 2654 ad
443 2631 467 2654 te
481 2628 618 2659 attinebat.
633 2627 725 2660 hnbui,
739 2629 786 2664 qui
798 2629 851 2655 sci-

909 175 974 198 rem,
991 176 1073 203 quam
1082 173 1190 203 paratus
1202 168 1235 195 ab
1246 170 1365 196 exercitu
1376 178 1459 200 esseS,
1473 177 1506 196 ne
1517 169 1589 205 quod
1600 169 1644 196 hic
1655 175 1698 196 tu-

909 204 1010 231 multus
1030 205 1154 241 dignitati
1174 211 1233 232 tuae
1253 206 1404 241 perieulum
1424 206 1536 233 afferret.
1577 208 1643 233 Nam
1665 207 1698 233 de

909 243 972 272 vita,
994 243 1018 268 si
1033 244 1148 277 paratior
1163 243 1196 269 ab
1212 244 1331 270 exercitu
1341 253 1424 275 esses,
1438 245 1604 271 timuissem:
1627 253 1699 270 nunc

909 279 974 305 haec
993 280 1127 315 exiguitas
1148 281 1285 315 copiarum
1306 289 1456 312 recessum,
1479 290 1531 308 non
1547 281 1699 307 dimicatio-

909 325 969 342 nem
986 317 1052 343 mihi
1067 321 1140 343 tuam
1151 318 1345 354 praesagiebat.
1385 319 1439 345 Hoc
1449 318 1583 354 quomodo
1594 319 1699 353 accipe-

908 358 966 380 rent
986 353 1118 385 homines,
1140 363 1220 389 quam
1236 355 1384 390 probabilis
1399 357 1544 382 necessitas
1555 355 1645 382 futura
1656 364 1699 382 es—

908 396 956 421 set,
974 399 1066 417 vereor
1079 392 1159 417 etiam
1170 401 1255 419 nunc:
1287 402 1374 427 neque
1385 394 1460 428 prius
1472 393 1594 420 desinam
1606 392 1699 419 formi-

908 427 984 458 dare,
1002 437 1083 462 quam
1105 429 1225 464 tetigisse
1247 435 1271 456 te
1286 430 1389 456 Italiam
1403 430 1524 457 audiero.
1555 432 1580 458 2.
1601 430 1654 456 Sed
1665 429 1698 456 de

907 465 1065 491 Parthorum
1076 467 1189 492 transitu
1201 468 1289 493 nuntii
1300 468 1388 494 varios
1394 476 1531 494 sermones
1538 468 1697 494 excitarunt.

907 502 984 528 Alius
1005 503 1086 533 enim,
1103 504 1261 538 Pompeium
1277 504 1452 531 mittendum:
1484 505 1562 536 alius,
1580 505 1612 531 ab
1629 504 1698 531 Urbe

908 540 1065 574 Pompeium
1082 549 1133 566 non
1148 541 1356 568 removendum:
1389 542 1467 573 alius,
1484 542 1625 569 Caesarem
1636 550 1698 568 cum

908 585 956 603 suo
971 578 1103 603 exercitu:
1127 577 1205 608 alius,
1223 578 1361 605 consules:
1385 588 1462 606 nemo
1478 584 1565 606 tamen
1577 588 1611 606 ex
1621 588 1699 605 sena-

908 619 950 640 tus
965 614 1086 640 consulto
1099 615 1228 649 privatos.
1268 615 1397 643 Consules
1413 621 1510 647 autem,
1528 618 1591 651 quia
1604 625 1699 642 veren-

908 656 958 681 tur,
976 660 1008 677 ne
1024 651 1092 677 illud
1107 657 1215 679 senatus
1230 653 1382 679 consultum
1399 654 1455 684 fiat,
1473 659 1502 680 ut
1517 654 1637 688 paludati
1651 662 1700 679 ex-

907 693 975 718 eant,
994 693 1020 714 et
1034 689 1226 715 contumeliose
1242 695 1346 724 praeter
1360 699 1404 716 eos
1416 691 1449 716 ad
1463 690 1546 717 alium
1559 700 1601 717 res
1612 695 1699 717 trans-

906 724 1014 756 feratur,
1033 727 1141 752 omnino
1157 731 1279 753 senatum
1296 727 1388 753 haberi
1404 728 1506 758 nolunt,
1519 736 1605 762 usque
1617 737 1656 757 eo.
1672 733 1700 753 ut

906 771 1002 797 parum
1013 762 1156 797 diligentes
1168 764 1195 789 in
1202 764 1340 798 republica
1351 764 1505 791 videantur:
1522 765 1570 791 sed
1578 765 1696 793 honeste,

906 800 964 825 sive
980 800 1152 835 negligentia,
1170 801 1228 827 sive
1239 802 1333 828 inertia
1345 806 1394 832 est,
1407 802 1465 828 sive
1477 801 1531 831 ille,
1545 810 1626 836 quem
1638 810 1699 836 pro-

906 837 993 871 posui,
1003 842 1099 868 metus,
1110 837 1171 864 latet
1181 838 1233 864 sub
1240 838 1288 864 hac
1294 840 1484 873 temperantiae
1490 839 1696 868 existimatione,

907 873 976 900 nolle
997 875 1173 908 provinciam.
1214 876 1235 901 Α
1256 880 1280 902 te
1302 876 1403 902 litterae
1424 885 1476 902 non
1496 881 1640 905 venerunt,
1663 880 1696 905 et,

906 911 959 937 nisi
978 912 1092 938 Deiotari
1111 912 1271 939 subsecutae
1293 919 1395 944 essent,
1418 915 1445 940 in
1466 922 1524 940 eam
1544 914 1699 948 opinionem

906 948 1015 975 Cassius
1032 954 1148 981 venerat,
1166 958 1235 984 quae
1250 950 1408 985 diripuisset
1420 951 1487 985 ipse,
1503 955 1532 977 ut
1544 951 1700 977 viderentur

906 986 940 1012 ab
951 986 1027 1012 hoste
1039 991 1149 1018 vastata,
1163 987 1273 1014 finxisse
1285 988 1387 1014 bellum
1399 994 1425 1015 et
1437 988 1538 1014 Arabas
1550 988 1577 1014 in
1589 988 1699 1022 provin-

906 1025 975 1049 ciam
995 1024 1142 1050 immisisse
1161 1033 1260 1060 eosque
1279 1026 1389 1052 Parthos
1405 1034 1464 1052 esse
1479 1026 1584 1052 senatui
1600 1034 1699 1051 renun-

907 1061 996 1087 tiasse.
1033 1061 1120 1093 Quare
1131 1062 1181 1088 tibi
1192 1062 1301 1093 suadeo,
1315 1064 1481 1098 quicumque
1492 1068 1533 1089 est
1543 1063 1603 1089 istic
1615 1067 1699 1088 status

906 1107 1005 1127 rerum,
1023 1098 1166 1134 diligenter
1180 1104 1206 1126 et
1215 1104 1291 1126 caute
1305 1100 1465 1134 perscribas,
1480 1109 1513 1126 ne
1525 1104 1570 1126 aut
1581 1099 1700 1126 velifica-

906 1141 949 1162 tus
960 1135 1041 1162 alicui
1052 1136 1151 1163 dicaris
1162 1141 1208 1163 aut
1218 1137 1331 1172 aliquid,
1340 1138 1411 1172 quod
1424 1137 1532 1164 referret
1544 1138 1621 1167 scire,
1636 1137 1699 1162 reti—

905 1173 1005 1199 cuisse.
1027 1175 1052 1200 3.
1065 1174 1142 1200 Nunc
1156 1175 1244 1200 exitus
1256 1180 1295 1201 est
1306 1176 1382 1201 anni:
1406 1184 1466 1201 nam
1478 1184 1527 1210 ego
1539 1174 1586 1200 has
1598 1174 1699 1200 litteras

906 1219 929 1236 a.
952 1210 979 1236 d.
1000 1219 1057 1237 xrv.
1075 1211 1134 1238 Kal.
1151 1212 1276 1238 Decemb.
1293 1213 1400 1247 scripsi.
1440 1212 1520 1238 Plane
1536 1212 1604 1238 nihil
1621 1211 1698 1237 video

906 1252 964 1274 ante
977 1247 1035 1274 Kal.
1048 1249 1155 1275 Januar.
1169 1250 1212 1284 agi
1223 1258 1312 1283 posse.
1353 1250 1427 1276 Nosti
1438 1249 1603 1279 Marcellum,
1617 1257 1697 1283 quani

905 1285 998 1313 tardus
1018 1290 1044 1311 et
1062 1295 1158 1321 parum
1174 1286 1271 1313 efficax
1285 1288 1332 1316 sit.
1356 1288 1473 1322 itemque
1489 1286 1600 1312 Servius
1616 1294 1698 1320 quam

905 1327 1050 1350 cunctator.
1091 1323 1250 1351 Cuiusmodi
1271 1329 1349 1358 putas
1371 1324 1419 1350 hoe
1435 1332 1508 1354 esse,
1531 1328 1576 1349 aut
1595 1322 1696 1357 quiid,

905 1360 977 1396 quod
989 1360 1083 1391 nolint,
1096 1361 1225 1388 conficere
1238 1362 1390 1396 posse,qui,
1399 1370 1467 1396 qnae
1478 1361 1600 1395 cupiunt,
1610 1365 1698 1386 tamen

905 1399 940 1425 ita
953 1397 1049 1433 frigide
1061 1404 1153 1433 agunt,
1171 1404 1200 1425 ut
1211 1399 1280 1426 nolle
1291 1398 1497 1426 existimentur?
1518 1398 1600 1424 Novis
1612 1398 1698 1432 magi-

905 1435 1034 1462 stratibus
1045 1440 1144 1465 autem.
1153 1436 1176 1462 si
1188 1436 1341 1463 Parthicum
1352 1436 1454 1462 bellum
1464 1436 1522 1466 erit,
1532 1435 1596 1461 haec
1603 1442 1697 1461 caussa

906 1473 1006 1507 primos
1023 1482 1128 1500 menses
1142 1474 1294 1508 occupabit.
1335 1473 1383 1500 Sin
1399 1479 1487 1500 autem
1504 1481 1555 1499 non
1571 1473 1621 1498 erit
1639 1472 1698 1497 istic

905 1510 1017 1537 bellum.
1035 1516 1081 1537 aut
1096 1516 1198 1537 tantum
1213 1512 1272 1542 erit,
1289 1516 1319 1538 ut
1330 1520 1377 1537 vos
1388 1516 1433 1537 aut
1444 1518 1622 1539 successores,
1636 1517 1698 1543 par-

906 1548 947 1574 vis
959 1548 1058 1575 additis
1069 1549 1164 1583 copiis,
1182 1549 1314 1575 sustinere
1326 1549 1442 1583 possint:
1464 1548 1607 1574 Curionem
1620 1546 1698 1573 video

905 1594 933 1611 se
944 1585 1088 1620 dupliciter
1100 1586 1272 1616 iactaturum;
1296 1587 1424 1620 primum,
1437 1590 1465 1611 ut
1476 1584 1579 1619 aliquid
1591 1583 1697 1610 Caesari

904 1623 1018 1649 adimat:
1050 1623 1112 1649 inde
1133 1628 1162 1650 ut
1180 1623 1284 1658 aliquid
1299 1623 1424 1657 Pompeio
1443 1622 1554 1652 tribuat,
1575 1621 1695 1656 quidvis,

904 1660 1054 1695 quamlibet
1075 1665 1153 1687 tenue
1174 1660 1377 1687 munusculum.
1418 1659 1527 1685 Paullus
1549 1667 1625 1693 porro
1645 1666 1696 1684 non

905 1697 1022 1724 humane
1038 1697 1071 1723 de
1083 1699 1221 1732 provincia
1234 1697 1361 1732 loquitur.
1402 1697 1488 1723 IIuius
1500 1695 1642 1730 cupiditati
1652 1704 1697 1721 oc-

904 1744 1034 1762 cursurus
1045 1740 1085 1761 est
1091 1735 1208 1762 Furnius
1219 1740 1317 1762 noster.
1331 1734 1423 1761 Plures
1435 1734 1567 1768 suspicari
1576 1742 1626 1759 non
1635 1741 1697 1766 pos-

903 1781 976 1799 sum.
1007 1773 1031 1799 4.
1053 1773 1122 1799 llaec
1143 1773 1215 1799 novi.
1255 1772 1328 1803 Alia,
1351 1780 1419 1806 quae
1435 1775 1549 1806 possunt
1565 1770 1695 1800 accidere,

904 1819 956 1836 non
979 1818 1067 1836 cerno.
1109 1809 1191 1836 Multa
1204 1815 1310 1844 tempus
1326 1809 1424 1840 afferet,
1443 1813 1597 1843 praeparata
1614 1806 1697 1833 multa

904 1847 969 1874 scio.
992 1846 1044 1874 Sed
1056 1848 1124 1873 intra
1135 1847 1201 1873 fines
1213 1847 1270 1877 hos,
1279 1845 1627 1882 quaecumqueacciderint,
1637 1853 1698 1871 ver-

904 1889 1003 1912 tentur.
1042 1884 1112 1911 Illud
1127 1884 1196 1911 addo
1211 1884 1244 1911 ad
1261 1885 1377 1911 actiones
1393 1884 1422 1910 C.
1439 1883 1573 1913 Curionis,
1590 1882 1622 1908 de
1635 1890 1697 1917 agro

903 1922 1052 1957 Campano:
1087 1921 1120 1948 dc
1140 1930 1195 1956 quo
1215 1926 1312 1957 negant
1332 1921 1471 1948 Caesarem
1494 1920 1626 1949 laborare,
1650 1918 1696 1945 sed

903 1959 1060 1994 Pompeium
1074 1958 1161 1990 valde,
1169 1967 1202 1985 ne
1212 1968 1315 1985 vacuus
1326 1958 1592 1985 advenientiCaesari
1600 1961 1695 1991 pateat.

903 1997 928 2023 5.
943 1996 1021 2028 Quod
1032 1996 1065 2022 ad
1077 2001 1154 2023 tuum
1164 1996 1306 2023 decessum
1317 1997 1417 2026 attinet,
1431 1994 1499 2022 illud
1511 1995 1560 2021 tibi
1572 2003 1623 2021 non
1635 2001 1697 2028 pos—

903 2042 964 2060 sum
976 2033 1107 2068 polliceri,
1120 2042 1162 2060 me
1173 2038 1339 2064 curaturum,
1349 2032 1610 2060 uttibisuccedatur:
1629 2030 1697 2057 illud

903 2075 973 2097 certe
984 2071 1133 2105 praestabo,
1151 2079 1184 2097 ne
1195 2070 1312 2105 amplius
1324 2075 1489 2105 prorogetur.
1529 2069 1580 2095 Tui
1590 2067 1696 2095 consilii

903 2112 952 2138 est,
965 2108 988 2134 si
1001 2112 1116 2142 tempus,
1129 2108 1153 2134 si
1164 2113 1273 2134 senatus
1284 2112 1370 2143 coget,
1383 2108 1406 2134 si
1418 2107 1528 2133 honeste
1539 2114 1553 2132 a
1565 2105 1643 2132 nobis
1655 2113 1696 2131 re-

903 2145 992 2171 cusari
1013 2153 1064 2171 non
1081 2145 1190 2179 poterit,
1212 2144 1314 2171 velisne
1333 2152 1518 2179 perseverare:
1545 2144 1598 2169 mei
1613 2141 1696 2169 officii

903 2186 951 2212 est.
970 2182 1135 2211 meminisse.
1153 2190 1205 2215 qua
1220 2181 1396 2209 obtestatione
1411 2180 1545 2207 decedens
1561 2179 1643 2209 mihi,
1664 2187 1696 2205 ne

903 2224 1006 2254 paterer
1018 2218 1084 2249 sieri,
1098 2218 1243 2244 mandaris.

947 2292 986 2313 XI.
1003 2292 1079 2313 Alto.
1097 2291 1304 2318 Supplitutinnitm·
1318 2297 1382 2316 aegro
1392 2290 1496 2315 daretis,
1507 2289 1634 2311 Ciceronem
1645 2288 1694 2309 hor-

902 2330 968 2351 tatur.
985 2330 1009 2348 ut
1023 2326 1106 2348 decreti
1120 2326 1248 2347 auctoribus
1262 2325 1345 2351 cratin
1360 2328 1418 2350 agot.
1442 2325 1516 2349 Addit,
1532 2325 1559 2346 do
1568 2331 1697 2345 auct-enon

903 2360 1005 2382 (Γιοιιῐίι
1016 2361 1067 2387 quid
1078 2365 1148 2382 netum
1159 2361 1197 2385 nit.
1208 2365 1230 2382 et
1240 2367 1310 2381 rorum
1321 2361 1452 2381 urbanorum
1462 2359 1640 2381 commentarium
1646 2358 1695 2380 uit-

903 2395 931 2416 tit
949 2395 1113 2422 Sitti-numque
1132 2395 1244 2420 nentium
1263 2395 1407 2416 command-t.

1103 2433 1190 2454 (Romae.
1201 2433 1274 2455 Paullo,
1286 2432 1377 2450 Μυῖα-11η
1387 2438 1434 2449 ruta.
1450 2433 1505 2453 70⁴.)

1050 2475 1246 2503 CAELIUS
1271 2475 1492 2502 CICERONI
1517 2474 1546 2501 S.

959 2519 981 2544 t.
1003 2512 1067 2544 Non
1087 2517 1145 2548 diu,
1168 2516 1216 2543 sed
1231 2517 1326 2542 acriter
1346 2525 1393 2542 nos
1409 2520 1468 2542 tuae
1483 2514 1694 2550 supplicationes

903 2559 1044 2582 torserunt.
1077 2554 1259 2581 incideramus
1281 2554 1352 2580 onim
1375 2555 1401 2580 iu
1422 2552 1560 2579 difficilem
1581 2552 1692 2579 nodum.

903 2592 969 2618 Num
985 2592 1065 2619 Curio
1081 2593 1118 2618 tui
1130 2591 1335 2626 cupidissimus,
1349 2590 1392 2617 cui
1406 2589 1533 2617 omnibus
1545 2589 1694 2616 rationibus

901 2629 1051 2656 comitiales
1071 2629 1263 2664 eripiebantur,
1286 2628 1400 2664 negabat
1419 2636 1448 2655 se
1470 2626 1524 2654 ullo
1546 2626 1624 2653 modo
1640 2627 1694 2662 pati

1458 2677 1489 2701 91
