1941 3052
380 141 428 167 IN
459 140 660 167 VERREM
693 140 792 167 ACT.
815 140 846 166 11.

61 216 158 243 sturae,
174 219 281 238 aversor
293 212 422 247 pecuniae
436 211 568 246 publicae,
584 216 687 238 tantum
702 211 755 238 sibi
765 215 857 237 aucto-

61 250 146 276 ritatis
163 249 192 275 in
209 249 346 284 republica
364 250 496 284 suscepit,
517 254 559 281 ut,
579 249 680 284 quibus
699 248 856 275 hominibus

61 295 109 322 per
126 291 262 318 senatum,
286 295 334 321 per
356 286 488 322 populum
506 287 669 318 Romanum,
694 295 742 321 per
764 294 856 312 omnes

63 324 233 360 magistratus
247 324 275 350 in
289 323 358 355 foro,
374 325 402 350 in
416 324 563 360 suffragiis,
580 324 608 350 in
623 324 672 350 hac
683 324 762 355 urbe,
778 324 805 349 in
816 332 858 349 re-

62 361 170 397 publica
184 361 284 387 versari
298 361 401 393 liceret,
422 362 455 388 iis
469 361 596 388 omnibus
611 366 721 388 mortem
735 361 857 387 acerbam

62 398 254 433 crudelemque
272 404 443 434 proponeret,
464 400 488 425 si
507 399 611 425 fortuna
630 407 674 425 eos
693 399 725 424 ad
740 398 857 433 aliquam

63 440 164 471 partem
179 435 286 462 Siciliae
300 436 450 463 detulisset.
492 438 549 463 453.
571 436 611 462 Ad
626 436 673 462 Cn.
688 436 855 470 Pompeium,

63 473 245 500 clarissimum
260 474 348 500 virum
363 479 388 500 et
402 473 593 504 fortissimum,
614 474 701 499 occiso
715 473 856 507 Perperna,

63 510 191 546 permulti
213 519 247 537 ex
268 511 315 538 illo
333 511 483 538 Sertoriano
501 519 612 537 numero
630 510 746 536 militum
764 509 859 536 confu-

63 552 170 584 gerunt.
210 547 296 580 Quem
314 557 367 575 non
385 549 431 575 ille
449 557 557 575 summo
573 556 634 574 cum
649 547 739 573 studio
753 546 858 573 salvum

63 585 282 621 incolumemque
304 585 438 613 servavit?
460 586 503 612 cui
526 586 578 611 civi
600 584 716 619 supplici
739 593 791 610 non
813 583 858 609 illa

64 622 171 650 dextera
198 623 296 650 invicta
322 628 348 650 et
373 623 452 649 fidem
478 622 595 658 porrexit
618 626 644 648 et
666 630 741 656 spem
763 621 858 647 salutis

65 659 198 689 ostendit?
223 661 294 687 itane
312 660 392 687 vero?
414 660 514 695 quibus
529 659 579 686 fuit
592 663 685 694 portus
699 658 771 693 apud
785 667 856 689 eum,

65 706 147 733 quem
161 702 249 724 contra
264 707 335 724 arma
349 698 478 724 tulerant:
506 697 539 723 iis
557 697 629 731 apud
647 701 684 728 te,
705 697 784 722 cuius
798 695 860 722 nul-

67 735 163 761 lumin
179 735 314 770 republica
328 743 456 770 umquam
476 739 641 760 momentum
661 733 723 765 fuit,
745 742 816 759 mors
835 737 860 759 et

65 773 199 799 cruciatus
213 777 268 798 erat
281 771 459 799 constitutus?
497 771 565 798 LIX.
587 771 666 803 Vide,
687 779 769 806 quam
787 779 860 796 com-

66 809 172 836 modam
185 809 367 836 defensionem
382 809 549 845 excogitaris.
579 808 655 840 Malo,
672 808 742 835 malo
755 807 861 834 meher-

66 847 125 874 cule
143 846 183 878 id,
203 846 276 882 quod
295 852 322 873 tu
342 846 477 877 defendis,
498 846 541 872 his
555 845 692 872 iudicibus
706 845 860 880 populoque

65 885 190 915 Romano,
207 892 288 919 quam
302 884 339 915 id,
355 884 427 919 quod
442 892 489 919 ego
504 883 640 915 insimulo,
656 883 777 918 probari:
804 891 861 908 ma-

66 921 103 953 lo,
120 922 244 956 inquam,
261 925 286 947 te
299 922 344 948 isti
357 922 448 957 generi
463 921 616 952 hominum,
637 930 718 956 quam
733 924 861 947 mercato-

65 959 141 985 ribus
156 963 181 985 et
195 958 366 985 naviculariis
380 959 521 985 inimicum
532 963 612 993 atque
621 958 750 985 infestum
761 957 859 992 putari.

65 997 155 1023 Meum
169 997 241 1022 enim
255 996 355 1023 crimen
370 997 494 1023 avaritiae
508 1000 534 1022 te
548 996 645 1022 nimiae
658 996 791 1031 coarguit:
816 999 860 1021 tua

66 1033 185 1060 defensio
199 1033 297 1060 furoris
310 1034 452 1060 cuiusdam
466 1038 491 1060 et
504 1033 678 1060 immanitatis
690 1038 715 1060 et
726 1033 861 1059 inauditae

65 1071 230 1098 crudelitatis
244 1076 268 1097 et
282 1080 366 1106 paene
380 1080 462 1098 novae
475 1071 686 1106 proscriptionis.
729 1071 786 1097 454.
808 1069 861 1096 Sed

66 1117 118 1136 non
133 1108 194 1135 licet
207 1117 249 1135 me
264 1109 314 1135 isto
329 1113 399 1135 tanto
413 1109 495 1140 hono,
511 1108 627 1139 iudices,
646 1109 697 1134 uti:
722 1117 774 1134 non
789 1107 858 1134 licet.

66 1146 171 1173 Adsunt
185 1147 256 1172 enim
266 1146 368 1173 Puteoli
383 1147 444 1173 toti:
460 1146 672 1181 frequentissimi
687 1150 817 1172 venerunt
828 1144 860 1170 ad

66 1184 116 1210 hoc
133 1183 264 1210 iudicium
283 1188 454 1215 mercatores,
479 1183 601 1210 homines
620 1183 763 1218 locupletes
781 1187 860 1217 atque

65 1221 184 1252 honesti,
204 1221 252 1256 qui
270 1222 366 1256 partim
385 1222 470 1248 socios
489 1229 566 1252 suos,
589 1221 685 1256 partim
705 1220 812 1246 libertos
827 1220 860 1246 ab

66 1258 118 1285 isto
130 1258 265 1293 spoliatos,
281 1259 309 1285 in
323 1258 430 1285 vincula
444 1259 584 1289 coniectos,
603 1257 709 1294 [partim
724 1258 750 1284 in
766 1258 860 1283 vincu-

67 1295 100 1322 lis
122 1294 253 1332 necatos,]
281 1296 377 1331 partim
399 1296 487 1323 securi
510 1304 652 1331 percussos
675 1304 733 1322 esse
756 1295 859 1321 dicunt.

65 1333 114 1359 Hic
132 1332 206 1365 vide,
234 1342 316 1368 quam
335 1342 377 1360 me
393 1334 432 1360 sis
451 1342 551 1360 usurus
569 1341 663 1368 aequo.
704 1332 794 1365 Quum
812 1341 861 1367 ego

66 1371 95 1397 P.
112 1370 242 1397 Granium
256 1375 350 1397 testem
365 1370 527 1406 produxem,
548 1371 594 1405 qui
613 1379 676 1396 suos
691 1369 799 1396 libertos
814 1370 860 1395 abs

65 1412 91 1435 te
104 1408 193 1434 securi
207 1416 348 1443 percussos
362 1417 420 1434 esse
431 1408 509 1439 dicat,
525 1408 574 1443 qui
584 1408 631 1434 abs
642 1412 667 1434 te
678 1416 773 1434 navem
784 1415 860 1433 suam

66 1454 223 1480 mercesque
233 1450 346 1480 repetat,
362 1445 484 1477 refellito,
500 1445 524 1471 si
534 1446 647 1480 poteris:
664 1454 754 1471 meum
767 1449 860 1471 testem

66 1482 196 1514 deseram,
213 1483 261 1509 tibi
276 1483 383 1510 favebo:
411 1487 442 1513 te.
460 1483 583 1518 inquam,
600 1482 746 1509 adiuvabo:
772 1487 862 1509 osten-

66 1520 122 1547 dito
139 1520 200 1547 illos
218 1529 280 1546 cum
295 1520 410 1547 Sertorio
428 1520 525 1552 fuisse,
546 1529 560 1546 a
573 1520 667 1547 Dianio
680 1519 814 1556 fugientes
828 1519 861 1545 ad

67 1557 186 1584 Siciliam
201 1566 260 1584 esse
273 1558 385 1584 delatos.
416 1557 488 1584 Nihil
503 1562 551 1589 est,
568 1557 641 1592 quod
655 1562 679 1584 te
694 1557 785 1584 malim
801 1566 861 1591 pro-

66 1595 138 1621 bare.
178 1594 289 1621 Nullum
305 1596 376 1621 enim
390 1595 507 1626 facinus,
528 1595 601 1630 quod
616 1595 714 1621 maiore
727 1595 861 1629 supplicio

65 1632 179 1668 dignum
193 1632 236 1664 sit,
253 1633 362 1667 reperiri
377 1641 464 1668 neque
478 1632 588 1668 proferri
603 1637 698 1668 potest.
738 1634 794 1659 ⁴55.
811 1632 861 1658 Re-

65 1669 162 1696 ducam
186 1669 282 1696 iterum
304 1670 422 1705 equitem
439 1670 601 1701 Romanum,
626 1670 656 1696 L.
676 1669 813 1701 Flavium,
838 1670 861 1696 si
882 1674 883 1678 ¹

66 1707 154 1734 voles:
179 1707 307 1742 quoniam
326 1708 413 1742 priore
431 1708 545 1739 actione,
566 1712 596 1734 ut
614 1708 716 1742 patroni
732 1708 769 1734 tui
784 1707 859 1733 dicti-

66 1748 134 1776 tant,
155 1753 223 1771 nova
241 1745 357 1780 quadam
375 1746 518 1780 sapientia,
541 1750 570 1772 ut
588 1754 681 1772 omnes
696 1745 858 1780 intelligunt,

65 1782 227 1809 conscientia
250 1787 294 1809 tua
317 1787 396 1818 atque
419 1784 573 1810 auctoritate
596 1791 716 1809 meorum
740 1783 858 1813 testium.

66 1823 160 1846 testem
175 1819 281 1846 nullum
295 1820 474 1855 interrogasti.
514 1821 692 1856 interrogetur
702 1820 822 1851 Flavius,
838 1820 861 1846 si

67 1856 153 1888 voles,
169 1857 280 1892 quinam
295 1857 375 1884 fuerit
388 1858 417 1884 T.
434 1858 595 1889 Herennius,
612 1858 648 1889 is,
665 1867 746 1893 quem
761 1857 806 1884 ille
821 1866 863 1884 ar-

65 1895 212 1931 gentariam
236 1895 311 1930 Lepti
336 1895 430 1922 fecisse
453 1895 530 1922 dicit:
558 1895 605 1931 qui
631 1903 717 1930 quum
745 1895 861 1930 amplius

65 1936 173 1958 centum
191 1933 264 1959 cives
278 1933 410 1959 Romanos
428 1933 536 1960 haberet
553 1941 587 1960 ex
600 1937 732 1959 conventu
747 1933 863 1968 Syracu—

65 1977 144 2000 sano,
166 1970 214 2004 qui
233 1978 294 1996 eum
313 1979 365 1996 non
383 1969 471 1996 solum
490 1975 691 2005 cognoscerent,
716 1970 764 1996 sed
783 1970 862 1996 etiam

67 2005 235 2033 lacrimantes
249 2016 278 2033 ac
292 2011 316 2033 te
330 2007 502 2042 implorantes
516 2007 702 2034 defenderent:
719 2011 806 2034 tamen
821 2008 863 2034 in—

65 2044 250 2078 spectantibus
268 2045 394 2070 omnibus
414 2045 589 2080 Syracusanis
607 2045 695 2071 securi
718 2053 862 2079 percussus

66 2085 116 2107 est.
157 2081 233 2107 Hunc
247 2090 355 2116 quoque
370 2086 462 2108 testem
477 2091 567 2108 meum
582 2082 667 2108 refelli
681 2087 706 2108 et
720 2082 797 2108 illum
812 2083 863 2108 ile-

65 2118 190 2145 rennium
211 2118 393 2145 Sertorianum
416 2119 500 2145 fuisse
521 2119 568 2145 abs
592 2124 617 2146 te
639 2120 814 2146 demonstrari
838 2124 863 2146 et

66 2155 172 2190 probari
195 2155 264 2182 volo.
305 2156 362 2182 Lx.
386 2158 442 2183 156.
464 2156 534 2188 Quid
557 2156 590 2183 de
616 2157 661 2183 illa
689 2156 862 2183 multitudine

65 2192 187 2219 dicemus
202 2201 307 2225 eorum,
324 2194 371 2228 qui
385 2194 517 2228 capitibus
531 2194 660 2221 involutis
675 2195 701 2220 in
717 2195 862 2229 piratarum

66 2230 289 2265 captivorumque
303 2240 414 2257 numero
428 2231 655 2266 producebantur,
679 2236 708 2258 ut
721 2232 809 2258 securi
824 2231 863 2258 fe-

66 2267 199 2294 rirentur‘?
211 2267 284 2300 Quae
295 2269 344 2294 ista
356 2277 421 2295 nova
433 2268 581 2304 diligentia,
596 2278 677 2304 quam
692 2269 726 2295 ob
739 2278 861 2295 caussam

66 2303 114 2331 abs
133 2309 158 2331 to
175 2306 340 2341 excogitata?
366 2315 397 2332 an
417 2311 441 2332 te
459 2306 488 2332 L.
505 2306 590 2332 Flavii
609 2311 811 2341 ceterorumque
829 2307 862 2333 de

66 2341 97 2368 L.
116 2341 248 2369 Herennio
265 2342 418 2369 vociferatio
435 2343 638 2370 commovebat?
662 2353 695 2370 an
714 2344 748 2370 M.
769 2344 859 2374 Annii,

65 2379 219 2415 gravissimi
233 2385 313 2415 atque
329 2380 510 2407 honestissimi
527 2381 586 2411 viri,
603 2389 708 2407 summa
720 2382 861 2407 auctoritas

66 2416 156 2451 paullo
176 2421 200 2444 te
217 2417 414 2453 diligentiorem
438 2417 653 2453 timidioremque
677 2417 789 2444 fecerat?
813 2418 860 2453 qui

67 2461 152 2489 nuper
165 2463 212 2489 pro
226 2455 378 2482 testimonio
391 2464 442 2482 uon
457 2455 587 2481 advenam
607 2455 696 2482 nescio
713 2464 794 2490 quem
815 2464 861 2481 uec

67 2490 197 2523 alienum,
214 2491 262 2518 sed
276 2501 337 2518 eum
351 2493 437 2519 civem
453 2493 614 2523 Romanum,
630 2493 677 2527 qui
691 2493 818 2519 omuibus
834 2493 860 2519 iu
882 2500 884 2529 ς

66 2527 114 2554 illo
126 2533 258 2555 conventu
274 2534 365 2561 notus,
386 2530 433 2565 qui
448 2529 589 2565 Syracusis
605 2534 682 2556 natus
701 2534 784 2561 esset,
805 2539 818 2555 a
837 2534 861 2555 to
882 2531 884 2567 Ι

883 139 969 165 LIB.
992 139 1023 166 V.
1058 138 1155 165 CAP.
1190 140 1340 164 55—62.
1654 138 1703 164 345

909 218 999 236 necem
1014 209 1159 244 producere
1173 209 1302 235 instituit:
1331 217 1398 243 quos
1413 213 1499 234 tamen
1514 207 1613 234 ideirco
1626 216 1704 234 neca-

908 248 953 274 bat
967 247 1063 282 palam,
1079 246 1151 282 quod
1167 246 1288 272 homines
1303 246 1330 272 in
1344 250 1477 272 conventu
1491 245 1529 280 (id
1542 245 1615 280 quod
1629 250 1704 271 antea

908 284 1038 319 diximus)
1064 284 1179 310 nimium
1203 283 1344 319 diligenter
1370 282 1534 318 praedonum
1561 290 1705 308 numerum

909 322 1090 357 requirebant.
1118 321 1248 347 Haeccine
1262 320 1334 355 plebi
1348 321 1480 346 Romanae
1494 324 1518 346 te
1533 324 1651 354 praetore
1665 324 1706 346 est

909 359 1051 386 constituta
1065 358 1200 385 conditio‘?
1226 358 1290 384 haec
1309 358 1409 393 negotii
1426 357 1535 393 gerendi
1550 356 1630 391 spes?
1655 356 1705 383 hoc

909 397 1003 431 capitis
1018 397 1140 431 vitaeque
1154 394 1317 421 discrimen?
1335 396 1466 421 Parumne
1480 394 1563 420 multa
1577 399 1706 420 mercato-

910 435 985 460 ribus
1009 438 1072 460 sunt
1094 433 1244 459 necessario
1267 432 1384 467 pericula
1406 431 1547 458 subeunda
1574 431 1703 462 fortunae,

910 472 962 497 nisi
981 472 1060 497 etiam
1081 471 1130 497 hae
1150 470 1305 496 formidines
1328 470 1361 496 ab
1384 470 1481 496 nostris
1504 469 1705 505 magistratibus

910 513 989 543 atque
1003 509 1031 534 in
1046 508 1143 534 nostris
1157 508 1302 542 provinciis
1317 506 1528 542 impendebunt‘?
1553 506 1593 532 Ad
1613 514 1706 532 eamne

910 555 965 572 rem
985 545 1035 572 fuit
1054 545 1118 571 haec
1136 545 1290 571 suburbana
1310 553 1340 570 ac
1359 544 1445 570 fidelis
1464 544 1599 579 provincia
1614 543 1706 570 Sicilia

911 583 988 618 plena
1007 583 1168 617 optimorum
1187 582 1320 608 sociorum
1340 582 1646 616 honestissimorumque
1668 581 1707 607 ci-

911 621 999 651 vium,
1022 628 1090 655 quae
1108 620 1180 646 cives
1194 620 1325 645 Romanos
1344 628 1436 645 omnes
1451 619 1508 645 suis
1522 619 1580 653 ipsa
1594 618 1706 644 sedibus

912 657 1089 684 libentissime
1103 665 1209 691 semper
1222 657 1332 691 accepit,
1349 661 1387 687 ut,
1403 657 1449 691 qui
1465 665 1550 691 usque
1565 664 1598 682 ex
1613 655 1706 681 ultima

911 695 985 730 Syria
999 699 1078 729 atque
1093 694 1214 729 Aegypto
1232 694 1400 729 navigarent,
1423 694 1471 728 qui
1490 693 1561 728 apud
1581 693 1706 719 barbaros

911 737 1018 767 propter
1032 737 1106 767 togae
1120 740 1217 757 nomen
1233 731 1259 757 in
1278 731 1376 757 honore
1395 731 1485 765 aliquo
1504 730 1630 760 fuissent,
1658 730 1706 764 qui

911 778 944 796 ex
958 769 1122 804 praedonum
1136 768 1252 799 insidiis,
1269 769 1317 803 qui
1331 777 1363 794 ex
1378 772 1565 802 tempestatum
1579 767 1706 802 periculis

912 806 1106 842 profugissent,
1130 806 1158 832 in
1177 805 1268 832 Sicilia
1287 806 1375 831 securi
1394 805 1549 836 ferirentur,
1574 813 1660 840 quum
1678 812 1707 830 se

911 845 964 871 iam
978 844 1088 870 domum
1102 844 1209 870 venisse
1224 842 1431 869 arbitrarentur?

967 881 1035 908 LXI.
1061 883 1117 907 158.
1139 881 1206 907 Nam
1224 880 1291 915 quid
1310 889 1358 916 ego
1378 880 1411 906 de
1429 880 1458 906 P.
1478 880 1576 910 Gavio,
1605 879 1708 905 Cosano

912 918 1057 953 municipe,
1073 918 1170 950 dicam,
1186 917 1308 944 iudices?
1321 923 1367 944 aut
1381 927 1433 953 qua
1445 918 1472 943 vi
1483 917 1564 947 vocis,
1580 925 1634 951 qua
1647 925 1708 951 gra-

913 956 992 982 vitate
1009 956 1166 986 verborum,
1191 964 1245 990 quo
1263 955 1352 982 dolore
1371 956 1453 981 animi
1471 953 1576 981 dieam‘?
1602 953 1707 980 tametsi

912 993 986 1020 dolor
1000 1002 1042 1020 me
1057 1002 1109 1020 non
1123 993 1225 1019 deficit:
1242 997 1271 1019 ut
1284 998 1369 1019 cetera
1384 993 1450 1018 mihi
1464 993 1491 1018 in
1504 991 1617 1018 dicendo
1627 991 1708 1026 digna

912 1040 953 1063 re,
973 1031 1054 1067 digna
1068 1030 1158 1057 dolore
1172 1039 1231 1057 meo
1244 1035 1400 1065 suppetant,
1417 1030 1503 1065 magis
1517 1028 1707 1055 elaborandum

912 1073 965 1095 est:
982 1069 1054 1104 quod
1068 1069 1169 1095 crimen
1184 1068 1316 1094 eiusmodi
1331 1073 1379 1098 est,
1397 1072 1433 1099 ut=
1450 1076 1535 1102 quum
1547 1067 1664 1101 primum
1676 1065 1708 1091 ad

913 1115 955 1133 me
969 1106 1086 1133 delatum
1101 1111 1150 1137 est,
1166 1114 1281 1132 usurum
1296 1114 1338 1132 me
1352 1105 1398 1131 illo
1413 1114 1463 1131 non
1476 1109 1607 1140 putarem.
1630 1104 1709 1130 Tam—

911 1145 960 1170 etsi
980 1145 1051 1170 enim
1070 1144 1242 1170 verissimum
1261 1152 1319 1169 esse
1333 1142 1529 1178 intelligebam,
1551 1146 1638 1168 tamen
1652 1149 1709 1167 cre·

911 1181 994 1208 dibile
1009 1181 1063 1208 fore
1078 1190 1129 1207 non
1145 1181 1300 1207 arbitrabar.
1329 1180 1440 1207 Coactus
1456 1179 1572 1206 lacrimis
1587 1179 1708 1205 omnium

911 1219 1012 1245 civium
1027 1219 1220 1249 Romanorum,
1241 1219 1289 1253 qui
1307 1218 1334 1244 in
1350 1217 1440 1244 Sicilia
1459 1217 1641 1253 negotiantur,
1662 1215 1709 1242 ad-

911 1257 1008 1283 ductus
1034 1256 1249 1287 Valentinorum,
1285 1256 1425 1282 hominum
1456 1254 1708 1281 honestissimorum

911 1295 1086 1329 omniumque
1100 1294 1283 1329 Rheginorum
1302 1293 1502 1327 multorumque
1521 1292 1642 1327 equitum
1658 1291 1709 1317 Ro-

911 1340 1060 1362 manorum,
1076 1331 1123 1366 qui
1138 1339 1202 1357 casu
1216 1335 1273 1357 tum
1288 1331 1425 1357 Messanae
1439 1330 1559 1360 fuerunt,
1576 1328 1637 1354 dedi
1652 1334 1710 1354 tan-

912 1373 969 1395 tum
984 1369 1070 1403 priore
1084 1368 1185 1395 actione
1200 1369 1323 1400 testium,
1340 1376 1381 1394 res
1396 1372 1425 1394 ut
1440 1367 1540 1394 nemini
1554 1366 1635 1392 dubia
1650 1374 1710 1392 csse

912 1410 1011 1441 posset.
1054 1407 1110 1432 ⁴59.
1132 1405 1203 1438 Quid
1217 1414 1288 1432 nunc
1302 1405 1397 1441 agam‘?
1410 1405 1499 1437 Quum
1515 1405 1566 1430 iam
1581 1408 1617 1430 tot
1631 1403 1709 1429 horas

912 1444 945 1470 de
960 1452 1013 1470 uno
1026 1451 1123 1479 genere
1137 1452 1166 1469 ac
1180 1443 1213 1469 de
1227 1444 1306 1470 istius
1321 1443 1420 1469 nefaria
1435 1442 1590 1468 crudelitate
1605 1441 1706 1467 dicam:

911 1490 997 1516 quum
1016 1489 1097 1516 prope
1116 1489 1221 1507 omnem
1241 1481 1295 1507 vim
1315 1480 1456 1506 verborum
1471 1478 1618 1509 eiusmodi,
1640 1486 1709 1513 quae

912 1518 1011 1545 scelere
1030 1519 1110 1544 istius
1128 1518 1208 1553 digna
1227 1519 1293 1548 sint,
1319 1517 1378 1544 aliis
1397 1518 1424 1544 in
1439 1517 1519 1543 rebus
1533 1524 1710 1550 consumpsffi

913 1557 976 1587 rim,
999 1565 1085 1591 neque
1105 1556 1153 1582 hoc
1172 1556 1348 1590 providerim,
1374 1560 1403 1581 ut
1421 1555 1545 1580 varietate
1564 1554 1708 1579 eriminum

913 1603 960 1620 vos
974 1598 1087 1620 attentos
1101 1598 1231 1619 tenerem:
1251 1592 1480 1628 quemadmodum
1495 1592 1528 1617 de
1543 1595 1612 1617 tauta
1627 1600 1654 1616 re
1667 1590 1710 1616 di-

912 1631 990 1658 cam‘?
1002 1631 1112 1665 Opinon
1129 1639 1200 1657 unus
1216 1630 1311 1657 modus
1326 1634 1405 1665 atque
1421 1638 1472 1656 una
1488 1629 1552 1655 ratio
1566 1633 1615 1654 est.
1644 1628 1708 1654 Rem

912 1670 940 1696 in
954 1669 1043 1695 medio
1057 1677 1168 1703 ponam:
1192 1677 1261 1703 quae
1275 1672 1377 1694 tautum
1394 1667 1472 1693 habet
1487 1667 1544 1701 ipsa
1559 1666 1707 1701 gravitatis,

912 1711 941 1733 ut
955 1715 1042 1742 neque
1056 1714 1128 1737 mea,
1148 1714 1216 1740 quae
1231 1705 1303 1731 nulla
1319 1709 1370 1736 est,
1392 1712 1478 1739 neque
1496 1705 1657 1738 cuiusquam
1676 1702 1709 1728 ad

912 1743 1116 1771 inflammandos
1135 1747 1238 1769 vestros
1257 1743 1360 1769 animos
1379 1742 1529 1777 eloquentia
1548 1742 1708 1776 requiratur.

914 1784 970 1809 460.
993 1781 1095 1808 Gavius
1110 1781 1166 1812 hic,
1182 1789 1264 1816 quem
1279 1780 1351 1811 dico,
1368 1780 1501 1810 Cosauus,
1523 1787 1607 1813 quum
1623 1777 1669 1804 illo
1683 1778 1710 1803 in

913 1828 1024 1846 numero
1038 1819 1071 1845 ab
1086 1819 1137 1845 isto
1151 1819 1179 1845 in
1194 1817 1301 1844 vincula
1319 1818 1456 1844 coniectus
1475 1821 1557 1847 esset,
1578 1821 1603 1842 et
1623 1815 1711 1841 nescio

912 1866 965 1893 qua
986 1857 1086 1883 ratione
1104 1856 1172 1883 clam
1187 1865 1201 1882 e
1216 1855 1354 1882 lautumiis
1369 1854 1532 1890 profugisset
1546 1854 1710 1879 Messanam-

913 1903 966 1930 que
985 1895 1117 1921 venisset:
1141 1894 1189 1929 qui
1204 1902 1286 1928 prope
1301 1893 1352 1919 iam
1368 1892 1468 1918 ltaliam
1483 1896 1508 1917 et
1523 1891 1625 1918 moenia
1640 1890 1710 1916 uhe-

912 1933 1038 1969 ginorum
1057 1931 1159 1958 videret
1177 1937 1202 1957 et
1221 1940 1254 1957 ex
1272 1930 1318 1956 illo
1337 1935 1409 1956 metu
1429 1930 1520 1955 mortis
1540 1937 1570 1955 ac
1593 1928 1710 1954 tenebris

912 1970 990 2005 quasi
1010 1969 1068 1995 luce
1088 1969 1217 1995 libertatis
1236 1972 1261 1995 et
1275 1968 1354 1995 odore
1368 1967 1457 2002 aliquo
1473 1966 1561 2002 legum
1577 1970 1710 1992 recreatus

913 2007 1068 2039 revixisset,
1098 2006 1171 2041 loqui
1186 2006 1323 2032 Messanae
1337 2006 1423 2039 eoepit
1437 2009 1461 2030 et
1474 2004 1565 2039 queri,
1581 2012 1610 2029 se
1623 2003 1710 2029 civem

913 2045 1062 2071 Romanum
1078 2044 1105 2070 in
1119 2043 1226 2070 vincula
1241 2052 1300 2070 esse
1319 2043 1481 2073 coniectum,
1502 2041 1553 2067 sibi
1574 2045 1641 2067 reeta
1662 2040 1711 2065 iter

913 2091 972 2109 esse
990 2083 1114 2109 Romam:
1143 2081 1217 2108 Verri
1237 2089 1266 2107 se
1283 2085 1388 2115 praesto
1406 2079 1556 2105 advenienti
1577 2078 1707 2104 futurum.

914 2120 993 2146 Lxu.
1016 2120 1073 2145 Non
1088 2118 1253 2154 intelligebat
1268 2119 1362 2148 miser,
1379 2117 1446 2143 nihil
1462 2117 1602 2145 interesse.
1619 2120 1709 2141 utrum

914 2157 978 2184 haec
992 2157 1142 2187 Messanae,
1163 2164 1196 2182 an
1211 2155 1283 2191 apud
1298 2156 1387 2190 ipsum
1403 2155 1429 2180 iu
1444 2154 1574 2189 praetorio
1589 2152 1710 2187 loquere-

915 2199 965 2221 tur.
1006 2195 1086 2225 Nam,
1108 2198 1137 2220 ut
1151 2198 1211 2219 unte
1226 2202 1273 2219 vos
1287 2192 1378 2222 docui,
1403 2192 1470 2217 hane
1484 2191 1536 2217 sibi
1552 2191 1601 2216 iste
1616 2189 1708 2215 urbem

913 2232 1060 2267 delegerat,
1077 2240 1158 2266 quam
1174 2231 1281 2257 haberet
1296 2229 1453 2256 adiutricem
1467 2228 1609 2257 scelerum,
1627 2226 1710 2252 furto-

914 2278 973 2295 rum
989 2269 1169 2303 receptriecm.
1186 2267 1346 2303 flagitiorum
1361 2267 1481 2292 omnium
1494 2265 1637 2291 consciam.
1661 2264 1710 2289 lta-

913 2315 966 2341 que
984 2306 1018 2332 ad
1041 2306 1225 2341 magistratum
1246 2304 1432 2330 Mamertinum
1456 2303 1544 2329 statim
1567 2301 1710 2327 deducitur

914 2343 1030 2369 Gavius:
1047 2351 1132 2377 eoque
1147 2343 1205 2377 ipso
1218 2341 1261 2367 die
1275 2350 1338 2367 casu
1354 2341 1501 2366 Messanam
1518 2340 1589 2365 veuit
1604 2339 1708 2364 Verres.

914 2381 964 2407 iles
978 2380 1011 2406 ad
1025 2389 1087 2406 cum
1102 2379 1233 2405 defertur:
1261 2387 1320 2404 esse
1334 2379 1419 2403 civem
1436 2378 1598 2405 Romanum,
1619 2375 1666 2410 qui
1681 2384 1709 2400 se

913 2418 1054 2453 Syracusis
1068 2418 1094 2443 in
1111 2416 1248 2442 lautumiis
1265 2415 1348 2441 fuisse
1361 2419 1530 2450 quereretur:
1555 2421 1637 2448 quem
1656 2413 1708 2438 iam

913 2454 1106 2490 ingredientem
1122 2462 1216 2480 navem
1231 2458 1255 2479 et
1267 2453 1341 2479 Verri
1356 2452 1437 2478 nimis
1451 2451 1572 2477 atrociter
1584 2450 1709 2476 minitan-

913 2497 964 2518 tem
984 2501 997 2518 a
1016 2500 1044 2517 sc
1064 2496 1205 2518 retractum
1224 2499 1282 2516 esse
1302 2495 1327 2516 et
1345 2494 1525 2518 asservatum,
1553 2493 1581 2514 ut
1604 2488 1661 2521 ipsc
1683 2487 1708 2513 iu

912 2538 973 2555 eum
988 2533 1124 2560 statueret,
1139 2528 1211 2563 quod
1227 2527 1370 2554 videretur.
1407 2528 1462 2552 tot.
1478 2526 1539 2561 Agit
1554 2524 1709 2551 hominihus

67 2565 153 2592 securi
167 2574 325 2601 percussum
341 2576 399 2593 esse
413 2567 491 2593 dixit.
524 2568 580 2593 ⁴57.
597 2567 658 2593 Post
673 2566 739 2593 hauc
754 2567 860 2593 illorum

68 2601 293 2635 vociferationem,
315 2609 374 2639 post
393 2605 460 2631 hune
477 2613 647 2630 communem
667 2603 764 2630 famam
782 2609 861 2639 atque
883 2622 884 2633 ,

66 2639 270 2674 querimoniam,
287 2650 338 2668 non
353 2642 441 2668 mitior
455 2642 482 2668 in
493 2641 635 2676 supplicio,
651 2641 698 2667 sed
708 2641 862 2677 diligentior
883 2635 884 2659 Ῐ

67 2683 126 2703 esse
144 2678 239 2712 coepit.
279 2679 419 2714 Capitibus
439 2678 567 2706 involutis
585 2679 658 2706 eires
678 2679 809 2705 Romanos
829 2679 860 2705 ad

889 2560 891 2576 ¹
911 2567 1022 2602 gratias,
1040 2571 1065 2592 et
1079 2575 1169 2592 eorum
1184 2574 1244 2601 erga
1259 2574 1287 2590 se
1302 2563 1513 2590 benevolentiam
1528 2563 1709 2597 diligentiam-

911 2613 965 2639 que
979 2603 1122 2630 collaudat.
1159 2604 1217 2637 lpse
1233 2601 1412 2628 iullumuiatus
1426 2600 1525 2627 scelere
1539 2605 1564 2626 et
1579 2598 1666 2627 furore
1682 2601 1707 2625 iu

913 2641 998 2668 forum
1015 2641 1096 2667 venit.
1137 2640 1271 2667 Ardebant
1285 2638 1369 2665 ocuti:
1395 2643 1446 2665 toto
1460 2648 1492 2665 ex
1506 2647 1550 2664 ore
1564 2637 1708 2664 erudelitas

1096 2677 1293 2714 Exspectabam
1311 2685 1416 2708 omnes,
1441 2684 1495 2711 quo
1518 2676 1624 2702 tandem
1649 2683 1707 2709 pro-

1473 2725 1502 2749 Η

912 2678 1055 2706 eminebat.
