1941 3052
215 130 275 154 tssou
787 125 842 148 ⁴:551.
875 123 909 148 M.

211 197 337 227 institui«,
362 196 510 229 wlgerius,
531 193 570 219 vel
583 195 663 228 stirps
675 192 804 227 appellari
817 198 911 226 potest.
954 193 1003 218 lta-

209 244 262 270 que·
274 244 305 260 οἵ
320 239 354 260 tot
365 233 509 266 generibus
522 231 626 257 nullum
638 235 677 256 est
689 230 786 256 animal
802 235 905 264 prat-ter
917 230 1004 256 homi·
1024 220 1033 261 l*

212 282 286 301 uem,
307 270 378 306 quud
395 270 488 295 babeat
501 267 749 301 notitiauialiquam
761 267 818 292 dei:
843 268 964 301 ipsisque
977 268 1003 293 in
1024 266 1033 300 l*

212 308 367 336 homininum
388 306 459 332 nulla
480 314 546 338 gens
570 310 610 330 est
629 313 715 338 neque
737 309 789 330 tani
815 305 1001 334 immansueta,
1024 305 1033 333 l,

211 355 297 380 neque
314 350 364 371 tam
383 344 448 371 sera,
467 352 535 377 quae
552 351 617 372 non,
636 342 714 367 etiam
728 343 750 367 si
764 342 879 377 ignoret,
895 341 1003 376 qualem
1024 343 1033 367 li

213 384 308 409 lutbert-
320 382 399 407 deum
412 380 512 408 ‹levi-at,
527 384 613 405 tamt-u
627 378 780 404 babendum
793 380 868 405 sciat.
910 380 951 404 25.
965 378 1004 404 Ex
1024 375 1033 412 'f

209 430 262 455 qno
273 419 386 444 estis-itur
399 417 475 450 illud,
491 422 518 442 ut
531 417 552 442 is
564 421 689 449 agnoscat
700 416 791 446 deum,
803 417 861 451 qui,
879 415 949 442 unde
961 425 1004 442 or-
1024 411 1025 415 ¹

211 463 252 483 tus
268 458 314 482 sit.
332 455 409 490 qnasi
427 453 579 480 recordetur
594 462 623 478 ac
636 458 735 479 noscat.
777 454 830 479 lam
843 462 905 479 vero
919 453 1003 479 virtus

209 493 300 519 vadem
320 493 344 518 iu
362 492 469 518 bomine
485 500 514 517 nc
529 490 578 516 deo
594 495 647 521 est,
666 499 752 525 neque
765 490 820 516 ullo
831 490 883 517 alio
896 491 1004 525 ingenio

210 535 352 565 praeterea.
394 529 440 555 Est
454 533 541 554 autem
555 529 641 554 virtus
654 528 721 554 nibil
733 527 821 558 aliud,
839 536 920 562 quam
937 528 962 553 in
976 535 1004 553 se

209 567 322 602 perfecta
339 571 364 592 et
379 566 411 591 ad
427 574 564 591 summum
580 565 706 599 perducta
720 570 822 591 natura.
863 565 911 591 Est
923 565 1004 600 igitur

210 605 311 630 homini
323 612 384 629 cum
397 603 446 629 deo
458 602 618 629 similitudo.
643 602 720 634 Quod
732 611 816 637 quum
831 603 865 628 ita
877 602 920 631 sit,
934 610 1003 636 quac

209 641 313 668 tandem
331 645 483 675 potestesse
496 641 603 674 propior
613 640 743 666 certiorve
755 638 894 675 cognatio?
913 640 1003 674 ltaque

208 680 240 705 ad
267 679 405 705 bominum
430 677 632 704 commoditates
657 681 682 703 ct
706 685 773 703 usus
795 681 893 703 tantam
915 685 1003 702 rerum

210 716 354 742 ubertatem
368 720 460 741 natura
473 715 564 749 largita
579 719 631 744 est,
650 719 678 740 ut
693 722 737 745 ea,
755 722 824 748 quae
842 715 1002 749 gignuntur,

208 754 302 779 donata
322 752 443 779 consulto
465 752 555 782 nobis,
580 760 630 778 non
649 751 756 778 fortuito
773 756 831 777 nata
847 751 1002 777 videantur:
1032 782 1033 787 1

209 800 256 817 nnc
268 790 353 816 solum
371 799 414 820 ea,
435 798 503 825 quae
521 789 644 824 frugibus
660 793 740 823 atque
752 789 826 815 bacis
838 793 921 815 terrae
933 787 1003 815 foetu
1024 813 1025 819 ,

208 827 420 862 profunduntur,
438 827 485 853 sed
500 827 579 853 etiam
592 826 722 861 pecudes:
745 825 817 861 quod
829 827 1003 860 perspicuum

207 866 251 896 sit,
264 866 360 900 partim
371 864 468 891 essead
476 873 554 890 usum
563 864 712 894 bominum,
726 863 861 898 partimad
875 863 1001 893 fructum,

208 904 303 937 partim
317 902 348 928 ad
360 902 522 928 vescendum
535 906 694 936 procreatas.
736 902 777 927 26.
800 901 876 927 Artes
888 909 951 927 vero
962 900 1005 926 in-

209 940 390 966 numerabiles
412 944 530 974 repertae
550 944 625 969 sunt,
649 938 759 965 docente
774 943 877 964 natura.
917 937 1003 970 Quam
1024 935 1033 960 il

210 978 308 1003 imitata
325 978 390 1003 ratio
407 986 447 1002 res
463 976 496 1002 ad
509 977 590 1002 vitam
603 976 767 1002 necessarias
778 975 899 1002 sollerter
909 983 1004 1001 conse·
1024 979 1026 987 ⁴

208 1020 267 1041 truta
279 1019 327 1040 est.
1032 1004 1033 1015 ἵ

369 1014 414 1040 IX.
437 1015 528 1048 lpsum
544 1018 632 1040 autem
649 1013 786 1040 bominem
802 1013 895 1039 eadem
910 1017 1003 1039 natura
1032 1031 1033 1039 ,

209 1060 259 1078 non
272 1051 359 1078 solum
371 1051 506 1077 celeritate
518 1051 615 1077 mentis
626 1051 740 1080 ornavit,
754 1050 801 1076 sed
815 1051 895 1077 etiam
907 1058 1004 1076 sensus
1031 1059 1033 1071 i

209 1094 344 1124 tamquam
356 1088 483 1115 satellites
495 1089 615 1114 attribuit
626 1097 656 1114 ac
669 1089 790 1114 nuntios:
805 1093 830 1114 et
841 1096 930 1114 rerum
942 1087 1004 1122 plu—

209 1128 337 1153 rimarum
353 1126 528 1152 obscurarum
545 1126 710 1152 necessarias
726 1125 919 1161 intelligentias
937 1133 1004 1151 enu-

208 1163 377 1198 davit,quasi
391 1163 562 1189 fundamenta
575 1163 707 1198 quaedam
719 1163 862 1189 scientiae:
875 1162 1002 1198 figuram·
1025 1172 1033 1190 l,

208 1210 260 1236 quc
272 1201 390 1235 corporis
403 1200 520 1227 habilem
532 1205 557 1227 et
569 1206 656 1235 aptam
668 1201 778 1236 ingenio
789 1200 907 1226 humano
919 1199 1002 1226 dedit.
1025 1195 1034 1241 l}

208 1239 274 1265 Nam
295 1247 380 1273 quum
396 1243 497 1264 ceteras
512 1239 662 1264 animantes
677 1238 821 1264 abiecisset
836 1237 869 1264 ad
885 1242 1002 1272 pastum.
1033 1244 1034 1257 ¹

207 1275 294 1301 solum
309 1275 443 1302 bominem
454 1277 540 1302 erexit
550 1275 583 1301 ad
594 1275 730 1310 caelique,
748 1275 826 1310 quasi
838 1275 1005 1310 cognationis

207 1312 393 1348 domiciliique
405 1313 522 1348 pristini,
535 1318 708 1348 conspectum
720 1313 861 1338 excitavit:
875 1317 932 1338 tum
942 1320 1006 1346 spe-

207 1351 276 1377 ciem
289 1351 323 1376 ita
336 1349 460 1377 formavit
470 1351 534 1382 oris,
547 1351 613 1377 utin
625 1358 654 1377 ea
666 1351 773 1385 penitus
785 1349 935 1376 reconditos
947 1357 1005 1375 mo·
1033 1353 1034 1365 ¹

208 1396 249 1414 res
261 1387 409 1423 effingeret.
441 1389 483 1415 27.
508 1389 573 1414 Nam
585 1393 610 1414 et
620 1387 691 1414 oculi
705 1388 786 1414 nimis
798 1387 895 1423 arguti,
908 1395 1005 1422 quem-
1026 1384 1034 1400 '³

207 1425 353 1451 admodum
365 1426 454 1451 animo
466 1424 551 1452 affecti
563 1434 672 1455 sumus,
688 1424 848 1460 loquuntur,
867 1429 893 1451 et
904 1425 940 1455 is,
956 1424 1004 1459 qui
1032 1401 1035 1466 l

207 1462 357 1497 appellatur
371 1462 476 1494 vultus,
493 1463 541 1497 qui
557 1462 631 1489 nullo
647 1463 673 1488 in
685 1463 819 1489 animante
831 1470 890 1488 esse
902 1466 1005 1496 praeter
1032 1467 1034 1487 l

209 1500 344 1526 bominem
360 1505 460 1534 potest,
478 1499 591 1526 indicat:
616 1500 694 1526 cuius
711 1501 767 1526 vim
784 1499 879 1526 Graeci
897 1503 1002 1528 norunt,

207 1546 304 1564 nomen
324 1539 433 1564 omnino
453 1546 505 1564 non
527 1537 634 1563 babent.
675 1538 775 1564 Omitto
792 1537 1005 1572 opportunitates

207 1574 415 1609 habilitatesque
428 1574 525 1610 reliqui
540 1575 672 1609 corporis,
692 1574 903 1601 moderationem
919 1574 1002 1603 vocis,

207 1612 334 1638 orationis
345 1613 415 1643 vim,
431 1620 500 1647 quae
512 1612 679 1638 conciliatrix
690 1617 730 1638 est
741 1612 875 1638 humanae
887 1612 1004 1638 maxime

207 1650 355 1676 societatis:
369 1657 456 1684 neque
467 1649 539 1676 enim
550 1650 639 1676 omnia
651 1654 714 1676 sunt
725 1649 808 1675 huius
814 1649 1005 1683 disputationis

208 1695 238 1713 ac
250 1687 390 1721 temporis,
405 1691 430 1713 et
443 1686 514 1713 hunc
526 1686 614 1713 locum
626 1688 704 1717 satis,
719 1692 748 1713 ut
759 1686 827 1713 mihi
838 1686 959 1716 videtur,
978 1686 1005 1711 in
1025 1692 1027 1717 ,¹

208 1723 251 1750 his
263 1722 349 1754 libris.
362 1732 430 1758 quos
442 1723 555 1759 legistiS,
569 1725 702 1759 expressit
713 1724 812 1759 Scipio.
849 1724 926 1750 Nunc
937 1731 1006 1758 quo*
1026 1720 1033 1734 ³

209 1761 280 1787 niam
297 1760 448 1792 hominem,
471 1761 544 1796 quod
560 1762 726 1796 principium
738 1761 904 1796 reliquarum
915 1768 1004 1787 rerum

208 1806 266 1825 esse
278 1797 372 1828 voluit,
386 1799 525 1834 generavit
535 1803 561 1824 et
571 1799 677 1825 ornavit
689 1798 770 1828 deus,
784 1799 960 1833 perspicuum
971 1797 1006 1823 sit
1025 1806 1027 1812 ’

208 1835 277 1862 illud
297 1835 339 1870 (ne
359 1836 449 1862 omnia
468 1835 653 1870 disserantur),
672 1836 759 1870 ipsam
776 1844 823 1870 per
837 1843 866 1861 se
883 1839 1004 1861 naturam

209 1872 316 1908 longius
332 1872 472 1908 progredi:
493 1881 562 1908 quae
577 1873 656 1899 etiam
674 1872 748 1899 nullo
764 1872 875 1899 docente
887 1871 1003 1906 profecta

208 1910 242 1936 ab
262 1910 310 1940 iis,
331 1918 461 1944 quorum,
484 1918 518 1936 ex
532 1910 618 1944 prima
635 1915 660 1936 et
676 1910 798 1936 inchoata
815 1909 1001 1945 intelligentia,

208 1955 305 1982 genera
322 1947 460 1982 cognovit,
483 1946 622 1973 confirmat
637 1947 696 1981 ipsa
715 1955 763 1981 per
780 1955 808 1973 se
832 1947 961 1973 rationem
980 1951 1005 1973 et

208 1984 322 2019 perficit.

264 2021 298 2046 X.
320 2022 362 2046 ⁶38.
384 2020 452 2046 Arr.
476 2021 516 2046 Dii
528 2020 701 2052 immortales,
715 2029 796 2056 (piam
807 2026 834 2047 tu
848 2020 925 2056 longe
937 2021 1004 2047 iuris
1032 2034 1034 2045 ‹

208 2058 342 2093 principia
356 2058 467 2092 repetis!
491 2062 570 2093 atque
583 2059 627 2088 ita,
640 2062 670 2085 ut
680 2066 729 2094 ego
741 2067 792 2085 non
805 2058 883 2085 modo
895 2058 940 2085 illa
952 2067 1003 2084 non
1032 2090 1033 2096 ἵ

207 2104 362 2131 properem,
379 2103 447 2130 quae
463 2095 650 2130 exspectabam
667 2104 680 2121 a
697 2101 721 2122 te
736 2095 768 2121 de
780 2096 837 2121 iure
849 2095 938 2126 civili,
956 2095 1004 2122 sed
1032 2097 1034 2119 l

208 2132 286 2159 facile
298 2133 396 2167 patiar,
413 2137 437 2159 te
454 2132 525 2159 hunc
541 2132 613 2158 diem
632 2132 672 2158 vel
685 2137 767 2159 totum
780 2134 806 2159 in
820 2134 870 2159 isto
881 2141 1004 2159 sermone

207 2178 377 2197 consumere.
417 2169 485 2196 Sunt
499 2170 571 2196 enim
588 2170 653 2196 haec
669 2171 782 2201 maiora,
805 2178 874 2205 quae
889 2170 1003 2197 aliorum

207 2216 301 2235 caussa
314 2207 425 2234 fortasse
436 2206 635 2242 complecteris,
651 2216 732 2242 quam
745 2208 803 2242 ipsa
815 2207 874 2238 illa,
888 2216 1003 2243 quorum

208 2246 274 2272 baec
294 2253 388 2272 caussa
410 2249 611 2279 praeparantur.
651 2245 687 2271 M.
711 2245 781 2272 Sunt
805 2244 870 2271 haec
891 2245 1002 2280 quidem

208 2291 313 2319 magna,
326 2290 395 2317 quae
407 2290 477 2308 nunc
489 2282 606 2308 breviter
616 2283 797 2318 attinguntur:
811 2282 859 2308 sed
870 2283 1001 2313 omnium,

207 2329 276 2355 quae
294 2321 322 2346 in
342 2319 480 2346 doctorum
497 2319 638 2346 hominum
654 2319 835 2354 disputatione
851 2325 1001 2350 versantur,

208 2357 275 2384 nihil
287 2362 327 2384 est
339 2356 455 2391 profecto
466 2356 670 2391 praestabilius,
688 2365 770 2392 quam
784 2356 864 2391 plane
876 2357 1001 2393 intelligi,

208 2403 254 2421 nos
266 2394 299 2421 ad
310 2394 441 2421 iustitiam
452 2402 511 2420 esse
523 2398 607 2425 natos,
620 2402 707 2429 neque
717 2394 853 2429 opinione,
866 2394 914 2420 sed
925 2400 1004 2421 natu-

208 2440 235 2457 ra
246 2433 420 2458 constitutum
431 2440 490 2458 esse
502 2432 555 2458 ius.
595 2431 624 2458 1d
636 2432 689 2458 iam
701 2431 812 2466 patebit,
825 2432 849 2458 si
861 2431 1002 2458 hominum

206 2469 276 2494 inter
286 2469 358 2503 ipsos
369 2469 523 2496 societatem
533 2469 805 2503 coniunctionemque
819 2470 1000 2504 perspexeris.

207 2506 248 2530 ⁶29.
271 2505 344 2531 Nihil
360 2511 401 2532 est
415 2506 487 2532 enim
503 2515 588 2532 unum
605 2507 652 2532 uni
669 2511 721 2532 tam
742 2505 845 2537 simile,
868 2511 922 2533 tam
943 2515 999 2541 par,

207 2550 288 2576 quam
304 2550 396 2568 omnes
412 2543 480 2569 inter
494 2544 672 2578 nosmetipsos
685 2552 791 2570 sumus.
831 2543 908 2575 Quod
920 2545 943 2570 si
954 2544 1002 2570 de-

208 2579 327 2613 pravatio
342 2580 582 2611 consuetudinum,
605 2581 628 2607 si
648 2581 807 2615 opinionum
825 2581 929 2607 vanitas
949 2590 1001 2607 non

207 2615 419 2642 imbecillitatem
431 2617 582 2644 animorum
594 2622 729 2653 torqueret
742 2622 767 2644 et
782 2617 909 2649 flecteret,
932 2627 1001 2653 quo-

206 2661 323 2688 cumque
338 2653 481 2687 coepisset;
504 2656 547 2681 sui
564 2664 641 2682 nemo
656 2655 714 2690 ipse
730 2659 782 2682 tam
801 2655 900 2682 similis
920 2661 999 2686 esset,

1024 194 1025 197 ’
1055 202 1135 227 «luam
1151 200 1244 218 omnes
1260 196 1322 217 sunt
1336 192 1468 218 omniurn.

1024 483 1033 521 J*
1055 491 1152 517 cultate
1165 499 1221 525 par.

1033 1621 1034 1624 ¹
1056 1611 1148 1638 efficit.

945 122 973 147 Τ,
1004 121 1256 147 (thEuoNtS

1510 192 1599 227 ltaque
1613 200 1801 227 quaecumque
1809 197 1850 219 est

1057 231 1173 256 hominis
1184 229 1314 257 deffinitio.
1329 237 1380 254 una
1393 229 1418 254 in
1431 238 1523 255 omnes
1537 229 1614 255 valet.
1656 232 1696 256 30.
1718 229 1794 261 Quod
1807 239 1849 256 ar-

1055 267 1176 300 gumenti
1188 266 1307 296 sati-sest,
1317 266 1418 291 nullam
1431 266 1682 293 dissimilitudinem
1694 276 1752 293 esse
1765 268 1790 293 in
1802 275 1850 302 ge-

1057 314 1130 330 nvre:
1154 312 1223 338 quae
1234 304 1257 329 si
1269 308 1351 333 esset,
1369 312 1420 330 non
1432 312 1484 330 una
1495 312 1588 330 omnes
1599 304 1720 331 ‹lt-(initio
1730 305 1851 332 eontine-

1057 348 1103 368 r‹·t.
1145 341 1250 367 Etenim
1266 341 1344 370 ratio,
1362 349 1414 375 qua
1431 349 1482 367 una
1495 346 1662 375 praestamus
1674 341 1785 370 belluis,
1805 350 1851 376 per

1056 388 1136 413 quam
1149 379 1300 404 coniectura
1313 377 1443 408 vatemus,
1453 383 1681 414 argumentamur,
1690 379 1848 405 refellimus.

1032 428 1033 434 ¹
1055 416 1229 445 disserimus.
1251 415 1409 441 conficimus
1425 415 1543 450 aliquid,
1561 415 1762 445 concludimus,
1781 421 1850 442 certe

1055 459 1095 480 est
1105 453 1267 483 communis,
1280 452 1399 479 doctrina
1411 452 1545 481 differens,
1554 452 1676 479 disc-endi
1688 453 1798 488 quidem
1812 453 1851 479 sa-

1264 490 1328 516 Nam
1345 495 1370 516 et
1385 491 1512 516 sensibus
1526 490 1618 517 eadem
1629 492 1718 517 omnia
1730 499 1851 525 compre—

1057 528 1224 554 henduntur:
1241 532 1266 553 et
1277 536 1394 562 ea,quae
1407 532 1514 554 movent
1525 527 1732 558 sensus,itidem
1745 533 1853 554 movent

1055 566 1191 591 omnium:
1205 573 1329 600 quaeque
1343 565 1368 591 in
1380 566 1478 591 animis
1491 565 1691 599 imprimuntur,
1706 564 1739 591 de
1750 565 1852 600 quihus

1032 623 1033 626 .
1057 608 1116 629 ante
1133 602 1204 632 dixi,
1223 602 1360 628 inchoatae
1377 601 1569 637 intelligentiae
1582 602 1708 628 similiter
1724 603 1749 628 in
1764 603 1852 628 omni-

1032 651 1033 654 *
1056 640 1106 666 bus
1120 640 1325 674 imprimuntur:
1341 640 1526 674 interpresque
1536 644 1577 666 est
1588 640 1782 669 mentisoratio,
1793 648 1852 665 ver—

1056 678 1098 704 bis
1119 677 1290 711 discrepans,
1313 677 1454 703 sententiis
1474 685 1635 712 congruens.
1676 679 1717 703 at.
1741 678 1793 703 Nec
1813 682 1853 703 est

1055 716 1201 750 quisquam
1212 715 1300 749 gentis
1315 713 1406 744 ullius,
1415 714 1462 749 qui
1474 714 1570 740 ducem
1583 720 1703 741 naturam
1716 719 1808 741 nactus
1819 713 1851 740 ad

1057 753 1182 778 virtutem
1199 752 1338 786 pervenire
1351 760 1401 777 non
1414 753 1507 786 possit.
1540 751 1586 778 Xl.
1608 752 1660 778 Nec
1672 751 1758 778 solurn
1773 752 1798 778 in
1811 761 1853 778 re-

1055 789 1170 819 ctis,se‹l
1183 790 1262 815 etiam
1276 789 1301 815 in
1315 789 1492 823 pravitatibus
1506 789 1621 824 insignis
1631 794 1672 815 est
1683 789 1793 815 humani
1805 798 1853 824 ge-

1057 827 1128 853 neris
1139 826 1300 853 similitudo.
1328 827 1392 852 Nam
1405 831 1430 852 et
1443 827 1578 860 voluptate
1589 827 1733 861 capiuntur
1743 835 1849 853 omnes:

1032 881 1033 885 =
1055 873 1124 899 quae
1137 865 1187 890 etsi
1199 869 1238 890 est
1253 863 1376 890 illm-ebra
1390 863 1576 898 turpitudinis,
1586 869 1672 890 tamen
1681 863 1760 890 habet
1771 863 1853 899 quid-

1056 902 1117 927 dam
1134 901 1223 928 simile
1240 900 1368 927 naturalis
1384 901 1460 932 boni,
1484 907 1524 927 est
1539 902 1611 927 enim
1627 902 1758 927 suavitate
1779 900 1854 927 delc-

1055 944 1143 965 ctans:
1165 939 1204 965 sic
1221 939 1254 965 ab
1270 947 1357 965 errore
1373 939 1484 968 mentis,
1508 944 1644 973 tamquam
1666 938 1782 965 salutare
1803 937 1853 964 ali-

1056 976 1295 1011 quid,asciscitur:
1308 975 1447 1010 similique
1460 976 1564 1002 inscitia
1578 985 1648 1002 mors
1661 975 1772 1011 sugitur,
1785 984 1853 1010 qua-

1056 1015 1079 1040 si
1091 1013 1233 1040 dissolutio
1245 1018 1366 1039 naturae:
1385 1014 1437 1039 vita
1449 1013 1596 1047 expetitur,
1610 1014 1674 1048 quia
1686 1022 1747 1043 nos,
1762 1014 1788 1038 in
1799 1021 1854 1047 quo

1056 1052 1110 1078 nati
1121 1059 1226 1081 sumus,
1235 1051 1365 1082 continet3
1379 1049 1455 1076 dolor
1466 1051 1492 1076 in
1505 1051 1632 1076 maximis
1644 1050 1722 1076 malis
1733 1049 1851 1079 ducitur,

1057 1093 1112 1115 tum
1125 1097 1173 1114 sua
1184 1088 1338 1123 asperitate,
1363 1092 1419 1114 tum
1433 1087 1505 1122 quod
1521 1092 1629 1114 naturae
1642 1088 1764 1114 interitus
1777 1087 1854 1113 vide-

1056 1131 1099 1152 tur
1109 1126 1198 1161 sequi.
1239 1126 1280 1151 32.
1296 1125 1459 1159 Proptcrque
1472 1124 1619 1151 honestatis
1629 1130 1653 1151 et
1664 1125 1764 1160 gloriae
1775 1125 1854 1151 simi-

1058 1163 1199 1190 litudinem
1211 1162 1294 1193 beati,
1312 1163 1360 1197 qui
1371 1162 1492 1188 honorati
1506 1167 1582 1192 sunt,
1599 1161 1738 1188 videntur:
1762 1162 1855 1188 miseri

1056 1205 1154 1231 autem,
1168 1201 1216 1235 qui
1230 1199 1347 1235 inglorii.
1382 1199 1527 1230 Molestiae,
1543 1198 1666 1229 laetitiae,
1679 1198 1851 1234 cupiditates,

1056 1239 1166 1264 timores
1181 1237 1307 1263 similiter
1321 1237 1442 1263 omnium
1458 1242 1561 1263 mentes
1577 1242 1770 1272 pervagantur:
1793 1244 1852 1267 nec,

1056 1276 1079 1302 si
1090 1275 1231 1310 opiniones
1243 1274 1309 1301 aliae
1321 1279 1384 1301 sunt
1396 1273 1467 1309 apud
1479 1273 1554 1304 alios,
1570 1274 1682 1305 idcirco,
1701 1275 1748 1309 qui
1759 1282 1853 1300 canem

1056 1317 1082 1339 et
1105 1312 1183 1339 felem
1204 1317 1232 1339 ut
1256 1311 1319 1338 deos
1339 1311 1443 1342 colunt,
1466 1320 1518 1338 non
1538 1311 1631 1338 eadem
1651 1311 1852 1346 superstitione,

1056 1359 1108 1385 qua
1120 1354 1221 1376 ceterae
1238 1354 1345 1385 gentes,
1363 1348 1558 1375 conflictantur.
1598 1348 1670 1381 Quae
1683 1353 1771 1375 autem
1783 1349 1854 1375 natio

1058 1396 1109 1414 non
1124 1388 1291 1418 comitatem,
1310 1395 1362 1413 non
1379 1386 1586 1422 benignitatem,
1605 1395 1656 1413 non
1672 1391 1779 1422 gratum
1795 1386 1854 1412 ani-

1057 1433 1132 1451 mum
1148 1429 1174 1451 et
1193 1424 1318 1451 beneficii
1334 1432 1479 1450 memorem
1495 1422 1602 1460 diligit?
1621 1432 1690 1458 quae
1710 1423 1852 1458 superbos,

1056 1471 1124 1497 quae
1146 1461 1291 1492 maleficos,
1313 1470 1383 1496 quae
1403 1460 1540 1491 crudeles,
1567 1470 1636 1496 quae
1663 1462 1780 1496 ingratos
1801 1470 1854 1487 non

1056 1505 1226 1535 aspernatur,
1250 1508 1301 1526 non
1318 1498 1391 1525 odit‘?
1411 1498 1513 1534 quibus
1529 1506 1563 1525 ex
1579 1498 1659 1524 rebus
1673 1506 1759 1533 quum
1774 1506 1854 1525 omne

1055 1546 1142 1571 genus
1164 1537 1305 1563 hominum
1325 1536 1456 1563 sociatum
1472 1536 1542 1562 inter
1555 1544 1584 1562 se
1599 1544 1658 1562 esse
1678 1535 1852 1571 intelligatur,

1057 1574 1125 1601 illud
1137 1579 1287 1601 extremum
1299 1578 1348 1604 est,
1364 1573 1436 1609 quod
1448 1578 1517 1599 recte
1530 1572 1640 1599 vivendi
1651 1573 1718 1599 ratio
1729 1573 1854 1600 meliores

1188 1611 1262 1643 Quae
1278 1611 1301 1637 si
1317 1610 1485 1645 approbatis,
1506 1618 1617 1646 pergam
1631 1610 1664 1637 ad
1676 1609 1794 1645 reliqua:
1811 1610 1853 1636 sin

1056 1649 1123 1684 quid
1136 1649 1282 1683 requiritis,
1299 1648 1326 1675 id
1337 1648 1506 1683 explicemus
1516 1648 1601 1682 prius.
1642 1648 1710 1674 An.
1726 1648 1780 1674 Nos
1791 1655 1854 1673 vero

1057 1686 1140 1712 nihil.-
1154 1691 1183 1712 ut
1194 1695 1241 1721 pro
1253 1691 1365 1720 utroque
1377 1684 1564 1719 respondeam.

1112 1723 1170 1749 ΧΠ.
1193 1725 1234 1750 33.
1257 1723 1292 1749 Μ.
1313 1723 1442 1757 Sequitur
1460 1722 1556 1757 igitur,
1583 1721 1615 1748 ad
1636 1720 1853 1756 participandum

1056 1760 1140 1787 alium
1156 1760 1189 1787 ab
1204 1759 1270 1787 alio.
1291 1758 1603 1794 communicandumque
1614 1760 1683 1785 inter
1693 1766 1787 1784 omnes
1799 1759 1851 1786 ius.

1057 1799 1180 1824 homines
1196 1802 1289 1824 natura
1305 1805 1364 1823 esse
1381 1796 1462 1823 factos
1473 1811 1510 1815 —
1521 1801 1600 1830 atque
1617 1795 1667 1822 hoc
1681 1797 1708 1822 in
1719 1796 1793 1822 omni
1804 1795 1854 1822 hac

1055 1835 1237 1870 disputatione
1248 1835 1287 1861 sic
1299 1833 1414 1869 intelligi
1427 1833 1496 1864 volo,
1508 1834 1570 1859 ius⁸
1580 1832 1653 1868 quod
1664 1832 1762 1860 dicam.
1776 1838 1855 1859 natu-

1056 1881 1112 1899 ram
1123 1881 1242 1901 esse-,
1260 1877 1359 1898 tantam
1380 1876 1469 1897 autem
1490 1879 1549 1897 esse
1569 1869 1747 1904 corruptelam
1769 1869 1853 1896 malae

1055 1909 1269 1939 consuetudinis,
1278 1914 1307 1935 ut
1318 1909 1351 1935 ab
1363 1917 1392 1935 ea
1404 1913 1542 1944 tamquam
1553 1907 1666 1943 igniculi
1677 1908 1854 1943 exstinguan-

1056 1952 1099 1974 tur
1110 1956 1122 1974 a
1135 1952 1228 1974 natura
1239 1946 1308 1977 dati,
1331 1946 1540 1981 exorianturque
1551 1952 1577 1973 et
1587 1944 1779 1973 confirmentur
1788 1945 1853 1973 vitia

1056 1985 1196 2011 contraria.
1236 1983 1313 2016 Quod
1325 1984 1362 2014 si,
1376 1992 1430 2019 quo
1441 1984 1520 2010 modo
1530 1989 1569 2010 est
1581 1989 1672 2010 natura
1681 2005 1687 2011 .
1700 1984 1740 2010 sic
1751 1983 1853 2010 iudicio

1058 2022 1180 2048 homines
1195 2024 1300 2047 htlmttnt'
1313 2022 1352 2055 (ut
1363 2021 1399 2047 ait
1414 2021 1501 2056 poeta)
1516 2022 1642 2048 nihilase
1654 2023 1854 2054 alienumpum-

1057 2064 1125 2090 rent,
1148 2059 1280 2085 coleretur
1291 2059 1333 2084 ius
1345 2066 1429 2093 aeque
1440 2058 1473 2084 ab
1484 2058 1622 2085 omnibus.
1662 2058 1768 2091 Quibus
1779 2058 1852 2084 enim

1057 2098 1122 2123 ratio
1138 2105 1151 2123 a
1168 2101 1262 2123 natura
1278 2095 1337 2122 data
1353 2100 1407 2127 est,
1430 2095 1526 2122 iisdem
1543 2096 1623 2122 etiam
1635 2101 1704 2122 recta
1716 2096 1782 2122 ratio
1791 2095 1852 2122 data

1056 2139 1108 2160 est:
1125 2143 1188 2170 ergo
1199 2138 1224 2160 et
1236 2133 1292 2163 lex,
1309 2141 1378 2168 quae
1390 2138 1429 2159 est
1440 2138 1509 2159 recta
1521 2133 1587 2159 ratio
1601 2134 1628 2159 in
1641 2132 1759 2159 iubendo
1769 2137 1795 2159 et
1806 2141 1853 2159 ve—

1056 2171 1148 2198 tando:
1166 2171 1191 2197 si
1207 2170 1263 2201 lex,
1284 2171 1327 2196 ius
1343 2178 1460 2205 quoque.
1500 2170 1534 2196 At
1548 2170 1676 2197 omnibus
1692 2171 1768 2196 ratio.
1807 2170 1852 2196 Ius

1057 2209 1139 2244 igitur
1149 2208 1242 2235 datum
1253 2212 1293 2234 est
1303 2207 1446 2234 omnibus:
1462 2212 1587 2242 recteque
1597 2207 1718 2234 Socrates
1728 2215 1853 2234 exsecra-

1055 2247 1078 2272 ri
1089 2254 1152 2272 eum
1163 2245 1279 2275 solebat,
1297 2246 1344 2280 qui
1358 2246 1464 2280 primus
1476 2244 1617 2271 utilitatem
1629 2253 1643 2271 a
1655 2250 1747 2271 natura
1758 2245 1852 2271 seiun-

1055 2283 1148 2310 xisset.
1189 2284 1231 2309 34.
1247 2282 1275 2309 ld
1290 2283 1362 2308 enim
1373 2282 1537 2317 querebatur
1547 2286 1627 2317 caput
1637 2290 1696 2308 esse
1707 2282 1851 2308 exitiorum

1054 2321 1189 2347 omnium:
1204 2319 1275 2346 unde
1287 2324 1326 2346 est
1336 2319 1382 2346 illa
1394 2319 1558 2355 Pythagorea
1568 2328 1630 2350 vox,
1644 2318 1694 2355 [Τὰ
1705 2321 1756 2345 τῶν
1769 2319 1851 2353 φίλων

1054 2358 1137 2389 κοινὰ,
1148 2358 1190 2384 καὶ
1203 2358 1290 2391 qaum
1301 2355 1431 2393 infirma}
1464 2356 1506 2383 Ex
1516 2365 1570 2391 quo
1580 2356 1751 2391 perspicitur,
1764 2364 1850 2390 quum

1055 2395 1123 2421 hanc
1144 2394 1358 2421 benevolentiam
1380 2399 1433 2420 tam
1453 2393 1503 2420 late
1518 2393 1650 2429 longeque
1666 2392 1792 2419 diffusam
1809 2394 1851 2420 vir

1053 2433 1162 2466 sapiens
1179 2433 1206 2458 in
1222 2431 1341 2466 aliquem
1357 2432 1414 2466 pari
1426 2432 1524 2457 virtute
1533 2430 1684 2465 praeditum
1695 2429 1848 2461 contulerit,

1054 2475 1111 2495 tum
1123 2469 1192 2496 illud
1202 2468 1281 2500 effici,
1290 2468 1363 2503 quod
1374 2467 1537 2503 quibusdam
1550 2466 1708 2494 incredibile
1715 2467 1847 2499 videatur,

1053 2507 1088 2533 sit
1097 2511 1187 2533 autem
1198 2506 1391 2536 necessarium,
1405 2510 1434 2532 ut
1446 2504 1530 2531 nihilo
1541 2513 1600 2531 sese
1610 2503 1682 2539 plus,
1691 2513 1771 2540 quam
1783 2505 1850 2532 alte-

1053 2552 1113 2570 rum
1124 2543 1230 2580 diligat.
1257 2543 1328 2576 Quid
1339 2544 1412 2569 enim
1423 2547 1472 2573 est,
1488 2541 1560 2577 quod
1572 2541 1684 2572 differat,
1698 2550 1783 2577 quum
1794 2543 1850 2569 sint

1053 2586 1147 2608 cuncta
1164 2580 1257 2616 paria?
1276 2580 1353 2613 Quod
1368 2580 1392 2606 si
1408 2580 1536 2606 interesse
1551 2579 1693 2614 quippiam
1715 2579 1848 2606 tantulum

1053 2618 1131 2645 modo
1143 2619 1272 2653 potuerit,
1289 2619 1342 2644 iam
1353 2617 1487 2643 amicitiae
1497 2624 1594 2642 nomen
1605 2616 1747 2643 occiderit:
1770 2617 1848 2643 euius

1052 2660 1092 2682 est
1102 2664 1132 2682 ea
1144 2656 1196 2687 vis,
1210 2660 1252 2686 ut,
1270 2654 1351 2682 simul
1368 2659 1447 2689 atque
1462 2653 1516 2680 sibi
1531 2653 1650 2688 aliquid,
1668 2662 1749 2689 quam
1760 2653 1846 2685 alteri,
