1941 3052
229 145 276 167 aas.
807 141 849 163 tm,
881 137 914 163 M.

283 211 331 232 vn.
360 211 455 230 ‹raum-in
466 210 563 228 uiridia.
575 209 655 226 larunt-1
665 215 710 225 mn.
723 208 776 229 703.)
1041 206 1045 222 l

417 246 838 276 1111113110ATT11108.

289 291 309 314 Ι,
333 284 500 321 Scripseram
518 285 550 310 nd
567 290 590 311 ts·
607 283 760 319 epistolam,
779 292 860 318 cluam
877 282 967 308 darom
985 290 1020 308 tv.

231 324 422 353 ld.:.·11·‹l‹=odw
436 325 466 353 is,
475 323 518 348 vui
530 322 592 348 dare
606 322 751 350 volucrum,
761 330 812 347 non
824 325 864 346 est
876 319 1020 354 protectus.

231 364 308 389 Venit
323 366 411 386 nun-m
428 369 458 384 co
475 361 533 394 ipso
549 360 592 385 die
604 359 648 385 ille
659 358 803 392 celeripes.
821 366 901 392 quem
914 356 1022 381 Salvius

1050 290 1053 310 ι
1073 282 1106 307 de
1122 280 1238 314 gaudem
1264 281 1288 307 si
1308 286 1348 306 ent
1369 289 1440 307 nunc
1460 281 1531 308 ullus
1550 282 1686 317 gaudendi
1704 281 1786 308 locus,

947 137 975 162 Τ.
1010 136 1283 163 CICEnoNtS

1073 212 1161 233 actum
1173 207 1216 232 sit.
1257 208 1282 232 6.
1304 206 1383 233 Bonis
1394 208 1460 233 viria
1469 207 1541 242 quod
1553 208 1592 234 aia
1603 207 1709 243 pmlmri
1719 228 1723 234 .
1735 215 1805 242 quac
1815 207 1863 234 ad-

1075 245 1126 270 buc
1139 244 1290 273 severimua,
1304 244 1430 278 mirique.
1443 244 1478 271 ab
1489 245 1523 271 iia
1533 253 1580 271 nos
1593 254 1644 271 non
1657 244 1797 279 proiectos,
1807 244 1863 270 val-

1076 317 1186 344 Lentulo
1203 318 1370 351 investiunbo
1384 318 1554 351 diligentius:
1574 319 1600 345 id
1617 319 1741 345 mandavi
1754 282 1865 345 Phitoffi

1075 365 1126 385 mo,
1141 355 1243 381 liomini
1255 354 1314 381 sorti
1326 364 1355 380 ac
1367 355 1481 382 nimium
1491 356 1623 390 optimati.
1661 357 1686 382 7.
1708 357 1865 382 Extremum

230 400 347 426 uixerat:
370 397 458 423 nuum
479 397 628 422 uberrimas
649 401 708 422 tuus
730 395 842 424 litteras,
865 403 934 429 quau
956 393 1022 419 milii
1044 394 1054 433 Ι)
1074 398 1126 421 est.
1145 397 1174 418 ut
1189 392 1238 418 tibi
1253 397 1442 424 augumentum
1456 392 1490 418 ad
1503 392 1676 419 scribendum
1691 393 1800 420 tortasse
1813 393 1866 419 iam

231 436 359 471 quiddam
371 435 448 469 quasi
461 433 595 459 animulae
607 432 783 459 restillarunt:
798 436 943 458 recreatum
951 431 1022 456 enim
1044 423 1047 471 l

232 483 273 499 me
290 482 340 498 non
357 480 426 506 queo
442 471 544 499 dicere:
568 470 615 496 sed
634 469 711 505 plane
731 470 760 495 τὸ
775 471 885 502 συνέχον
900 467 1021 494 effecisti.
1045 478 1047 503 ᾗ

233 512 287 544 Ego
303 510 373 535 cuim
391 518 441 534 non
459 509 510 534 iam
527 508 552 534 id
568 516 630 543 ago,
649 507 715 533 milii
730 506 821 536 crede,
840 511 868 532 ut
883 514 1023 540 prosperos·
1046 512 1047 531 l

232 548 320 574 exitus
337 554 494 580 consequar.

233 585 317 613 vivis.
337 591 383 609 ¹1⁰1·
396 583 444 608 lim·
456 591 522 610 uno,
540 591 587 608 nos
600 590 727 616 umquam
741 580 934 614 rempublicam
948 579 1025 605 liabi-

233 628 314 647 turos.
356 621 390 646 lta
404 628 490 654 neque
501 619 535 645 dc
545 620 598 645 otio
609 623 697 644 nostro
708 627 786 652 spero
799 619 864 647 iam,
883 625 930 643 nec
942 616 1024 642 ullam

233 658 402 684 acerbitatem
420 665 522 683 recuso.
565 656 650 683 Unum
669 655 736 682 illud
751 654 974 683 extimescebam,
993 662 1025 679 nc

232 695 298 730 quid
311 695 424 730 turpiter
435 694 557 723 facerem.
572 693 623 723 vol,
637 693 733 721 dicam,
749 693 800 718 iam
813 692 971 718 olfecissem.
998 692 1023 716 Ξ,

233 733 277 759 Sic
289 741 352 766 crgo
365 732 468 761 habeto,
478 731 608 757 salutares
616 736 639 757 te
651 730 720 756 milii
733 730 832 756 litteras
844 729 963 759 misissc3
979 736 1026 754 ne·

232 779 285 805 quc
296 770 382 795 solum
397 769 443 795 luis
456 769 602 803 longiores,
619 768 722 802 quibus
733 767 801 793 nihil
814 771 967 801 potestesse
978 774 1026 791 ex—

234 807 372 842 plicatius,
391 805 458 833 nihil
475 805 632 840 perfectius,
651 804 698 831 sed
712 805 791 830 ctiam
807 804 867 830 illas
878 804 1023 831 breviores.

235 846 260 871 iu
279 844 380 879 quilius
400 844 448 870 lioc
465 843 531 869 mibi
548 842 776 869 iucundissimum
797 841 860 871 l'uit,
882 840 1025 866 consilium

234 882 388 916 factumque
409 885 527 907 nostrum
549 889 562 905 n
577 880 656 905 Sexto
675 879 794 914 probari;
818 883 1026 913 pergratumque

235 919 302 945 milii
315 923 341 945 tu
355 918 455 949 fecisti,
473 926 486 943 a
498 926 552 952 quo
565 917 643 951 diligi
657 925 711 947 me,
729 921 767 947 ct.
785 915 852 951 quid
865 921 964 941 rectum
981 915 1024 943 sit,

222 955 349 992 ,intelligi
365 956 429 982 scio.
476 955 589 990 Longior
604 962 667 980 vcro
683 958 725 980 tua
741 953 852 988 epistola
868 960 972 979 nonme
984 959 1028 977 so-

236 994 305 1024 lum,
327 993 374 1019 scd
395 1001 468 1019 meos
487 1001 580 1018 omnes
599 991 766 1025 aegritudine
788 991 896 1016 levavit.
938 990 1028 1023 ltaque

236 1036 294 1057 utar
305 1035 349 1057 tuo
360 1029 481 1060 consilio,
495 1034 520 1055 ct
531 1038 576 1055 cro
587 1029 613 1055 in
626 1029 776 1058 Formiano,
790 1037 822 1054 ne
834 1032 879 1053 aut
890 1026 1027 1053 adUrbom

235 1067 378 1101 ἀπάντησις
390 1076 446 1093 mea
458 1066 699 1095 animadvertatur,
712 1070 770 1094 aut,
788 1066 870 1091 since
881 1064 924 1090 hic
937 1072 983 1090 nec
995 1063 1029 1089 il-

237 1105 270 1131 lic
286 1113 348 1131 cum
365 1104 469 1135 videro,
486 1104 634 1130 devitatum
651 1111 679 1129 sc
695 1111 708 1128 a
723 1111 766 1128 me
781 1106 865 1137 putet.

235 1147 324 1168 autem
341 1141 452 1171 suades,
470 1146 498 1167 ut
514 1141 547 1167 ab
561 1149 592 1167 eo
604 1145 705 1175 petam,
724 1144 753 1166 ut
764 1138 982 1169 mihiconcedat,
1001 1142 1029 1163 ut

236 1179 307 1205 idem
324 1179 440 1205 tribuam
456 1179 595 1213 Pompeia,
616 1177 687 1212 quod
704 1177 755 1211 ipsi
772 1176 926 1203 tribuerim:
944 1175 970 1201 id
986 1183 1028 1201 m·

236 1218 289 1243 iam
300 1216 403 1251 pridem
420 1224 498 1251 agere
514 1215 648 1249 intelliges
664 1223 698 1240 ex
709 1214 804 1240 litteris
814 1213 889 1240 Balbi
901 1218 926 1240 et
936 1213 1026 1247 Oppii,

236 1262 350 1289 quarum
366 1253 490 1287 exempla
506 1253 555 1279 tibi
572 1252 644 1278 misi.
684 1252 744 1277 Misi
761 1252 841 1278 etiam
860 1250 981 1277 Caesaris
995 1248 1029 1275 ad

236 1299 294 1321 cos,
311 1299 374 1316 sana
388 1295 476 1316 mente
488 1290 614 1324 scriptas:
633 1297 687 1323 quo
702 1289 781 1315 modo
793 1289 819 1314 in
833 1292 901 1314 tanta
914 1287 1028 1314 insania.

236 1328 284 1354 Sin
297 1328 364 1353 milii
376 1328 472 1354 Caesar
483 1326 533 1353 hoc
545 1336 595 1353 non
608 1325 748 1357 concedat,
766 1325 845 1352 video
861 1325 909 1351 tibi
926 1324 1030 1359 placere

535 545 580 571 Sic
595 545 666 570 enim
684 543 776 571 video.
795 552 843 569 nec
858 542 965 568 duobus
982 541 1024 567 liis
1046 542 1054 572 ᾗ

1052 599 1054 603 ,
1077 584 1105 605 ut
1116 578 1195 605 sacis.
1213 584 1239 605 et
1249 578 1350 608 scribe.
1367 583 1498 613 quantum
1509 583 1593 613 potes.

237 1365 313 1392 illud.
323 1373 365 1391 me
376 1366 518 1399 πολίτευμα
529 1364 562 1391 de
574 1372 638 1399 pace
648 1364 799 1398 suscipere:
816 1363 843 1389 in
855 1370 909 1397 quo
920 1370 972 1388 non
983 1370 1031 1387 ex-

238 1403 348 1429 timesco
359 1401 521 1437 periculum.
556 1401 645 1433 Quum
658 1401 729 1427 enim
742 1405 778 1427 tot
789 1399 970 1434 impendeant,
983 1407 1032 1425 cur

237 1448 288 1466 non
311 1439 502 1466 honestissimo
522 1439 658 1473 depacisci
678 1437 779 1464 velim‘?
797 1437 848 1463 Sed
870 1445 976 1467 vereor,
998 1444 1030 1462 ne

238 1477 363 1512 Pompeio
373 1476 440 1512 quid
451 1476 540 1503 oneris
552 1477 701 1511 imponam3

310 1514 344 1549 μή
355 1525 399 1549 μοι
411 1515 536 1549 Γοργείην
547 1513 662 1548 κεφαλὴν
674 1513 770 1539 δεινοῖο
779 1510 900 1547 πελώρου

238 1553 397 1587 intorqueat.
438 1550 590 1577 Mirandum
606 1550 679 1576 enim
694 1550 722 1576 in
739 1548 849 1575 modum
864 1548 969 1575 Gnaeus
984 1556 1032 1574 no-

237 1594 291 1615 ster
305 1588 408 1615 Sullani
424 1589 499 1622 regni
515 1587 723 1614 similitudinem
739 1587 905 1621 concupivit.
950 1584 1033 1615 Εἰδώς

238 1637 279 1653 σοι
296 1627 369 1662 λέγω.
409 1626 483 1652 Nihil
506 1625 550 1651 ille
573 1633 702 1659 umquam
723 1625 816 1650 minus
829 1623 944 1650 obscure
959 1622 1030 1649 tulit.

237 1664 318 1689 ”Cum
331 1663 415 1690 hocne
426 1663 518 1698 igitur,
532 1663 649 1697 inquies,
662 1669 720 1687 esse
732 1660 805 1687 vis‘?«
814 1660 978 1687 Beneficium
990 1668 1033 1686 se·-

237 1709 313 1735 quor,
328 1700 494 1730 mihicrede,
508 1708 560 1726 non
571 1707 704 1729 caussam,
718 1703 747 1725 ut
757 1699 784 1724 in
791 1698 898 1728 Milone,
912 1702 941 1724 ut
951 1698 1031 1724 in—.

236 1737 288 1764 Sed
300 1738 439 1764 hactenus.
481 1738 504 1763 ιί.
526 1737 641 1763 »Caussa
652 1737 737 1771 igitur
747 1744 799 1762 non
810 1735 879 1761 bona
891 1734 961 1761 est‘?«
979 1735 1033 1760 Im-

238 1783 281 1801 mo
295 1775 409 1810 optimag
428 1774 475 1800 sed
489 1779 596 1810 agetur,
614 1777 762 1803 memento,
778 1772 944 1799 foedissime.
974 1772 1034 1797 Pri—

238 1821 322 1841 mum,
335 1811 479 1838 consilium
491 1816 539 1841 est,
548 1811 677 1837 suffocare
687 1810 785 1836 Urbem
797 1814 822 1836 et
833 1809 935 1835 Italiam
947 1808 1030 1839 same3

237 1849 344 1880 deinde,
358 1857 436 1885 agros
447 1853 654 1878 vastare,11rere,
668 1847 792 1882 pecuniis
805 1846 968 1881 locupletum
980 1854 1032 1872 non

237 1886 382 1913 abstinere.
421 1885 487 1916 Sed,
506 1894 591 1921 quum
607 1885 702 1911 eadem
712 1889 831 1910 metuam
842 1884 875 1910 ab
886 1883 936 1909 hac
947 1887 1030 1917 parte,

237 1924 261 1950 si
273 1923 347 1949 illinc
359 1923 520 1949 beneficium
533 1931 584 1949 non
597 1923 640 1948 sit.
649 1922 748 1948 rectius
758 1926 850 1956 putem
861 1920 972 1956 quidvis
983 1920 1034 1946 do-

238 1961 274 1987 mi
291 1961 404 1995 perpeti.
446 1959 498 1986 Sed
515 1960 550 1986 ita
566 1959 698 1985 meruisse
714 1958 793 1985 illum
809 1958 842 1984 de
853 1965 895 1984 nie
907 1963 985 1992 puto,
1005 1962 1034 1983 ut

238 1998 390 2034 ἀχαριστίας
404 1997 505 2023 crimen
521 1997 614 2023 subire
630 2004 681 2022 non
700 1995 823 2022 audeam.
863 1994 1033 2030 Quamquam

238 2044 252 2060 a
269 2039 292 2061 te
308 2035 367 2060 eius
382 2042 490 2069 quoque
506 2035 543 2060 rei
561 2035 630 2060 iusta
642 2033 763 2059 defensio
775 2037 814 2059 est
824 2032 966 2067 explicata.
1006 2033 1031 2058 5.

238 2073 273 2098 Dc
285 2072 423 2106 triumpho
435 2072 484 2098 tibi
496 2072 639 2102 assentior,
656 2079 736 2105 quem
749 2069 860 2105 quidem
872 2074 955 2096 totum
968 2068 1034 2095 faci-

239 2109 262 2135 le
274 2114 299 2135 ct
311 2108 425 2135 libenter
435 2108 566 2135 abicccro.
606 2108 720 2143 Egregie
732 2107 815 2142 probo
828 2107 895 2137 sore,
909 2112 951 2137 ut,
967 2106 1033 2132 dum

238 2155 377 2182 vagamur,
391 2147 406 2172 ὁ
416 2147 498 2176 πλοῦς
508 2147 604 2180 ὡραῖος
613 2145 737 2179 obrepat:
750 2145 772 2171 si
784 2144 872 2175 modo,
880 2144 982 2179 inquis,
990 2152 1034 2170 sa-

238 2184 273 2210 tis
283 2183 329 2209 ille
340 2183 390 2209 erit
401 2182 505 2209 firmus.
546 2183 592 2209 Est
605 2182 705 2208 tirmior
715 2183 794 2208 etiam
803 2202 809 2212 ,
827 2189 909 2216 quam
920 2181 1034 2216 putaba-

237 2229 309 2247 mus.
341 2220 377 2246 De
389 2220 439 2246 isto
451 2220 513 2246 licet
524 2220 592 2246 bene
604 2228 706 2254 speres.
740 2219 868 2245 Promitto
879 2218 938 2249 tibi,
951 2219 974 2245 si
986 2226 1034 2244 va-

239 2258 312 2288 lebit,
321 2257 440 2292 tegulam
451 2257 529 2283 illum
538 2256 644 2284 inltalia
657 2256 759 2283 nullam
765 2256 934 2282 relicturum.
949 2255 1034 2282 »Tene

238 2296 322 2331 igitur
335 2294 438 2321 socio‘?«
458 2295 553 2321 Contra
569 2293 723 2320 mehercule
739 2302 829 2320 meum
844 2293 992 2323 iudicium,
1009 2297 1035 2319 et

238 2337 328 2358 contra
339 2333 462 2358 omnium
477 2333 650 2367 antiquorum
665 2331 863 2357 auctoritatem:
881 2335 994 2357 nectam
1005 2334 1035 2356 ut

239 2369 284 2395 illa
299 2369 425 2395 adiuvem
434 2390 440 2399 ,
458 2377 539 2404 quam
551 2374 581 2396 ut
591 2369 656 2395 haec
668 2377 700 2395 ne
712 2368 833 2398 videam.
849 2368 930 2402 cupio
946 2367 1036 2393 disce—

238 2406 311 2432 dere.
352 2406 412 2432 Noli
428 2407 500 2432 enim
515 2411 609 2441 putare
624 2405 777 2432 tolerabiles
798 2405 895 2432 horum
915 2405 1035 2431 insanias

239 2451 288 2469 nec
302 2443 384 2470 unius
399 2443 473 2470 modi
485 2443 550 2470 iore.
589 2443 647 2470 Etsi
658 2442 727 2478 quid
737 2447 762 2469 te
773 2442 870 2469 horum
882 2441 970 2477 fugit‘?
985 2442 1036 2467 Le-

239 2480 334 2513 gibus,
346 2480 498 2511 iudicibus,
512 2480 637 2510 iudiciis,
650 2484 744 2506 senatu
755 2479 875 2509 sublato,
894 2478 1033 2508 libidines,

239 2516 379 2548 audacias,
392 2523 532 2552 sumptus,
549 2522 681 2553 egestates
692 2521 729 2543 tot
738 2517 975 2552 egentissimorum
987 2515 1036 2542 ho-

240 2553 355 2584 minum,
373 2562 421 2580 nec
432 2556 550 2588 privatas
562 2562 640 2589 posse
649 2562 692 2580 res
707 2561 755 2580 nec
765 2553 962 2588 rempublicam
973 2560 1036 2579 sus-

241 2590 336 2616 tinere.
380 2591 516 2617 Abeamus
536 2592 619 2627 igitur
634 2591 697 2617 inde
712 2589 834 2625 qualibet
848 2590 1033 2626 navigatione:

241 2627 291 2652 etsi
303 2626 330 2652 id
341 2626 466 2661 quidem,
482 2633 512 2654 ut
522 2629 571 2654 tibi
581 2628 733 2655 videbitur:
751 2627 799 2653 sed
813 2632 884 2654 certe
895 2627 1034 2653 abeamus.

241 2662 365 2689 Sciemus
385 2664 471 2694 enim,
495 2664 522 2690 id
541 2665 612 2699 quod
633 2669 787 2700 exspectaS,
812 2664 878 2699 quid
897 2663 1036 2690 Brundisii

1075 430 1158 456 desit:
1176 430 1234 463 (nec
1249 430 1321 456 enim
1333 429 1384 455 alia
1396 429 1429 455 dc
1440 438 1467 455 rc
1478 438 1549 456 nunc
1562 430 1617 456 ulta
1630 430 1712 456 scribi
1724 435 1822 465 fateat:
1840 434 1868 456 et

1075 467 1108 493 de
1124 467 1173 492 hac
1187 466 1254 501 quid
1273 467 1325 492 iarn
1341 466 1459 501 amplius
1475 468 1590 493 inveniri
1605 466 1717 502 potest‘b
1736 467 1784 493 sed
1798 475 1867 501 quo-

1076 505 1147 530 niam
1159 509 1183 529 ct
1196 505 1334 539 ingenium
1346 504 1588 538 suppeditat,(dico
1595 503 1756 534 mehercule,
1765 509 1794 530 ut
1805 512 1866 530 sen·

1076 542 1133 573 tio,)
1144 546 1169 567 et
1179 550 1261 569 amor.
1270 549 1324 576 quo
1335 546 1360 568 et
1371 550 1460 567 meum
1472 542 1612 576 ingenium
1624 541 1762 567 incitatur:
1775 549 1865 576 pergin

1634 578 1661 604 ln
1673 578 1785 613 Epirum
1794 577 1868 613 quod

1077 625 1118 642 mc
1130 625 1180 642 non
1196 616 1308 645 invitus,
1326 616 1450 642 comitem
1462 624 1513 643 non
1525 615 1666 642 molestum
1675 635 1682 644 ,
1699 615 1865 641 subirascor:

1076 653 1123 679 sed
1136 653 1204 679 vale.
1246 653 1322 682 Nam,
1336 658 1365 679 ut
1375 653 1423 679 tibi
1435 652 1640 682 ambulandum,
1654 652 1869 686 ungendum-ic

1053 686 1055 696 ⁴
1077 690 1350 717 mihidormiendum.
1367 690 1581 717 Etenimlitterae
1592 695 1653 717 tuae
1664 689 1731 716 milii
1743 697 1867 716 somnum

1076 728 1230 755 attulerunt.

1130 797 1170 823 Α.)
1192 799 1300 821 (Muteno,
1310 798 1390 817 Lentulo
1400 805 1446 816 tou.
1458 799 1513 820 7113.)

1098 842 1246 878 BALBUS
1267 842 1314 868 ΕΤ
1333 841 1473 868 Oppius
1494 841 1521 868 S.
1544 841 1574 867 D.
1596 840 1630 866 M.
1652 838 1850 867 ClCBRONl.

1135 881 1157 905 ⁴.
1180 874 1291 905 ,Nodum
1312 879 1451 905 hominum
1473 877 1633 908 humilium,
1656 882 1685 904 ut
1699 886 1747 904 nos
1763 885 1868 904 sumus.

1078 917 1214 943 sedetiam
1225 915 1456 951 amplissimorum
1469 916 1587 942 virorum
1598 915 1709 941 consilia
1721 919 1869 945 excitum,

1078 963 1130 980 non
1141 962 1174 980 ex
1186 953 1330 983 voluntate,
1343 962 1356 979 a
1369 952 1505 988 plerisque
1518 952 1623 987 probari
1635 951 1730 978 solent.
1770 951 1869 977 Tamen

1080 990 1138 1017 freti
1155 995 1198 1017 tua
1210 990 1388 1020 humanitate,
1406 990 1479 1025 quod
1491 990 1663 1016 verissimum
1675 989 1753 1015 nobis
1764 988 1870 1015 videbi-

1056 1042 1058 1066 3
1080 1033 1130 1057 tur,
1144 1028 1176 1054 de
1188 1036 1227 1054 eo.
1240 1028 1311 1062 quod
1323 1027 1356 1053 ad
1369 1036 1416 1054 nos
1427 1026 1627 1061 scripsisti,tibi
1638 1026 1782 1052 consilium
1792 1025 1871 1051 dabi-

905 1104 920 1127 3
951 1100 1027 1133 Quml
1057 1073 1059 1108 J
1080 1074 1154 1091 mus:
1172 1065 1244 1099 quod
1260 1066 1283 1091 si
1295 1074 1347 1091 non
1359 1064 1439 1091 suerit
1453 1064 1585 1098 prudens,
1602 1069 1628 1089 at
1640 1068 1711 1089 certe
1726 1063 1760 1089 ab
1771 1063 1870 1097 optima

1081 1102 1131 1128 lide
1147 1107 1173 1128 et
1187 1103 1288 1136 optimo
1298 1103 1388 1128 animo
1399 1102 1593 1136 proficiscetur.
1634 1101 1701 1129 Nos.
1719 1101 1786 1129 nisi,
1798 1098 1870 1134 quod

1080 1144 1169 1166 nostro
1180 1139 1282 1165 iudicio
1291 1139 1431 1165 Caesarem
1446 1138 1531 1165 facere
1541 1142 1662 1172 oportere
1672 1137 1871 1165 existimamus,

1080 1181 1117 1208 ut,
1130 1175 1212 1203 simul
1224 1177 1334 1202 Romam
1346 1177 1457 1206 venerit,
1473 1180 1533 1211 agat
1542 1174 1576 1201 de
1587 1174 1801 1201 reconciliatione
1811 1182 1873 1209 gra·

1081 1215 1131 1240 tiae
1143 1222 1207 1240 suae
1218 1218 1244 1240 et
1253 1213 1383 1248 Pompeii,
1396 1213 1424 1240 id
1435 1221 1498 1240 eutn
1511 1212 1652 1241 facturum.
1661 1220 1695 1238 ex
1705 1212 1764 1247 ipso
1773 1219 1872 1247 cogno-

1081 1252 1229 1282 vissemus3
1248 1255 1272 1277 te
1284 1251 1382 1277 hortari
1397 1250 1596 1279 desineremus,
1613 1254 1643 1275 ut
1652 1248 1736 1275 velles
1746 1249 1780 1275 iis
1791 1248 1872 1274 rebus

1080 1289 1222 1318 interesse,
1236 1296 1290 1323 quo
1301 1288 1408 1314 facilius
1419 1292 1445 1314 et
1455 1288 1554 1314 maiore
1564 1294 1628 1313 cum
1637 1286 1768 1321 dignitate
1778 1293 1826 1320 per
1836 1290 1870 1314 te.

1081 1326 1128 1361 qui
1140 1325 1246 1360 utrique
1257 1333 1286 1352 es
1296 1326 1465 1356 coniunctus,
1478 1333 1520 1351 res
1530 1329 1582 1351 tota
1592 1323 1730 1350 confieret:
1743 1328 1797 1353 aut.
1805 1323 1829 1348 si
1839 1330 1874 1349 ex

1081 1363 1212 1389 contrario
1227 1367 1398 1397 putaremus,
1418 1362 1558 1389 Caesarem
1574 1360 1602 1387 id
1616 1369 1668 1387 non
1684 1359 1831 1389 facturum,
1847 1363 1874 1385 et

1058 1422 1060 1426 .
1081 1399 1627 1435 eumvellecumPompeiobellumgerere
1637 1398 1781 1424 sciremus:
1794 1404 1874 1423 num·

1082 1446 1163 1472 quam
1176 1437 1225 1464 tibi
1236 1437 1420 1467 suaderemus,
1433 1441 1523 1463 contra
1533 1436 1680 1464 hominem.
1692 1435 1793 1470 optime
1803 1433 1837 1460 de
1849 1438 1874 1459 te

1083 1475 1218 1504 meritum,
1235 1483 1307 1501 arma
1318 1474 1414 1506 ferres;
1432 1474 1513 1500 sicuti
1523 1478 1548 1500 te
1559 1481 1665 1507 semper
1675 1473 1825 1501 oravimus.
1840 1478 1875 1496 ne

1082 1517 1172 1539 contra
1183 1512 1322 1539 Caesarem
1334 1519 1480 1548 pugnares.
1513 1512 1539 1538 2.
1555 1510 1607 1536 Sed
1618 1518 1704 1545 quum
1715 1510 1872 1539 etiamnum.

1082 1549 1149 1585 quid
1162 1549 1280 1576 facturus
1291 1549 1388 1576 Caesar
1402 1549 1450 1579 sit,
1471 1548 1558 1583 magis
1573 1547 1692 1582 opinari,
1708 1554 1790 1582 quam
1805 1545 1875 1571 scire

1082 1588 1232 1622 possimus}
1255 1595 1308 1614 non
1323 1594 1483 1621 possumus,
1500 1585 1552 1612 nisi
1567 1584 1630 1611 hoc:
1648 1592 1699 1611 non
1715 1583 1802 1610 videri
1815 1590 1874 1608 eam

1083 1630 1156 1651 tuam
1173 1632 1232 1651 esse
1247 1624 1420 1660 dignitatem,
1441 1631 1529 1658 neque
1545 1621 1626 1648 fidem
1639 1621 1767 1648 omnibus
1781 1619 1875 1655 cogni-

1083 1667 1150 1692 tam,
1167 1665 1295 1688 utcontra
1307 1660 1464 1687 alterutrum
1472 1681 1478 1691 ,
1495 1667 1581 1695 quum
1592 1659 1699 1694 utrique
1709 1658 1747 1684 sis
1757 1658 1875 1684 maxime

1083 1699 1262 1729 necessarius,
1275 1706 1347 1725 arma
1359 1697 1442 1724 feras:
1454 1702 1481 1724 et
1491 1697 1550 1727 hoc.
1563 1704 1616 1722 non
1627 1695 1794 1723 dubitamus.
1807 1694 1875 1729 quin

1083 1736 1179 1763 Caesar
1197 1744 1246 1772 pro
1265 1743 1313 1762 sua
1333 1735 1498 1761 humanitate
1518 1734 1636 1760 maxime
1650 1734 1686 1759 sit
1703 1732 1873 1767 probaturus.

1084 1774 1137 1800 Nos
1153 1778 1241 1800 tamen
1255 1773 1288 1807 (si
1301 1772 1350 1799 tibi
1362 1771 1508 1805 videbitur)
1518 1770 1551 1797 ad
1562 1770 1702 1797 Caesarem
1712 1769 1874 1797 scribemus,

1083 1817 1113 1838 ut
1126 1819 1174 1838 nos
1184 1811 1310 1837 certiores
1322 1809 1413 1839 faciat,
1430 1808 1498 1844 quid
1513 1807 1563 1834 hac
1577 1815 1605 1834 re
1615 1812 1724 1834 acturus
1734 1807 1782 1833 sit:
1798 1815 1812 1832 a
1822 1813 1876 1840 quo

1083 1849 1107 1875 si
1118 1849 1168 1875 erit
1180 1848 1258 1875 nobis
1269 1847 1439 1881 rescriptum,
1455 1846 1554 1875 statim,
1562 1853 1631 1880 quae
1641 1845 1798 1873 sentiemus,
1807 1843 1841 1870 ad
1851 1847 1877 1869 te

1083 1886 1248 1912 scribemus:
1270 1889 1297 1911 et
1312 1884 1362 1910 tibi
1377 1883 1458 1910 fidem
1474 1882 1618 1913 faciemus,
1639 1890 1687 1908 nos
1707 1889 1737 1907 ea
1751 1879 1874 1910 suadere,

1083 1931 1153 1959 quae
1168 1922 1247 1949 nobis
1262 1921 1389 1948 videntur
1403 1926 1464 1948 tuae
1479 1920 1619 1955 dignitati,
1634 1927 1687 1946 non
1698 1918 1820 1945 Caesaris
1834 1925 1878 1944 ra-

1084 1962 1159 1991 tioni,
1172 1968 1232 1987 esse
1242 1959 1403 1986 utilissima:
1416 1963 1443 1985 et
1452 1957 1503 1984 hoc
1508 1958 1657 1987 Caesarem,
1669 1963 1718 1991 pro
1726 1963 1775 1982 sua
1786 1953 1878 1981 indul-

1084 1999 1173 2035 gentia
1184 1999 1211 2024 in
1223 2005 1296 2027 suos,
1309 1995 1485 2031 probaturum
1495 1999 1632 2029 putamus.

1138 2068 1175 2093 Β.)
1202 2068 1313 2092 (Marcello,
1324 2067 1406 2085 tantulo
1415 2073 1462 2084 eon.
1473 2066 1530 2088 705.)

1215 2101 1364 2130 BALBUS
1396 2100 1584 2128 CICERONI
1611 2099 1690 2126 lMP.
1719 2097 1749 2124 S.

1143 2144 1166 2168 t.
1183 2136 1216 2167 S.
1233 2141 1265 2166 V.
1281 2140 1310 2166 B.
1326 2140 1358 2166 E.
1398 2139 1574 2173 Posteaquam
1599 2136 1700 2163 litteras
1721 2141 1877 2161 communes

1084 2187 1147 2206 cum
1158 2178 1246 2213 Oppio
1260 2177 1294 2204 ad
1309 2182 1334 2204 te
1349 2176 1427 2206 dedi,
1444 2176 1478 2203 ab
1493 2175 1605 2202 Caesare
1619 2171 1760 2208 epistolam
1774 2171 1874 2205 accepi,

1084 2218 1164 2244 cuius
1173 2215 1328 2250 exemplum
1340 2213 1390 2241 tibi
1401 2213 1478 2244 misi;
1491 2221 1526 2239 ex
1534 2211 1636 2247 quibus
1646 2209 1797 2245 perspicere
1803 2213 1879 2242 pote-

1085 2255 1132 2285 ris.
1146 2261 1228 2288 quam
1239 2252 1331 2287 cupiat
1341 2250 1512 2278 concordiam
1522 2254 1548 2276 et
1554 2248 1711 2283 Pompeium
1721 2244 1878 2272 reconcilia—

1085 2300 1122 2322 re,
1130 2295 1242 2325 etquam
1249 2294 1368 2315 remotus
1373 2288 1409 2314 sit
1418 2288 1453 2314 ab
1462 2287 1536 2314 omni
1546 2284 1715 2312 crudelitate:
1731 2281 1804 2317 quod
1814 2290 1878 2308 eum

1085 2328 1197 2357 sentire,
1215 2332 1245 2354 ut
1254 2326 1354 2357 debeo,
1370 2324 1449 2352 valde
1460 2323 1574 2360 gaudeo.
1612 2323 1650 2348 De
1660 2326 1685 2347 te
1695 2324 1724 2362 et
1733 2324 1778 2346 tua
1789 2318 1842 2345 fide
1852 2323 1879 2345 et

1085 2366 1184 2401 pietate
1195 2364 1267 2391 idem
1279 2361 1445 2393 mehercule,
1462 2362 1501 2388 mi
1511 2360 1616 2390 Cicero,
1633 2362 1732 2387 sentio,
1748 2355 1822 2391 quod
1833 2360 1874 2387 ως

1087 2412 1139 2429 non
1149 2410 1228 2437 posse
1239 2406 1313 2427 tuam
1325 2400 1424 2426 famam
1433 2403 1460 2426 et
1469 2397 1589 2425 officium
1601 2395 1744 2424 sustinere,
1752 2398 1878 2435 utcontra

1085 2448 1148 2466 eum
1159 2447 1232 2466 arma
1243 2438 1322 2468 feras,
1330 2445 1345 2463 a
1355 2445 1410 2472 quo
1419 2440 1523 2463 tantum
1533 2432 1695 2460 beneficium
1706 2436 1731 2458 te
1741 2438 1878 2465 accepisse

1086 2476 1235 2512 praedices.
1275 2477 1300 2501 2.
1321 2475 1462 2501 Caesarem
1477 2471 1527 2498 hoc
1537 2470 1609 2497 idem
1623 2468 1798 2504 probaturum
1806 2487 1812 2497 .
1829 2475 1879 2494 ex—

1086 2514 1219 2549 ploratum
1230 2520 1278 2547 pro
1289 2510 1422 2547 singilari
1431 2510 1491 2536 eius
1500 2507 1665 2534 humanitate
1681 2505 1780 2537 habeo,
1797 2505 1879 2539 eique

1086 2550 1302 2577 cumulatissime
1312 2547 1512 2575 satisfacturum
1522 2549 1547 2571 te
1557 2549 1629 2570 certo
1639 2543 1696 2569 scio
1703 2562 1709 2573 ,
1720 2550 1806 2577 quum
1816 2540 1879 2583 nul-

1088 2588 1140 2614 lam
1151 2592 1254 2622 partem
1265 2585 1330 2613 belli
1341 2589 1431 2611 contra
1444 2590 1507 2609 eum
1522 2581 1656 2616 suscipias
1664 2601 1670 2610 ,
1686 2587 1775 2614 neque
1787 2585 1878 2605 socius

1086 2626 1147 2651 eius
1160 2623 1324 2651 adversariis
1336 2621 1430 2648 fueris.
1468 2620 1556 2653 Atque
1570 2618 1621 2644 hoc
1635 2625 1688 2644 non
1702 2615 1792 2643 solum
1802 2616 1831 2642 in
1841 2619 1875 2643 te.

1087 2661 1134 2688 tali
1144 2667 1171 2688 et
1181 2666 1253 2688 tanto
1267 2661 1338 2689 viro,
1355 2658 1421 2685 satis
1435 2655 1560 2685 habebit,
1577 2654 1625 2682 sed
1640 2655 1720 2681 etiam
1736 2652 1805 2679 mihi
1819 2652 1878 2686 ipse
