1941 3052
308 96 639 124 EPISTOLARUM
667 95 722 122 AD
751 94 980 122 DIVERSOS
1019 94 1101 120 LIB.
1124 94 1175 120 111.
1206 94 1266 120 ΕΡ.
1289 94 1404 119 3—7.

41 178 84 197 me
95 168 128 196 ad
138 169 256 196 Iconium
268 167 332 194 fore.
355 168 407 195 Sed
418 168 440 194 si
452 167 518 203 quid
529 175 600 194 nunc
610 175 653 193 me
664 166 836 193 sallitinscri-

42 207 136 238 hendo,
154 205 257 242 (procul
275 206 347 232 enim
362 205 468 232 aberam
484 205 518 231 ab
532 213 560 231 re
570 205 628 239 ipsa
641 208 666 231 et
676 213 690 230 a
701 203 786 239 locis,)
798 205 835 230 si-

43 244 99 272 mul
122 252 152 270 ac
171 243 295 279 progredi
311 251 429 278 coepero,
447 251 528 278 quam
543 242 680 268 celerrime
695 246 792 276 potero,
810 245 836 268 et

43 290 124 317 quam
136 281 305 307 creberrimis
317 280 411 307 litteris
424 279 527 311 faciam,
536 284 565 306 ut
576 279 625 306 tibi
637 283 696 306 nota
703 279 738 305 sit
747 280 834 306 omnis

42 319 107 346 ratio
124 318 229 345 dierum
241 321 320 352 atque
330 318 456 344 itinerum
469 325 599 343 meorum.
620 316 714 343 Oneris
726 317 774 343 tibi
785 317 836 342 im-

41 364 140 392 ponere
162 363 210 382 nec
226 355 311 382 audeo
331 355 480 390 quidquam
501 363 549 381 nec
564 354 656 380 debeo.
684 353 746 385 Sed,
763 354 835 388 quod

42 399 88 421 tuo
106 392 246 420 commodo
266 392 322 419 fieri
338 393 431 427 possit,
452 392 593 427 utriusque
609 396 730 418 nostrum
746 392 835 427 magni

41 432 159 462 interest,
172 434 202 457 ut
218 434 243 456 te
253 430 358 456 videam
374 434 442 461 ante,
459 438 541 464 quam
552 429 675 455 decedas.
696 428 782 461 Quam
797 428 836 454 fa-

41 468 166 495 cultatem
188 467 212 494 si
233 467 296 502 quis
316 476 395 493 casus
415 467 552 502 eripuerit,
573 475 631 492 mea
652 471 739 492 tamen
763 466 791 492 in
810 470 834 491 te

42 506 130 533 omnia
147 504 231 532 officia
247 505 415 535 constabunt,
433 513 485 531 non
497 512 574 530 secus
585 512 614 530 ac
625 504 648 529 si
659 508 683 530 te
696 503 834 529 vidissem.

41 543 102 570 Tibi
118 542 151 569 de
166 542 263 569 nostris
279 542 359 568 rebus
375 541 443 568 nihil
458 550 519 568 sum
535 545 594 567 ante
606 540 779 567 mandaturus
790 549 837 575 per

42 579 151 611 litteras,
165 588 246 615 quam
258 579 400 614 desperaro
410 587 498 606 coram
510 587 552 605 me
564 583 651 604 tecum
663 586 740 613 agere
746 585 834 612 posse.

42 619 67 644 5.
87 617 164 650 Quod
181 621 206 643 te
222 626 235 643 a
247 616 372 643 Scaevola
383 617 491 652 petiisse
501 615 578 647 dicis,
591 620 629 647 ut,
642 614 707 641 dum
719 619 747 641 tu
759 615 837 641 abes-

42 663 95 686 ses,
113 659 172 681 ante
183 654 328 681 adventum
339 662 429 680 meum
443 653 595 688 provinciae
606 656 752 687 praeesset,
775 660 836 678 eum

42 701 92 728 ego
108 692 208 727 Ephesi
225 691 289 723 vidi,
308 691 413 726 fuitque
424 699 529 717 mecum
541 689 706 716 familiariter
715 689 835 716 triduum

42 729 120 761 illud.
145 729 217 764 quod
237 737 286 764 ego
300 728 402 763 Ephesi
419 732 596 755 commoratus
612 735 688 759 sum,
702 735 749 753 nec
760 735 793 753 ex
808 735 838 752 eo

42 767 192 802 quidquam
213 766 313 797 audivi,
330 765 403 800 quod
419 765 471 791 sibi
486 773 501 791 a
516 769 541 791 te
556 764 711 791 mandatum
727 764 836 791 diceret.

42 805 80 831 Ac
95 812 158 830 sane
172 802 268 829 vellem
284 803 414 838 potuisset
424 803 538 838 obsequi
550 802 678 829 voluntati
690 806 763 829 tuae:
786 810 838 828 non

44 842 114 868 enim
125 841 237 867 arbitror
247 840 376 867 noluisse.
400 838 495 876 [Vale]

97 910 135 931 VI.
155 910 230 930 ARG.
249 909 330 930 lterum
348 912 411 935 rogat
426 909 530 937 Appium,
545 912 569 929 ut
579 908 649 929 locum
660 908 790 932 constituat.
800 908 838 928 uhi

44 943 182 965 conveniant.
213 945 242 966 (ln
255 945 319 962 itinere
327 951 359 968 per
369 944 517 967 Cappadociam,
528 944 585 964 Ruso,
596 944 688 962 Marcello
698 949 744 962 mss.
756 943 811 966 703.)

143 988 179 1014 Μ.
201 988 231 1014 T.
253 988 282 1015 C.
304 987 333 1014 S.
354 988 386 1014 D.
407 987 524 1014 APPIO
544 986 736 1014 PULCHRO.

101 1033 124 1058 l.
147 1026 244 1063 Quum
264 1039 355 1058 meum
376 1030 475 1057 factum
496 1039 558 1057 cum
575 1035 620 1058 tuo
633 1039 770 1066 comparo,
788 1031 837 1057 etsi

44 1078 96 1097 non
107 1070 192 1105 magis
203 1069 270 1095 mihi
282 1068 358 1095 faveo
368 1069 396 1095 in
410 1073 498 1095 nostra
510 1069 625 1095 amicitia
636 1068 743 1101 tuenda,
756 1077 838 1104 quam

44 1107 107 1134 tibi:
138 1111 226 1133 tamen
244 1105 330 1133 multo
349 1107 435 1141 magis
452 1114 511 1132 meo
526 1105 595 1133 facto
609 1106 738 1138 delector,
756 1114 837 1141 quam

44 1149 99 1172 tuo.
139 1144 197 1180 Ego
216 1144 287 1170 enim
302 1143 439 1170 Brundisii
454 1144 577 1179 quaesivi
593 1152 626 1170 ex
636 1144 745 1175 Phania,
759 1144 837 1170 cuius

44 1181 111 1209 mihi
123 1181 232 1208 videbar
243 1185 269 1208 et
279 1180 432 1207 fidelitatem
444 1189 505 1217 erga
517 1185 541 1208 te
552 1181 723 1216 perspexisse
729 1185 838 1207 etnosse

44 1218 142 1250 locum,
151 1227 230 1254 quem
242 1218 314 1253 apud
326 1222 350 1244 te
361 1219 385 1245 is
396 1222 509 1250 teneret,
531 1227 613 1253 quam
623 1219 651 1245 in
663 1223 765 1254 partem
776 1227 838 1253 pro-

45 1257 150 1283 vinciae
164 1256 281 1282 maxime
296 1259 402 1291 putaret
412 1260 437 1282 te
448 1255 516 1282 velle
527 1259 557 1282 ut
567 1256 595 1282 in
605 1256 772 1282 succedendo
783 1256 839 1290 pri-

44 1302 120 1321 mum
140 1294 270 1320 venirem.
309 1292 399 1326 Quum
419 1292 465 1319 ille
481 1293 547 1319 mihi
563 1293 753 1328 respondisset,
772 1292 838 1319 nihil

44 1340 88 1358 me
107 1330 156 1358 tibi
171 1331 273 1367 gratius
289 1329 373 1357 facere
384 1339 470 1365 posse,
488 1339 568 1365 quam
583 1331 606 1357 si
617 1331 649 1357 ad
662 1330 752 1357 Sidam
764 1331 839 1357 navi-

44 1377 165 1406 gassem:
187 1369 237 1394 etsi
252 1368 343 1395 minus
358 1368 496 1403 dignitatis
513 1368 627 1394 habebat
641 1368 687 1395 ille
698 1368 837 1399 adventus,

44 1410 71 1433 et
84 1406 117 1432 ad
133 1404 230 1432 multas
247 1414 289 1432 res
305 1405 371 1431 mihi
383 1406 473 1431 minus
485 1409 540 1432 erat
550 1410 637 1440 aptus,
650 1410 739 1432 tamen
750 1406 785 1431 ita
797 1413 839 1431 me

45 1443 101 1470 dixi
117 1442 259 1469 facturum.
281 1444 306 1470 2.
322 1442 394 1469 Idem
409 1451 458 1479 ego
468 1451 553 1478 quum
566 1443 595 1469 L.
609 1443 731 1470 Clodium
743 1442 840 1478 Corcy-

45 1489 89 1508 rae
108 1481 308 1511 convenissem,
331 1480 467 1507 hominem
489 1480 525 1506 ita
541 1480 590 1507 tibi
605 1481 792 1511 coniunctum,
811 1484 841 1506 ut

45 1518 121 1549 mihi,
144 1526 206 1545 cum
222 1517 268 1544 illo
283 1526 369 1553 quum
386 1517 515 1553 loquerer,
534 1521 621 1544 tecum
634 1517 708 1553 loqui
719 1517 837 1544 viderer:

45 1555 100 1582 dixi
112 1555 145 1586 ei,
163 1564 206 1581 me
217 1556 251 1581 ita
264 1554 395 1581 facturum
406 1563 474 1586 esse,
486 1559 516 1581 ut
527 1555 554 1581 in
565 1563 623 1581 eam
635 1559 745 1590 partem,
758 1563 839 1590 quam

45 1592 145 1620 Phania
165 1596 296 1629 rogasset,
314 1593 431 1627 primum
450 1593 579 1619 venirem.
619 1593 694 1619 Tunc
705 1592 759 1624 ille,
773 1592 839 1618 mihi

45 1638 129 1666 quum
148 1631 246 1666 gratias
261 1630 372 1665 egisset,
390 1638 486 1666 magno
501 1638 580 1665 opere
598 1638 612 1656 a
628 1638 671 1657 me
686 1630 793 1665 petivit,
810 1633 841 1656 ut

47 1667 200 1695 Laodiceam
216 1668 338 1703 protinus
349 1667 429 1694 irem:
452 1671 476 1694 te
488 1667 515 1694 in
527 1668 612 1703 prima
624 1668 760 1703 provincia
771 1667 840 1694 velle

46 1713 113 1736 esse.
126 1709 247 1740 utquam
258 1705 376 1740 primum
387 1704 543 1732 decederes:
565 1705 641 1740 quin,
655 1705 708 1731 nisi
719 1713 768 1741 ego
778 1713 841 1731 suc-

46 1750 134 1769 cessor
144 1750 239 1774 essem,
257 1751 338 1778 quem
349 1746 378 1769 tu
388 1750 500 1777 cuperes
512 1742 611 1774 videre,
625 1746 650 1769 te
660 1747 745 1774 antea,
757 1751 839 1778 quam

47 1779 95 1807 tibi
114 1787 269 1806 successum
284 1783 364 1811 esset,
381 1779 556 1806 decessurum
575 1779 673 1807 fuisse:
695 1780 768 1815 quod
778 1780 841 1815 qui-

46 1816 106 1844 dem
117 1821 173 1844 erat
182 1821 389 1844 consentaneum
396 1817 497 1844 cumiis
504 1817 607 1849 litteris,
615 1826 683 1853 quas
690 1818 840 1854 egoRomae

47 1862 199 1889 acceperam
208 1863 213 1887 ς
235 1854 375 1889 exquibus
382 1855 552 1889 perspexisse
558 1855 625 1881 mihi
632 1855 751 1886 videbar,
759 1863 840 1890 quam

46 1891 186 1919 festinares
202 1891 338 1918 decedere.
369 1891 504 1926 Respondi
519 1891 619 1924 Clodio,
633 1901 675 1919 me
686 1893 721 1919 ita
732 1901 791 1919 esse
802 1892 842 1918 fa-

46 1933 162 1960 cturum,
171 1937 201 1955 ac
213 1928 296 1955 multo
306 1928 416 1964 quidem
430 1928 656 1964 libentius,quam
668 1929 842 1956 siilludesset

47 1965 207 1997 faciendum,
220 1965 293 2001 quod
304 1966 477 2001 promiseram
487 1966 613 1993 Phaniae.
642 1967 733 2002 ltaque
744 1971 769 1993 et
779 1975 843 1993 con-

48 2003 139 2030 silium
160 2003 271 2034 mutavi,
289 2007 315 2029 et
329 2003 362 2029 ad
377 2007 400 2029 te
411 2004 500 2029 statim
513 2012 570 2030 mea
583 2012 663 2030 manu
675 2005 786 2039 scriptas
800 2004 843 2030 lit-

48 2045 116 2069 teras
131 2041 207 2067 misi:
230 2049 298 2076 quas
308 2040 419 2076 quidem
431 2049 463 2067 ex
475 2042 528 2067 tuis
541 2040 635 2068 litteris
647 2041 766 2068 intellexi
778 2042 842 2068 satis

48 2082 150 2106 mature
160 2078 192 2104 ad
204 2082 228 2104 te
239 2085 298 2104 esse
309 2077 433 2113 perlatas.
457 2079 481 2104 3.
494 2078 547 2105 Hoc
557 2087 606 2114 ego
618 2087 677 2105 meo
687 2078 754 2105 facto
766 2078 843 2105 valde

49 2115 171 2142 delector.
199 2114 270 2142 Nihil
283 2116 354 2141 enim
367 2115 452 2150 potuit
464 2115 518 2141 ficri
530 2117 672 2142 amantius.
700 2116 842 2143 Considera

49 2160 119 2180 nunc
131 2153 250 2179 vicissim
263 2156 349 2179 tuum.
376 2153 432 2179 Non
444 2153 522 2179 modo
533 2153 569 2179 ibi
583 2162 633 2180 non
646 2153 729 2184 fuisti,
743 2153 789 2180 ubi
801 2162 844 2180 me

49 2197 129 2226 quam
150 2191 267 2226 primum
284 2190 374 2216 videre
388 2198 490 2225 posses,
508 2190 555 2217 sed
571 2199 602 2217 eo
615 2190 773 2223 discessisti,
790 2199 844 2226 quo

50 2234 98 2264 ego
118 2231 143 2254 te
163 2236 195 2254 ne
216 2228 341 2262 persequi
361 2227 471 2262 quidem
492 2235 597 2262 possem
614 2228 720 2263 triginta
735 2228 841 2259 diebus,

50 2265 96 2301 qui
111 2265 160 2292 tibi
176 2265 208 2291 ad
219 2264 403 2291 decedendum
415 2264 472 2300 lege
487 2265 527 2300 (ut
537 2265 639 2300 opinor)
650 2265 769 2292 Cornelia
780 2274 844 2292 con-

50 2302 136 2329 stituti
155 2306 258 2330 essent:
281 2306 312 2328 ut
332 2306 408 2329 tuum
430 2302 587 2332 factumiis,
608 2303 669 2337 qui.
686 2311 740 2338 quo
755 2303 844 2329 animo

51 2338 118 2366 inter
129 2347 176 2366 nos
188 2340 283 2370 simus,
292 2340 422 2375 ignorent,
435 2339 516 2366 alieni
528 2339 644 2366 hominis
656 2340 696 2375 (ut
707 2339 843 2366 lenissime

51 2374 147 2412 dicam)
159 2381 185 2404 et
196 2376 324 2413 fugientis
335 2385 508 2413 congressum
517 2397 523 2408 ,
546 2385 636 2403 meum
648 2385 718 2408 vero,
731 2378 844 2404 coniun-

51 2413 163 2440 ctissimi
173 2418 199 2440 et
213 2414 369 2441 amicissimi
381 2423 439 2440 esse
450 2414 580 2440 videatur.
603 2415 672 2441 ⁴.Ac
684 2414 843 2441 mihitamen

52 2454 120 2483 ante,
137 2459 217 2487 quam
233 2452 260 2478 in
272 2452 435 2487 provinciam
451 2452 578 2483 venirem,
592 2451 710 2478 redditae
720 2456 807 2478 sunta
819 2456 844 2478 te

53 2485 166 2515 litterae:
191 2489 293 2524 quibus
308 2489 357 2516 etsi
374 2493 398 2515 te
409 2489 520 2516 Tarsum
538 2489 844 2524 proticiscidcmonstra-

53 2523 109 2558 bas,
126 2529 213 2553 tamen
233 2526 299 2552 mihi
316 2534 367 2553 non
382 2526 493 2553 dubiam
509 2534 584 2561 spem
601 2527 652 2553 mei
667 2526 843 2553 conveniendi

54 2561 190 2590 afferebas:
212 2571 298 2599 quum
308 2564 417 2596 interea,
429 2564 508 2591 credo
518 2563 652 2599 equidem,
661 2563 784 2590 malevoli
797 2563 845 2590 ho—

55 2599 148 2633 mines,
165 2600 226 2636 (late
236 2602 307 2628 enim
319 2604 390 2637 patet
401 2601 450 2628 hoc
464 2601 582 2637 vitium.)
592 2601 639 2628 sed
650 2605 737 2628 tamen
749 2601 844 2637 proba-

55 2634 135 2664 bilem
160 2638 295 2666 materiam
319 2639 388 2666 nacti
412 2639 556 2671 sermonis,
579 2639 664 2675 ignari
684 2647 758 2666 meae
781 2647 844 2666 con-

1628 93 1676 118 679

886 166 1005 196 stantiae,
1027 165 1190 192 conabantur
1206 164 1320 190 alienare
1335 172 1348 189 a
1364 168 1388 189 te
1399 162 1563 189 voluntatem
1574 171 1676 189 meam:

885 203 931 237 qui
952 207 977 228 te
988 202 1074 229 forum
1091 203 1164 228 Tarsi
1180 211 1266 237 agere,
1283 206 1397 227 statuere
1412 200 1508 230 multa,
1526 200 1677 231 decernere,

886 240 1011 271 iudicare,
1033 240 1159 271 dicerent,
1183 248 1267 274 quum
1288 247 1380 273 posses
1395 239 1448 264 iam
1465 238 1610 272 suspicari,
1630 237 1679 263 tibi

886 286 944 303 esse
959 285 1129 303 successum:
1151 285 1219 312 quae
1231 285 1263 303 ne
1274 277 1307 302 ab
1319 277 1352 302 iis
1363 275 1472 311 quidem
1486 275 1540 301 fieri
1553 274 1677 306 solerent,

886 315 932 349 qui
945 315 1017 340 brevi
1033 319 1149 349 tempore
1160 314 1212 340 sibi
1224 313 1329 340 succedi
1339 317 1470 348 putarent.
1492 313 1624 339 5.Horum
1632 320 1681 347 ego

886 352 1209 378 sermonenonmovcbar:
1225 352 1291 386 quin
1299 349 1681 385 etiam,(credasmihivelim,)

886 390 908 415 si
929 389 994 424 quid
1012 394 1039 415 tu
1051 398 1150 424 agereS,
1168 388 1250 415 levari
1264 397 1305 414 me
1317 388 1443 423 putabam
1456 387 1590 420 molestia;
1613 391 1681 413 etex

887 435 974 452 annua
994 427 1144 461 provincia,
1166 434 1235 461 quae
1259 426 1325 451 mihi
1343 425 1418 460 longa
1438 425 1581 455 videretur,
1599 431 1682 459 prope

887 464 939 490 iam
961 464 1083 489 undecim
1099 464 1232 489 mensium
1249 463 1412 498 provinciam
1431 462 1524 488 factam
1540 470 1598 488 esse
1614 470 1682 497 gau-

887 501 992 532 debam,
1015 501 1037 526 si
1053 501 1155 526 absenti
1171 501 1236 526 mihi
1253 501 1334 526 unius
1350 501 1450 525 mensis
1463 499 1536 525 labor
1546 499 1681 525 detractus

887 542 965 564 esset.
1006 538 1076 564 Illud
1091 538 1162 573 (vere
1173 537 1271 572 dicam)
1283 546 1324 563 me
1335 541 1431 567 movet.
1444 537 1552 562 intanta
1563 536 1682 562 militum

888 576 1018 610 paucitate
1034 575 1127 601 abesse
1143 580 1195 601 tres
1207 575 1336 604 cohortes,
1350 583 1418 609 quae
1429 575 1483 600 sint
1494 574 1679 608 plenissimae:

888 621 936 639 ncc
964 621 1005 638 me
1026 613 1107 643 scire,
1125 612 1172 638 ubi
1193 613 1256 638 sint.
1297 612 1485 638 Molestissime
1506 616 1594 637 autem
1615 610 1680 641 fero,

888 650 969 685 quod,
987 654 1012 676 te
1028 650 1074 676 ubi
1086 651 1194 675 visurus
1206 650 1266 680 sim,
1281 649 1382 675 nescio:
1406 657 1490 683 eoque
1501 648 1533 674 ad
1545 653 1569 674 te
1580 648 1682 675 tardius

889 688 994 722 scripsi,
1014 687 1086 722 quod
1106 687 1225 721 quotidie
1236 687 1361 721 teipsum
1374 686 1574 720 exspectabam,
1596 693 1683 720 quum

889 725 987 751 interea
999 733 1031 750 ne
1043 724 1141 750 litteras
1152 724 1263 759 quidem
1275 724 1344 749 ullas
1358 723 1456 757 accepi,
1473 731 1541 757 quae
1552 731 1594 748 me
1605 722 1684 749 doce-

889 766 955 794 rent,
977 761 1044 797 quid
1060 770 1160 797 ageres,
1179 765 1224 787 aut
1239 761 1285 787 ubi
1298 766 1321 787 te
1332 761 1440 787 visurus
1455 769 1551 786 essem.
1592 761 1684 794 ltaque

890 800 979 826 virum
1000 799 1094 825 fortem
1119 798 1241 834 mihique
1261 799 1288 824 in
1309 798 1404 833 primis
1427 797 1582 832 probatum,
1600 797 1683 823 Anto-

891 838 979 867 nium,
1005 837 1169 871 praelectum
1190 841 1372 866 evocatorum,
1399 835 1459 861 misi
1482 835 1514 860 ad
1535 839 1568 865 te,
1594 835 1646 864 cui,
1661 835 1684 860 si

891 875 939 901 tibi
959 874 1108 905 videretur,
1130 874 1251 901 cohortes
1272 873 1402 899 traderes:
1426 877 1467 903 ut,
1491 872 1556 898 dum
1577 876 1684 906 tempus

890 913 952 938 anni
963 916 1033 938 esset
1042 911 1177 942 idoneum,
1191 911 1294 947 aliquid
1305 910 1404 946 negotii
1415 918 1505 946 gerere
1517 918 1633 944 possem.
1656 909 1683 934 In

889 958 952 984 quo,
961 954 1006 976 tuo
1019 949 1130 975 consilio
1142 953 1171 975 ut
1182 958 1224 975 me
1235 957 1368 984 sperarem
1380 956 1439 974 esse
1451 955 1573 978 usurum,
1583 951 1607 973 et
1618 947 1686 972 ami-

889 987 950 1013 citia
971 991 1059 1013 nostra
1080 991 1105 1013 et
1126 986 1225 1013 litterae
1241 991 1301 1013 tuae
1317 985 1444 1012 fecerant:
1476 984 1549 1019 quod
1565 993 1597 1010 ne
1614 992 1685 1010 nunc

889 1025 998 1059 quidem
1011 1024 1131 1060 despero.
1154 1024 1206 1050 Sed
1217 1023 1304 1058 plane,
1312 1023 1420 1058 quando
1431 1027 1476 1048 aut
1487 1022 1533 1048 ubi
1545 1027 1569 1048 te
1576 1022 1686 1047 visurus

890 1063 950 1093 sim,
973 1062 1025 1088 nisi
1041 1062 1074 1088 ad
1090 1070 1132 1088 me
1147 1062 1298 1096 scripseris,
1314 1070 1347 1087 nc
1358 1060 1489 1095 suspicari
1501 1059 1611 1094 quidem
1625 1068 1686 1093 pos-

889 1108 960 1126 sum.
976 1100 1073 1135 6.Ego,
1086 1104 1124 1131 ut,
1138 1108 1180 1126 me
1192 1099 1241 1126 tibi
1252 1099 1447 1125 amicissimum
1459 1105 1526 1127 esse,
1536 1102 1560 1123 et
1572 1097 1649 1131 aequi
1661 1100 1687 1122 et

890 1138 977 1172 iniqui
989 1137 1148 1172 intelligant,
1157 1137 1265 1163 curabo.
1287 1137 1323 1163 De
1335 1141 1380 1162 tuo
1391 1136 1417 1161 in
1431 1143 1473 1161 me
1485 1135 1573 1160 animo
1584 1134 1686 1168 iniquis

890 1183 968 1201 secus
983 1174 1155 1201 existimandi
1173 1174 1273 1200 videris
1292 1173 1413 1200 nonnihil
1435 1172 1483 1199 loci
1499 1171 1616 1197 dedisse.
1658 1169 1686 1197 Id

889 1213 912 1238 si
932 1213 1087 1244 correxeris,
1105 1212 1172 1238 milii
1188 1211 1266 1238 valde
1278 1215 1383 1247 gratum
1395 1211 1454 1236 erit.
1494 1209 1535 1239 Et,
1549 1214 1579 1235 ut
1591 1208 1687 1234 habere

890 1251 1018 1276 rationem
1029 1250 1126 1285 possis,
1140 1258 1194 1284 quo
1205 1249 1261 1275 loco
1272 1257 1314 1275 me
1331 1248 1404 1274 salva
1418 1247 1475 1282 lege
1491 1245 1611 1273 Cornelia
1624 1254 1688 1272 con-

891 1288 991 1318 venias,
1005 1295 1054 1322 cgo
1063 1287 1090 1313 in
1102 1287 1266 1322 provinciam
1278 1286 1339 1312 veni
1351 1285 1437 1320 pridie
1449 1283 1506 1310 Kal.
1521 1283 1609 1314 Sext,
1638 1283 1688 1309 iter

889 1325 917 1351 in
939 1324 1059 1351 Ciliciam
1081 1324 1148 1350 facio
1163 1332 1210 1359 per
1225 1323 1433 1358 Cappadociam3
1466 1326 1550 1347 castra
1567 1321 1638 1346 movi
1654 1320 1687 1346 ab

890 1362 978 1388 Iconio
998 1362 1084 1396 pridie
1100 1361 1233 1388 Kalendas
1248 1361 1322 1396 Sept.
1362 1361 1439 1386 Nunc
1455 1363 1482 1385 tu
1499 1363 1568 1384 etex
1579 1357 1685 1387 diebus,

890 1404 916 1426 et
935 1408 968 1426 ex
989 1399 1088 1425 ratione
1108 1399 1221 1430 itineris,
1241 1399 1264 1425 si
1279 1397 1387 1433 putabis
1404 1405 1445 1422 me
1457 1404 1515 1422 esse
1526 1395 1688 1422 convenien-

890 1437 965 1467 dum,
982 1437 1138 1467 constitues,
1155 1444 1209 1471 quo
1226 1435 1282 1463 loco
1292 1435 1319 1462 id
1330 1434 1548 1461 commodissime
1559 1432 1615 1459 fieri
1626 1440 1689 1467 pos-

891 1475 934 1506 sit,
947 1478 974 1501 et
983 1482 1038 1510 quo
1048 1473 1101 1501 die.
1125 1472 1220 1511 [Vale]

944 1544 994 1565 vn.
1014 1544 1032 1564 A
1040 1544 1090 1564 Re.
1111 1543 1225 1567 Querela-n
1238 1542 1306 1570 Appii
1317 1545 1338 1562 et
1348 1540 1507 1561 dubitationem
1518 1538 1610 1562 refellit,
1622 1545 1689 1564 neque

892 1579 1049 1601 amit-inimum
1061 1579 1108 1599 fore
1118 1579 1239 1599 confirmat.
1263 1580 1384 1601 (Laudice-e,
1395 1578 1468 1598 Paullo,
1479 1576 1569 1595 Marullo
1580 1582 1626 1592 coss.
1635 1577 1673 1592 τοι»
1684 1576 1689 1596 )

994 1625 1030 1651 Μ.
1052 1624 1082 1650 T.
1105 1624 1134 1651 C.
1156 1623 1183 1650 S.
1205 1624 1235 1650 D.
1257 1621 1374 1649 APPIO
1393 1618 1584 1647 PULcuuo.

948 1669 971 1694 l.
994 1662 1125 1693 Pluribus
1141 1665 1230 1692 verbis
1246 1664 1277 1691 ad
1294 1669 1318 1690 te
1335 1663 1458 1692 scribam,
1472 1669 1557 1696 quum
1570 1659 1631 1694 plus
1642 1660 1689 1686 otii

892 1708 984 1732 nactus
995 1713 1049 1731 ero.
1071 1704 1140 1729 Haec
1151 1702 1245 1737 scripsi
1257 1702 1355 1731 subito,
1364 1708 1448 1735 quum
1456 1699 1529 1725 Bruti
1541 1697 1615 1732 pueri
1626 1697 1690 1722 Lao-

892 1743 981 1769 diceae
996 1750 1038 1768 me
1052 1741 1241 1768 convenissent
1252 1743 1316 1766 etse
1327 1739 1436 1764 Romam
1449 1743 1589 1772 properare
1604 1734 1690 1760 dixis-

892 1784 961 1807 sent.
1001 1780 1093 1814 ltaque
1111 1777 1199 1804 nullas
1211 1777 1253 1808 iis,
1268 1780 1452 1812 praeterquam
1464 1773 1496 1800 ad
1509 1778 1532 1799 te
1544 1777 1568 1798 et
1579 1771 1611 1798 ad
1623 1772 1690 1797 Bru-

892 1822 959 1849 tum,
981 1816 1042 1844 dedi
1059 1816 1169 1842 litteras.
1201 1816 1226 1841 2.
1245 1814 1333 1850 Legati
1351 1812 1465 1847 Appiani
1482 1810 1547 1837 mihi
1564 1809 1690 1835 volumen

892 1864 906 1882 a
918 1860 942 1882 te
958 1854 1068 1890 plenum
1083 1852 1208 1889 querelae
1223 1851 1409 1887 iniquissimae
1421 1848 1604 1876 reddiderunt,
1617 1846 1690 1881 quod

893 1901 984 1919 eorum
991 1891 1200 1918 aedificationem
1208 1889 1302 1916 litteris
1310 1889 1376 1915 meis
1383 1886 1568 1922 impedis-sem.
1590 1883 1689 1910 Eadem

893 1935 981 1956 autem
1002 1928 1112 1964 epistola
1134 1927 1252 1963 petebas,
1271 1931 1300 1953 ut
1315 1935 1359 1952 eos
1379 1933 1461 1960 quam
1478 1924 1604 1958 primum,
1619 1922 1689 1948 nein

894 1968 1009 1994 hiemem
1025 1966 1184 1996 inciderent,
1203 1965 1236 1991 ad
1253 1963 1403 1991 facultatem
1419 1960 1577 1988 aedificandi
1595 1959 1689 1985 liberu-

894 2013 963 2037 rem;
995 2009 1020 2031 et
1040 2002 1121 2030 simul
1138 2007 1261 2038 peracute
1276 2001 1432 2037 querebare,
1449 1997 1521 2034 quod
1537 2006 1581 2040 eos
1592 1996 1690 2038 tributa

893 2043 1000 2078 exigere
1021 2045 1136 2067 vetarem
1153 2041 1238 2075 prius,
1255 2047 1337 2074 quam
1361 2046 1410 2074 ego
1426 2045 1452 2062 re
1470 2039 1574 2071 cognita
1592 2042 1690 2076 permi-

894 2081 1004 2106 sissem:
1040 2086 1126 2115 genus
1150 2078 1221 2104 enim
1247 2075 1382 2111 quoddam
1409 2074 1492 2100 fuisse
1515 2070 1688 2112 impediendi,

894 2125 978 2152 quum
994 2124 1043 2152 ego
1058 2123 1216 2150 cognoscere
1233 2122 1283 2140 non
1296 2121 1412 2148 possem,
1426 2111 1478 2137 nisi
1489 2118 1573 2145 quum
1586 2108 1618 2134 ad
1634 2109 1691 2133 luc-

895 2162 965 2180 mcm
986 2162 1027 2179 me
1043 2161 1076 2179 ex
1087 2151 1178 2179 Cilicia
1194 2151 1364 2185 recepissem.
1406 2151 1430 2175 3.
1450 2147 1490 2174 Ad
1501 2147 1589 2173 omnia
1602 2146 1691 2179 accipe

894 2196 919 2218 et
929 2198 1058 2226 cognosce
1068 2189 1227 2224 aequitatem
1239 2186 1536 2222 expostulationistuae.
1560 2183 1688 2224 Primum,

894 2237 979 2264 quum
995 2227 1027 2253 ad
1044 2235 1085 2253 mo
1103 2226 1205 2252 aditum
1218 2229 1288 2251 esset
1299 2225 1332 2250 ab
1343 2224 1384 2252 iis,
1397 2224 1445 2258 qui
1456 2222 1573 2248 dicerent
1586 2229 1598 2245 a
1610 2229 1638 2245 sc
1650 2228 1690 2244 m-

895 2264 1041 2292 tolerabilia
1063 2263 1160 2290 tributa
1181 2263 1266 2297 exigi,
1283 2261 1349 2296 quid
1368 2260 1461 2286 habuit
1481 2258 1629 2293 iniquitatis
1649 2264 1690 2282 me

895 2303 1020 2331 scrihere,
1034 2309 1065 2327 ne
1080 2300 1194 2327 facerent
1205 2304 1273 2329 ante,
1289 2306 1369 2334 quam
1382 2306 1431 2333 ego
1445 2305 1499 2323 rem
1511 2301 1690 2328 caussamque

894 2337 1069 2376 cognossem?
1098 2338 1154 2364 Non
1175 2341 1306 2372 poteram,
1319 2335 1410 2364 credo,
1423 2338 1482 2360 ante
1499 2333 1628 2358 hiemem:
1651 2331 1690 2356 sic

895 2378 966 2404 enim
987 2375 1092 2403 scribis.
1133 2374 1215 2407 Quasi
1236 2381 1298 2400 vero
1313 2372 1345 2399 ud
1361 2369 1576 2407 cognoscendum
1594 2376 1644 2404 ego
1657 2367 1690 2394 ad

896 2415 968 2445 illos,
987 2422 1038 2440 nou
1055 2412 1094 2439 illi
1109 2411 1141 2438 ad
1162 2420 1203 2437 me
1219 2411 1309 2437 venire
1322 2409 1473 2436 debuerint.
1513 2407 1578 2433 Tam
1595 2403 1691 2442 longe?

895 2452 996 2487 inquis.
1031 2449 1120 2482 Quid?
1139 2457 1224 2484 quum
1236 2448 1318 2474 dabas
1330 2448 1363 2474 iis
1375 2446 1483 2476 litteras,
1498 2453 1544 2480 per
1555 2452 1622 2479 quas
1634 2451 1690 2484 me·

895 2498 956 2515 cum
977 2487 1084 2523 agebas,
1107 2495 1139 2513 ue
1153 2495 1197 2513 cos
1213 2485 1380 2521 impedirem,
1393 2492 1448 2519 quo
1460 2483 1550 2509 minus
1561 2485 1621 2507 ante
1632 2480 1690 2506 hie-

896 2535 965 2552 mem
977 2524 1153 2555 aedificarent,
1163 2532 1213 2550 non
1225 2532 1270 2550 cos
1281 2522 1313 2549 ad
1326 2531 1367 2548 mc
1380 2525 1504 2547 venturos
1511 2516 1691 2546 arbitrabare?

895 2563 1010 2590 Tametsi
1025 2562 1052 2589 id
1063 2561 1173 2597 quidem
1186 2560 1304 2588 fecerunt
1315 2559 1436 2586 ridicule.
1477 2557 1549 2590 Quas
1563 2556 1634 2582 enim
1647 2555 1689 2581 lit-

895 2605 964 2628 teras
985 2600 1139 2631 ass'erebant,
1161 2603 1192 2625 ut
1209 2607 1277 2634 opus
1292 2601 1390 2624 aestate
1405 2595 1490 2623 facere
1506 2598 1627 2629 possent,
1645 2600 1689 2618 eas

895 2639 961 2666 mihi
978 2642 1038 2675 post
1053 2637 1176 2665 brumam
1192 2635 1375 2664 reddiderunt.
1415 2633 1468 2660 Sed
1479 2633 1554 2663 scito,
1567 2635 1593 2657 et
1604 2629 1690 2656 multo
