1941 3052
252 112 298 137 725
817 111 858 135 70.

253 181 279 206 lii
292 180 458 214 significasti.
481 181 576 206 (lac-nur
587 180 715 208 audierat.
730 188 758 204 nc·
774 179 946 214 simulatque.
961 179 1037 209 have.

253 217 318 243 inilii
331 218 407 246 stitit.
422 217 586 251 statiiii.qiii‹l
597 217 629 242 «lv
642 222 665 242 tt·
677 217 804 246 audisset,
818 217 951 251 exposuit.
989 217 1040 242 Ne-

251 256 312 288 gavi
327 264 366 279 mi·
383 255 464 279 scire:
481 254 526 278 sed
540 259 625 279 tannen
637 254 669 278 nl)
681 262 712 278 eo
725 254 803 288 petii,
822 258 849 279 ut
860 254 892 279 ml
905 258 928 279 te
941 253 1040 279 litteras

252 292 374 321 mitteret,
387 291 487 324 quibus
500 291 615 316 maxime
627 291 659 315 ad
672 290 863 316 remanendum
876 290 1039 316 commoveri

251 336 352 362 [mssa-s.
393 328 433 353 Me
449 336 539 352 seeum
557 328 582 352 in
595 327 749 361 llispaninm
761 327 844 353 ‹tm-it.
887 328 967 358 Nam,
986 328 1038 353 nisi

253 366 284 390 ita
303 364 410 393 faceret.
432 372 481 397 ego
497 365 585 398 prius,
607 373 688 399 quam
707 364 739 390 ad
756 364 853 390 Urbem
874 364 1037 394 accederem.

251 401 415 435 ubicumque
440 409 527 431 esses.
555 400 586 426 ud
608 406 631 427 te
653 402 844 435 percurrissem
868 406 894 427 et
913 402 961 427 hoc
982 411 994 428 a
1016 407 1039 427 te
1060 420 1062 425 ,

250 447 374 472 praesens
386 437 581 463 contendissem
597 443 675 473 atque
690 439 763 465 omni
780 439 806 464 vi
822 443 845 465 te
856 439 1037 465 retinuissem.

249 477 273 500 5.
292 475 375 500 Etiam
392 479 471 508 atque
486 475 580 506 etiam.
598 476 698 505 Cicero.
715 476 815 511 cogita,
838 484 870 502 ne
886 481 910 502 te
926 480 1039 510 tuosque

248 520 340 537 omnes
348 511 592 538 t'umlitusevertas:
607 521 638 538 ne
647 517 670 539 te
677 513 764 539 sciens
771 512 944 547 prudensque
955 513 1040 539 eode-

250 549 347 579 mittas.
362 548 431 574 unde
443 549 546 574 exitum
559 549 635 575 vides
646 549 751 576 nullum
762 559 830 576 esse.
846 550 921 582 Quod
934 550 987 576 site
995 554 1040 576 aut

250 593 327 611 voces
338 586 507 619 optimatium
524 592 706 618 commovent,
724 592 770 613 aut
785 586 974 613 nonnullorum
992 587 1040 613 ho-

249 623 352 648 minum
361 622 528 649 insolentiam
536 624 734 650 etiaetationem
746 624 813 651 serre
825 633 876 651 non
888 629 975 658 potes:
989 624 1039 650 eli-

248 668 295 694 gas
313 667 409 686 censeo
428 659 537 694 aliquod
553 661 682 696 oppidum
704 670 818 688 vacuum
838 670 851 687 a
867 661 950 692 bello.
973 661 1037 687 (lum

249 696 314 722 haec
324 696 513 728 decernuntur,
525 706 593 732 quae
605 698 658 724 iam
669 703 747 725 erunt
756 698 884 725 confecta.
925 698 952 724 Id
964 699 987 724 si
1000 698 1039 724 fe-

248 734 329 764 ceris,
343 738 369 760 et
379 742 428 769 ego
439 738 463 760 te
473 735 607 770 sapienter
619 735 714 763 iecisse
726 736 851 763 iudicabo
863 740 888 763 et
898 735 1037 763 Caesarem

249 779 299 797 non
311 771 438 797 offendes.

302 854 374 875 xvn.
394 854 469 875 Ano.
486 855 604 880 queritur,
620 855 688 876 mult·
703 855 744 877 ism
758 856 893 878 incommud·
907 857 952 878 nim
967 858 1036 883 nuti.

248 889 285 916 qui
295 889 399 910 ene-ari·
409 892 482 916 pute·
493 894 589 910 sectatu·
600 890 636 911 nit.
666 892 698 911 At,
710 891 750 912 linc
760 892 816 913 enirn
827 900 851 913 se
861 893 942 913 Romae
951 897 1036 920 praeto-

248 931 291 944 rem
302 924 410 948 relietum.
421 925 486 945 rebu-
497 925 587 945 urbant-
598 925 711 946 Trebonio
723 927 838 951 mandatis,
850 927 917 948 multa
928 928 983 948 matu·
993 928 1037 948 nihl

215 956 219 962 ’
248 959 332 979 invidis
347 962 369 979 et
380 959 526 980 aemulatione
539 960 678 981 contraxisse
692 964 713 981 et
727 961 817 982 comitii
832 962 867 982 sui
886 969 910 982 ιε
924 963 1037 990 poenitere

248 994 349 1021 coepisse
359 995 481 1021 profitetur.

427 1038 593 1066 CAELIUS
618 1039 804 1068 CICERONI
827 1041 855 1069 S.

304 1086 326 1111 t.
349 1080 423 1121 Ergo
434 1093 475 1111 me
487 1085 575 1120 potius
587 1086 613 1112 in
626 1086 752 1121 Hispania
767 1086 851 1114 fuisse
866 1092 937 1119 tum.
954 1096 1035 1123 quam

247 1122 374 1152 Formiis.
392 1131 477 1157 quum
493 1127 521 1149 tu
536 1122 670 1157 profectus
685 1132 714 1150 es
727 1124 760 1150 ad
772 1125 941 1159 Pompeium!
959 1125 1036 1157 Quod

247 1159 349 1185 utinam
363 1164 408 1186 aut
422 1158 527 1194 Appius
543 1160 673 1187 Claudius
691 1162 718 1187 in
740 1162 790 1188 ista
810 1165 884 1195 parte
899 1162 929 1188 C.
944 1162 1033 1194 Curio,

246 1197 325 1222 cuius
341 1196 459 1222 amicitia
475 1205 517 1222 me
533 1196 672 1230 paullatim
687 1198 714 1223 in
729 1197 797 1224 hanc
810 1198 941 1233 perditam
957 1208 1036 1226 caus-

245 1241 303 1259 sam
316 1233 461 1267 imposuit:
499 1241 561 1259 nam
573 1234 640 1260 mihi
651 1235 736 1261 sentio
747 1235 845 1262 bonam
856 1241 972 1263 mentem
984 1237 1036 1263 ira-

245 1269 344 1296 cundia
356 1274 382 1296 et
391 1278 478 1296 amore
489 1269 615 1297 ablatam.
655 1271 694 1297 Tu
703 1292 709 1302 ,
722 1276 749 1298 tu
760 1281 852 1306 porro,
870 1282 955 1308 quum
966 1273 999 1299 ad
1011 1279 1035 1300 te

245 1306 418 1342 proficiscens
429 1311 507 1333 noctu
515 1306 636 1334 Arimino
648 1309 792 1340 venissem.
805 1310 870 1336 dum
882 1310 950 1336 mihi
960 1311 1035 1346 pacis

245 1343 368 1370 mandata
383 1343 431 1370 das
446 1343 479 1370 ad
495 1344 648 1376 Caesarem,
665 1350 691 1372 et
706 1346 850 1373 mirificum
865 1348 953 1374 civem
965 1348 1032 1383 agis.

244 1381 325 1408 amici
345 1379 464 1407 officium
485 1381 642 1417 neglexisti,
667 1390 754 1417 neque
774 1384 843 1410 mihi
862 1384 1033 1412 consuluisti.

244 1418 337 1452 Neque
353 1417 418 1444 haec
432 1417 505 1449 dico,
523 1418 595 1453 quod
609 1418 732 1446 diffidam
747 1420 812 1447 huic
828 1430 952 1449 caussae:
975 1422 1032 1453 sed.

243 1455 321 1481 crede
328 1455 404 1486 mihi.
413 1456 500 1490 perire
511 1456 596 1482 satius
603 1460 651 1487 est,
659 1457 795 1491 quamlios
803 1458 904 1486 videre.
920 1461 946 1486 2.
957 1458 1034 1492 Quod

243 1493 267 1519 si
278 1492 359 1519 timor
368 1496 470 1519 vestrae
481 1492 647 1520 crudelitatis
658 1502 711 1520 non
722 1499 805 1526 esset,
821 1496 899 1522 eiecti
910 1497 964 1522 iam
977 1497 1035 1531 pri-

242 1529 305 1556 dem
320 1529 383 1556 hinc
397 1538 529 1557 essemus.
569 1530 637 1557 Nam
651 1530 695 1557 hic
711 1540 782 1558 nunc
796 1537 900 1567 praeter
914 1533 1035 1560 foenera—

242 1571 312 1593 tores
327 1575 426 1601 paucos
440 1575 489 1593 nec
504 1567 583 1594 homo
598 1576 647 1594 nec
661 1568 725 1595 ordo
740 1570 886 1604 quisquam
901 1575 954 1602 est.
980 1571 1034 1597 nisi

242 1604 431 1638 Pompeianus.
470 1604 604 1639 Equidem
615 1605 669 1631 iam
680 1605 764 1638 effeci,
776 1611 806 1633 ut
816 1608 933 1634 maxime
943 1607 1031 1642 plebs.

242 1645 281 1672 et.
294 1641 342 1676 qui
352 1645 429 1668 antea
440 1645 528 1668 noster
539 1640 603 1673 suit,
618 1642 736 1677 populus
762 1648 851 1670 vester
860 1648 940 1671 esset.
979 1644 1034 1671 Cur

242 1677 302 1709 hoc,
315 1677 425 1712 inquis?
434 1679 517 1704 Immo
529 1677 632 1714 reliqua
643 1684 778 1714 exspecta.
798 1680 851 1707 Vos
862 1681 962 1708 invitos
973 1682 1034 1708 vin-

241 1722 301 1741 cere
311 1723 432 1750 coegero.
472 1715 576 1742 Irritavi
591 1716 620 1742 in
635 1725 677 1742 me
689 1717 824 1744 Catonem.
864 1718 917 1745 Vos
931 1718 1033 1745 dormi-

241 1752 289 1778 tis:
308 1759 356 1777 nec
372 1750 457 1788 [haec]
474 1751 563 1778 adhuc
576 1753 645 1779 mihi
656 1753 787 1780 videmini
797 1753 961 1791 intelligere,
979 1764 1032 1790 qua

241 1797 290 1815 nos
305 1792 458 1823 pateamus,
480 1793 506 1815 et
520 1797 573 1824 qua
587 1789 674 1816 simus
695 1790 837 1818 imbecilli.
876 1792 964 1827 Atque
982 1792 1032 1819 hoc

241 1824 344 1852 nullius
355 1825 468 1860 praemii
479 1834 526 1860 spe
539 1825 648 1853 faciam:
665 1827 802 1863 sed,quod
813 1828 885 1863 apud
897 1828 1033 1864 mepluri-

241 1870 317 1888 mum
331 1861 399 1889 solet
413 1862 515 1894 valere,
532 1862 631 1890 doloris
646 1869 726 1899 atque
741 1865 909 1900 indignitatis
925 1875 1030 1893 caussa.

239 1897 312 1931 Quid
323 1899 383 1926 istic
394 1898 500 1926 facitis?
518 1899 652 1927 Praelium
663 1903 832 1937 exspectatis,
848 1903 921 1937 quod
932 1903 1032 1930 firmis-

239 1935 342 1962 simum
355 1935 413 1963 est?
431 1936 537 1963 Vestras
552 1937 642 1972 copias
657 1947 710 1965 non
730 1939 803 1966 novi.
843 1940 932 1967 Nostri
952 1940 1031 1967 valde

239 1972 395 2010 depugnare
404 1977 430 2001 et
439 1973 516 2001 facile
527 1973 616 2010 algere
626 1979 652 2002 et
661 1976 763 2004 esurire
769 1981 943 2005 consuerunt.
953 1977 1029 2006 Vale.

510 997 596 1019 (nom-e,
607 998 685 1015 Caesare
695 998 719 1015 II.
730 1000 784 1016 Serv.
795 999 875 1016 haurite
886 1006 931 1017 tou.
943 1002 997 1021 too.)

524 2073 748 2090 ⁴00⁶-—

611 2213 654 2240 79.

383 2273 588 2305 LIBER
647 2276 878 2308 NONUS.

288 2389 305 2410 1.
321 2390 397 2411 Atto.
413 2391 521 2413 Varroni-
531 2393 646 2414 adventum
657 2396 785 2422 exspectnt,
794 2397 820 2416 ut
829 2401 859 2416 ex
867 2395 1027 2417 consuetudine

237 2422 285 2444 situ
297 2430 341 2445 non
354 2425 438 2451 miuus,
454 2433 517 2454 quarn
527 2434 556 2448 ex
565 2427 657 2453 litteris,
669 2427 773 2450 not-tium
783 2432 856 2456 petat,
867 2429 952 2452 afflicta
961 2437 1026 2458 repu-

236 2457 302 2478 bliCfl.
330 2461 416 2484 (Romae,
426 2463 503 2481 Caesare
512 2464 547 2482 m.
557 2464 638 2482 Lentulo
649 2471 694 2482 mss.
707 2465 762 2487 ⁷08.)

271 2503 308 2529 M.
324 2503 354 2529 T.
371 2504 494 2533 CICERO
506 2507 533 2533 S.
548 2508 579 2534 D.
597 2507 637 2534 M.
648 2507 817 2535 TERENTIO
831 2509 994 2538 VARRONI.

294 2548 316 2572 t.
338 2543 384 2574 Ex
397 2549 432 2575 iis
447 2550 555 2583 litteris,
573 2560 641 2587 quas
655 2553 760 2579 Atticus
775 2561 790 2579 a
803 2558 829 2579 te
843 2555 940 2581 missas
955 2555 1024 2581 mihi

237 2581 310 2618 legit,
323 2584 389 2626 quid
400 2594 505 2621 ageres,
519 2593 544 2615 et
553 2589 604 2615 ubi
612 2597 699 2620 esses,
712 2591 839 2625 cognovi3
857 2592 965 2626 quando
975 2600 1024 2619 au-

236 2624 289 2646 tem
304 2624 329 2647 te
344 2623 430 2650 Visuri
445 2632 579 2657 essemus,
601 2626 670 2653 nihil
685 2635 751 2653 sane
765 2635 799 2654 ex
814 2627 911 2655 iisdem
928 2628 1023 2656 litteris

1060 359 1063 414 i

894 110 927 135 M.
959 110 988 135 Τ.
1019 109 1291 136 ctetinoxis

1092 180 1165 214 [nutui
1179 181 1320 214 suspicari.
1356 181 1382 206 ln
1395 189 1469 215 spent
1482 186 1569 208 tamen
1581 182 1667 209 venio,
1681 185 1879 218 appropinqua-

1093 226 1118 242 re
1131 222 1206 242 tuum
1218 217 1377 243 adventum:
1395 227 1442 252 qut
1456 219 1522 244 milii
1535 221 1636 245 utinam
1647 220 1740 246 solatio
1754 221 1800 247 sit?
1824 222 1879 247 tini

1092 258 1127 279 tot
1139 254 1272 288 tantisque
1284 254 1364 280 relius
1380 264 1520 288 urgemur.
1538 256 1639 282 nullam
1656 262 1683 282 ut
1694 257 1880 284 allevationem

1091 291 1236 324 quisquam
1246 300 1297 317 non
1309 291 1487 318 stultissimus
1498 301 1603 326 sperare
1614 294 1721 320 debeat:
1734 295 1780 320 sed
1793 300 1880 321 tamen

1091 332 1135 353 aut
1154 332 1180 353 tu
1198 333 1271 361 potes
1287 337 1328 354 me
1342 334 1386 354 aut
1402 339 1451 361 epo
1466 334 1490 355 te
1506 329 1614 355 sortasse
1630 330 1718 365 aliqua
1735 340 1761 357 re
1778 333 1879 358 iuvare.

1091 367 1115 390 ‘'.’.
1129 365 1200 390 Scito
1211 366 1283 391 enim
1296 374 1347 395 mv.
1364 372 1536 400 posu-aquam
1550 367 1575 392 in
1589 367 1685 393 Urbem
1699 369 1825 398 venerim.
1840 378 1881 395 re-

1091 402 1162 427 disse
1174 411 1235 427 cum
1252 403 1387 428 veteribus
1399 404 1501 433 amieis.
1521 404 1546 429 id
1558 409 1598 430 eat
1611 413 1673 430 cum
1686 404 1761 431 libris
1773 407 1879 435 nostris.

1092 439 1117 464 in
1130 439 1252 472 gratiam.
1275 440 1331 465 Etsi
1346 448 1397 465 non
1411 440 1510 466 idcirco
1520 450 1610 466 eorum
1624 450 1702 467 usum
1714 442 1879 471 dimiseram.

1090 476 1161 510 quod
1175 476 1207 501 iis
1219 485 1419 503 succenserem:
1441 477 1487 503 sed
1503 478 1574 512 quod
1586 487 1677 504 eorum
1690 488 1732 505 me
1743 480 1881 514 suppude-

1091 513 1144 538 bat.
1186 513 1301 539 Videbar
1311 515 1383 540 enim
1397 514 1463 540 mihi
1472 535 1478 544 ,
1499 524 1584 549 quum
1596 524 1637 541 me
1651 516 1676 541 in
1688 525 1729 542 res
1741 517 1881 543 turbulen—

1091 550 1209 576 tissimas
1226 550 1421 577 infidelissimis
1435 552 1516 578 sociis
1530 552 1714 583 demisissem,
1733 555 1881 588 praeceptis

1092 586 1198 613 illorum
1216 596 1267 613 non
1283 589 1348 614 satis
1365 589 1495 622 paruisse.
1537 590 1680 623 ignoscunt
1701 591 1782 619 milii.
1805 599 1881 617 revo-

1090 629 1150 650 cant
1162 625 1187 650 in
1199 625 1422 651 consuetudinem
1437 626 1591 660 pristinam.
1609 631 1700 661 teque.
1718 627 1790 662 quod
1807 628 1832 653 in
1849 636 1881 653 eo

1090 663 1283 695 permanseris,
1301 663 1504 697 sapientiorem.
1517 672 1598 698 (iiiam
1609 672 1664 693 me.
1680 664 1774 690 dieunt
1785 664 1879 691 fuisse.

1089 699 1278 730 Quamobrem.
1287 700 1413 734 quoniam
1426 700 1537 734 placatis
1549 701 1582 726 iis
1594 706 1660 730 utor.
1672 701 1764 727 videor
1774 710 1880 736 sperare

1089 735 1196 766 debere,
1209 737 1232 762 si
1245 741 1268 762 te
1281 736 1404 767 viderim.
1418 742 1442 763 et
1453 747 1492 767 ea.
1505 746 1574 772 quae
1586 743 1715 772 premant.
1728 744 1752 764 et
1763 747 1880 773 ea,quae

1090 773 1270 807 impendeant.
1285 782 1326 799 me
1338 773 1415 800 facile
1426 776 1611 801 transiturum.
1633 775 1811 807 Quamobrem
1822 777 1880 802 sive

1090 810 1116 836 in
1133 810 1298 841 Tusculano.
1323 812 1380 837 sive
1397 812 1423 837 in
1439 812 1559 838 Cumano
1577 812 1609 838 ad
1625 817 1648 838 te
1670 812 1798 846 placebit.
1822 814 1880 839 sive

1088 847 1169 881 (quod
1182 848 1293 874 minime
1306 848 1397 883 velim)
1409 849 1519 878 Romae,
1532 849 1678 875 dummodo
1688 849 1769 876 simul
1781 850 1877 879 simus,

1088 884 1224 919 perficiam
1237 884 1366 919 protecto,
1389 890 1418 912 ut
1430 886 1457 912 id
1469 887 1575 921 utrique
1586 891 1705 913 nostrum
1717 887 1879 914 commodis-

1088 922 1188 948 simum
1199 930 1258 948 esse
1270 922 1402 949 videatur.

1141 997 1169 1018 ΙΙ.
1186 997 1262 1017 Aac.
1280 997 1388 1017 Retentse
1397 995 1507 1023 epi-tolno
1516 1003 1614 1016 nusum
1626 996 1729 1023 exponit:
1740 996 1819 1016 deinde
1829 1003 1878 1016 sus-

1088 1031 1131 1056 det.
1143 1036 1174 1056 ut.
1185 1032 1241 1058 quod
1252 1032 1301 1059 ipse
1312 1032 1387 1056 snei-t,
1399 1031 1475 1052 oculo·
1486 1030 1595 1051 homin-m
1607 1031 1670 1054 xiiei,
1681 1031 1749 1051 donec
1759 1031 1878 1055 suminio

1088 1066 1206 1087 African-e
1217 1067 1324 1087 victori-e
1337 1068 1486 1090 defervent-t.
1501 1070 1522 1086 et
1537 1073 1598 1086 suun
1610 1066 1643 1086 iui
1649 1066 1717 1086 nudae
1727 1066 1781 1094 reip.
1792 1066 1879 1087 deside-

1088 1101 1143 1122 rium
1153 1101 1258 1122 dect-nt.
1287 1104 1373 1126 (Rom-e.
1385 1105 1462 1121 Oneum
1473 1104 1506 1121 ttl.
1518 1104 1598 1120 Leniat„
1608 1110 1654 1120 cn...
1667 1105 1722 1123 rosi)

1270 1145 1436 1173 CICERO
1474 1145 1690 1172 VARRONI.

1143 1185 1167 1210 t.
1190 1179 1325 1210 Caninius
1336 1188 1399 1210 tuus
1411 1183 1496 1215 idem,
1513 1189 1538 1210 et
1550 1183 1620 1209 idem
1633 1188 1730 1214 noster,
1746 1191 1831 1218 quum
1845 1184 1877 1210 ad

1087 1229 1129 1248 me
1144 1221 1299 1255 pervesperi
1314 1221 1432 1247 venisset
1443 1225 1468 1247 et
1478 1229 1507 1247 se
1517 1221 1646 1255 postridie
1657 1229 1734 1247 mane
1744 1220 1778 1246 ad
1789 1225 1813 1247 te
1825 1221 1878 1247 itu-

1087 1267 1146 1284 rum
1158 1267 1216 1284 esse
1227 1258 1354 1284 dixisset:
1371 1258 1430 1284 dixi
1441 1259 1465 1284 ei
1476 1266 1518 1284 me
1528 1258 1652 1284 daturum
1665 1257 1782 1292 aliquid3
1800 1266 1878 1284 mane

1086 1300 1115 1322 ut
1126 1300 1238 1330 peteret,
1257 1296 1359 1330 rogavi.
1400 1295 1553 1330 Conscripsi
1567 1295 1707 1329 epistolam
1718 1300 1810 1326 noctu;
1829 1303 1878 1321 nec

1086 1332 1132 1359 ille
1152 1332 1184 1358 ad
1205 1341 1247 1358 me
1268 1332 1360 1364 rediit;
1383 1332 1498 1359 oblitum
1518 1332 1631 1359 credidi.
1675 1333 1798 1359 Attamen
1818 1340 1877 1358 eam

1087 1370 1173 1405 ipsam
1184 1370 1234 1396 tibi
1245 1369 1386 1404 epistolam
1400 1371 1535 1396 misissem
1545 1378 1594 1404 per
1607 1378 1693 1400 meos.
1716 1370 1769 1396 nisi
1785 1369 1878 1396 audis-

1085 1416 1143 1433 sem
1153 1415 1187 1434 ex
1196 1406 1304 1438 eodem,
1323 1406 1451 1441 postridie
1467 1412 1492 1433 te
1508 1415 1585 1433 mane
1596 1415 1610 1432 e
1621 1406 1773 1433 Tusculano
1787 1407 1877 1433 exitu-

1086 1453 1156 1471 rum.
1196 1445 1229 1470 At
1243 1444 1293 1470 tibi
1309 1449 1417 1478 repente
1428 1445 1521 1479 paucis
1531 1449 1591 1479 post
1600 1443 1712 1474 diebus.
1728 1452 1813 1479 quum
1825 1444 1878 1470 mi-

1085 1482 1158 1508 nime
1169 1485 1361 1516 exspectarem,
1375 1483 1449 1507 venit
1458 1481 1491 1507 ad
1504 1481 1681 1508 meCaninius
1693 1489 1783 1507 mane:
1796 1480 1877 1515 proti-

1085 1519 1151 1545 cisci
1166 1518 1199 1545 ad
1216 1523 1240 1545 te
1255 1519 1345 1544 statim
1356 1518 1435 1545 dixit.
1474 1519 1532 1545 Etsi
1543 1523 1599 1545 erat
1608 1518 1686 1549 ἕωλος
1696 1518 1741 1544 illa
1753 1517 1875 1552 epistola.

1082 1556 1236 1590 praesertim
1246 1555 1326 1581 tantis
1337 1559 1428 1589 postea
1439 1556 1516 1581 novis
1527 1555 1608 1582 rebus
1619 1555 1715 1588 allatis.
1725 1564 1812 1585 tamen
1819 1567 1880 1594 per-

1082 1593 1120 1619 ire
1133 1592 1347 1619 lucubrationem
1358 1600 1444 1618 meam
1455 1591 1530 1620 nolui
1538 1613 1544 1624 ,
1561 1598 1588 1620 et
1601 1601 1658 1620 eam
1670 1595 1757 1630 ipsam
1768 1597 1881 1624 Caninio

1084 1629 1161 1655 dedi:
1184 1629 1231 1655 sed
1242 1637 1304 1655 cum
1315 1637 1359 1660 eo,
1377 1634 1407 1656 ut
1417 1638 1479 1656 cum
1491 1629 1598 1656 homine
1609 1629 1686 1656 docto
1697 1634 1723 1655 et
1733 1629 1772 1655 tui
1783 1637 1876 1655 aman-

1084 1667 1202 1697 tissimo,
1220 1665 1324 1693 locutus
1338 1674 1368 1693 ea
1382 1675 1457 1697 sum.
1475 1675 1544 1701 quae
1559 1666 1702 1701 pertulisse
1717 1665 1794 1692 illum
1806 1665 1838 1692 ad
1851 1670 1876 1692 te

1083 1703 1218 1730 existimo.
1257 1705 1283 1730 2.
1305 1703 1366 1729 Tibi
1377 1709 1466 1730 autem
1477 1703 1550 1729 idem
1561 1703 1668 1729 consilii
1678 1702 1726 1733 do.
1739 1702 1811 1737 quod
1823 1703 1876 1729 mi-

1084 1740 1237 1775 himetipsi:
1250 1740 1498 1767 utvitemusoculos
1510 1740 1693 1771 hominum,si
1705 1739 1811 1775 linguas
1823 1740 1876 1766 mi-

1083 1786 1135 1804 nus
1151 1777 1228 1804 facile
1244 1777 1390 1812 possimus.
1429 1777 1482 1810 Qui
1496 1778 1569 1803 euim
1584 1777 1694 1803 victoria
1710 1785 1739 1803 se
1749 1776 1872 1807 efferunt.

1083 1815 1162 1849 quasi
1173 1815 1258 1841 victos
1274 1823 1322 1841 nos
1337 1815 1487 1847 intuentur3
1505 1815 1554 1849 qui
1569 1819 1658 1841 autem
1673 1814 1758 1840 victos
1771 1819 1874 1840 nostros

1082 1851 1192 1878 moleste
1204 1851 1306 1883 serunt.
1322 1861 1370 1878 nos
1381 1851 1472 1878 dolent
1482 1852 1584 1878 vivere.
1623 1851 1740 1883 Quaeres
1751 1850 1871 1881 sortasse.

1082 1897 1138 1920 cur.
1151 1897 1237 1923 quum
1248 1888 1313 1915 haec
1324 1889 1352 1915 in
1363 1889 1433 1916 Urbe
1443 1889 1511 1919 sint.
1524 1897 1577 1915 non
1588 1888 1684 1918 absim.
1697 1887 1874 1923 quemadmo-

1082 1925 1147 1952 dum
1159 1931 1197 1952 tu.
1237 1926 1277 1952 Tu
1288 1926 1361 1952 enim
1373 1926 1444 1961 ipse,
1462 1926 1510 1960 qui
1521 1930 1547 1952 et
1557 1934 1600 1952 me
1613 1930 1639 1952 et
1653 1925 1720 1952 alios
1730 1925 1873 1960 prudentia

1082 1963 1179 1993 vincis,
1191 1963 1290 1994 omnia.
1303 1963 1392 1993 credo,
1407 1962 1515 1995 vidisti;
1529 1962 1598 1989 nihil
1611 1967 1636 1989 te
1646 1963 1756 1989 omnino
1766 1961 1871 1989 fefellit.

1081 1999 1148 2032 Quis
1163 2004 1204 2026 est
1219 2004 1272 2027 tam
1288 1999 1413 2036 lynceus.
1431 2000 1480 2035 qui
1493 2000 1520 2026 in
1532 2000 1612 2026 tantis
1623 1999 1741 2026 tenebris
1751 1999 1820 2026 nihil
1830 1998 1873 2026 of-

1082 2037 1185 2068 fendat,
1202 2045 1338 2072 nusquam
1353 2036 1488 2064 incurrat?
1516 2039 1541 2063 3.
1557 2037 1595 2063 Ac
1609 2036 1678 2063 mihi
1692 2036 1803 2072 quidem
1817 2037 1872 2062 iam

1081 2074 1187 2109 pnidem
1202 2075 1277 2101 venit
1290 2075 1319 2101 in
1330 2078 1460 2105 mentem,
1478 2073 1582 2101 bellum
1593 2081 1666 2104 esse.
1683 2073 1775 2109 aliquo
1785 2074 1869 2105 exire,

1081 2116 1111 2138 ut
1120 2120 1164 2142 ea,
1181 2119 1251 2146 quae
1266 2111 1414 2147 agebantur
1424 2111 1482 2142 hic,
1497 2119 1622 2146 quaeque
1631 2110 1804 2142 dicebantur,
1821 2118 1872 2137 nec

1081 2148 1203 2174 viderem
1213 2156 1262 2174 nec
1273 2148 1405 2175 audirem.
1445 2148 1499 2175 Sed
1514 2147 1699 2175 calumniabar
1710 2148 1778 2183 ipse.
1816 2148 1871 2174 Pu-

1080 2185 1169 2212 tabam
1177 2205 1183 2216 ,
1196 2186 1244 2220 qui
1254 2185 1363 2212 obviam
1374 2185 1443 2211 mihi
1453 2185 1586 2216 venisset,
1603 2190 1633 2212 ut
1641 2186 1741 2220 cuique
1750 2193 1871 2212 commo-

1079 2222 1146 2248 dum
1156 2227 1239 2252 esset.
1257 2223 1457 2257 suspicaturum
1468 2227 1514 2249 aut
1527 2222 1677 2253 dicturum,
1694 2222 1802 2248 etiamsi
1815 2230 1869 2248 non

1079 2260 1275 2293 suspicaretur:
1292 2260 1341 2286 Hic
1354 2264 1401 2286 aut
1415 2259 1524 2290 metuit,
1541 2263 1568 2286 et
1581 2267 1612 2285 ea
1623 2267 1651 2285 re
1662 2258 1745 2294 fugin
1763 2263 1809 2285 aut
1818 2258 1870 2286 ali-

1078 2296 1146 2331 quid
1160 2297 1259 2332 cogitat
1272 2301 1299 2323 et
1313 2296 1394 2323 habet
1406 2305 1503 2323 navem
1513 2300 1642 2331 paratam.
1681 2296 1811 2331 Denique,
1830 2295 1870 2322 le-

1078 2333 1191 2359 vissime
1206 2334 1255 2368 qui
1269 2334 1465 2368 suspicaretur,
1483 2337 1509 2359 et
1523 2333 1571 2368 qui
1586 2332 1697 2359 fortasse
1712 2341 1755 2359 me
1767 2333 1869 2368 optime

1078 2371 1205 2401 novisset,
1218 2374 1324 2405 putaret
1333 2378 1376 2396 me
1387 2370 1488 2396 idcirco
1497 2369 1644 2400 discedere.
1652 2370 1725 2405 quod
1735 2369 1868 2405 quosdam

1078 2407 1201 2434 homines
1211 2407 1283 2434 oculi
1294 2408 1348 2434 mei
1358 2407 1426 2434 ferre
1437 2415 1490 2433 non
1500 2411 1619 2442 possent.
1636 2407 1705 2433 Haec
1715 2415 1765 2442 ego
1775 2407 1868 2441 suspi-

1076 2452 1140 2470 cans
1148 2464 1154 2475 ‚
1171 2444 1260 2471 adbuc
1270 2445 1368 2471 Romae
1379 2452 1487 2471 maneo:
1505 2448 1531 2470 et
1545 2448 1634 2470 tamen
1644 2444 1793 2477 λεληθότως
1802 2452 1867 2470 con-

1076 2481 1190 2508 suetudo
1205 2481 1332 2508 diuturna
1347 2480 1446 2508 callum
1459 2481 1513 2507 iam
1523 2480 1637 2507 obduxit
1647 2480 1784 2507 stomacho
1794 2488 1864 2507 meo.

1076 2519 1100 2544 4.
1126 2518 1213 2544 Habes
1237 2519 1366 2545 rationem
1391 2518 1445 2544 mei
1466 2517 1584 2544 consilii.
1623 2517 1686 2544 Tibi
1709 2518 1793 2553 igitur
1814 2517 1866 2544 hoo

1074 2563 1184 2581 censeo:
1205 2555 1342 2582 latendum
1356 2555 1487 2589 tantisper
1500 2554 1618 2586 ibidem,
1633 2554 1700 2581 dum
1714 2554 1866 2581 effervescit

1075 2591 1141 2618 haec
1150 2591 1302 2628 gratulatio,
1315 2596 1342 2618 et
1350 2591 1433 2618 simul
1442 2591 1509 2618 dum
1519 2591 1674 2623 audiamus,
1687 2590 1866 2626 quemadmo-

1073 2628 1139 2656 dum
1154 2629 1293 2666 negotium
1307 2628 1458 2656 contectum
1476 2629 1525 2662 sit;
1547 2628 1699 2656 confectum
1713 2628 1790 2655 enim
1803 2635 1868 2657 esse
