1941 3052
252 119 301 144 78⁴5
828 118 867 142 853.
904 117 937 142 M.
970 117 999 142 Τ.
1035 117 1053 142 C
1069 117 1077 143 1

253 190 271 215 A
286 194 308 214 te
323 188 361 217 id,
376 187 446 222 ipsud
459 187 551 217 suesti,
568 191 636 221 pcto.
652 194 693 212 me
704 186 841 212 absentem
853 186 951 222 diligas
963 191 1043 222 atque
1064 188 1066 195 ’

252 226 390 251 defendas.
1071 242 1073 258 4

305 294 344 313 ΙΧ.
363 294 378 313 Α
388 294 439 312 KG.
459 293 486 312 Μ.
500 291 604 312 Mari-etl..
616 291 738 313 anuntauu-
749 292 775 310 il·-
786 291 862 312 frain-t·
873 292 981 318 pntrnrli·
992 300 1042 312 run·
1064 288 1073 319 ll

251 328 332 351 nulntu,
344 328 406 354 petit,
419 334 445 346 ne
456 326 567 353 proximi·
579 326 622 345 aim
635 330 770 352 prorum-tur.
1064 322 1065 349 l

382 365 411 381 *lu
422 363 485 381 uniri·
496 365 518 380 nd
529 363 623 386 (beutu,
633 363 690 381 ttut‘u,
701 364 792 380 Marullo
802 370 847 380 «nn.
865 365 919 383 71111

251 409 284 434 M.
305 407 326 433 Τ
355 407 383 433 Γ..
409 405 550 432 PllOCOS.
571 405 599 432 S.
616 406 643 432 Ρ.
659 406 688 432 D.
713 406 746 431 Μ.
768 405 950 432 MARCELLO
968 406 1040 433 COS.
1064 386 1072 426 ll

308 452 328 475 l.
342 445 386 475 Tc
398 453 423 475 et
436 449 542 483 pietatis
554 449 580 475 in
593 453 661 480 tuos,
675 454 700 475 et
710 450 792 475 animi
802 450 827 476 in
835 449 1040 484 rempublicam,
1064 471 1065 478 .

249 492 274 513 et
297 487 441 512 clarissimi
461 491 539 521 atquc
559 487 654 520 optimi
675 486 843 517 consulatus,
867 487 896 513 C.
919 487 1042 513 Marcello
1070 501 1072 511 .

248 523 356 550 consule
375 523 453 554 facto.
472 523 587 550 fructum
598 524 716 558 cepisse,
735 524 907 550 veliementer
927 524 1042 559 gaudeo.

250 562 305 587 Non
323 561 431 591 dubito,
448 560 514 595 quid
533 566 684 595 praesentes
701 562 830 588 sentiant:
867 570 914 587 nos
930 562 1041 596 quidem
1062 580 1064 586 .

249 598 398 633 longinqui,
412 602 460 624 eta
473 598 567 632 teipso
578 598 654 624 missi
668 599 693 624 in
707 598 814 624 ultimas
824 604 926 634 gentes.
943 599 974 624 ad
982 608 1042 624 cae-

249 636 303 661 lum
317 634 468 661 mehercule
480 635 599 662 tollimus
611 635 761 661 verissimis
773 645 802 662 ac
814 636 971 662 iustissimis
985 636 1042 662 lau·
1062 638 1064 654 l

247 673 338 699 dibus.
376 673 442 699 Nam
453 681 538 707 quum
551 677 574 699 te
586 681 600 698 a
612 673 725 708 pueritia
739 677 781 699 tua
797 674 875 699 unice
887 673 1038 704 dilexerim,

248 715 330 745 tuque
347 718 388 736 me
405 710 431 736 in
448 711 521 736 omni
537 718 634 745 genere
650 719 756 745 semper
771 710 970 745 amplissimum
982 719 1040 736 esse

247 752 272 773 et.
289 747 406 773 volueris
421 751 447 773 et
463 747 605 778 iudicaris,
639 752 694 774 tum
712 748 761 773 boc
778 748 818 774 vel
836 753 880 774 tuo
897 747 978 778 facto,
998 748 1039 773 vel

248 784 341 819 populi
356 785 467 810 Romani
482 784 515 810 de
531 789 555 810 te
567 784 680 816 iudicio,
699 784 782 811 multo
794 786 882 811 acrius
895 785 1040 811 veliemen-

248 822 355 856 tiusque
371 821 469 857 diligo:
493 823 664 857 maximaque
677 822 774 849 laetitia
786 822 896 853 afficior,
910 831 994 857 quum
1007 823 1040 848 ab

247 859 404 885 bominibus
416 858 635 893 prudentissimis
651 860 771 895 virisque
785 860 1040 894 optimis,omnibus

245 895 340 927 dictis,
359 895 448 927 factis.
466 896 578 927 studiis,
597 897 741 928 institutis,
760 897 800 923 vel
818 906 860 923 me
873 898 910 923 tui
922 897 1039 923 similem

215 957 219 963 ,
245 941 304 959 esse
316 933 396 959 audio
410 933 488 960 velte
499 934 562 960 mei.
584 935 609 961 2.
625 934 712 960 Unum
727 943 789 961 vero
799 936 823 961 si
835 934 912 960 addis
924 934 956 960 ad
964 943 1040 969 prae-

245 970 410 997 clarissimas
426 979 467 997 res
482 970 638 998 consulatus
654 972 707 1003 tui,
726 976 755 998 ut
770 976 815 998 aut
831 972 897 998 milii
914 972 1041 998 succedat

245 1016 327 1043 quam
346 1008 463 1043 primum
479 1008 591 1043 aliquis,
609 1013 655 1035 aut
670 1017 702 1035 ne
714 1009 780 1044 quid
792 1009 900 1035 accedat
912 1010 1039 1043 temporis

245 1045 278 1071 ad
295 1045 336 1076 id,
353 1045 425 1080 quod
445 1050 472 1071 tu
489 1046 556 1072 mihi
572 1050 597 1072 et
613 1051 721 1072 senatus
736 1046 859 1073 consulto
872 1051 897 1072 et
909 1046 966 1081 lege
980 1046 1041 1072 fini-

244 1082 291 1115 sti,
323 1082 412 1109 omnia
429 1091 470 1108 me
486 1091 534 1118 per
549 1087 572 1109 te
587 1087 761 1110 consecutum
776 1084 886 1119 putabo.
927 1084 994 1110 Cura
1012 1088 1041 1109 ut

246 1119 348 1150 valeas,
380 1124 406 1146 et
437 1128 478 1146 me
508 1120 646 1147 absentem
674 1120 774 1156 diligas
799 1126 878 1156 atque
898 1120 1038 1147 defendas.

243 1158 268 1183 3.
290 1156 363 1189 Quae
375 1157 442 1183 mihi
454 1157 487 1183 de
498 1157 602 1184 Parthis
615 1159 735 1184 nuntiata
746 1163 817 1189 sunt,
831 1159 953 1193 quianon
962 1163 1040 1193 puta-

244 1194 306 1220 bam
326 1204 340 1221 a
356 1202 399 1220 me
415 1195 495 1221 etiam
512 1203 584 1221 nunc
599 1195 741 1221 scribenda
757 1204 816 1222 esse
831 1195 954 1230 publice,
976 1204 1040 1230 pro-

243 1235 332 1266 pterea
347 1240 379 1258 ne
394 1240 441 1266 pro
457 1231 635 1259 familiaritate
651 1232 762 1267 quidem
779 1237 867 1259 nostra
883 1232 957 1259 volui
969 1232 1001 1258 ad
1015 1237 1038 1259 te

242 1268 374 1295 scribere:
402 1277 448 1300 ne,
468 1277 554 1304 quum
573 1269 607 1296 ad
622 1269 761 1296 consulem
781 1270 966 1305 scripsissem,
986 1278 1039 1305 pu-

242 1305 312 1332 blice
325 1305 432 1332 viderer
442 1307 595 1341 scripsisse.

296 1378 324 1398 X.
344 1379 359 1398 :t
369 1378 419 1398 RG.
436 1379 459 1399 C.
475 1378 580 1399 Marcello
595 1385 640 1399 eon.
656 1378 844 1400 existimationem
858 1386 919 1400 ruam
929 1379 952 1400 111
963 1379 1037 1400 decer-

241 1413 311 1433 nenda
323 1412 486 1440 supplicatione
496 1414 637 1434 commendat.

428 1451 457 1471 (In
468 1450 540 1469 Cilix-in,
550 1450 624 1470 Paullo,
635 1451 725 1468 Mam-110
735 1457 780 1468 ron.
792 1452 848 1473 70⁴.)

241 1493 276 1520 M.
303 1493 333 1519 T.
359 1492 389 1520 C.
411 1493 479 1520 lMP.
501 1493 530 1520 S.
551 1493 582 1520 Ρ.
602 1494 634 1520 D.
656 1494 839 1522 MARCELLO
859 1495 888 1522 C.
910 1496 940 1523 F.
962 1495 1036 1524 COS.

296 1532 319 1557 t.
342 1525 462 1562 Quando
483 1530 510 1557 id
530 1531 641 1562 accidit,
663 1531 737 1566 quod
758 1532 826 1558 mihi
847 1533 964 1559 maxime
985 1533 1037 1560 fuit

239 1572 374 1602 optatum,
401 1572 430 1594 ut
454 1569 575 1594 omnium
596 1568 796 1600 Marcellorum,
818 1569 1035 1597 Marcellinorum

239 1605 328 1636 etiam,
346 1604 487 1640 (mirificus
503 1605 575 1631 enim
593 1606 700 1641 generis
716 1615 745 1632 ac
757 1607 875 1633 nominis
891 1608 972 1634 vestri
985 1607 1037 1634 fuit

239 1650 302 1678 erga
317 1650 360 1668 me
375 1650 483 1677 semper
496 1643 626 1679 animus,)
641 1643 750 1678 quando
764 1652 828 1680 ergo
839 1645 875 1671 ita
886 1644 993 1676 accidit,
1006 1649 1036 1671 ut

238 1679 361 1706 omnium
381 1684 502 1706 vestrum
521 1679 612 1707 studio
627 1685 689 1707 tuus
708 1681 864 1708 consulatus
880 1681 1034 1708 satisfacere

239 1720 341 1751 posset,
366 1716 393 1742 in
408 1725 489 1751 quem
505 1725 580 1743 meae
596 1725 638 1743 res
653 1723 757 1753 gestae,
780 1717 893 1753 lausque
909 1723 934 1745 et
950 1719 1034 1746 honos

238 1761 330 1780 earum
344 1754 517 1788 potissimum
529 1754 672 1781 incideret:
694 1759 755 1790 peto
766 1763 780 1781 a
792 1760 816 1782 te
828 1755 946 1791 id‚quod
957 1755 1034 1782 sacil-

239 1789 336 1817 limum
347 1790 418 1817 factu
429 1795 478 1823 est,
487 1800 539 1818 non
550 1796 719 1827 aspernante.
728 1796 758 1818 ut
768 1791 881 1823 confido,
890 1798 996 1824 senatu,
1004 1798 1034 1820 ut

238 1836 320 1863 quam
335 1827 638 1855 honorificentissimum
656 1834 765 1856 senatus
780 1829 943 1861 consultum,
962 1829 1033 1857 litte·

240 1865 277 1891 ris
288 1865 356 1891 meis
367 1865 493 1896 recitatis,
507 1865 664 1892 faciundum
675 1875 763 1892 cures.
784 1868 810 1893 2.
823 1866 852 1893 Si
863 1867 932 1893 mihi
943 1871 1032 1894 tecum

238 1902 329 1928 minus
344 1907 422 1933 esset,
437 1911 519 1937 quam
535 1907 575 1929 est
589 1911 652 1929 cum
667 1904 721 1930 tuis
737 1903 875 1935 omnibus,
888 1903 1032 1940 allegarem

238 1939 270 1965 ad
293 1943 317 1965 te
333 1939 408 1970 illos,
430 1949 444 1966 a
459 1939 561 1975 quibus
576 1940 707 1976 intelligis
723 1949 765 1967 me
779 1942 925 1976 praecipue
940 1942 1030 1978 diligi.

237 1976 322 2003 Patris
341 1977 380 2003 tui
401 1976 532 2003 beneficia
551 1978 578 2003 in
595 1986 637 2004 me
651 1983 714 2004 suut
729 1977 912 2014 amplissima:
944 1988 1031 2014 neque

236 2014 309 2040 enim
321 2013 401 2040 saluti
413 2023 486 2041 meae
498 2023 585 2049 neque
597 2015 691 2041 honori
702 2016 813 2042 amicior
824 2017 969 2051 quisquam
976 2017 1032 2043 dici

235 2055 332 2086 potest.
365 2051 455 2078 Frater
465 2056 528 2078 tuus
539 2053 633 2087 quanti
645 2061 687 2078 me
700 2052 779 2080 faciat
788 2062 950 2089 semperque
960 2053 1032 2080 fece-

236 2088 284 2119 rit,
304 2097 363 2115 esse
382 2088 533 2120 hominem,
556 2090 605 2124 qui
621 2090 735 2125 ignoret,
754 2090 868 2117 arbitror
883 2091 1029 2118 neminem.

234 2126 335 2152 Domus
352 2130 397 2152 tua
410 2125 528 2161 denique
540 2131 591 2154 tota
603 2135 645 2153 me
659 2136 766 2163 semper
776 2128 904 2154 omnibus
914 2129 1030 2155 summis

234 2162 332 2189 officiis
344 2168 484 2198 prosecuta
496 2168 545 2190 est.
580 2164 673 2199 Neque
685 2173 748 2192 vero
760 2170 788 2192 tu
799 2165 826 2192 in
838 2174 880 2192 me
891 2165 1030 2202 diligendo

235 2200 362 2235 cuiquam
388 2201 547 2227 concessisti
567 2205 687 2228 tuorum.
735 2201 822 2234 Quare
843 2212 857 2229 a
877 2207 901 2230 te
920 2208 981 2238 peto
1002 2204 1030 2230 in

234 2238 363 2264 maiorem
379 2237 504 2269 modum,
525 2242 555 2265 ut
569 2247 612 2265 me
626 2247 674 2274 per
689 2244 714 2266 te
728 2248 811 2274 quam
826 2241 1030 2267 ornatissimum

234 2273 302 2301 velis
314 2283 386 2306 esse,
409 2283 552 2311 meamque
563 2279 588 2302 et
602 2276 630 2302 in
641 2276 838 2312 supplicatione
850 2277 1028 2309 decernenda,

233 2316 259 2337 et
270 2312 297 2338 in
308 2312 404 2339 ceteris
415 2312 497 2339 rebus
507 2313 735 2341 existimationem
749 2314 814 2341 satis
825 2314 876 2341 tibi
886 2323 946 2341 esse
956 2324 1031 2342 com-

235 2349 386 2376 mendatam
397 2354 485 2385 putes.

286 2418 327 2438 Xt.
347 2419 422 2439 ΑΚΘ.
439 2419 526 2440 Gratiis
540 2426 580 2446 pro
595 2419 759 2446 supplicatione
772 2420 861 2441 decreto
873 2420 938 2446 netis,
949 2428 1028 2449 prope-

234 2451 290 2471 diem
301 2453 328 2472 ad
338 2453 417 2473 Urbem
429 2460 452 2474 se
463 2454 511 2474 fore
521 2454 639 2479 signis-cat.

416 2491 445 2513 (ln
456 2491 529 2512 Cilicia,
538 2491 613 2513 Panno,
622 2492 714 2510 Marcello
725 2498 771 2510 eoas.
783 2493 838 2515 70⁴.)

243 2529 278 2555 M.
301 2530 331 2555 T.
353 2530 382 2557 C.
404 2533 481 2560 ΙΜΡ.
503 2533 531 2560 S.
550 2534 579 2560 P.
598 2535 630 2561 D.
650 2534 681 2561 C.
702 2535 916 2563 MARCELLO
935 2536 1016 2563 COS.

236 2602 241 2607 ·
291 2567 314 2592 t.
328 2561 453 2599 Quantae
464 2578 543 2597 curae
555 2571 604 2597 tibi
616 2580 693 2598 meus
704 2572 789 2599 honos
803 2572 892 2605 fuerit,
909 2578 935 2600 et
945 2582 1026 2609 quam

234 2601 306 2645 idem
317 2605 452 2631 exstiteris
462 2607 555 2634 consul
568 2608 595 2634 in
607 2617 650 2634 me
660 2609 779 2636 ornando
789 2614 815 2636 et
825 2610 1024 2645 amplificando,

233 2647 281 2674 qui
301 2639 390 2667 fueras
411 2651 517 2679 semper
536 2653 599 2671 cum
614 2646 772 2680 parentibus
788 2647 842 2673 tuis
857 2651 882 2674 et
897 2656 959 2674 cum
974 2652 1027 2675 tota
1047 2667 1049 2673 ,

1092 117 1309 144 ‹It-:noxis

1095 187 1182 216 (101110,
1191 189 1240 213 etsi
1254 198 1294 213 res
1308 190 1364 222 ipsa
1377 189 1541 224 loquebatur.
1551 192 1758 223 mrgnmssanwn
1771 201 1803 218 vx
1816 201 1887 218 ineo-

1096 233 1154 250 rum
1166 226 1287 250 oninium
1302 225 1405 251 litteris.
1448 227 1537 262 ltaque
1549 228 1617 253 nibil
1629 233 1669 254 est
1681 234 1795 257 tanturn.
1814 229 1886 263 quod

1071 279 1073 287 1
1095 270 1144 294 ego
1161 270 1211 287 non
1228 267 1271 287 tua
1287 271 1381 288 caussa
1397 263 1523 292 debeam.
1547 264 1719 300 facturusque
1736 267 1786 291 sim
1801 275 1886 300 quum

1095 299 1215 324 studiose
1231 304 1286 325 tum
1305 300 1427 326 libr-nter.
1468 303 1492 327 Ξ.
1516 302 1580 327 Nam
1598 304 1687 337 magni
1704 303 1823 329 intere-t.
1842 305 1887 329 vui

1064 353 1065 360 .
1095 336 1209 361 debeas:
1232 336 1330 362 debere
1343 343 1430 363 autem
1443 339 1543 364 nemini
1556 339 1650 366 malui.
1669 349 1749 374 quam
1763 341 1825 368 tibi.
1843 341 1887 366 cui

1096 382 1137 398 mc
1149 382 1233 407 quum
1246 374 1334 400 studia
1346 376 1498 401 communia
1508 397 1513 405 ,
1528 376 1656 402 benc-fivia
1669 383 1776 411 paterna
1789 383 1888 412 tuaque

1097 411 1147 435 iam
1160 415 1220 436 anu·
1231 412 1437 441 coniunxerant,
1452 418 1507 438 turn
1520 413 1622 439 acu-edit
1635 422 1691 439 mea
1703 415 1814 449 quidem
1827 424 1889 440 sen-

1095 448 1174 473 tentia
1197 449 1345 475 niaximum
1369 450 1521 479 vinculum.
1544 450 1615 485 quod
1639 452 1671 476 ita
1694 452 1888 486 rempublicam

1094 486 1165 518 geris
1182 490 1260 520 atquc
1276 487 1398 518 ²gessisti,
1421 496 1472 522 qua
1491 488 1556 513 1111111
1574 488 1662 513 carius
1683 488 1750 514 nibil
1772 494 1824 516 cst.
1849 494 1886 518 ut,

1093 527 1224 556 quamam
1238 522 1284 548 tibi
1297 533 1389 549 omnes
1402 524 1463 550 boni
1475 525 1597 554 debeant,
1607 534 1660 559 quo
1671 526 1761 551 minus
1772 531 1889 552 tantum-

1093 561 1154 585 dcrn
1171 569 1220 593 ego
1235 569 1304 586 unus
1322 561 1447 591 debeam,
1469 571 1519 588 non
1537 571 1667 588 recusem.
1708 563 1887 594 Quamobrem

1094 597 1142 622 tibi
1159 597 1240 623 velim
1257 598 1283 623 bi
1300 599 1352 624 sint
1369 599 1470 629 exitus,
1494 608 1562 635 quos
1579 601 1688 626 mereris
1704 605 1729 625 et
1744 609 1812 635 qiios
1833 600 1888 626 fore

1093 634 1206 660 conlido.
1248 635 1316 664 Erro,
1334 636 1357 661 si
1374 645 1415 662 me
1430 637 1565 672 navigatio
1577 646 1627 663 non
1641 637 1800 667 morabitur,
1818 646 1887 672 quae

1094 672 1247 698 incurrebat
1263 673 1289 698 in
1307 674 1379 708 ipsos
1390 674 1508 705 fflesias,
1526 674 1682 709 propediem
1699 679 1737 704 te,
1756 679 1783 701 ut
1799 683 1885 710 spero.

1093 709 1201 765 vnchlll':
1214 745 1231 765 A
1239 746 1290 765 RG.
1307 746 1438 767 Gratulntnr
1448 746 1528 767 Paullo
1538 747 1564 767 ιΙι·
1574 746 1699 771 cam-ulna.
1712 751 1740 771 et.
1748 754 1775 767 ne
1785 747 1828 767 nihi
1837 754 1886 774 pm-

1093 779 1165 800 vinei·
1176 786 1312 807 prururetur,
1324 786 1392 801 runt.

1224 819 1253 839 (tu
1264 818 1327 836 ustri-
1338 819 1360 836 nd
1373 819 1464 842 ‘'ybirtru,
1476 819 1534 839 Rus-u.
1544 820 1635 837 anltu
1645 826 1692 837 eun.
1704 821 1758 840 5¹13.)

1128 861 1163 886 M.
1186 861 1216 887 T.
1237 861 1266 887 C.
1289 862 1363 888 ffli‘,
1386 862 1413 888 S.
1437 862 1464 888 Ρ.
1488 863 1517 889 D.
1539 863 1568 889 L.
1591 862 1743 889 PAULLO
1763 862 1843 889 COS.

1148 899 1170 924 l.
1193 894 1253 924 Etsi
1266 899 1332 925 milii
1345 908 1492 934 numquam
1506 899 1555 926 suit
1569 899 1698 929 dubium,
1715 900 1781 934 quin
1799 905 1823 926 te
1838 908 1888 935 po-

1091 934 1324 969 pulusllomanus,
1334 945 1380 971 pro
1393 937 1445 963 tuis
1456 938 1571 963 summis
1584 938 1609 963 in
1623 936 1817 972 rempublicam
1830 945 1887 963 nie-

1092 973 1150 998 ritis
1162 978 1187 998 et
1198 982 1245 1007 pro
1256 974 1422 1008 amplissima
1436 974 1552 1000 familiae
1563 974 1703 1010 (lignitate,
1712 983 1819 1000 summo
1830 980 1887 1000 stu-

1091 1009 1144 1039 dio,
1158 1011 1262 1036 cunctis
1273 1011 1409 1045 suffragiis
1420 1011 1559 1037 consulem
1571 1011 1689 1037 facturus
1700 1016 1783 1037 esset:
1798 1017 1886 1038 tamen

1091 1047 1245 1073 incredibili
1263 1044 1437 1074 laetitia‘sum
1454 1049 1577 1079 affectus,
1601 1057 1684 1083 quum
1698 1048 1724 1074 id
1737 1048 1804 1074 mibi
1816 1057 1886 1075 nun-

1092 1084 1186 1110 tiatum
1197 1090 1249 1117 est3
1264 1094 1381 1120 eumque
1395 1086 1520 1112 honorem
1533 1086 1581 1111 tibi
1593 1086 1657 1111 deos
1670 1085 1803 1111 fortunare
1814 1085 1884 1116 volo.

1090 1129 1104 1146 a
1117 1126 1195 1156 teque
1207 1131 1240 1148 ex
1252 1127 1295 1148 tua
1307 1124 1493 1158 maiorumque
1506 1128 1611 1149 tuorum
1624 1123 1753 1157 dignitate
1769 1123 1887 1149 admini-

1090 1159 1178 1185 strari.
1218 1161 1243 1185 2.
1266 1160 1352 1195 Atque
1375 1161 1476 1186 utinam
1493 1169 1619 1195 praesens
1636 1156 1712 1186 illum
1728 1160 1800 1186 diem
1817 1160 1884 1187 mihi

1089 1196 1289 1230 optatissimum
1302 1197 1392 1224 videre
1407 1199 1569 1232 potuissem.
1587 1206 1688 1232 proque
1704 1198 1757 1223 tuis
1773 1197 1886 1232 amplis-

1090 1233 1168 1259 simis
1188 1242 1250 1269 erga
1273 1243 1314 1260 me
1333 1235 1431 1261 studiis
1452 1240 1531 1270 atque
1553 1235 1692 1261 beneficiis
1711 1235 1761 1261 tibi
1775 1243 1884 1269 operam

1090 1279 1176 1296 meam
1198 1271 1374 1307 studiumque
1395 1273 1505 1299 navare!
1531 1272 1617 1305 Quam
1643 1272 1711 1298 mihi
1732 1271 1884 1298 facultatem

1089 1309 1217 1343 quoniam
1233 1308 1276 1335 hic
1297 1318 1345 1336 nec
1365 1311 1490 1344 opinatus
1510 1315 1535 1336 et
1551 1310 1714 1344 improvisus
1730 1310 1885 1344 provinciae

1089 1354 1167 1371 casus
1184 1346 1297 1381 eripuit,
1316 1352 1417 1378 tamen,
1436 1352 1464 1374 ut
1479 1352 1503 1373 te
1517 1347 1669 1376 consulem,
1688 1346 1883 1381 rempublicam

1089 1391 1136 1417 pro
1153 1388 1196 1409 tua
1212 1383 1342 1419 dignitate
1360 1389 1511 1420 gerentem,
1537 1384 1628 1410 videre
1648 1384 1764 1419 possim,
1788 1392 1885 1420 magno

1088 1429 1167 1455 opere
1183 1429 1197 1446 a
1213 1425 1237 1447 te
1254 1426 1328 1455 peto,
1351 1426 1379 1448 ut
1393 1430 1502 1456 operam
1517 1421 1565 1448 des
1580 1421 1749 1456 efficiasque,
1768 1430 1801 1447 ne
1816 1421 1884 1457 quid

1089 1457 1156 1483 mihi
1169 1457 1213 1484 fiat
1224 1459 1348 1490 iniuriae,
1357 1468 1424 1485 neve
1434 1459 1500 1494 quid
1513 1459 1640 1494 temporis
1651 1458 1684 1485 ad
1696 1467 1786 1484 meum
1797 1467 1885 1485 annu-

1088 1503 1134 1521 um
1151 1503 1251 1521 munus
1267 1496 1384 1523 accedat.
1425 1496 1502 1529 Quod
1515 1497 1538 1522 si
1551 1496 1654 1525 feceris.
1669 1504 1784 1532 magnus
1794 1495 1827 1522 ad
1839 1501 1884 1522 tua

1089 1533 1203 1567 pristina
1215 1541 1277 1568 erga
1289 1542 1332 1560 me
1342 1533 1431 1560 studia
1443 1533 1570 1560 cumulus
1582 1532 1700 1559 accedet.

1140 1602 1204 1622 xut.
1216 1603 1234 1622 Α
1241 1602 1293 1622 tto.
1305 1602 1408 1623 Paullum
1419 1606 1521 1628 regnunt
1531 1602 1707 1630 rupplicntiones
1717 1601 1762 1622 nit-i
1772 1602 1882 1626 decem-r.

1087 1639 1109 1657 et
1119 1643 1180 1657 suum
1191 1636 1380 1657 existimationem
1391 1637 1414 1657 in
1425 1637 1506 1658 ceteri·
1515 1638 1658 1658 commendat.

1268 1674 1299 1696 (ln
1309 1673 1383 1694 Cincin.
1391 1674 1467 1695 Paullo,
1477 1674 1570 1692 m-roetto
1580 1680 1626 1692 ena.
1638 1674 1693 1695 70⁴.)

1122 1717 1158 1743 M.
1180 1717 1211 1743 T.
1233 1716 1263 1744 C.
1285 1717 1362 1744 IMP.
1382 1716 1410 1743 S.
1432 1717 1461 1744 P.
1482 1718 1513 1743 D.
1536 1717 1565 1743 L.
1586 1715 1741 1743 PAULLO
1761 1715 1843 1743 COS.

1141 1756 1164 1780 1.
1185 1749 1310 1781 Maxime
1326 1754 1394 1780 mihi
1410 1753 1461 1781 fuit
1476 1759 1596 1789 optatum
1609 1754 1706 1780 Romae
1722 1762 1781 1780 esse
1793 1759 1882 1780 tecum

1084 1790 1183 1818 multas
1194 1791 1228 1818 ob
1239 1800 1358 1822 caussas,
1372 1791 1419 1818 sed
1430 1792 1583 1827 praecipue.
1597 1796 1627 1818 ut
1637 1796 1662 1817 et
1674 1792 1700 1817 in
1713 1790 1840 1826 petendo,
1856 1796 1883 1818 et

1084 1829 1111 1854 in
1132 1829 1251 1864 gerendo
1271 1829 1412 1855 consulatu
1433 1837 1524 1855 meum
1545 1829 1594 1855 tibi
1616 1828 1739 1854 debitum
1759 1827 1882 1855 studium

1083 1866 1236 1901 perspicere
1252 1875 1355 1901 posses.
1396 1866 1433 1892 Ac
1454 1866 1593 1901 petitionis
1608 1865 1721 1901 quidem
1736 1870 1797 1891 tuae
1815 1865 1882 1892 ratio

1083 1903 1151 1929 mihi
1163 1912 1270 1939 semper
1281 1903 1331 1930 fuit
1342 1903 1492 1938 explorata:
1505 1902 1554 1930 sed
1565 1908 1654 1929 tamen
1665 1911 1762 1929 navare
1771 1911 1881 1937 operam

1083 1940 1218 1967 volebam.
1258 1942 1287 1967 ln
1297 1940 1439 1967 consulatu
1451 1949 1514 1967 vero
1524 1941 1605 1976 cupio
1615 1939 1742 1975 equidem
1753 1945 1778 1966 te
1789 1940 1882 1966 minus

1083 1978 1182 2004 habere
1198 1979 1312 2014 negotii:
1334 1977 1382 2004 sed
1400 1977 1511 2005 moleste
1527 1977 1595 2009 fero,
1613 1986 1656 2003 me
1669 1976 1808 2004 consulem
1822 1981 1882 2003 stu—

1083 2015 1159 2041 dium
1171 2020 1248 2042 tuum
1260 2015 1438 2042 adolescentis
1448 2015 1622 2050 perspexisse
1630 2035 1636 2046 ,
1649 2019 1674 2041 te
1684 2023 1785 2045 meum,
1793 2022 1880 2049 quum

1082 2052 1110 2079 id
1121 2053 1214 2079 aetatis
1225 2054 1287 2083 sim,
1300 2053 1454 2088 perspicere
1464 2061 1516 2079 non
1527 2060 1617 2088 posse.
1656 2053 1682 2078 2.
1703 2051 1756 2078 Sed
1768 2052 1812 2082 ita.
1827 2050 1881 2078 fato

1082 2090 1174 2116 nescio
1185 2099 1252 2125 quo,
1269 2091 1416 2126 contigisse
1427 2089 1554 2121 arbitror,
1571 2094 1602 2116 ut
1615 2089 1665 2115 tibi
1681 2088 1714 2115 ad
1728 2096 1771 2115 me
1781 2096 1881 2115 ornan-

1082 2127 1148 2153 dum
1163 2136 1271 2162 semper
1285 2127 1363 2154 detur
1379 2127 1506 2158 facultas,
1523 2126 1592 2153 mihi
1607 2125 1640 2153 ad
1651 2125 1879 2153 remunerandum

1082 2164 1150 2191 nihil
1162 2169 1288 2200 suppetat
1301 2169 1408 2200 praeter
1420 2164 1596 2191 voluntatem.
1636 2163 1743 2190 Ornasti
1753 2161 1880 2189 consula-

1082 2207 1153 2233 tum,
1170 2203 1270 2228 ornasti
1285 2202 1403 2228 reditum
1419 2210 1520 2228 meum.
1560 2200 1658 2228 Incidit
1668 2209 1759 2227 meum
1770 2204 1880 2235 tempus

1082 2247 1171 2265 rerum
1182 2239 1362 2275 gerendarum
1373 2240 1401 2266 in
1412 2239 1503 2274 ipsum
1514 2238 1684 2265 consulatum
1698 2242 1787 2264 tuum.
1826 2237 1880 2263 lta-

1081 2284 1134 2311 que
1149 2285 1235 2312 quum
1250 2281 1276 2303 et
1290 2281 1336 2303 tua
1357 2285 1463 2303 summa
1483 2275 1633 2311 amplitudo
1652 2279 1678 2301 et
1696 2274 1828 2310 dignitas,
1851 2278 1879 2301 et

1080 2322 1158 2340 meus
1174 2322 1289 2350 magnus
1305 2313 1389 2340 honos
1404 2322 1556 2349 magnaque
1567 2311 1730 2339 existimatio
1741 2310 1878 2346 postulare

1081 2351 1213 2382 videatur,
1225 2356 1255 2377 ut
1265 2360 1279 2377 a
1291 2356 1315 2378 te
1326 2350 1453 2386 plurimis
1463 2350 1554 2377 verbis
1565 2349 1724 2376 contendam
1735 2357 1766 2374 ac
1775 2352 1874 2383 petam,

1079 2393 1109 2414 ut
1123 2396 1205 2423 quam
1221 2388 1524 2415 honorificentissimum
1539 2391 1649 2413 senatus
1667 2385 1821 2412 consultum
1841 2385 1876 2411 de

1079 2426 1148 2451 meis
1161 2425 1243 2451 rebus
1253 2426 1337 2461 gestis
1348 2425 1502 2451 faciendum
1515 2432 1607 2454 cures,
1625 2432 1677 2449 non
1693 2422 1778 2449 audeo
1791 2421 1877 2448 vehe-

1079 2467 1182 2488 menter
1203 2471 1217 2488 a
1235 2467 1260 2489 te
1276 2462 1450 2493 contendere,
1472 2470 1505 2487 ne
1521 2465 1565 2487 aut
1580 2461 1638 2495 ipse
1654 2465 1715 2487 tuae
1729 2463 1875 2495 perpetuae

1078 2499 1283 2526 consuetudinis
1293 2508 1356 2535 erga
1368 2507 1410 2525 me
1421 2498 1522 2525 oblitus
1533 2506 1592 2524 esse
1604 2498 1705 2528 videar,
1713 2502 1759 2523 aut
1769 2502 1792 2523 te
1803 2495 1876 2523 obli-

1078 2541 1136 2563 tum
1147 2541 1250 2571 putem.
1275 2539 1300 2563 3.
1316 2537 1413 2568 Quare,
1425 2540 1454 2562 ut
1465 2540 1490 2562 te
1501 2535 1570 2561 velle
1582 2535 1705 2565 arbitror,
1718 2535 1753 2560 ita
1764 2533 1871 2565 faciam,

1078 2579 1157 2609 atque
1169 2574 1202 2600 ab
1213 2583 1257 2604 eo,
1271 2582 1352 2608 quem
1363 2581 1457 2600 omnes
1467 2577 1561 2608 gentes
1572 2573 1663 2598 sciunt
1672 2571 1706 2598 de
1718 2579 1761 2597 me
1771 2571 1875 2606 optime

1078 2611 1216 2638 meritum.
1231 2611 1349 2637 breviter
1358 2615 1457 2645 petam.
1494 2609 1524 2636 Si
1535 2609 1581 2635 alii
1591 2608 1716 2636 eonsules
1727 2612 1824 2638 essent,
1838 2607 1872 2634 ad

1077 2653 1102 2674 te
1112 2648 1298 2683 potissimum,
1317 2647 1420 2678 Paulle,
1438 2647 1586 2678 mitterem,
1603 2651 1633 2673 ut
1648 2654 1693 2672 eos
1707 2645 1776 2672 mihi
1789 2652 1872 2680 quam

1927 2009 1941 2660 ,<Π”ε-.·-ιι.--.-·..-...-..-..ᾼ
