1941 3052
360 132 686 160 EPISTOLARUM
714 133 768 160 AD
796 132 1002 159 ATTICUM
1032 132 1113 159 LlB.
1134 132 1165 159 V.
1196 132 1257 159 ΕΡ.
1282 134 1310 159 10
1331 147 1366 152 -
1393 134 1431 159 45.
1667 136 1714 160 853

78 209 119 232 est
129 205 288 240 συμπαθῶς.
318 204 461 231 Brundisio
471 213 540 239 quae
551 204 600 231 tibi
611 203 740 239 epistolae
751 203 872 230 redditae

77 247 142 269 sunt
180 243 238 268 sine
264 249 336 272 mea,
370 246 427 268 tum
451 241 579 268 videlicet
599 241 689 273 datae,
715 250 801 276 quum
822 250 872 277 ego
892 260 893 265 ,

78 288 121 306 me
131 288 184 306 non
194 278 265 305 belle
276 278 414 305 haberem.
454 279 521 305 Nam
536 279 611 305 illam
621 278 814 314 νομανανδρίαν
825 287 873 305 ex-

78 317 244 343 cusationem
255 324 288 342 ne
300 317 445 351 acceperis.
486 316 564 348 Cura,
578 321 608 344 ut
618 316 708 343 omnia
719 316 812 347 sciam,
825 315 873 343 sed

78 354 206 385 maxime,
218 358 249 381 ut
259 353 360 380 valeas.

131 423 184 444 ΧῘῙ.
212 426 243 447 (In
253 425 299 442 mari
310 425 334 443 ad
344 426 413 443 Delum
423 424 511 445 insulam,
522 425 579 446 Ruso,
589 424 682 443 Marcello
692 430 738 442 coss.
749 425 805 446 703.)

265 467 431 495 CICERO
459 467 627 495 ATTICO
658 467 686 494 S.

136 508 158 533 l.
175 500 326 541 Negotium
337 514 466 541 magnum
477 511 517 532 est
528 506 663 541 navigare,
672 509 752 540 atque
763 504 791 531 id
798 513 875 531 men-

80 553 110 572 se
120 542 245 577 Quintili.
277 543 358 569 Sexto
368 543 412 569 die
423 543 518 569 Delum
528 543 641 569 Athenis
653 543 790 570 venimus.
816 542 875 568 Pri-

79 582 124 609 die
144 582 233 607 Nonas
248 580 363 613 Quintil.
381 590 394 607 a
405 581 513 606 Piraeeo
529 580 562 606 ad
573 581 687 611 Zostera,
701 584 780 606 vento
791 578 876 606 mole-

79 624 130 651 sto,
150 619 198 654 qui
211 627 258 644 nos
269 617 372 644 ibidem
384 618 467 644 Nonis
479 618 574 644 tenuit.
613 617 646 643 Α.
658 617 686 643 d.
698 625 755 643 vm.
766 616 830 643 Idus
841 616 875 642 ad

79 657 133 684 Ceo
143 655 271 683 iucunde.
312 655 376 682 Inde
388 655 508 690 Gyarum
522 663 602 681 saevo
614 659 702 684 vento,
714 662 767 680 non
778 653 876 680 adver-

80 703 123 721 so:
155 693 219 720 hinc
231 692 355 728 Scyrum,
370 692 433 719 inde
443 691 548 723 Delum,
566 696 679 726 utroque
690 691 780 722 citius,
793 699 875 726 quam

79 730 227 761 vellemus,
250 739 359 756 cursum
375 729 552 756 confecimus.
602 730 656 755 Iam
671 729 743 755 nosti
753 728 876 764 ἄφρακτα

79 768 260 795 Rhodiorum:
292 766 371 797 nihil,
388 766 461 801 quod
475 767 566 793 minus
577 765 688 792 fluctum
700 765 768 792 ferre
779 766 875 800 possit.

79 807 172 841 Itaque
193 810 248 831 erat
268 805 295 830 in
311 805 401 830 animo
415 803 484 830 nihil
501 803 635 834 festinare,
650 802 713 829 Delo
724 811 773 829 nec
784 811 877 829 move-

81 852 118 874 re,
141 843 195 869 nisi
215 842 305 868 omnia
325 840 490 877 ἀκρωτηρίων
512 840 586 876 οῧρια
606 840 749 866 vidissem.
794 841 819 866 2,
840 840 877 866 De

80 879 204 907 Messalla
225 879 258 905 ad
274 883 298 905 te
313 879 413 909 statim,
431 882 461 904 ut
472 877 574 908 audivi,
588 877 620 904 de
632 878 721 913 Gyaro
732 877 795 904 dedi
806 877 878 903 litte-

80 927 137 944 ras:
170 921 196 943 et
214 916 243 942 id
262 916 353 950 ipsum
368 915 513 942 consilium
528 920 650 942 nostrum
666 916 746 942 etiam
762 914 796 941 ad
811 915 878 941 Hor-

80 955 212 986 tensium,
235 954 280 980 cui
292 953 404 988 quidem
414 952 493 979 valde
504 954 679 989 συνηγωνίων.
710 952 763 979 Sed
774 957 833 979 tuas
843 951 877 978 de

80 993 140 1019 eius
161 991 255 1018 iudicii
272 990 443 1017 sermonibus
455 995 481 1017 et
491 989 645 1017 mehercule
655 991 729 1016 omni
741 989 774 1016 de
786 990 878 1024 reipu-

80 1029 168 1056 blicae
188 1032 258 1055 statu
274 1027 374 1054 litteras
389 1032 529 1062 exspecto,
551 1027 749 1063 πολιτικώτερον
765 1027 876 1062 quidem

80 1067 204 1102 scriptas,
217 1066 355 1101 (quoniam
372 1074 446 1092 meos
461 1074 524 1092 cum
535 1064 705 1092 Thallumeto
716 1070 805 1092 nostro
817 1073 878 1099 per—

80 1103 187 1131 volutas
200 1103 303 1138 libros,)
315 1102 458 1134 eiusmodi,
472 1103 592 1138 inquam,
607 1102 717 1134 litteras,
731 1111 765 1129 ex
776 1102 877 1137 quibus

81 1149 141 1177 ego,
153 1150 206 1168 non
217 1140 285 1176 quid
296 1140 349 1171 fiat,
362 1140 435 1175 (nam
449 1140 477 1166 id
489 1139 531 1167 vel
543 1139 680 1171 Helenius,
695 1140 736 1167 vir
746 1140 879 1176 gravissi-

81 1187 157 1210 mus,
175 1183 262 1213 potest
276 1177 391 1209 efficere,
409 1177 493 1204 cliens
510 1177 598 1213 tuus,)
614 1177 661 1204 sed
677 1177 744 1212 quid
756 1177 878 1203 futurum

81 1217 127 1243 sit.
167 1217 256 1243 Etiam
275 1224 361 1250 quum
377 1215 443 1241 haec
459 1215 542 1251 leges,
564 1215 728 1242 habebimus
739 1214 876 1241 consules.

81 1253 179 1280 Omnia
199 1253 352 1288 perspicere
371 1253 481 1287 poteris,
502 1252 535 1279 de
551 1252 672 1284 Caesare,
690 1252 724 1279 de
740 1252 876 1287 Pompeio,

82 1290 116 1317 de
127 1291 194 1325 ipsis
206 1290 328 1317 iudiciis.
368 1292 393 1316 3.
415 1291 510 1317 Nostra
521 1295 610 1318 autem
622 1291 737 1326 negotia,
750 1290 879 1324 quoniam

80 1328 181 1355 Romae
200 1328 387 1359 commoraris,
406 1327 502 1354 amabo
513 1332 552 1359 te,
568 1327 684 1362 explica.
725 1327 775 1354 Cui
786 1328 824 1353 rei
836 1326 880 1353 fu-

81 1370 157 1401 gerat
177 1374 220 1392 me
236 1365 398 1396 rescribere,
420 1365 453 1391 dc
469 1369 542 1391 strue
558 1364 685 1396 laterum,
707 1364 786 1399 plane
803 1373 877 1400 rogo.

80 1403 118 1429 De
130 1411 208 1438 aqua,
232 1403 255 1429 si
266 1402 333 1437 quid
345 1403 442 1437 poterit
452 1402 519 1433 fieri,
537 1411 567 1429 eo
579 1403 617 1429 sis
628 1403 726 1433 animo,
744 1410 798 1437 quo
809 1402 879 1428 soles

81 1449 155 1467 esse:
178 1449 259 1475 quam
270 1448 320 1475 ego
330 1448 416 1474 quum
427 1448 486 1467 mea
497 1444 601 1474 sponte,
614 1445 672 1466 tum
683 1439 737 1466 tuis
747 1440 880 1466 sermoni-

81 1477 134 1504 bus
149 1478 261 1504 aestimo
272 1477 396 1512 plurimi.
434 1478 505 1513 Ergo
516 1477 620 1512 aliquid
632 1476 769 1504 conficies.
801 1477 880 1503 Prae-

81 1519 162 1547 terea,
185 1515 209 1542 si
220 1514 287 1550 quid
297 1514 440 1550 Philippus
452 1515 569 1550 rogavit,
586 1514 659 1549 quod
671 1515 698 1541 in
709 1523 758 1541 sua
770 1523 797 1541 re
809 1514 880 1541 face—

82 1561 138 1583 res,
160 1552 188 1579 id
209 1552 292 1579 velim
313 1551 405 1578 facias.
455 1552 534 1579 Plura
549 1552 667 1579 scribam
683 1552 716 1578 ad
732 1557 771 1584 te,
793 1560 880 1588 quum

82 1590 239 1617 constitere:
262 1598 334 1616 nunc
345 1598 418 1616 eram
429 1589 508 1625 plane
519 1590 546 1616 in
559 1589 648 1617 medio
659 1590 737 1616 mari.

132 1659 196 1680 ΧΠῙ.
219 1660 306 1684 (Ephesi,
316 1661 372 1682 Rufo,
383 1661 475 1679 Marcello
486 1667 532 1678 mu.
544 1663 599 1682 70³.)

269 1704 437 1731 CICERO
466 1704 635 1732 ATTICO
664 1705 693 1732 S.

141 1743 164 1767 l.
185 1737 329 1776 Ephesum
351 1743 478 1769 venimus
490 1750 514 1769 a.
530 1742 558 1769 d.
574 1751 615 1769 xi.
629 1742 688 1769 Kal.
700 1742 787 1773 Sext.,
800 1750 881 1768 sexa-

82 1779 187 1815 gesimo
208 1783 234 1806 et
253 1779 472 1815 quingentesimo
486 1784 547 1815 post
560 1788 680 1816 pugnam
699 1779 878 1807 Bovillanam.

81 1816 279 1851 Navigavimus
290 1817 348 1843 sine
360 1817 454 1844 timore
465 1822 492 1844 et
507 1818 566 1844 sine
577 1826 690 1844 nausea:
707 1817 754 1844 sed
766 1817 878 1849 tardius,

82 1858 192 1889 propter
201 1854 389 1889 aphractorum
400 1854 568 1882 Rhodiorum
579 1854 803 1882 imbecillitatem.
843 1855 880 1881 De

85 1899 219 1918 concursu
240 1890 419 1927 legationum,
442 1893 608 1927 privatorum
629 1897 655 1919 et
674 1892 707 1919 de
723 1892 880 1919 incredibili

82 1927 267 1960 multitudine,
290 1937 360 1964 quae
376 1929 444 1956 mihi
460 1930 514 1956 iam
524 1929 607 1961 Sami,
624 1929 672 1956 sed
687 1929 840 1957 mirabilem
852 1930 880 1956 in

84 1965 195 1992 modum
215 1965 317 2000 Ephesi
333 1971 438 2001 praesto
453 1966 513 1998 fuit,
531 1971 576 1993 aut
591 1967 701 1994 audisse
712 1972 737 1994 te
747 1972 822 2002 puto,
835 1971 881 1993 aut

84 2002 151 2038 quid
162 2002 195 2028 ad
207 2010 250 2029 me
261 2002 372 2030 attinet?
403 2004 605 2031 Verumtamen.
646 2005 802 2035 Decumani,
815 2013 845 2030 ac
857 2005 879 2030 si

83 2040 220 2067 venissem
240 2048 303 2066 cum
318 2041 447 2075 imperio,
469 2041 564 2068 Graeci
578 2042 658 2076 quasi
668 2041 787 2076 Ephesio
803 2049 881 2076 prae—

83 2077 134 2104 tori
149 2085 178 2103 se
192 2076 293 2104 alacres
303 2077 469 2105 obtulerunt.
509 2078 550 2105 Ex
561 2087 615 2113 quo
626 2083 651 2106 te
662 2078 812 2114 intelligere
823 2087 882 2105 cer-

84 2119 110 2141 to
126 2115 192 2145 scio,
210 2114 356 2142 multorum
373 2123 505 2141 annorum
519 2116 712 2142 ostentationes
723 2125 797 2142 meas
809 2124 881 2142 nunc

84 2152 112 2178 in
134 2151 282 2179 discrimen
298 2160 357 2179 esse
373 2152 513 2179 adductas.
554 2152 617 2185 Sed,
631 2158 661 2180 ut
671 2162 760 2188 spero,
773 2158 881 2180 utemur

84 2197 114 2216 ea
130 2189 271 2224 palaestra,
293 2198 376 2225 quam
391 2198 406 2216 a
422 2194 446 2216 te
457 2189 618 2223 didicimus,
640 2191 824 2226 omnibusque
838 2199 882 2217 sa-

84 2226 265 2259 tisfaciemus;
298 2232 324 2254 et
337 2235 368 2254 eo
385 2227 502 2258 facilius,
519 2227 592 2262 quod
603 2228 630 2254 in
641 2233 730 2255 nostra
742 2229 881 2263 provincia

84 2263 220 2291 confectae
236 2269 300 2291 sunt
313 2265 460 2299 pactiones.
500 2264 552 2291 Sed
569 2265 707 2297 hactenus,
722 2266 880 2301 praesertim

84 2309 171 2337 quum
191 2303 313 2329 coenanti
334 2302 402 2329 mihi
423 2302 558 2328 nuntiaret
568 2302 690 2329 Caestius
711 2311 740 2330 se
755 2303 789 2329 de
806 2308 881 2330 nocte

83 2339 230 2374 proficisci.
270 2341 296 2366 2.
318 2340 374 2366 Tua
394 2340 499 2375 negotia
514 2339 616 2374 Ephesi
637 2348 717 2367 curae
737 2341 805 2367 mihi
823 2340 882 2367 fue-

83 2380 161 2403 runt:
192 2376 376 2412 Thermeque.
395 2377 500 2404 tametsi
516 2381 576 2403 anto
587 2377 734 2404 adventum
746 2386 836 2405 meum
850 2378 882 2404 li-

84 2413 254 2440 beralissime
265 2419 320 2441 erat
330 2414 468 2450 pollicitus
481 2415 533 2441 tuis
544 2414 681 2445 omnibus,
691 2419 779 2441 tamen
792 2415 882 2441 Philo—

84 2458 181 2487 genem
201 2455 227 2478 et
237 2451 329 2478 Seium
346 2452 458 2484 tradidi3
483 2451 721 2487 Apollonidensem
742 2452 881 2479 Xenonem

84 2488 284 2515 commendavi.
323 2489 440 2516 Omnino
459 2490 549 2515 omnia
570 2497 599 2515 se
620 2488 753 2516 facturum
771 2490 880 2524 recepit.

85 2525 143 2561 Ego
155 2530 289 2560 praeterea
302 2527 431 2554 rationem
443 2526 583 2562 Philogeni
596 2527 800 2561 permutationis
811 2528 879 2558 eius,

85 2570 168 2597 quam
184 2567 273 2590 tecum
298 2563 363 2596 feci,
381 2564 466 2591 edidi.
506 2564 576 2599 Ergo
591 2564 656 2590 haee
671 2572 780 2600 quoque
792 2565 883 2591 hacte-

85 2607 148 2626 nus.
189 2601 214 2626 3.
236 2600 325 2628 Redeo
339 2601 372 2628 ad
385 2601 497 2629 urbana.
537 2602 586 2628 Per
597 2601 730 2628 fortunas!
752 2602 881 2637 quoniam

85 2637 185 2664 Romae
206 2646 311 2670 manes,
333 2639 453 2674 primum
474 2638 542 2666 illud
563 2638 693 2674 praefulci
709 2643 789 2674 atque
805 2647 883 2674 prae-

86 2675 177 2707 muni,
193 2682 307 2711 quaeso,
324 2681 355 2705 ut
364 2677 452 2704 simus
466 2677 563 2710 annui3
590 2685 623 2703 no
638 2676 810 2704 intercaletur
819 2677 883 2713 qui-

924 202 996 229 dem.
1035 203 1136 230 Deinde
1157 203 1269 230 exhauri
1294 212 1353 230 mea
1368 203 1504 235 mandata·⁷
1533 204 1714 239 maximeque.

924 241 947 266 si
963 240 1029 275 quid
1043 245 1142 275 potest,
1165 240 1198 266 de
1210 240 1256 267 ille
1266 240 1425 272 domestico,
1442 241 1615 276 scrupulum.
1636 250 1717 276 quem

924 286 977 304 non
994 278 1112 313 ignora53
1140 277 1238 304 deinde
1254 278 1286 305 de
1298 278 1423 305 Caesare:
1447 279 1526 305 cuius
1540 279 1568 305 in
1582 278 1718 313 cupidita-

924 320 978 341 tem
998 321 1023 342 te
1039 320 1143 342 auctore
1159 316 1285 347 incubuig
1310 325 1358 342 nec
1372 324 1414 342 me
1426 316 1509 351 piget.
1549 316 1590 347 Et,
1604 317 1627 342 si
1639 316 1718 343 intel-

926 352 1002 387 ligis,
1024 361 1105 387 quam
1121 361 1211 378 meum
1227 354 1262 379 sit
1276 354 1344 379 scire
1360 359 1386 380 et
1396 362 1498 383 curare,
1520 353 1587 388 quid
1598 354 1625 380 in
1638 362 1719 388 repu-

925 389 996 416 blica
1008 389 1066 416 fiat:
1079 405 1115 409 —
1130 389 1173 416 fiat
1185 390 1291 416 autem‘?
1311 391 1393 417 immo
1404 399 1467 417 vero
1479 392 1559 417 etiam
1571 390 1638 426 quid
1646 390 1720 417 futu—

925 435 985 453 rum
997 428 1045 457 sit,
1059 427 1196 461 perscribe
1212 427 1245 453 ad
1256 436 1298 453 me
1309 429 1411 460 omnia;
1434 428 1481 454 sed
1493 428 1716 463 diligentissime:

926 465 953 490 in
965 465 1124 499 primisque,
1140 464 1239 498 ecquid
1250 464 1411 491 iudiciorum
1423 470 1517 496 status,
1534 470 1578 491 aut
1590 465 1720 491 factorum

926 507 971 528 aut
987 501 1139 528 futurorum
1154 502 1243 532 etiam,
1254 501 1363 528 laboret.
1404 503 1440 528 De
1451 511 1530 537 aqua,
1543 504 1566 529 si
1577 511 1657 529 curae
1668 507 1718 533 est,

926 540 950 566 si
961 538 1028 574 quid
1039 538 1183 573 Philippus
1194 544 1263 574 aget,
1277 539 1486 566 animadvertas.

1072 609 1185 631 (Trallibus,
1196 610 1253 629 Rufo,
1264 611 1355 628 Marcello
1366 617 1412 627 mss.
1424 611 1478 631 703.)

1113 653 1281 680 CICERO
1309 653 1475 680 ATTICO
1506 654 1534 680 S.

984 692 1007 716 l.
1028 686 1185 725 Antequam
1197 691 1288 726 aliquo
1299 690 1355 717 loco
1365 691 1519 721 consedero,
1529 699 1616 726 neque
1629 691 1721 727 longas

928 736 942 754 a
960 735 1012 758 me,
1035 736 1123 762 neque
1138 736 1245 763 semper
1260 737 1319 754 mea
1334 737 1415 754 manu
1428 728 1527 755 litteras
1539 729 1719 763 exspectabis.

928 764 1017 797 Quum
1028 769 1117 791 autem
1129 766 1179 791 erit
1189 766 1316 800 spatium,
1325 771 1470 800 utrumque
1478 766 1627 800 praestabo.
1644 766 1722 792 Nunc

928 802 978 828 iter
997 802 1207 828 conficiebamus
1218 807 1339 829 aestuosa
1352 808 1376 829 et
1387 802 1574 837 pulverulenta
1588 804 1640 829 via.
1671 804 1722 830 De-

928 839 1021 865 deram
1040 839 1149 874 Epheso
1166 840 1267 874 pridie:
1290 840 1338 866 has
1353 839 1417 866 dedi
1434 839 1580 866 Trallibus.
1621 841 1648 866 In
1660 849 1723 875 pro-

929 877 1018 903 vincia
1033 885 1091 903 mea
1107 876 1162 903 fore
1176 886 1218 903 me
1228 877 1357 912 putabam
1368 877 1427 903 Kal.
1441 877 1600 903 Sextilibus.
1641 878 1681 904 Ex
1692 886 1722 904 ea

929 914 986 945 die,
1007 914 1031 940 si
1051 922 1094 940 me
1110 922 1197 945 amas,
1217 914 1384 950 παράπηγμα
1400 914 1529 942 ἐνιαύσιον
1545 919 1721 941 commoveto.

929 952 1029 978 Tamen
1046 952 1145 978 interea
1161 952 1235 983 haec,
1248 960 1317 986 quae
1329 951 1436 982 vellem,
1450 952 1518 977 mihi
1530 951 1721 978 afferebantur:

929 989 1049 1024 primum
1069 990 1153 1016 otium
1169 989 1337 1020 Parthicum,
1357 989 1420 1015 dein
1435 988 1570 1015 confectae
1587 990 1724 1024 pactiones

929 1026 1151 1061 publicanorum.
1168 1031 1303 1062 postremo
1324 1026 1421 1053 seditio
1442 1026 1559 1053 militum
1580 1026 1670 1054 sedata
1691 1027 1724 1053 ab

930 1063 1026 1098 Appio,
1044 1064 1266 1100 stipendiumque
1282 1065 1322 1090 eis
1334 1072 1420 1099 usque
1435 1063 1468 1090 ad
1482 1064 1545 1090 Idus
1558 1063 1649 1096 Quint.
1663 1073 1725 1099 per-

930 1101 1059 1128 solutum.
1100 1103 1125 1129 2.
1148 1102 1201 1128 Nos
1221 1102 1285 1128 Asia
1305 1102 1407 1136 accepit
1425 1101 1630 1128 admirabiliter.
1669 1101 1726 1128 Ad-

930 1143 1027 1166 ventus
1047 1144 1136 1166 noster
1156 1140 1259 1166 nemini
1279 1147 1312 1165 ne
1327 1139 1440 1165 minimo
1455 1138 1567 1174 quideru
1584 1139 1635 1166 fuit
1650 1147 1726 1165 sum-

930 1177 1000 1211 ptui.
1040 1176 1124 1212 Spero
1144 1185 1218 1204 meos
1231 1185 1324 1203 omnes
1345 1177 1446 1203 servire
1465 1176 1538 1203 laudi
1550 1185 1634 1203 meae.
1675 1177 1726 1203 Ta—

931 1222 992 1241 men
1003 1223 1101 1250 magno
1112 1214 1206 1241 timore
1217 1223 1292 1241 sum:
1315 1214 1361 1240 sed
1374 1214 1442 1240 bene
1453 1222 1604 1249 speramus.
1625 1213 1726 1241 Omnes

931 1251 985 1278 iam
1005 1253 1090 1279 nostri
1114 1257 1218 1286 praeter
1237 1251 1358 1278 Tullium
1379 1256 1456 1278 tuum
1481 1257 1623 1279 venerunt.
1664 1252 1727 1278 Erat.

931 1289 1000 1315 mihi
1015 1290 1043 1316 in
1058 1289 1147 1316 animo
1163 1294 1232 1316 recta
1249 1289 1382 1324 proticisci
1393 1289 1426 1315 ad
1437 1290 1595 1320 exercitum,
1609 1290 1727 1316 aestivos

931 1335 1038 1353 menses
1058 1327 1177 1361 reliquos
1199 1328 1238 1353 rei
1254 1326 1364 1353 militari
1375 1326 1452 1357 dare,
1476 1326 1603 1353 hibernos
1615 1326 1727 1353 iurisdi-

931 1365 1023 1391 ctioni.
1054 1366 1079 1391 3.
1101 1364 1150 1395 Tu,
1164 1364 1257 1396 velim,
1270 1365 1294 1390 si
1306 1372 1347 1390 me
1359 1363 1445 1390 nihilo
1457 1364 1547 1390 minus
1558 1364 1627 1390 nosti
1638 1364 1727 1390 curio-

931 1411 992 1428 sum
1007 1402 1034 1428 in
1046 1401 1194 1437 republica,
1207 1410 1289 1437 quam
1301 1406 1334 1431 te,
1343 1401 1445 1427 scribas
1457 1401 1489 1427 ad
1501 1402 1648 1432 meomnia,
1658 1409 1726 1436 quae

931 1440 994 1471 sint,
1011 1448 1080 1474 quae
1097 1438 1185 1466 futura
1197 1440 1260 1466 sint.
1301 1438 1375 1465 Nihil
1389 1439 1455 1465 mihi
1466 1439 1570 1474 gratius
1582 1438 1667 1465 facere
1679 1447 1727 1473 po-

931 1482 984 1504 tes:
1007 1477 1061 1503 nisi
1076 1481 1165 1503 tamen
1181 1477 1208 1503 id
1219 1478 1269 1504 erit
1280 1476 1349 1503 mihi
1359 1476 1553 1512 gratissimum,
1567 1477 1600 1507 si,
1613 1485 1682 1511 quae
1694 1477 1728 1502 ti-

931 1515 960 1541 bi
971 1514 1107 1545 mandavi,
1120 1514 1281 1541 confeceris:
1298 1514 1325 1540 in
1337 1514 1487 1549 primisque
1499 1513 1725 1549 illuds'zsddpvlov,

931 1560 985 1587 quo
1006 1552 1074 1578 mihi
1094 1552 1148 1578 scis
1169 1551 1238 1578 nihil
1262 1560 1321 1578 esse
1342 1552 1442 1578 carius.
1482 1551 1570 1577 llabes
1586 1551 1727 1586 epistolam

931 1589 1039 1625 plenam
1060 1588 1239 1617 festinationis
1253 1594 1279 1616 et
1289 1588 1421 1624 pulveris.
1461 1588 1591 1624 Reliquae
1602 1588 1728 1616 subtilio-

932 1636 974 1654 res
988 1631 1076 1654 erunt.

979 608 1042 629 XIV.

984 1697 1036 1718 XV.
1060 1698 1182 1720 (Lan-tivene,
1192 1698 1249 1718 Rufo.
1259 1699 1318 1716 Mun«
1326 1698 1350 1715 11·
1361 1704 1406 1716 com.
1419 1699 1474 1718 70³.)

989 1781 1011 1806 l.
1032 1774 1199 1806 Laodiceam
1215 1779 1277 1805 veni
1293 1778 1380 1813 pridie
1393 1778 1450 1805 Kal.
1464 1778 1538 1805 Sext.
1572 1777 1613 1804 Ex
1624 1777 1673 1805 hoc
1684 1777 1728 1804 die

931 1816 1041 1843 clavum
1066 1817 1130 1843 anni
1155 1816 1288 1843 movebis.
1339 1815 1412 1842 Nihil
1437 1816 1590 1850 exoptatius
1611 1814 1728 1842 adventu

933 1863 1001 1886 meo,
1019 1854 1087 1881 nihil
1099 1855 1199 1881 carius.
1239 1853 1290 1880 Sed
1303 1858 1342 1879 est
1354 1853 1521 1885 incredibile,
1535 1862 1616 1889 quam
1629 1861 1670 1879 me
1683 1861 1730 1879 ne-

933 1893 998 1927 gotii
1015 1892 1127 1919 taedeat.
1168 1892 1226 1918 Non
1238 1891 1318 1918 habet
1328 1891 1393 1917 satis
1406 1899 1533 1926 magnum
1546 1899 1670 1925 campum
1684 1889 1730 1916 ille

933 1929 983 1956 tihi
1004 1938 1056 1956 non
1077 1930 1184 1965 ignotus
1206 1937 1302 1955 cursus
1323 1929 1420 1959 animi,
1443 1933 1468 1955 et
1486 1928 1634 1955 industriae
1656 1936 1730 1954 meae

933 1967 1068 2002 praeclara
1087 1976 1166 2002 opera
1187 1971 1284 1993 cessat.
1323 1966 1442 2000 Quippe;
1467 1966 1509 1992 ius
1525 1965 1671 1992 Laodiceae
1687 1973 1730 1991 me

932 2004 1031 2036 dicere,
1047 2013 1133 2039 quum
1145 2005 1243 2030 Romae
1255 2003 1286 2030 A.
1298 2003 1400 2030 Plotius
1412 2003 1500 2030 dicat?
1520 2008 1545 2030 et
1555 2012 1640 2038 quum
1652 2011 1730 2029 exer-

932 2042 1016 2068 citum
1038 2047 1127 2068 noster
1138 2042 1242 2068 amicus
1258 2041 1354 2067 habeat
1370 2046 1487 2072 tantum,
1510 2049 1552 2067 mc
1569 2049 1665 2067 nomen
1683 2040 1730 2066 ha-

933 2079 996 2106 bere
1012 2079 1127 2106 duarum
1145 2079 1282 2114 legionum
1297 2077 1430 2105 exilium?
1454 2079 1574 2113 Denique
1591 2078 1655 2104 haec
1678 2086 1728 2103 uon

932 2116 1069 2148 desidero,
1094 2116 1195 2147 lucem,
1215 2115 1315 2146 forum,
1329 2115 1438 2146 Urbem,
1455 2115 1580 2145 domum,
1598 2123 1645 2141 vos
1657 2114 1729 2140 desi-

932 2153 1006 2180 dero.
1047 2153 1100 2180 Sed
1116 2153 1213 2183 feram.
1228 2158 1370 2187 utpotero;
1393 2153 1428 2180 sit
1440 2153 1518 2179 modo
1530 2161 1660 2179 annuum.
1701 2151 1728 2177 Si

934 2196 1099 2226 prorogatur,
1122 2195 1211 2217 actum
1227 2195 1277 2216 est.
1318 2190 1416 2216 Verum
1434 2189 1560 2224 perfacile
1577 2189 1664 2216 resisti
1683 2197 1728 2223 po-

933 2233 996 2260 test;
1015 2233 1042 2254 tu
1058 2227 1136 2254 modo
1149 2228 1245 2254 Romae
1257 2228 1305 2253 sis.
1327 2228 1352 2253 2².
1365 2226 1486 2259 Quaeris,
1500 2226 1567 2261 quid
1580 2226 1623 2252 liic
1635 2225 1730 2261 agam?

933 2267 968 2292 lta
985 2265 1086 2295 vivam.
1107 2270 1136 2291 ut
1152 2265 1284 2290 maximos
1300 2269 1425 2298 sumptus
1443 2263 1519 2290 facio.
1561 2264 1670 2290 Mirifice
1682 2262 1728 2288 dc-

934 2303 1014 2329 lector
1026 2302 1075 2328 hoc
1088 2303 1218 2329 instituto.
1245 2301 1422 2327 Admirabilis
1433 2301 1594 2328 abstinentia
1607 2309 1640 2327 cx
1653 2308 1728 2335 prue-

932 2341 1018 2375 ceptis
1039 2340 1105 2371 tuis;
1130 2344 1158 2366 ut
1174 2347 1274 2369 verear.
1293 2347 1325 2364 ne
1338 2338 1414 2369 illud.
1432 2338 1504 2373 quod
1521 2344 1606 2364 tecum
1621 2346 1729 2372 permu-

933 2378 997 2407 tavi.
1011 2385 1120 2404 versura
1133 2376 1200 2403 mihi
1212 2375 1372 2402 solvendum
1385 2377 1428 2402 sit.
1461 2376 1540 2410 Appii
1555 2375 1664 2401 vulnera
1677 2383 1728 2401 non

934 2414 1043 2441 refrico:
1075 2414 1123 2440 sed
1139 2419 1282 2449 apparent,
1301 2422 1348 2439 nec
1364 2412 1452 2439 occuli
1469 2418 1590 2447 possunt.
1632 2414 1656 2438 3.
1680 2413 1729 2438 lter

934 2452 1063 2478 Laodicen
1076 2451 1206 2478 faciebam
1219 2460 1242 2477 u.
1256 2450 1283 2476 d.
1298 2459 1334 2476 iu.
1349 2451 1415 2476 Non.
1429 2450 1514 2479 Sext..
1527 2458 1612 2484 quum
1627 2449 1673 2475 has
1687 2448 1729 2475 lit-

934 2495 1002 2516 teras
1013 2489 1120 2519 dabam,
1130 2489 1156 2516 in
1167 2493 1252 2515 castrii
1265 2488 1291 2514 in
1303 2488 1475 2523 Lycaoniam,
1498 2487 1560 2513 inde
1571 2486 1604 2513 ad
1611 2487 1729 2513 Taurum

933 2526 1094 2561 cogitabam,
1112 2531 1141 2553 ut
1155 2535 1217 2553 cum
1235 2526 1390 2559 Moeragene
1402 2525 1488 2561 signis
1499 2524 1613 2555 collatis,
1630 2524 1654 2550 si
1666 2533 1729 2559 pos-

933 2573 1000 2595 sem,
1022 2564 1055 2590 de
1075 2572 1153 2590 servo
1173 2569 1219 2590 tuo
1239 2562 1401 2589 deciderem.
1441 2561 1562 2588 Clitellae
1583 2561 1645 2588 bovi
1665 2567 1730 2588 sunt

934 2602 1084 2636 impositae,
1098 2601 1176 2636 plano
1189 2609 1240 2627 nou
1252 2604 1292 2626 cst
1303 2605 1423 2626 nostrum
1434 2608 1512 2626 onus.
1529 2598 1582 2626 Sed
1596 2598 1726 2626 feremus:

934 2638 1021 2670 modo,
1034 2639 1058 2665 si
1070 2647 1112 2665 mo
1123 2647 1206 2669 anias,
1219 2638 1255 2664 sit
1265 2646 1396 2664 aunuum.
1434 2637 1514 2664 Adsis
1526 2642 1552 2663 tu
1565 2636 1598 2663 ad
1611 2642 1726 2671 tempus.

934 2681 963 2704 ut
982 2681 1105 2704 senatum
1127 2680 1210 2704 totum
1228 2675 1339 2702 excites.
1379 2675 1490 2702 Mirifice
1506 2674 1640 2702 sollicitus
1655 2682 1727 2704 sum,
