1941 3052
232 104 280 128 0'170
801 101 842 125 Ἡ.

878 98 1279 124 M.T.C1CERON15

233 174 541 206 restitutum,quumque
551 170 722 195 ent—ontentio
733 169 798 195 mibi
812 169 1023 203 mngnumetiam
1045 169 1047 206 ,l
1077 169 1218 203 proposita,
1245 177 1326 203 quam
1347 173 1376 194 ut
1395 169 1514 204 quotidie
1534 170 1717 197 vehementius
1738 174 1762 197 te
1779 170 1813 197 de
1829 178 1871 197 me

234 210 297 236 foris
319 210 432 235 [ructum
456 209 571 234 tulisset:
595 207 709 240 goudere
725 216 753 231 se
769 206 900 235 dicebant,
919 206 984 231 mibi
999 210 1024 232 et
1045 212 1047 238 ι
1075 207 1175 240 optime
1187 207 1310 231 meritum
1322 214 1381 231 esse
1394 206 1497 232 laetere.

235 247 310 273 illum
333 247 480 274 inimicum,
503 250 527 270 et
543 254 596 273 eos,
613 245 659 278 qui
678 244 702 269 in
718 243 809 268 endem
821 252 914 268 caussa
925 247 1022 272 essent,

235 293 380 318 numquam
393 284 490 308 annom
504 282 615 307 futuros.
656 280 774 311 Quorum
790 281 876 315 iniqui
888 288 1024 306 sermones

233 330 317 356 quum
334 321 364 345 nd
377 330 418 345 uu·
431 328 475 353 per
488 319 608 344 bnmines
621 318 823 343 honestissimos
836 317 1022 352 perferrentur,

233 366 371 393 quituique
385 357 525 390 Pompeius
538 357 570 381 ita
585 355 773 385 contendisset,
783 359 811 380 ut
822 354 1024 389 nibilumquam

234 396 327 428 magi-1,
348 399 374 419 ut
389 403 450 419 cnm
462 394 556 418 Crasso
572 392 684 418 redirem
702 393 727 418 in
742 393 862 426 gratiam,
876 392 1025 426 Caesarque

234 440 279 466 per
303 431 399 457 litteras
420 430 534 456 maxima
555 439 582 455 se,
604 429 723 455 molestia
745 438 777 455 cx
799 429 843 455 illa
859 430 1025 455 contentione

1045 243 1047 260 ι

1045 267 1047 289 l

234 469 354 494 affectum
371 467 533 493 mtenderct:
559 467 640 493 bubni
656 476 706 492 non
724 471 873 501 temporum
886 466 973 492 solum
986 475 1027 492 ru-
1046 490 1047 495 ,

234 507 329 532 tionem
351 514 479 534 meorum,
502 504 547 530 scd
569 505 647 530 etiam
664 509 785 534 naturae,
804 504 979 538 Crassusque,
998 508 1027 529 ut

233 544 308 578 qumi
322 547 413 568 testata
427 541 648 576 populoliomano
659 546 728 567 esset
739 546 825 567 nostra
837 541 929 574 gratia,
944 549 1026 575 paene

233 589 245 605 a
259 581 324 606 meis
338 580 436 605 laribus
450 580 474 605 in
489 578 845 613 provinciamestprol'ectus.
868 579 1025 613 Namquum

234 617 298 643 mibi
311 617 610 647 condixisset,caenavit
620 616 690 651 apud
704 616 781 642 mein
795 616 1026 651 meigeneriCras-

232 655 334 689 sipedis
356 654 447 680 bortis.
486 654 664 686 Quamobrem
685 655 744 680 eius
759 662 895 683 caussam,
913 652 985 688 quod
1002 657 1026 678 te

233 692 328 718 scribis
349 691 464 721 audisse,
488 700 582 725 magna
600 691 672 717 illius
691 691 919 717 commendatione
935 698 1027 716 susce·

234 733 304 763 ptam
330 729 436 755 defendi
454 729 480 755 in
496 733 603 759 senatu,
620 729 689 754 sicut
705 736 762 754 mea
783 728 848 754 lidos
865 728 1024 762 postulabat.

233 768 274 793 2¹.
296 766 438 800 Accepisti,
457 766 558 800 quibus
574 765 654 792 rebus
669 765 810 796 adductus,
823 774 959 800 quamque
971 774 1025 791 rem

233 812 410 838 caussamque
430 803 608 829 defenderim:
640 804 741 838 quiquo
757 811 832 829 meus
848 803 874 829 in
891 802 1026 837 republica

233 841 267 867 sit
289 850 335 876 pro
351 850 408 867 mea
425 845 496 875 parte
515 840 676 875 capessenda
688 845 781 866 status.
822 840 857 866 De
867 849 921 875 quo
931 840 970 865 sic
982 848 1027 865 ve-

235 878 281 904 lim
297 882 406 908 statuas,
425 887 466 904 me.
483 878 546 904 baec.
560 877 651 904 eadem
664 886 806 904 sensurum
819 877 910 907 fuisse,
924 878 946 903 si
960 877 1026 902 mibi

233 916 334 951 integra
345 916 432 942 onmia
444 924 473 941 ac
486 915 566 941 libera
580 915 704 941 fuissent.
726 916 791 941 Nam
808 923 893 950 neque
905 923 1027 949 pugnan-

210 963 214 970 ·
233 952 298 979 dum
319 953 459 979 arbitrarer
479 958 567 979 contra
585 957 669 978 tantas
684 961 756 987 opes,
774 960 860 987 neque
870 952 1024 982 delendum,

233 991 337 1016 etiamsi
358 990 384 1016 id
407 990 461 1016 fieri
479 995 576 1024 posset.
593 998 760 1016 summorum
776 990 876 1016 civium
893 990 1027 1024 principa-

234 1032 299 1058 tum,
323 1035 409 1062 neque
425 1027 635 1062 permanendum
657 1027 682 1053 in
699 1036 750 1053 una
765 1029 903 1057 sententia,
916 1035 1027 1053 conver·
1048 1023 1057 1066 J,

1048 1071 1057 1095 l,
1079 1064 1174 1098 nisque
1191 1068 1293 1090 nostrae
1308 1069 1388 1090 totam
1402 1064 1436 1090 ad
1448 1069 1472 1090 te
1483 1064 1582 1090 desero.

232 1065 270 1091 sis
292 1065 371 1091 rebus
391 1074 421 1091 ac
441 1065 570 1091 bonorum
594 1064 775 1091 voluntatibus
795 1065 956 1095 immutatis,
980 1063 1026 1089 sed

233 1102 398 1136 temporibus
423 1102 634 1128 assentiendum.

233 1139 366 1165 stantibus
382 1139 408 1165 in
429 1139 564 1173 republica
584 1139 756 1173 gubernanda
778 1139 843 1165 viris
864 1139 968 1165 laudata
988 1143 1026 1164 est

232 1177 260 1202 in
282 1185 333 1202 una
349 1177 478 1202 sententia
496 1181 620 1211 perpetua
639 1177 801 1211 permansio:
828 1176 883 1207 sed,
902 1177 968 1202 utin
981 1184 1027 1202 na-

233 1213 349 1249 vigando
370 1214 520 1248 tempestati
535 1214 647 1248 obsequi
664 1214 726 1239 artis
741 1218 789 1244 est,
802 1214 905 1240 etiamsi
922 1218 1026 1248 portum

232 1255 320 1277 tenere
335 1259 384 1276 non
401 1259 498 1285 queas:
520 1259 604 1285 quum
618 1251 716 1277 veroid
729 1251 814 1285 possis
831 1256 930 1277 mutata
943 1251 1028 1277 velili-

232 1288 334 1314 catione
351 1288 466 1322 assequi,
486 1288 597 1314 stultum
613 1293 652 1314 est
663 1297 724 1314 eum
737 1293 825 1315 tenere
835 1297 897 1315 cum
910 1288 1028 1323 periculo

231 1334 350 1356 cursum,
372 1334 452 1360 quem
469 1326 580 1360 ceperis,
603 1326 692 1360 potius
706 1334 796 1360 quam,
814 1334 845 1353 eo
855 1330 1025 1356 commutato,

231 1371 286 1397 quo
301 1362 376 1392 velis,
391 1362 496 1388 tandem
512 1363 663 1397 pervenire:
686 1363 733 1394 sic,
746 1372 831 1398 quum
842 1363 968 1390 omnibus
981 1371 1028 1389 no-

232 1400 274 1426 bis
296 1400 322 1426 in
341 1399 550 1426 administranda
571 1399 707 1434 republica
724 1401 890 1435 propositum
907 1409 965 1427 esse
981 1400 1028 1427 de-

233 1437 292 1463 beat
307 1437 342 1467 id,
360 1437 432 1472 quod
444 1446 457 1463 a
470 1445 511 1463 me
522 1438 678 1472 saepissime
690 1437 792 1464 dictum
803 1442 842 1464 est
865 1446 927 1464 cum
939 1438 1028 1474 digni-

231 1478 282 1501 tate
293 1475 390 1505 otium,
414 1483 466 1500 non
482 1474 552 1501 idem
571 1483 678 1509 semper
691 1474 788 1507 dicere,
805 1484 834 1502 se
869 1475 940 1501 idem
956 1484 1028 1502 sem-

231 1520 278 1546 per
293 1516 411 1546 spectare
426 1511 567 1538 debemus,
612 1512 800 1544 Quamobrem,
822 1517 852 1539 ut
867 1512 957 1548 paullo
968 1517 1027 1539 ante

231 1549 318 1583 posui,
340 1549 363 1575 si
379 1553 467 1575 essent
481 1550 570 1575 omnia
583 1549 648 1575 mibi
660 1549 834 1581 solutissima,
848 1554 935 1576 tamen
947 1551 974 1576 in
985 1558 1028 1576 re-

231 1586 338 1620 publica
350 1595 400 1612 non
413 1586 482 1612 alius
493 1594 588 1617 essem,
598 1591 677 1621 atque
690 1595 760 1613 nunc
771 1596 843 1614 sum.
864 1587 953 1620 Quum
965 1596 1028 1614 vero

231 1624 258 1649 in
271 1623 341 1649 bunc
352 1632 461 1649 sensum
473 1628 498 1649 et
509 1623 610 1650 alliciar
623 1624 759 1651 beneficiis
766 1624 1028 1655 bominum,etcom-

231 1660 314 1695 pellar
335 1661 454 1686 iniuriis:
478 1660 554 1687 facile
569 1662 662 1696 patior,
675 1670 705 1688 ea
722 1670 764 1688 me
774 1661 807 1688 de
818 1662 955 1697 republica
966 1671 1027 1689 sen-

231 1698 280 1723 tiro
301 1705 330 1723 ac
351 1697 448 1728 dicere,
465 1706 534 1732 quae
551 1699 666 1725 maxime
681 1707 767 1733 quum
783 1699 859 1731 mibi,
878 1704 934 1726 tum
947 1701 1026 1726 etiam

231 1733 394 1769 reipublicae
415 1735 562 1761 rationibus
585 1740 676 1770 putem
697 1736 855 1762 conducere.
902 1737 1026 1771 Apertius

231 1776 319 1798 autem
341 1771 405 1797 baec
425 1780 474 1807 ago
489 1781 518 1798 ao
534 1773 652 1807 saepius,
669 1773 742 1807 quod
757 1778 783 1800 et
796 1773 926 1805 Quintus,
948 1773 1027 1800 frater
1048 1773 1049 1781 ¹

231 1817 317 1839 meus,
332 1808 434 1844 legatus
445 1813 485 1835 est
496 1809 624 1841 Caesaris,
632 1814 658 1836 et
669 1810 774 1836 nullum
787 1819 876 1837 meum
883 1812 1026 1838 minimum

230 1845 346 1876 dictum,
367 1854 418 1872 non
439 1846 517 1873 modo
538 1846 649 1878 sactum,
673 1855 720 1882 pro
740 1848 850 1875 Caesare
865 1849 1023 1880 intercessit,

230 1882 303 1918 quod
323 1882 368 1908 ille
384 1891 434 1909 non
451 1884 485 1909 ita
496 1883 594 1910 illustri
604 1885 689 1920 gratia
700 1886 842 1920 exceperit,
865 1891 894 1912 ut
905 1895 953 1922 ego
964 1895 1026 1912 eum

231 1920 297 1946 mihi
309 1919 462 1946 devinctum
475 1925 604 1955 putarem.
639 1922 730 1957 Itaque
741 1923 799 1949 eius
810 1924 882 1949 omni
893 1928 919 1950 et
931 1925 1024 1959 gratia,

230 1965 300 1992 quae
314 1965 420 1983 summa
435 1962 483 1989 est,
497 1962 522 1984 et
532 1959 639 1993 opibuS,
651 1967 719 1994 quas
731 1960 859 1996 intelligis
871 1969 929 1987 esse
940 1963 1027 1988 maxi-

231 2003 298 2026 mas,
321 1995 359 2020 sic
375 1993 456 2025 fruor,
470 1999 499 2021 ut
510 1996 586 2021 meis.
627 1997 681 2023 Nec
691 1997 758 2023 mihi
768 1997 844 2024 aliter
855 1999 975 2033 potuisse
986 1999 1027 2025 vi-

230 2031 294 2058 deor
314 2031 454 2058 hominum
476 2033 640 2067 perditorum
659 2034 692 2060 de
710 2043 752 2060 me
767 2035 877 2061 consilia
893 2035 1023 2072 frangere,

231 2069 282 2095 nisi
294 2077 356 2095 cum
368 2069 508 2103 praesidiis
521 2070 562 2101 iis,
571 2079 640 2105 quae
649 2080 756 2106 semper
766 2071 858 2104 habui,
868 2074 1025 2100 nuncetiam

230 2107 378 2141 potentium
391 2106 600 2133 benevolentiam
611 2109 822 2135 coniunxissem.
861 2112 903 2137 22.
919 2111 966 2137 His
977 2119 1026 2147 ego

230 2143 360 2174 consiliis,
383 2144 405 2169 si
427 2148 450 2170 te
467 2149 632 2178 praesentem
648 2145 813 2178 habuissem,
827 2149 956 2182 utopinio
967 2157 1025 2174 mea

230 2179 288 2211 fert,
312 2189 398 2206 essem
415 2189 482 2207 usus
498 2181 609 2208 eisdem.
650 2183 717 2210 Novi
733 2185 804 2210 enim
822 2186 1025 2220 temperantiam

230 2222 256 2244 et
276 2217 481 2244 moderationem
498 2223 606 2246 naturae
616 2224 690 2253 tuae;
722 2222 785 2248 novi
796 2222 925 2254 animum,
938 2231 1025 2258 quum

230 2254 297 2281 mihi
310 2255 514 2286 amicissimum,
528 2260 585 2283 tum
600 2257 673 2284 nulla
686 2259 714 2285 in
729 2263 828 2286 ceteros
840 2260 1025 2287 malevolentia

229 2291 372 2323 suffusum,
385 2297 528 2328 contraque
539 2302 624 2328 quum
639 2303 766 2331 magnum
777 2300 803 2323 et
813 2296 959 2328 excelsum,
967 2302 1025 2324 tum

230 2330 308 2355 etiam
320 2334 441 2364 apertum
452 2335 477 2356 et
487 2331 649 2366 simplicem.
684 2333 745 2359 Vidi
757 2341 805 2369 ego
818 2334 950 2369 quosdam
961 2335 989 2361 in
1001 2339 1026 2361 te

230 2365 304 2397 tales,
325 2366 418 2401 quales
433 2371 462 2394 tu
475 2368 582 2395 eosdem
595 2370 623 2396 in
637 2378 680 2396 me
689 2370 780 2397 videre
790 2372 912 2405 potuisti.
951 2371 1026 2404 Quae

231 2411 273 2428 me
284 2408 432 2435 moverunt,
441 2406 590 2432 movissent
599 2406 691 2433 eadem
703 2411 728 2434 te
738 2408 865 2442 profecto.
887 2408 948 2439 Sed,
956 2417 1026 2444 quo-

231 2447 347 2481 cumque
367 2445 487 2475 tempore
502 2443 569 2469 mihi
583 2448 698 2478 potestas
717 2446 863 2479 praesentis
878 2447 918 2473 tui
933 2445 1022 2477 fuerit,

231 2479 267 2517 tu⁴
281 2484 333 2517 eri—s
344 2479 464 2504 omnium
477 2479 624 2507 moderator
633 2481 806 2508 consiliorum
817 2491 953 2510 meorum:
975 2484 1024 2510 tibi

231 2516 282 2538 erit
301 2513 395 2555 eidem,
415 2516 459 2540 cui
473 2516 547 2543 salus
561 2526 619 2544 mea
635 2518 694 2550 fuit,
710 2519 789 2545 etiam
804 2519 921 2555 dignitas
935 2529 1022 2547 curae.

231 2549 274 2574 Me
288 2550 398 2584 quidem
409 2556 478 2578 certe
489 2557 594 2581 tuarum
604 2556 747 2587 actionum,
763 2557 965 2589 sententiarum,
978 2566 1026 2584 vo-

233 2585 374 2629 luntatum,
383 2595 470 2614 rerum
484 2589 600 2626 denique
610 2593 731 2619 omnium
737 2593 840 2620 socium
846 2596 1025 2630 comitemque

232 2621 358 2650 babebis:
381 2632 468 2660 neque
487 2627 552 2654 mihi
572 2629 600 2655 in
621 2631 693 2656 omni
710 2629 763 2657 vita
780 2639 823 2658 res
837 2635 890 2658 tam
905 2633 955 2660 erit
969 2632 1024 2659 ulla

679 1102 831 1137 Numquam
855 1102 926 1128 enim
952 1109 1027 1135 prae-
1048 1099 1049 1106 ¹

1055 900 1057 908 ι

1054 914 1057 939 l

1054 945 1057 959 ι

1054 961 1057 985 l

1132 281 1173 305 23.
1193 274 1277 311 Quod
1293 288 1378 315 rogas,
1393 285 1420 306 ut
1433 289 1488 306 mea
1500 281 1548 307 tibi
1563 283 1660 316 scripta
1673 283 1784 312 mittam,
1802 290 1872 317 queo

1077 322 1136 351 post
1147 317 1297 343 discessum
1309 322 1385 344 tuum
1398 319 1565 352 serifmerim:
1588 324 1872 354 suntorolmneequae-

1077 355 1147 384 dom,
1164 363 1232 389 quas
1245 355 1387 381 Menocrito
1397 354 1479 381 dabo:
1496 364 1582 390 neque
1595 357 1628 382 ita
1641 356 1752 386 multae,
1769 365 1801 382 ne
1812 365 1873 391 per-

1078 393 1210 417 timescas.
1251 391 1352 426 Scripsi
1369 393 1447 418 etium
1459 392 1530 425 (nam
1542 393 1574 418 ab
1585 394 1749 419 orationibus
1759 394 1872 429 diiungo

1078 437 1119 454 ine
1136 428 1202 459 fere,
1220 428 1358 463 referoque
1373 429 1404 455 ad
1421 430 1614 456 mansuetiores
1629 431 1731 458 Musas.
1747 439 1815 465 quoe
1830 439 1874 457 me

1078 467 1207 497 maxime,
1225 467 1295 492 sicut
1311 466 1362 492 iam
1378 475 1392 492 a
1409 468 1493 502 prima
1509 467 1698 497 adolescentia,
1715 468 1874 501 delectant:)

1078 504 1174 538 scripsi
1196 505 1277 538 igitur
1292 504 1448 530 Aristoteleo
1463 513 1548 534 more,
1565 504 1793 539 quemadmodum
1809 505 1873 540 qui-

1077 541 1137 566 dem
1161 541 1246 570 volui.
1269 545 1321 567 tres
1342 541 1422 567 libros
1438 542 1465 567 in
1483 542 1663 576 disputatione
1677 551 1707 567 ac
1721 542 1828 577 dialogo
1842 544 1873 568 de

1079 579 1196 608 Oratore,
1217 587 1286 613 quos
1301 579 1414 605 arbitror
1429 579 1541 605 Lentulo
1556 584 1603 606 tuo
1618 579 1672 606 fore
1689 588 1739 605 non
1752 579 1871 605 inutiles.

1078 615 1227 642 Abborrent
1254 616 1324 642 enim
1353 625 1367 641 ει
1392 617 1582 642 communibus
1608 617 1768 651 praeceptis,
1793 621 1874 651 atque

1077 661 1183 679 omnem
1200 654 1370 687 antiquorum
1389 658 1414 680 et
1425 654 1606 680 Aristoteleam
1623 659 1648 680 et
1664 655 1819 680 {socrateam
1832 662 1874 679 ra-

1079 691 1176 716 tionem
1186 691 1325 717 oratoriam
1337 691 1559 725 complectuntur.
1586 691 1686 726 Scripsi
1697 692 1776 717 etiam
1789 691 1874 717 versi-

1079 727 1130 753 bus
1151 733 1204 754 tres
1221 727 1302 754 libros
1317 731 1348 753 de
1362 730 1515 761 tempor-ihm
1531 732 1605 757 meis,
1624 737 1693 763 quos
1705 729 1756 755 iam
1769 728 1872 763 pridem

1078 765 1110 791 ad
1123 769 1147 791 to
1159 766 1304 795 misissem,
1320 766 1343 791 si
1355 774 1414 792 esse
1425 765 1542 792 edendos
1554 771 1704 800 putassem:
1727 770 1790 792 sunt
1801 766 1872 792 enirn

1078 807 1172 833 testes,
1189 808 1214 829 et
1227 807 1319 833 erunt.
1336 803 1491 837 sempiterni
1510 804 1664 830 meritorum
1680 812 1742 838 erga
1757 811 1799 829 me
1815 808 1874 829 tuo-

1079 848 1138 866 rum
1159 848 1287 875 meaeque
1308 841 1427 874 pietatis:
1454 840 1501 866 sed
1518 841 1636 871 verebar,
1649 849 1702 867 non
1718 849 1772 870 eos,
1785 841 1874 875 quise

1080 877 1164 903 laesos
1184 878 1384 908 arbitrarentur,
1409 878 1517 911 (etenim
1534 878 1559 904 id
1581 877 1630 904 feci
1653 886 1729 913 parce
1744 882 1769 903 et
1785 877 1874 904 molli—

1079 914 1138 949 ter,)
1157 914 1203 941 sed
1219 923 1272 945 eos.
1290 923 1359 950 quos
1375 919 1430 941 erat
1444 916 1578 941 infinitum
1590 915 1656 941 bene
1667 915 1700 941 de
1711 923 1753 941 me
1765 914 1874 941 meritos

1077 960 1170 978 omnes
1187 953 1330 978 nominare.
1371 952 1443 984 Quos
1459 957 1545 979 tamen
1558 953 1630 987 ipsos
1644 952 1733 982 libros,
1746 952 1768 978 si
1780 959 1872 986 quem,

1078 990 1121 1015 cui
1133 994 1202 1015 recte
1212 990 1386 1020 committam,
1400 990 1535 1019 invenero,
1548 990 1647 1016 curabo
1658 990 1691 1016 ad
1703 994 1727 1016 te
1739 989 1874 1024 perferen-

1078 1026 1136 1052 dos.
1177 1027 1263 1061 Atque
1281 1028 1358 1053 istam
1379 1026 1488 1062 quidem
1506 1032 1605 1061 partem
1623 1027 1691 1053 vitae
1701 1027 1875 1052 consuetudi-

1622 1063 1757 1096 Quantum
1769 1063 1872 1094 litteris,

1077 1105 1208 1136 quantum
1229 1101 1340 1132 studiis,
1369 1101 1504 1127 veteribus
1525 1101 1622 1127 nostris
1641 1100 1873 1131 delectationibus,

1077 1139 1206 1173 consequi
1222 1139 1378 1173 poterimus,
1395 1138 1422 1164 id
1437 1147 1514 1165 omne
1525 1139 1558 1165 ad
1572 1138 1714 1165 arbitrium
1726 1143 1813 1168 tuum,
1824 1138 1875 1173 qui

1079 1176 1143 1202 baec
1153 1176 1369 1210 semperamasti,
1378 1175 1555 1202 libentissime
1561 1175 1738 1202 conferemus.
1752 1177 1793 1202 24.
1801 1174 1875 1207 Quae

1079 1213 1111 1239 ad
1131 1221 1173 1239 me
1187 1213 1220 1239 de
1232 1214 1285 1240 tuis
1297 1213 1378 1239 rebus
1389 1213 1541 1239 domesticis
1553 1213 1657 1244 scribis,
1669 1221 1792 1248 quaeque
1806 1213 1874 1239 mihi

1078 1250 1259 1281 commendas,
1281 1259 1310 1277 ea
1329 1255 1415 1277 tantae
1430 1251 1496 1277 mihi
1512 1259 1591 1277 curae
1605 1255 1677 1281 sunt,
1696 1255 1725 1277 ut
1735 1258 1777 1276 me
1791 1249 1873 1277 nolim

1078 1287 1228 1314 admoneri:
1251 1288 1338 1323 rogari
1352 1296 1415 1314 vero
1425 1288 1482 1314 sine
1495 1297 1590 1324 magno
1603 1288 1693 1315 dolore
1700 1288 1873 1322 vixpossum.

1078 1324 1154 1357 Quod
1165 1325 1198 1352 de
1209 1325 1396 1358 Quintifratris
1407 1326 1513 1361 negotio
1523 1325 1628 1356 scribis,
1638 1331 1662 1352 te
1673 1326 1872 1360 prioreaestate.

1079 1363 1152 1397 quod
1163 1363 1256 1390 morbo
1266 1363 1413 1397 impeditus
1424 1363 1451 1389 in
1463 1363 1583 1390 Ciliciam
1595 1371 1646 1390 non
1658 1362 1875 1393 transierismon-

1079 1400 1156 1427 licere
1177 1409 1228 1427 non
1245 1401 1378 1436 potuisse;
1404 1408 1476 1427 nunc
1491 1406 1579 1427 autem
1589 1401 1678 1427 omnia
1690 1399 1831 1430 facturum,
1845 1404 1876 1426 ut

1078 1438 1216 1465 conficias:
1238 1438 1266 1464 id
1282 1438 1348 1464 scito
1363 1446 1422 1464 esse
1436 1438 1578 1469 eiusmodi,
1597 1442 1625 1464 ut
1636 1437 1715 1464 frater
1725 1445 1802 1463 meus
1813 1445 1875 1464 vere

1079 1476 1222 1507 existimet,
1231 1475 1356 1502 adiuncto
1367 1476 1418 1502 isto
1429 1474 1521 1506 fundo,
1531 1476 1720 1510 patrimonium
1733 1474 1786 1502 fore
1792 1482 1874 1501 suum

1079 1521 1126 1547 per
1140 1518 1166 1540 te
1180 1514 1365 1540 constitutum.
1406 1513 1445 1538 Tu
1460 1522 1503 1539 me
1513 1513 1545 1539 de
1557 1513 1609 1539 tuis
1621 1512 1701 1539 rebus
1711 1512 1838 1539 omnibus
1849 1515 1876 1538 et

1078 1550 1111 1577 de
1131 1550 1238 1577 Lentuli
1259 1551 1298 1577 tui
1317 1549 1455 1584 nostrique
1474 1550 1572 1576 studiis
1594 1555 1620 1577 et
1639 1549 1875 1576 exercitationibus

1079 1587 1160 1614 velim
1175 1596 1257 1623 quam
1272 1587 1483 1614 familiarissime
1493 1588 1631 1614 certiorem
1643 1591 1669 1613 et
1679 1595 1760 1622 quam
1772 1587 1876 1621 saepis-

1078 1625 1146 1651 sime
1167 1625 1261 1655 facias,
1284 1625 1476 1659 existimesque
1494 1625 1629 1651 neminem
1644 1625 1771 1659 cuiquam
1787 1631 1875 1658 neque

1078 1663 1205 1689 cariorem
1226 1671 1313 1697 neque
1328 1661 1514 1689 iucundiorem
1530 1670 1659 1696 umquam
1675 1661 1772 1691 fuisse,
1791 1669 1874 1696 quam

1079 1705 1103 1726 te
1122 1700 1204 1726 mibi:
1235 1700 1317 1735 idque
1337 1707 1389 1730 me,
1406 1708 1458 1726 non
1473 1699 1552 1726 modo
1567 1704 1596 1725 ut
1611 1705 1639 1725 tu
1650 1699 1764 1729 sentias,
1781 1697 1829 1724 sed
1844 1702 1875 1725 ut

1077 1745 1170 1764 omnes
1189 1742 1294 1773 gentes,
1317 1738 1396 1763 etiam
1420 1742 1450 1763 ut
1470 1737 1610 1771 posteritas
1629 1736 1717 1763 omnis
1731 1735 1872 1771 intelligat,

1078 1783 1136 1801 esse
1160 1774 1302 1801 facturum.
1338 1776 1381 1801 25.
1401 1774 1507 1809 Appius
1522 1775 1549 1800 in
1565 1773 1736 1800 sermonibus
1746 1777 1821 1799 antea
1831 1771 1874 1799 di-

1077 1812 1198 1842 ctitabat,
1221 1817 1311 1847 postea
1329 1811 1398 1838 dixit
1417 1812 1496 1838 etiam
1517 1812 1544 1838 in
1565 1815 1659 1837 senatu
1675 1809 1775 1845 palam:
1802 1818 1872 1841 sese,

1078 1850 1101 1876 si
1118 1850 1220 1876 licitum
1239 1854 1309 1875 esset
1321 1848 1406 1885 legem
1417 1849 1545 1875 curiatam
1558 1848 1634 1878 ferre,
1647 1848 1804 1874 sortiturum
1815 1855 1874 1874 esse

1078 1895 1139 1913 cum
1160 1887 1260 1922 collega
1276 1887 1456 1922 provinciam:
1478 1887 1502 1912 si
1516 1886 1616 1912 curiata
1632 1885 1676 1912 lex
1688 1893 1742 1912 non
1753 1888 1832 1916 esset,
1844 1893 1875 1912 se

1078 1928 1234 1959 paraturum
1254 1932 1315 1951 cum
1331 1923 1432 1960 collega
1447 1923 1549 1958 tibique
1560 1931 1764 1950 successurum:
1787 1921 1873 1958 legem

1077 1963 1206 1988 curiatam
1215 1961 1321 1988 consuli
1331 1961 1393 1988 ferri
1406 1970 1475 1996 opus
1485 1969 1554 1991 esse,
1563 1968 1671 1987 necesse
1682 1968 1734 1987 non
1745 1967 1817 1986 esse:
1832 1967 1872 1991 se,

1077 2000 1204 2034 quoniam
1220 2007 1253 2025 ex
1264 1998 1496 2025 senatusconsulto
1506 1998 1671 2033 provinciam
1682 1997 1799 2028 haberet.
1815 1995 1875 2032 lege

1077 2036 1199 2063 Cornelia
1217 2037 1363 2071 imperium
1382 2036 1551 2066 habiturum,
1575 2034 1664 2070 quoad
1678 2035 1706 2061 in
1717 2033 1816 2061 Urbem
1831 2034 1874 2060 in-

1077 2075 1193 2100 troisset.
1233 2073 1304 2109 Ego,
1327 2073 1394 2109 quid
1408 2073 1442 2100 ad
1459 2078 1484 2100 te
1499 2078 1606 2100 tuorum
1621 2073 1738 2107 quisque
1750 2079 1874 2098 necessa-

1077 2112 1178 2138 riorum
1193 2111 1300 2142 scribat.
1319 2111 1420 2137 nescio:
1443 2111 1530 2137 varias
1546 2118 1606 2137 esse
1619 2109 1759 2144 opiniones
1773 2107 1874 2135 intelli-

1076 2157 1120 2185 go.
1160 2148 1242 2180 Sunt,
1259 2149 1306 2183 qui
1324 2152 1430 2183 putent,
1450 2156 1529 2183 posse
1544 2152 1632 2174 tenon
1646 2146 1788 2176 decedere,
1799 2145 1873 2180 quod

1077 2187 1136 2212 sine
1155 2185 1212 2221 lege
1233 2187 1333 2212 curiata
1348 2186 1398 2212 tibi
1411 2185 1582 2212 succedatur:
1604 2188 1668 2210 sunt
1677 2183 1767 2214 etiam,
1778 2183 1836 2217 qui,
1848 2183 1874 2209 si

1076 2222 1198 2253 decedas,
1220 2231 1235 2249 a
1249 2227 1275 2249 te
1290 2222 1407 2258 relinqui
1421 2230 1509 2258 posse,
1531 2222 1580 2257 qui
1594 2221 1748 2256 provinciae
1761 2219 1885 2254 praesit.-

1076 2261 1142 2287 Mihi
1163 2269 1216 2287 non
1237 2265 1291 2286 tam
1304 2260 1337 2287 de
1351 2261 1411 2287 iure
1424 2264 1526 2286 oertum
1541 2263 1594 2290 est,
1607 2258 1781 2293 (quamquam
1797 2265 1831 2284 ne
1843 2256 1872 2284 id

1075 2297 1186 2333 quidem
1198 2297 1276 2324 valde
1286 2297 1402 2324 dubium
1412 2297 1478 2332 est:)
1487 2294 1655 2332 quam,illud
1667 2294 1701 2321 ad
1712 2299 1785 2320 tuam
1796 2302 1873 2321 sum-

1077 2344 1148 2361 mam
1168 2334 1390 2369 amplitudinem,
1411 2334 1583 2370 dignitatem.
1601 2331 1801 2362 liberalitatem,
1817 2339 1872 2366 qua

1075 2377 1102 2399 te
1121 2372 1177 2399 scio
1192 2371 1370 2399 libentissime
1385 2371 1440 2398 frui
1449 2371 1542 2402 solere,
1559 2369 1700 2405 pertinere,
1713 2373 1738 2395 te
1747 2369 1806 2395 sine
1817 2367 1872 2410 nlla

1075 2418 1149 2436 mora
1172 2410 1338 2444 provinciam
1362 2409 1510 2436 successori
1532 2406 1688 2437 concedere,
1715 2409 1872 2440 praesertim

1075 2455 1160 2482 quum
1171 2447 1230 2473 sine
1241 2447 1395 2482 suspicione
1405 2450 1466 2473 tuae
1475 2445 1631 2480 cupiditatis
1642 2451 1695 2470 non
1700 2443 1789 2478 possis
1794 2441 1871 2470 illius

1075 2484 1249 2519 cupiditatem
1273 2483 1397 2510 refutare.
1444 2483 1502 2518 Ego
1524 2486 1671 2516 utrumque
1695 2488 1786 2507 meum
1806 2484 1871 2522 puto

1075 2529 1148 2552 esse,
1169 2525 1208 2553 et,
1225 2521 1293 2556 quid
1312 2521 1435 2551 sentiam,
1451 2519 1603 2549 ostendere,
1620 2522 1659 2549 et,
1675 2516 1749 2552 quod
1764 2516 1868 2548 fecerls,

1075 2558 1226 2585 defendere.

1130 2597 1172 2622 26.
1194 2595 1298 2629 Scripta
1312 2595 1365 2621 iam
1374 2593 1486 2629 epistola
1496 2593 1641 2628 superiore,
1654 2591 1744 2626 accepi
1754 2594 1814 2617 tuas
1825 2590 1870 2616 lit·

1075 2636 1143 2659 teras
1154 2632 1187 2659 de
1197 2632 1363 2668 publicanis:
1389 2631 1491 2667 quibus
1501 2631 1663 2666 aequitatem
1673 2633 1747 2656 tuam
1758 2636 1810 2655 non
1821 2635 1869 2663 po-
