1941 3052
805 111 860 135 tis.
893 109 927 135 M.

238 117 300 142 tiu}

288 186 328 211 {Iul⁴
356 186 429 209 l'mm
442 186 475 208 ml
492 192 602 207 munmm
619 184 690 210 ιὐιίι,
707 189 771 213 qum·
787 183 895 204 numm-es
909 181 990 204 nostri
1005 183 1028 204 et
1049 180 1051 207 ζ

233 228 417 257 sapientissime·
439 223 612 245 institui-runt,
635 223 656 243 et
679 219 866 249 reliyimunime
885 217 1026 241 coluerunt.

237 261 376 287 [fem-miron
387 263 468 283 nuta-m
486 265 577 283 mense,
595 258 639 287 qui
655 259 705 279 lum
719 259 849 279 eli-tremus
863 256 927 279 αιιιιί
938 255 1029 278 riu-nain

234 303 302 325 ιηἰιι,
316 300 419 321 mortuus
429 295 563 326 prm-nturi
575 294 720 317 rutum-unt:
742 293 808 324 quod
822 296 904 316 mnu-n
916 290 947 316 1).
962 290 1029 315 Bru·
1050 310 1051 324 ,

236 341 286 361 (uss,
306 338 330 358 nt
342 335 463 364 scriplum
474 340 490 355 a
501 331 609 354 sisenna
620 333 655 353 ext
663 348 668 358 ,
686 329 816 354 Decembri
826 331 911 361 fucere
921 329 1027 352 sota-but.
1050 347 1052 358 ι

237 373 314 396 t'm'ux
326 379 369 401 ιῃυ
381 371 417 393 rei
429 377 544 393 rammam
556 375 633 399 quum
646 374 741 391 mecum
751 374 907 398 quaererem,
922 365 1029 390 Brutum
1050 382 1052 410 ι

234 408 387 441 reperii-hum
400 407 494 430 [dcii-cu
505 414 520 429 u
533 412 600 428 ruere
611 405 736 428 maiorum
749 404 900 432 discessisse,
909 402 1030 434 (namst—
1050 431 1051 445 χ

234 453 336 470 aeturnum
353 444 422 468 rideo
433 451 563 470 caussam,
580 449 626 465 cm·
643 442 663 465 t's
678 445 746 466 velun
759 442 899 465 institutum
912 447 960 464 mm
974 447 1029 463 ner·
1050 462 1052 467 ‚

236 486 315 509 rarat.
340 483 467 511 ἱψιιηἾιι-ν.
510 479 616 504 Brutum
635 482 718 503 autem
739 480 863 502 murorum
885 481 1029 501 nostrorum
1050 482 1052 509 J

235 522 375 545 tristandum
388 522 477 541 leun-re
489 517 637 547 'infirmi-530,
651 524 699 539 non
710 516 737 547 lit
749 516 810 539 mihi
822 511 967 548 verisimile]
981 512 1029 538 do-

234 561 306 581 ctum
319 554 453 580 homiuem
467 561 543 578 sane:
556 552 634 577 cuius
647 551 698 577 suit
709 550 1029 585 Acciusperlamiliaris:)

234 592 280 618 sed
294 600 426 619 mensem,
444 590 535 619 credo,
553 594 703 615 extremum
719 589 795 619 unni,
815 592 843 613 ut
861 593 962 614 veteres
979 586 1027 613 Fe-

235 629 387 658 bruarium,
410 628 449 653 sie
467 627 509 652 liic
531 626 703 652 Decembrem
725 625 898 660 sequebatur.
939 624 1028 650 llostia

234 672 322 693 autem
335 666 450 691 nun-<ima
462 669 613 699 parentare,
636 664 727 698 pietati
739 671 798 688 esse
809 662 966 688 adiunctum
979 670 1029 696 pu-

235 704 315 731 tabat.
357 702 440 728 xxu.
463 703 504 727 22¹5.
528 702 580 727 Iam
593 706 662 727 tanta
675 700 770 735 religio
781 704 820 725 est
831 699 1027 733 sepulcrorum,
1050 676 1053 742 1

235 746 263 768 ut
274 746 346 767 extra
358 748 430 766 sacra
443 744 467 765 et
478 744 584 774 gentem
599 738 688 764 inferri
702 737 740 763 fas
753 741 849 772 negent
860 746 932 762 esse:
948 736 1030 770 idque

234 778 306 813 apud
322 778 435 803 maiores
452 782 554 803 nostros
569 777 599 802 A.
616 776 766 809 Torquatus
788 776 815 800 in
833 779 911 809 gente
927 773 1029 808 Popilia

235 815 375 842 iudicavit.
417 815 469 840 Nec
482 823 543 839 vero
555 819 606 839 tam
620 812 768 841 denicaleS,
785 811 863 846 (quae
879 820 893 836 a
908 819 971 837 nece
982 819 1031 845 ap-

235 852 347 888 pellatae
359 857 434 882 sunt,
452 853 514 886 quia
528 851 677 877 residentur
689 849 822 883 ωσι-11115.)
837 857 918 883 quam
930 853 1031 875 cetero-

236 899 295 916 rum
306 889 460 915 caelestium
472 889 556 923 quieti
568 888 635 918 dies,
653 887 733 913 seriae
745 886 960 917 nominarentur,
977 885 1030 911 nisi

237 928 349 954 maiores
366 935 424 956 005,
446 927 493 960 qui
509 935 543 952 ex
555 926 603 951 liae
619 925 671 951 vita
685 925 858 960 migrassent,
877 923 903 949 in
919 923 1030 949 deorum

229 973 347 991 ,numero
358 972 416 989 esse
429 963 587 989 voluissent.
621 963 672 988 Eas
685 962 711 988 in
723 970 768 988 eos
778 960 837 987 dies
847 960 966 987 conferre
977 960 1028 990 ius,

237 1007 265 1028 ut
276 1010 362 1036 neque
378 1001 478 1035 ipsius,
500 1009 587 1035 neque
603 999 727 1034 publicae
743 998 824 1025 seriae
839 999 906 1024 sint:
925 1003 1030 1032 totaque

238 1039 318 1065 liuius
330 1039 396 1064 iuris
406 1039 562 1072 compositio
573 1036 734 1072 pontificalis
742 1044 866 1071 magnam
874 1034 1031 1071 religionem

237 1076 480 1110 caerimoniamque
495 1075 621 1101 declarat.
654 1075 745 1109 Neque
758 1081 867 1099 necesse
878 1078 917 1099 est
927 1072 1032 1099 edisse-

237 1114 258 1140 ri
275 1122 288 1139 a
306 1113 395 1143 nobis,
413 1122 482 1147 quae
500 1113 559 1138 linis
576 1112 696 1138 funestae
712 1110 843 1141 familiae,
861 1110 933 1145 quod
944 1118 1031 1146 genus

236 1150 362 1176 sacrificii
376 1151 438 1176 Lare
451 1150 610 1176 vervecibus
623 1149 679 1181 fiat3
702 1147 932 1184 quemadmodum
947 1156 976 1174 os
991 1155 1032 1173 re-

237 1193 338 1213 sectum
349 1189 357 1198 ³
370 1193 451 1214 terrae
462 1187 616 1223 0l1tegatur3
635 1194 758 1222 quaeque
770 1186 798 1212 in
809 1193 888 1220 porca
899 1189 1031 1212 contracta

237 1226 294 1251 iura
306 1226 371 1251 sint:
386 1233 439 1259 quo
451 1230 568 1259 tempore
581 1225 691 1258 incipiat
702 1223 858 1258 sepulcrum
870 1231 938 1253 esse,
955 1227 980 1249 et
991 1230 1033 1248 re-

237 1261 335 1297 ligione
347 1267 475 1288 teneatur.
506 1264 547 1288 56.
564 1262 597 1288 At
608 1262 676 1288 milii
687 1260 798 1296 quidem
810 1260 1032 1295 antiquissimum

236 1300 389 1333 sepulturae
401 1308 487 1335 genus
502 1299 571 1326 illud
586 1299 670 1326 fuisse
687 1298 807 1329 videtur,
824 1306 878 1332 quo
892 1297 964 1333 apud
978 1297 1033 1323 Xe-

237 1338 397 1373 nophontem
409 1338 496 1373 Cyrus
507 1337 601 1363 utitur.
642 1335 773 1362 Redditur
787 1336 859 1361 enim
875 1340 959 1362 terrae
974 1343 1033 1361 cor-

236 1383 300 1409 pus,
322 1379 347 1401 et
363 1375 397 1400 ita
413 1374 527 1401 locatum
539 1383 569 1400 ac
579 1374 661 1400 situm
673 1373 752 1408 quasi
763 1373 928 1407 operimento
941 1373 1033 1399 matris

235 1413 388 1439 obducitur.
429 1412 584 1446 Eodemque
596 1412 649 1438 ritu
661 1411 688 1437 in
699 1419 730 1437 eo
741 1410 878 1445 sepulcro,
894 1419 948 1445 quo
961 1409 1032 1436 haud

236 1450 327 1486 procul
340 1458 353 1475 a
366 1450 442 1476 Fonti
454 1458 497 1476 ara
506 1450 515 1461 ’
531 1457 621 1484 regem
634 1453 754 1475 nostrum
767 1448 882 1474 Numam
894 1447 1032 1474 conditum

236 1489 402 1522 accepimus:
425 1492 588 1522 gentemque
602 1485 752 1513 Corneliam
774 1493 861 1520 usque
881 1485 914 1512 ad
931 1493 1034 1511 memo-

237 1527 302 1552 riam
319 1530 434 1551 nostram
452 1524 500 1550 liae
516 1523 655 1558 sepultura
675 1523 778 1549 scimus
799 1531 858 1549 esse
873 1531 961 1549 usam.
1001 1522 1031 1549 C.

236 1563 312 1589 Marii
330 1563 395 1588 sitas
411 1561 540 1596 reliquias
560 1560 632 1596 apud
653 1561 785 1586 Anienem
806 1560 934 1595 dissipari
954 1560 1034 1586 iussit

236 1600 309 1626 Sulla
320 1601 413 1630 victor,
427 1599 561 1625 acerbiore
572 1598 634 1625 odio
646 1598 780 1628 incitatus,
797 1606 879 1632 quam
890 1598 913 1623 si
926 1602 978 1623 tam
990 1606 1034 1623 sa-

236 1638 314 1672 piens
326 1636 429 1668 fuisset,
445 1645 527 1671 quam
543 1635 593 1662 suit
608 1635 764 1661 vehemens.
805 1636 847 1661 57.
869 1634 946 1667 Quod
961 1634 1034 1661 haud

237 1675 293 1701 scio
307 1683 339 1700 an
356 1675 454 1700 timens
469 1682 518 1700 suo
534 1673 637 1708 corpori
652 1681 730 1707 posse
745 1672 880 1703 accidere,
899 1673 1004 1706 primus
1019 1680 1033 1698 e

238 1712 356 1747 patriciis
368 1711 498 1738 Corneliis
514 1711 570 1746 igni
585 1710 671 1737 voluit
685 1710 808 1736 cremari.
849 1709 969 1736 Declarat
979 1714 1034 1736 ete-

238 1751 294 1776 nim
306 1749 408 1775 Eunius
423 1748 455 1775 de
467 1748 600 1778 Africano,
613 1748 662 1774 Hic
673 1752 709 1773 est
720 1749 763 1773 ille
773 1750 847 1774 situs.
877 1747 958 1773 Vere:
971 1755 1033 1773 nam

237 1787 282 1813 siti
294 1786 420 1812 dicuntur
435 1787 468 1817 ii,
484 1786 532 1821 qui
547 1785 648 1812 conditi
663 1789 735 1811 sunt.
776 1785 830 1811 Nec
841 1789 929 1811 tamen
940 1793 1033 1811 eorum

238 1829 297 1850 ante
308 1823 462 1858 sepulcrum
474 1829 523 1854 est,
535 1831 617 1858 quam
630 1823 699 1849 iusta
711 1821 788 1853 facta,
796 1827 822 1848 et
832 1830 929 1856 corpus
941 1823 1035 1848 incen-

239 1870 298 1887 sum
306 1866 354 1887 est.
371 1860 481 1896 thuod
493 1869 564 1887 nunc
574 1860 754 1887 communiter
764 1860 791 1886 iu
802 1859 930 1886 omnibus
941 1858 1034 1894 sepul-

240 1899 273 1924 tis
285 1899 399 1932 ponitur,
409 1904 437 1925 ut
446 1901 453 1909 ’
468 1898 570 1925 humati
581 1897 718 1924 dicantur:
731 1896 759 1923 id
769 1897 1033 1931 eratpropriumtum

240 1936 267 1961 in
280 1936 396 1970 iis‚quos
408 1935 508 1962 humus
519 1936 615 1961 iniecta
626 1939 790 1970 contegeret:
803 1942 920 1969 eumque
933 1942 1033 1960 morem

240 1973 283 1998 ius
297 1972 446 2006 pontificale
461 1972 608 1999 confirmat.
650 1972 717 1998 Nam
732 1972 891 2006 priusquam
907 1972 935 1998 in
950 1980 980 1998 os
992 1971 1034 1997 in-

241 2010 306 2036 iecta
323 2009 399 2044 gleba
415 2016 467 2041 est,
486 2010 560 2036 Iocus
572 2009 630 2040 ille,
649 2009 697 2035 ubi
712 2014 860 2035 crematum
874 2014 914 2035 est
924 2017 1031 2043 corpus,

241 2046 309 2073 nihil
322 2047 401 2073 habet
416 2047 564 2082 religionis.
605 2047 703 2073 Iniecta
719 2046 797 2082 gleba
810 2051 866 2072 tum
878 2051 903 2072 et
914 2046 970 2072 illic
983 2046 1034 2072 hu-

241 2089 328 2110 matus
345 2089 397 2114 est,
419 2089 443 2111 et
458 2085 536 2120 gleba
550 2089 673 2111 vocatur:
696 2092 726 2109 ac
741 2089 798 2110 tum
814 2083 931 2119 denique
950 2083 1034 2110 multa

241 2120 366 2156 religiosa
381 2121 437 2147 iura
448 2121 644 2156 complectitur.
685 2121 776 2156 Itaque
788 2121 815 2147 in
826 2129 870 2151 eo,
888 2121 976 2156 quiin
987 2129 1035 2147 na-

241 2159 269 2184 vi
281 2163 398 2187 necatus,
411 2158 507 2185 deinde
519 2160 546 2185 in
557 2167 629 2185 mare
640 2159 775 2193 proiectus
786 2163 865 2189 esset,
879 2158 1032 2184 decrevitP.

240 2196 359 2226 Mucius,
383 2195 511 2222 familiam
526 2205 634 2231 puram,
656 2195 729 2231 quod
739 2204 769 2222 os
780 2204 862 2230 supra
873 2200 969 2222 terram
982 2204 1034 2221 non

241 2238 369 2259 exstaret:
392 2241 497 2267 porcam
510 2233 602 2260 heredi
615 2242 674 2259 esse
685 2238 860 2264 contractam,
875 2231 918 2269 [et]
931 2232 1035 2259 haben-

240 2270 288 2295 das
304 2270 423 2296 triduum
441 2270 533 2301 ferias,
552 2276 577 2297 et
591 2279 670 2306 porco
687 2270 786 2296 semina
807 2269 946 2304 piaculum
967 2270 1032 2304 pati.

241 2308 267 2332 Si
280 2308 305 2333 in
317 2308 383 2333 mari
395 2312 515 2334 mortuus
529 2313 613 2339 esset,
629 2307 723 2335 eadem
737 2312 841 2343 praeter
856 2307 995 2342 piaculum
1009 2311 1035 2333 et

242 2343 328 2370 serias.

296 2381 392 2408 xxm.
414 2383 455 2408 58.
477 2382 545 2408 Αττ,
566 2382 664 2413 Video,
686 2390 755 2417 quae
774 2382 829 2408 sint
849 2382 876 2408 in
897 2380 1034 2416 pontificio

241 2418 308 2444 iure.
348 2419 516 2453 Sedquaero,
530 2420 660 2454 quidnam
674 2420 748 2446 sitin
760 2418 877 2454 legibus.
899 2419 934 2445 M.
947 2419 1034 2445 Pauca

241 2462 313 2485 saue,
327 2456 392 2486 Tite,
406 2461 439 2485 et,
454 2457 492 2482 uti
503 2457 629 2487 arbitror,
646 2466 698 2483 non
710 2457 799 2492 ignota
811 2455 898 2482 vobis.
939 2455 993 2482 Sed
1003 2464 1033 2482 ea

242 2499 293 2516 non
306 2496 358 2518 tam
369 2493 401 2519 ad
413 2492 570 2528 religionem
584 2499 718 2528 spectant,
735 2502 816 2528 quam
832 2493 865 2519 ad
881 2493 925 2519 ius
941 2492 1035 2528 sepul-

1058 766 1060 790 l

1058 793 1060 812 ι

1058 890 1061 934 1

959 109 989 134 Τ.
1024 107 1297 134 CICERONIS

1079 177 1168 210 QuId‘?
1178 178 1226 212 qui
1238 182 1297 212 post
1307 185 1343 203 xu
1358 178 1383 204 in
1395 177 1464 203 Urbe
1475 176 1574 212 sepulti
1587 182 1658 207 sunt.
1671 177 1736 204 clari
1749 178 1818 206 viri?
1837 179 1873 206 Μ.

1080 215 1177 244 Credo,
1196 215 1267 245 Tite,
1285 215 1370 241 tuisse
1381 220 1426 241 aut
1436 223 1495 245 eos,
1511 214 1673 250 quibustuae
1685 221 1744 242 ante
1757 217 1824 243 tnnc
1837 217 1876 244 le-

1079 262 1140 285 gern
1159 253 1265 278 virtutis
1279 260 1373 277 (missa
1395 252 1525 278 tributum
1542 257 1594 282 est.
1613 257 1641 279 ut
1657 253 1823 284 Publicolae.
1846 259 1875 282 ut

1079 290 1205 318 'I'uberto.
1219 289 1291 324 quod
1303 298 1395 315 eorum
1408 290 1506 324 posteri
1519 290 1575 315 iure
1587 294 1741 318 tenuerunt:
1763 297 1807 318 aut
1818 300 1874 322 eon.

1080 328 1161 362 siqui
1175 327 1237 357 hoc,
1250 332 1278 353 ut
1288 327 1317 352 (j.
1332 326 1484 355 Fabricius.
1503 327 1610 353 virtutis
1619 336 1727 358 caussa.
1745 329 1826 355 soluti
1838 329 1877 355 le-

1080 365 1170 398 gibus,
1184 364 1320 390 moses-uti
1332 368 1404 390 sunt.
1436 363 1487 389 Sed
1500 364 1525 390 in
1539 363 1608 390 urbe
1618 365 1727 399 sept-liri
1739 366 1781 393 lex
1794 371 1875 393 vetat.

1079 403 1123 428 Sic
1135 401 1271 427 decretum
1287 410 1300 426 a
1316 401 1472 435 pontificum
1488 400 1615 436 collegiO.
1633 410 1683 429 non
1699 412 1757 429 esee
1774 405 1829 432 ius.
1849 404 1875 430 in

1082 439 1138 465 loro
1159 438 1268 473 publico
1290 439 1346 464 lieri
1367 438 1533 473 sepulcrum.
1575 438 1664 464 Nosti-¹⁵
1683 445 1757 467 extra
1773 447 1876 476 portam

1080 476 1210 502 Collinam
1230 475 1322 501 aedem
1345 476 1468 502 llonoris:
1491 480 1517 501 et
1537 484 1609 501 aram
1627 476 1652 502 in
1669 485 1700 503 eo
1715 477 1772 504 Ioco
1791 478 1877 505 tuisse

1082 514 1224 540 memoriae
1237 513 1371 547 proditum
1388 518 1437 539 est.
1479 512 1519 539 Ad
1531 521 1588 539 eam
1599 521 1684 548 quum
1698 513 1795 542 lamina
1805 520 1878 542 esset

1083 551 1265 580 inu-111a.etin
1276 559 1305 575 ea
1318 551 1449 584 scriptum
1461 559 1572 576 ιΛιικΛ
1589 560 1727 578 noso-is:
1740 561 1770 578 ea
1781 561 1876 579 caussa

1082 588 1131 614 suit
1146 588 1220 614 aedis
1238 587 1319 613 huius
1333 586 1508 614 dedicandae.
1549 587 1601 613 Sed
1613 597 1698 622 quum
1713 589 1795 616 multa
1808 590 1834 616 in
1845 598 1878 616 eo

1083 626 1138 652 1000
1158 625 1281 660 sepulcra
1304 624 1432 654 fuissent.
1457 629 1562 651 exarata
1579 631 1651 652 sunt.
1691 626 1789 653 Statuit
1803 627 1876 653 enim

1080 663 1240 698 collegium.
1256 662 1342 688 locum
1354 662 1494 696 publicum
1507 671 1557 688 non
1569 663 1688 697 potuisse
1700 664 1802 698 privata
1815 662 1878 690 reli-

1080 701 1159 735 gione
1170 700 1296 735 obligari.
1327 701 1370 725 59.
1384 700 1436 725 Iam
1448 704 1534 725 cetera
1548 700 1574 726 in
1586 708 1634 730 κη,
1649 701 1790 727 minuendi
1801 710 1878 727 sum-

1082 743 1152 772 ptus,
1167 737 1423 772 lamentationesque
1436 736 1547 766 funeris.
1561 736 1652 764 tralata
1663 737 1695 763 de
1707 738 1811 765 Solonis
1823 737 1877 765 sere

1082 775 1198 810 legibus.
1239 775 1292 800 Hoc
1302 776 1368 807 plue.
1383 775 1479 809 inquit,
1494 783 1523 799 ne
1533 777 1619 807 facito.
1660 775 1754 808 noym„
1764 779 1836 802 mein
1848 785 1879 801 ne

1080 815 1166 846 polito.
1208 812 1296 838 Nostis
1319 820 1388 846 quae
1406 817 1567 846 sequuntur.
1609 812 1783 839 Discebamus
1804 813 1876 839 enim

1082 850 1158 884 pueri
1169 857 1218 879 xu.
1233 854 1260 875 ut
1271 858 1378 875 carmen
1391 850 1588 875 necessarium:
1601 858 1670 884 quas
1682 851 1733 876 iam
1747 850 1878 876 nemodi-

1081 887 1141 913 scit.
1168 887 1316 913 Extenuato
1329 887 1411 922 igitur
1421 891 1541 920 sumptu,
1556 886 1642 913 tribus
1654 887 1768 917 ricinus.
1780 893 1806 914 et
1817 888 1878 914 vin-

1081 924 1151 950 culis
1163 932 1311 958 purpurae.
1327 929 1353 950 et
1367 923 1459 950 decem
1476 923 1650 954 tibicinibus,
1667 924 1734 951 tollit
1748 925 1828 951 etiam
1840 924 1878 951 la-

1083 962 1286 991 mentationem,
1301 961 1422 988 Mulieres
1436 970 1514 993 qenes
1530 970 1559 986 ne
1574 963 1697 991 rudunto,
1713 971 1772 988 nere
1787 964 1878 988 lenum

1081 1001 1180 1032 [um-ris
1200 1008 1259 1032 erqo
1274 1000 1389 1025 habento.
1429 999 1483 1024 Iloc
1499 1003 1601 1024 veteres
1619 999 1790 1034 interpretes.
1814 998 1877 1026 Sex.

1082 1036 1185 1066 Aelius,
1194 1036 1223 1062 L.
1231 1035 1344 1066 Acilius,
1353 1044 1404 1062 non
1414 1036 1478 1062 satis
1485 1044 1513 1061 se
1526 1035 1675 1071 intelligere
1686 1036 1822 1066 dixerunt.
1831 1035 1879 1062 sed

1084 1074 1217 1108 suspicari
1235 1073 1387 1099 vestimenti
1403 1072 1512 1108 aliquod
1528 1081 1615 1108 genus
1631 1073 1766 1100 funebris:
1784 1074 1814 1100 L.
1827 1074 1880 1100 Ae-

1084 1111 1137 1137 lius
1153 1110 1253 1137 lessum
1264 1111 1342 1145 quasi
1355 1110 1497 1146 lugubrem
1508 1109 1694 1141 eiulationem,
1711 1116 1740 1137 ut
1756 1120 1809 1138 vox
1822 1112 1880 1146 ipsa

1083 1149 1228 1184 significat.
1269 1147 1345 1180 Quod
1361 1156 1392 1174 eo
1408 1148 1494 1183 magis
1511 1147 1600 1174 iudico
1615 1156 1710 1174 verum
1725 1156 1798 1178 esse.
1815 1149 1879 1183 quia

1085 1185 1128 1212 lex
1139 1185 1245 1211 Solonis
1257 1185 1284 1211 id
1297 1186 1386 1220 ipsum
1399 1190 1478 1211 vetat.
1519 1184 1587 1211 uaec
1604 1184 1750 1212 laudabilia
1765 1190 1790 1212 et
1806 1185 1880 1212 locu-

1083 1222 1202 1258 pletibus
1223 1222 1277 1249 sere
1297 1231 1359 1248 cum
1378 1222 1457 1257 plebe
1471 1223 1635 1248 communia.
1675 1222 1752 1255 Quod
1768 1222 1879 1258 quidem

1085 1261 1201 1286 maxime
1212 1268 1226 1286 e
1238 1265 1331 1286 natura
1341 1265 1390 1290 est,
1399 1259 1455 1286 tolli
1463 1259 1582 1286 fortunae
1588 1259 1734 1287 discrimen
1746 1261 1773 1287 in
1785 1265 1878 1287 morte.

1084 1298 1181 1324 XXIV.
1201 1299 1243 1324 60.
1261 1297 1351 1324 Cetera
1364 1298 1426 1324 item
1439 1297 1571 1327 funebria.
1584 1298 1686 1332 quibus
1699 1297 1786 1324 luctus
1797 1306 1882 1334 auge-

1085 1341 1136 1366 tur,
1149 1335 1292 1362 duodecim
1304 1334 1482 1362 sustulerunt.
1513 1335 1638 1366 uoxrsr,
1654 1335 1751 1370 inquit,
1765 1343 1881 1363 nonno

1085 1382 1118 1398 sc
1139 1382 1206 1399 ossa
1227 1382 1346 1403 ιεοιτο,
1371 1382 1427 1403 oro
1447 1382 1513 1398 rost
1532 1381 1623 1399 ιιι-ης
1643 1381 1760 1399 netu.
1800 1373 1881 1400 Exci-

1085 1410 1124 1445 pit
1139 1410 1263 1436 bellicam
1277 1411 1501 1445 peregrinamque
1512 1414 1634 1436 mortem.
1665 1410 1734 1436 Ilaec
1745 1415 1880 1445 praeterea

1084 1448 1185 1474 suntin
1202 1447 1308 1483 legibus
1320 1447 1352 1473 de
1364 1452 1490 1478 unctura;
1505 1447 1606 1482 quibus
1617 1456 1753 1473 suavius
1770 1456 1882 1475 userc-

1085 1495 1119 1511 im
1139 1484 1241 1511 tollitur
1250 1485 1394 1520 omnisque
1409 1494 1679 1511 cmcuxronuno.
1718 1484 1793 1517 Quae
1803 1489 1830 1511 et
1840 1493 1882 1511 re-

1062 1550 1063 1555 ,
1084 1527 1125 1548 cte
1147 1522 1289 1554 tolluntur3
1321 1530 1409 1557 neque
1429 1521 1598 1552 tollerentur,
1620 1523 1674 1548 nisi
1694 1521 1822 1549 fuissent:
1846 1531 1880 1548 m:

1085 1568 1255 1587 stuPTUOSA
1275 1568 1449 1591 iisset-:usum
1472 1568 1506 1585 N!
1528 1568 1641 1586 LONGAB
1660 1568 1808 1590 COROSAE,
1833 1569 1883 1588 uec

1085 1606 1220 1624 Acuunt
1235 1602 1445 1632 praetereantur.
1467 1596 1514 1623 Illa
1525 1597 1579 1623 iam
1589 1596 1751 1632 significatio
1760 1601 1809 1628 est,
1823 1595 1882 1623 lau-

1085 1635 1128 1661 dis
1139 1640 1293 1661 ornamenta
1304 1634 1338 1660 ad
1349 1638 1468 1661 mortuos
1478 1635 1624 1669 pertinere,
1649 1633 1723 1669 quod
1746 1643 1882 1661 conon!

1086 1681 1209 1699 νιιιτυτε
1234 1681 1346 1698 rnna
1367 1676 1393 1698 et
1412 1672 1450 1702 ei,
1473 1672 1521 1706 qui
1537 1672 1699 1706 peperisset,
1716 1676 1742 1698 et
1761 1672 1820 1698 eius
1834 1679 1883 1706 pa—

1085 1710 1153 1736 renti
1176 1710 1235 1735 sine
1254 1708 1348 1735 fraude
1371 1717 1430 1735 esse
1450 1707 1493 1735 lex
1507 1709 1661 1743 impositam
1680 1708 1768 1735 iubet:
1791 1708 1880 1738 credo,

1085 1746 1157 1782 quod
1170 1752 1225 1773 erat
1236 1746 1393 1777 factitatum,
1402 1746 1483 1772 utuni
1494 1745 1570 1780 plura
1583 1745 1684 1775 fierent,
1694 1745 1809 1780 lectique
1820 1745 1883 1781 plu-

1085 1793 1127 1810 res
1143 1789 1338 1813 sternerentur.
1361 1783 1443 1818 idque
1459 1791 1491 1809 ne
1508 1782 1595 1814 fieret,
1619 1782 1678 1818 Iege
1693 1788 1815 1810 sanctum
1830 1788 1880 1809 est.

1062 1819 1063 1836 ³
1085 1820 1250 1857 Quainlege
1262 1829 1348 1856 quum
1359 1826 1437 1850 esset,
1455 1829 1530 1846 seve
1549 1829 1647 1847 Arnen
1666 1829 1786 1851 Αυυιτο,
1799 1829 1882 1856 quam

1086 1859 1202 1885 humane
1218 1858 1319 1893 excipit
1337 1857 1417 1884 altera
1435 1857 1564 1888 lextocoi
1585 1867 1661 1884 Arno
1683 1866 1795 1884 nestas
1816 1867 1883 1884 vnt-

1085 1905 1130 1922 cri
1154 1905 1278 1925 esces-r.
1310 1905 1362 1922 asr
1387 1905 1416 1921 ni
1435 1904 1491 1921 cru
1516 1904 1581 1921 ιιι-ο
1600 1904 1745 1921 senune
1770 1903 1883 1922 unsut-

1085 1943 1134 1963 γε,
1159 1943 1189 1959 se
1211 1942 1326 1960 rmum:
1347 1941 1426 1959 εετο.
1452 1931 1576 1958 Etsimul
1588 1931 1657 1958 illud
1669 1932 1794 1963 videtote,
1807 1931 1882 1958 aliud

1086 1970 1209 1997 habitum
1221 1978 1279 1996 esse
1290 1969 1414 2004 sepelire,
1427 1974 1453 1996 et
1464 1977 1550 1995 urere.
1590 1971 1632 1996 61.
1649 1970 1720 1996 Duae
1731 1974 1794 1996 sunt
1804 1977 1883 2005 prae-

1062 2010 1063 2037 ἶ
1085 2013 1155 2034 terea
1168 2008 1240 2043 leges
1251 2007 1284 2034 de
1294 2006 1436 2042 sepulcris.
1444 2015 1559 2042 quarum
1570 2006 1650 2033 altera
1662 2008 1828 2041 privatorum
1837 2015 1883 2034 ae-

1086 2045 1198 2075 dificiis,
1216 2044 1297 2071 altera
1308 2045 1377 2079 ipsis
1388 2044 1520 2079 sepulcris
1534 2049 1620 2070 cavet.
1661 2045 1728 2070 Nam
1742 2043 1816 2079 quod
1830 2053 1882 2071 ιο-

1085 2092 1142 2110 ocn
1171 2091 1322 2109 aestuum:
1346 2091 1444 2108 sorva
1469 2086 1541 2108 vetat
1570 2091 1692 2109 novics
1717 2090 1881 2108 summu

1063 2129 1178 2146 ,ermes
1199 2128 1292 2146 ADIICI
1313 2128 1407 2145 ,tt—:mes
1426 2127 1564 2150 auctus,
1581 2128 1680 2145 ΙΒῚῚΤΟ
1699 2127 1823 2149 nouum,
1840 2119 1882 2145 in·

241 2535 356 2554 crorum.
396 2530 525 2556 [lomim-m
537 2536 671 2561 mortuum,
679 2532 767 2566 inquit
779 2530 861 2557 lexin
871 2538 910 2555 xu
922 2530 1031 2560 tabulis,

242 2567 267 2604 fn
287 2565 351 2591 t’rbe
371 2575 400 2591 ne
417 2568 532 2598 sepelite.
554 2577 613 2593 net-e
629 2571 706 2594 ιιι-ιίο.
746 2567 845 2597 Credo,
867 2567 910 2593 vel
926 2572 1034 2602 propter
1056 2570 1057 2593 ἶ

242 2601 313 2635 ignis
324 2602 483 2635 periculum.
524 2604 600 2636 Quod
612 2610 700 2631 autem
712 2605 799 2635 addit,
817 2613 877 2630 nece
894 2607 975 2634 terito,
991 2605 1034 2631 in-
1056 2608 1057 2639 l

241 2637 320 2668 dicat,
329 2647 389 2669 non.
398 2640 446 2674 qui
455 2645 555 2672 uratur,
563 2640 681 2676 sepeliri,
690 2642 738 2669 sed
748 2642 797 2678 qui
808 2641 945 2669 humetur.
961 2642 1031 2668 An.
1055 2645 1057 2667 i

1085 2157 1214 2184 cendium
1227 2161 1335 2183 veretur
1348 2155 1485 2182 acerbum.
1525 2155 1604 2188 Quod
1617 2161 1707 2182 autem
1721 2165 1831 2186 ronna,
1853 2155 1882 2182 id

1085 2199 1126 2221 est
1140 2193 1307 2221 vestibulum
1323 2193 1454 2228 sepulcri,
1480 2202 1633 2220 susten-is
1653 2202 1779 2221 asueni
1799 2197 1879 2223 vetat,

1063 2251 1065 2257 .
1086 2236 1175 2258 tuetur
1186 2232 1229 2258 ius
1239 2230 1435 2266 sepulcrorum.
1457 2231 1526 2257 Haec
1537 2230 1668 2257 habemus
1680 2231 1708 2257 in
1719 2229 1879 2257 Duodecim:

1085 2277 1150 2295 sane
1161 2268 1313 2295 secundum
1325 2273 1460 2297 naturam,
1477 2276 1547 2303 quae
1558 2276 1651 2294 norma
1661 2267 1729 2303 legis
1739 2272 1789 2294 est.
1829 2267 1882 2293 Re-

1086 2305 1160 2341 liqua
1172 2311 1235 2332 sunt
1247 2306 1275 2332 in
1287 2314 1373 2332 more:
1396 2305 1478 2331 sunus
1490 2310 1519 2331 ut
1529 2305 1676 2335 indicatur,
1692 2305 1715 2331 si
1726 2304 1793 2339 quid
1804 2303 1881 2331 ludo-

1085 2352 1160 2375 rum3
1175 2343 1356 2378 dominusque
1363 2342 1466 2369 funeris
1472 2347 1561 2369 utatur
1570 2350 1681 2368 accenso
1691 2346 1770 2376 atque
1781 2340 1882 2368 lictori-

1086 2381 1147 2407 bus.
1188 2382 1230 2407 62.
1252 2380 1445 2406 Honoratorum
1460 2380 1581 2406 virorum
1597 2379 1690 2405 laudes
1705 2379 1732 2405 in
1752 2379 1881 2405 concione

1085 2423 1276 2447 memorentur,
1290 2426 1390 2452 easque
1401 2418 1482 2443 etiam
1493 2422 1587 2444 cantus
1598 2416 1632 2442 ad
1643 2416 1781 2442 tibicinem
1788 2423 1882 2450 prose—

1085 2460 1196 2490 quatur:
1209 2455 1254 2481 cui
1266 2463 1363 2481 nomen
1374 2455 1482 2481 neniae:
1500 2462 1554 2489 quo
1565 2452 1695 2480 vocabulo
1705 2453 1786 2479 etiam
1796 2453 1881 2480 Grae-

1085 2493 1124 2519 cis
1135 2497 1230 2518 cantus
1242 2491 1371 2527 lugubres
1386 2492 1568 2518 nominantur.
1609 2490 1693 2516 XXV.
1715 2489 1747 2522 Q.
1769 2489 1880 2517 Gaudeo

1085 2535 1175 2556 nostra
1182 2530 1239 2556 iura
1247 2529 1279 2555 ad
1287 2534 1408 2555 naturam
1414 2527 1623 2555 accommodari:
1639 2527 1826 2562 maiorumque
1837 2535 1881 2553 sa-

1085 2567 1185 2601 pientia
1201 2566 1347 2593 admodum
1367 2565 1492 2592 delector.
1532 2565 1568 2591 M,
1587 2563 1640 2590 Sed
1655 2564 1747 2595 credo,
1769 2564 1877 2597 Quinte.

1085 2609 1113 2630 ut
1125 2605 1205 2630 ceteri
1216 2608 1355 2638 sumptus,
1372 2604 1412 2629 sic
1427 2603 1507 2629 etiam
1519 2601 1704 2636 sepulcrorum
1717 2602 1826 2628 modum
1837 2609 1881 2627 re-

1084 2646 1125 2668 cte
1136 2642 1251 2676 requiri:
1270 2649 1338 2676 quos
1349 2641 1422 2667 enim
1432 2638 1466 2666 ad
1476 2644 1602 2674 sumptus
1611 2647 1754 2675 progressa
1764 2640 1818 2666 iam
1830 2639 1879 2665 ista
