1941 3052
216 130 277 156 tots
789 129 844 153 ΗΞ.
877 127 911 153 M.

211 208 266 235 quo
276 198 342 234 quid
354 204 393 225 est
405 198 466 224 boni
480 203 582 232 prm-ter
592 206 724 223 summam
734 197 907 232 voluptatem.
916 202 1004 224 eteam

212 237 421 271 ›ei-iupiternum'?
440 235 510 266 Quid
527 244 590 268 ergo
605 236 698 260 attinet
713 234 828 268 gloriose
848 235 935 270 loqui,
954 235 1006 261 nisi

211 279 362 301 constanter
379 273 503 307 loquare-⁵?
518 273 544 298 In
564 272 698 306 voluptate
711 273 830 306 corporis«
846 271 966 302 (adulam.
983 273 1006 298 si

214 309 556 343 vis.nni·1ni.11=1=neuipsu.
572 314 599 334 ut
612 309 702 337 vultis,
715 310 749 335 sit
760 319 773 333 e
783 310 914 343 corpore.)
924 310 1006 335 situm

211 354 251 374 est
264 349 352 373 vivi-re
366 347 449 372 liente.
483 346 572 377 Quitl'!
585 347 660 371 istum
675 346 837 380 voluptatem
849 352 1005 381 perpetuum

211 386 365 420 quispotest
377 388 509 417 praestare,
521 382 654 417 sapienti?
667 384 731 409 Nam
744 384 846 418 quibus
859 384 939 409 rebus
950 384 1010 410 etsi-

211 423 319 447 ‹·iuntur
333 420 490 454 voluptati-s,
501 420 548 445 line
557 429 607 446 non
615 425 677 446 sunt
689 421 714 446 in
728 425 855 454 potestate
866 422 1006 455 sapientia.

212 460 267 485 Non
285 459 356 483 enim
375 459 398 483 iu
419 458 474 491 ipsu
490 458 620 491 supientia
634 458 750 492 positum
763 463 802 484 cst
815 458 922 484 beatum
938 467 1006 488 esse.

211 495 257 521 sed
271 496 296 521 in
310 496 342 520 iis
355 495 449 524 rvbu«,
467 503 534 529 quir-⁴
550 496 681 529 snpientia
692 501 828 529 comparat
839 495 871 521 ad
885 495 1009 530 volupta-

212 538 274 559 tem.
306 533 400 558 'l'otuui
413 536 501 558 autern
515 531 540 557 iil
553 537 708 558 externum:
724 537 757 561 et,
771 533 842 567 quod
855 538 1006 562 externum,

213 570 237 596 id
257 570 282 595 in
298 578 361 594 casu
376 574 425 595 est.
468 570 502 595 Ita
523 570 550 595 Iit
565 569 656 595 beatae
674 571 742 596 vitae
761 569 868 596 domina
886 569 1003 601 Iortuna;

210 615 291 642 quam
307 607 440 640 Epicurus
451 607 487 632 ait
497 609 617 639 eaeiyuam
629 609 781 633 intervenire
792 610 911 640 sapienti.

267 643 385 670 xxviii.
408 645 449 669 90.
472 644 553 679 wige,
569 644 689 678 inquies:
705 645 753 670 ista
766 653 846 678 parva
858 649 930 670 sunt.
956 645 1007 671 Sa-

209 685 316 715 pit-ntem
328 682 463 713 locupletat
475 683 528 714 ipsa
542 686 649 707 ruitura:
661 682 740 707 cuius
751 681 861 707 divitias
873 682 1006 716 Epicurus
1027 693 1028 718 2

211 717 345 753 parabiles
356 727 415 743 esse
427 717 526 744 docuit.
535 729 546 742 α
585 719 652 744 Ilaec
665 719 731 745 bene
743 719 883 745 dicuntur:
898 728 946 745 nec
957 728 1007 754 ego

212 764 344 790 repugno:
363 755 409 780 scd
428 756 495 781 inter
509 764 567 781 sese
584 756 640 790 ipsa
656 761 786 791 pugnant.
828 757 911 791 Negat
922 757 1004 785 enim,

211 793 370 819 tenuissimo
383 793 468 822 virtu.
487 793 512 818 id
527 797 566 818 est
581 794 822 828 contemptissimis
838 794 908 820 escis
923 799 948 820 et
960 803 1007 828 po-

211 830 345 860 tionibus,
367 830 496 856 minorem
513 830 676 864 voluptatem
692 831 809 865 percipi,
827 840 908 865 quam
926 831 1007 857 rebus

211 867 436 901 exquisitissimis
447 867 479 893 ad
491 867 668 902 epulandum.

210 904 360 939 quidquam
378 904 505 930 interesse
521 904 553 930 ad
566 905 640 931 beate
653 905 814 935 vivendum.
833 906 907 940 quali
919 911 1007 932 uterc-

211 946 254 968 tur
267 942 348 971 victu,
362 941 549 968 concederem:
568 941 703 968 laudarem
716 943 810 968 etiam:
829 951 922 969 verum
933 944 1005 969 enim

211 978 323 1004 diceret:
349 978 430 1013 idque
446 979 594 1009 Socratem¹
615 980 662 1014 qui
679 979 842 1014 voluptatem
861 980 934 1006 nullo
951 980 1006 1006 loco

212 1020 347 1045 numerat,
361 1016 440 1042 audio
451 1016 598 1046 (licentem.
616 1017 670 1042 eibi
682 1017 884 1043 condimentum
896 1026 955 1044 esse
968 1017 1007 1043 sa-

211 1061 296 1083 mem.
311 1054 426 1087 potionis
437 1053 521 1079 sitim.
562 1053 614 1079 Sed
626 1054 682 1088 qui,
696 1054 729 1080 ad
742 1054 904 1089 voluptatem
917 1056 1006 1081 omnia

212 1089 342 1120 reserens,
357 1091 425 1116 vivit
435 1095 463 1116 ut
474 1090 628 1121 Gallonius,
644 1091 761 1126 loquitur
773 1096 800 1118 ut
813 1092 894 1127 Frugi
907 1092 951 1118 ille
963 1093 1007 1118 Pi-

211 1136 250 1157 so.
265 1135 315 1153 non
327 1127 417 1153 audio.
458 1128 510 1153 Nec
523 1126 615 1163 [enim]
629 1137 700 1156 eum,
714 1128 786 1163 quod
798 1130 904 1159 sentiat,
917 1129 1006 1155 dicere

211 1165 346 1190 existimo.
381 1166 422 1190 9¹.
438 1165 577 1191 Naturales
588 1165 698 1192 divitias
710 1166 779 1192 dixit
791 1167 925 1200 parabiles
936 1175 1004 1196 esse,

211 1201 283 1236 quod
296 1210 377 1235 parvo
389 1206 459 1228 esset
471 1207 563 1228 natura
579 1208 710 1229 contenta.
752 1203 840 1233 Certe,
859 1204 912 1230 nisi
929 1203 1008 1230 volu-

211 1243 310 1274 ptatem
327 1239 391 1265 tanti
407 1240 592 1265 aestimaretis.
634 1240 690 1266 Non
703 1243 798 1270 minor,
816 1241 918 1276 inquit,
934 1243 1007 1267 volu-

209 1280 268 1309 ptas
277 1279 419 1309 percipitur
430 1285 462 1302 ω’
474 1278 604 1303 vilissimis
616 1279 701 1307 rebus.
716 1286 793 1310 quam
809 1287 842 1304 ez·
851 1280 1008 1311 pretiosissi-

211 1315 266 1339 mis.
307 1313 359 1338 Iloc
372 1317 411 1339 est
423 1322 474 1339 non
487 1313 564 1340 modo
575 1322 620 1340 cor
631 1323 682 1340 non
695 1314 807 1345 habere,
829 1315 876 1341 sed
889 1323 921 1341 ne
933 1315 1008 1350 pala-

212 1355 268 1377 tum
289 1350 409 1384 quidem.
450 1350 501 1382 Qui
524 1352 596 1377 enim
623 1351 786 1386 voluptatem
810 1353 897 1387 ipsam
917 1358 1008 1379 conte-

212 1392 316 1417 mnunt,
326 1388 359 1413 iis
373 1387 434 1414 licet
444 1387 542 1418 dicere,
556 1396 584 1414 se
595 1389 778 1423 acipenserem
791 1398 884 1416 menae
896 1399 948 1416 non
959 1398 1008 1416 an-

211 1429 345 1459 teponere.
373 1424 422 1451 Cui
436 1434 498 1451 vero
510 1426 535 1451 in
548 1425 682 1460 voluptate
693 1435 832 1453 summum
844 1427 945 1454 bonum
956 1432 1005 1458 est,

212 1461 275 1488 huic
286 1463 375 1488 omnia
390 1470 480 1493 sensu¹
498 1471 549 1488 non
562 1464 661 1489 ratione
673 1468 736 1490 sunt
747 1463 905 1491 iudicanda:
922 1473 1007 1500 eaque

210 1498 323 1525 dicenda
334 1500 444 1534 optima,
457 1508 526 1534 quae
537 1504 601 1526 sunt
611 1501 784 1527 suavissima.

267 1538 308 1562 92.
331 1537 429 1562 Verum
441 1542 510 1563 esto:
522 1543 702 1572 consequatur
713 1547 834 1564 summas
845 1537 1005 1573 voluptates,

211 1582 263 1600 non
276 1573 353 1600 modo
365 1582 460 1608 parvo,
474 1574 521 1600 sed
534 1583 581 1608 per
592 1583 634 1601 me
646 1575 745 1607 nihilo,
761 1576 785 1602 si
797 1580 897 1610 potest:
914 1577 949 1602 sit
960 1585 1008 1602 vo-

212 1610 299 1645 luptas
316 1619 366 1637 non
384 1612 470 1637 minor
487 1612 513 1638 in
530 1613 659 1638 nasturtio
675 1612 734 1643 illo,
756 1621 811 1648 quo
826 1613 898 1639 vesci
914 1613 1007 1640 Persas

210 1656 270 1674 esse
285 1647 378 1675 solitos
393 1648 489 1675 scribit
502 1648 668 1683 Xenophon,
690 1658 772 1684 quam
788 1651 816 1676 in
831 1650 1007 1685 Syracusanis

211 1686 322 1716 mensis,
335 1694 405 1720 quae
417 1694 430 1712 a
443 1685 549 1712 Platone
559 1687 678 1722 graviter
687 1688 888 1722 vituperantur:
902 1688 949 1718 sit,
964 1688 1004 1714 in-

211 1731 306 1757 quam,
320 1727 373 1748 tam
386 1722 485 1753 facilis,
502 1732 584 1758 quam
596 1723 692 1753 vultis,
708 1726 871 1759 comparatio
883 1724 1008 1759 volupta-

212 1760 259 1785 tis:
282 1760 348 1794 quid
364 1759 397 1785 de
417 1759 507 1786 dolore
527 1760 668 1787 dicemus?
686 1762 765 1787 cuius
785 1766 857 1788 tanta
877 1766 1007 1788 tormenta

211 1802 282 1827 sunt,
297 1797 363 1823 utin
376 1797 418 1823 his
429 1797 505 1824 beata
517 1798 580 1828 vita,
589 1798 613 1824 si
625 1797 703 1824 modo
714 1798 789 1825 dolor
799 1807 937 1825 summum
950 1807 1008 1825 ma-

213 1833 267 1859 lum
279 1838 327 1864 est,
341 1842 399 1860 esse
411 1842 462 1860 non
475 1835 568 1869 possit.
591 1835 649 1869 Ipse
660 1836 732 1861 enim
740 1835 914 1862 Metrodorus.
923 1844 1006 1870 paene

211 1870 277 1897 alter
288 1871 435 1905 Epicurus,
449 1871 556 1898 beatum
569 1880 627 1898 esse
639 1872 769 1899 describit
781 1873 823 1898 his
834 1872 888 1899 fere
900 1873 1004 1899 verbis:

212 1917 288 1941 quum
301 1917 392 1941 corpus
403 1910 462 1934 bene
473 1912 636 1935 constitutum
646 1912 692 1940 sit,
704 1914 727 1936 et
737 1912 770 1936 sit
780 1911 956 1943 exploratum,
969 1913 1006 1937 ita

209 1947 334 1978 [uturum.
369 1945 407 1971 An
420 1945 447 1971 id
459 1945 626 1980 exploratum
637 1947 765 1981 cuiquam
776 1951 863 1981 potest
872 1955 940 1977 esse.
952 1956 1007 1982 quo

212 1981 291 2007 modo
301 1990 360 2008 sese
372 1982 528 2008 habiturum
540 1983 575 2009 sit
585 1992 682 2018 corpus
690 2004 696 2014 ,
714 1992 766 2010 non
778 1984 838 2011 dico
849 1984 883 2011 ad
893 1993 1003 2016 annum,

210 2018 258 2045 sed
273 2018 305 2045 ad
321 2019 482 2053 vesperum?
497 2019 574 2046 Dolor
591 2021 686 2056 igitur,
705 2021 731 2047 id
747 2026 787 2048 est
797 2030 936 2048 summum
949 2031 1007 2048 ma—

212 2055 278 2086 lum,
292 2060 426 2082 metuetur
437 2065 552 2092 semper,
566 2058 645 2083 etiam
657 2058 680 2084 si
693 2067 744 2084 non
756 2058 850 2085 aderit.
867 2060 920 2085 lam
933 2060 1005 2085 enim

211 2092 306 2119 adesse
327 2094 432 2128 poterit.
472 2094 524 2126 Qui
545 2099 631 2129 potest
652 2095 734 2130 igitur
750 2095 871 2122 habitare
886 2097 913 2122 in
929 2096 1005 2123 beata

211 2130 265 2157 vita
275 2131 376 2156 summi
388 2130 451 2157 mali
463 2131 568 2158 metus?
581 2131 714 2163 Traditur,
727 2133 829 2168 inquit.
846 2133 879 2160 ab
889 2134 1006 2168 Epicuro

211 2168 277 2194 ratio
289 2167 445 2203 negligendi
455 2168 564 2195 doloris.
605 2171 646 2196 93.
669 2170 723 2196 Iam
738 2171 829 2205 ipsum
843 2170 1003 2201 absurdum,

211 2205 360 2231 maximum
373 2204 472 2231 malum
486 2205 597 2242 negligi.
637 2206 691 2233 Sed
702 2215 770 2242 quae
782 2207 890 2234 tandem
902 2208 952 2234 ista
963 2217 1007 2235 ra-

212 2242 248 2268 tio
257 2241 315 2268 est‘?
334 2242 468 2269 Maximus
479 2242 566 2273 dolor.
581 2244 677 2279 inquit,
691 2244 782 2271 brevis
793 2250 842 2271 est.
883 2245 1006 2272 Primum

210 2278 386 2313 quidtudicis
398 2279 496 2306 breve?
506 2280 604 2307 deinde
615 2281 732 2308 dolorem
744 2290 826 2317 quem
837 2282 1007 2309 maximum?

209 2315 281 2348 Quid
292 2316 383 2342 enim‘?
393 2325 517 2344 summus
528 2317 602 2344 dolor
612 2318 704 2353 plures
715 2319 773 2345 dies
785 2328 892 2346 manere
898 2328 951 2347 non
958 2328 1007 2355 po-

211 2352 279 2379 test?
298 2353 365 2380 Vide
380 2362 413 2380 ne
428 2355 508 2380 etiam
525 2363 641 2382 menses.
681 2356 740 2382 Nisi
756 2356 821 2383 forte
842 2365 905 2383 eum
924 2357 1004 2388 dicis,

211 2390 269 2424 qui,
282 2390 446 2426 simulatque
457 2392 583 2427 arripuit,
597 2392 731 2420 interficit.
756 2393 824 2426 Quis
835 2395 918 2421 istum
929 2394 1007 2421 dolo-

213 2435 267 2452 rem
278 2427 371 2454 timet‘?
381 2428 460 2454 Illum
472 2429 579 2456 mallem
592 2429 703 2461 levares,
715 2439 768 2465 quo
780 2432 913 2466 optimum
925 2436 1006 2466 atque

213 2463 440 2491 humanissimum
452 2467 551 2497 virum,
564 2466 613 2493 Cn.
626 2467 776 2497 Octavium,
790 2469 825 2494 M.
834 2469 874 2499 R,
888 2468 1007 2495 familia-

214 2508 268 2525 rem
280 2509 379 2529 meum.
392 2503 486 2529 confici
499 2503 568 2530 vidi:
581 2512 629 2530 nec
640 2513 703 2530 vero
714 2505 806 2536 semel,
820 2514 868 2532 nec
879 2507 911 2533 ad
922 2507 1006 2533 breve

214 2541 328 2571 tempuS,
342 2538 388 2564 sed
399 2544 424 2565 et
435 2549 514 2575 saepe
526 2540 613 2575 plane,
626 2546 652 2568 et
662 2541 720 2568 diu.
751 2541 823 2574 Quos
833 2542 888 2573 ille,
901 2544 941 2570 dii
952 2544 1007 2570 im-
1027 2561 1029 2580 i

215 2573 350 2600 mortales!
367 2583 452 2610 quum
467 2586 560 2604 omnes
571 2583 643 2605 artus
654 2578 746 2605 ardere
758 2579 925 2611 viderentur,
942 2589 1007 2608 cru-
1028 2582 1029 2585 ’

1026 2632 1035 2643 vl
1056 2626 1117 2652 pus,
1131 2626 1179 2644 nec
1190 2617 1290 2644 dolere.
1313 2618 1468 2645 Praeter-itis,
1480 2615 1578 2650 inquit,
1591 2616 1698 2647 yaudeo.
1728 2613 1849 2646 Quibus-

1026 2650 1036 2683 ii
1058 2663 1118 2681 nam
1129 2654 1298 2690 praeteritis?
1316 2653 1344 2680 Si
1355 2653 1388 2680 ad
1398 2661 1496 2688 corpus
1507 2650 1717 2687 pertinentibus,
1733 2652 1849 2678 rationes

213 2610 300 2636 ciatus
316 2611 475 2645 perferebat!
499 2615 552 2641 Nec
568 2620 656 2642 tamen
672 2616 754 2642 miser
764 2624 837 2645 esse,
854 2619 917 2652 quia
929 2626 1007 2645 sum-

215 2655 288 2673 mum
297 2647 322 2673 id
331 2647 430 2675 malum
438 2659 488 2677 non
495 2656 558 2682 erat.
566 2653 792 2680 —tantummodo
804 2653 952 2682 laboriosus
962 2655 1006 2681 vi-

710 868 776 893 IIuic
788 876 850 903 ego.
864 869 887 894 si
900 874 1007 903 negaret
1027 883 1029 890 ‹

942 127 972 153 Τ.
1007 126 1278 153 thflnuxts

1059 197 1181 223 dvlmtur.
1223 197 1254 223 Λι
1271 198 1365 225 minor.
1384 198 1406 223 si
1424 198 1449 224 in
1463 198 1557 224 vitiosa
1568 203 1594 225 et
1605 197 1735 233 flagitiosa
1749 199 1800 225 vita
1813 199 1854 225 as-

1059 234 1152 261 ssuer=·t
1168 233 1362 269 voluptatibus.
1404 234 1502 261 xxix.
1525 237 1567 262 94.
1589 235 1665 267 Quod
1686 241 1774 262 autem
1797 245 1854 262 nia-

1058 280 1142 305 gnum
1153 271 1272 297 dolori-m
1285 272 1403 301 brevem,
1418 271 1595 307 longinquum
1609 272 1694 299 levem
1706 273 1810 299 dic-itis:
1827 273 1853 300 id

1059 318 1109 335 non
1128 308 1260 343 intelligo.
1278 309 1357 343 quale
1373 309 1417 335 sit.
1459 309 1542 336 Video
1557 311 1628 336 enim
1644 314 1670 336 et
1686 319 1811 345 magnos.
1829 316 1855 337 et

1058 345 1166 371 eosdem
1178 346 1245 371 bene
1259 345 1420 381 longinquos
1431 346 1549 373 dolores:
1567 356 1682 381 quorum
1694 348 1746 373 ulia
1758 347 1854 374 tolera·

1059 385 1094 410 tio
1106 388 1145 409 est
1158 384 1257 412 verior;
1280 391 1333 418 qua
1347 383 1384 409 uti
1398 392 1444 409 vos
1456 392 1506 409 non
1524 385 1647 418 potestis.
1665 386 1712 419 qui
1730 385 1845 411 honesta-

1059 426 1110 446 tem
1125 422 1209 454 ipsum
1222 429 1268 454 per
1279 428 1307 446 se
1319 429 1370 446 non
1383 421 1486 446 amatis.
1529 421 1704 448 Fortitudinis
1719 422 1852 456 quaedam

1059 463 1196 492 praevi-pta
1209 462 1280 486 sunt,
1293 466 1323 483 ac
1334 466 1417 492 paene
1431 458 1512 493 leges,
1525 467 1594 493 quae
1605 459 1751 485 effeminari
1765 460 1852 485 virum

1059 500 1148 521 vetant
1165 496 1190 521 in
1206 494 1306 521 dolore.
1348 495 1527 526 Quamobrem
1544 500 1621 530 turpe
1637 496 1786 530 putandum
1803 502 1851 526 est,

1059 541 1109 558 non
1122 532 1182 558 dico
1193 531 1296 561 dolere.
1314 532 1384 564 (num
1401 532 1426 558 inl
1437 532 1548 567 quidem
1560 538 1600 559 est
1613 532 1746 559 interdum
1760 541 1854 560 neces-

1034 573 1035 607 }
1058 571 1108 604 κα)
1127 569 1174 595 secl
1190 578 1286 595 saxum
1303 569 1370 596 illud
1387 570 1529 596 Lemnium
1546 569 1660 597 clamore
1676 569 1854 597 Philoctetaeo

1059 607 1206 634 funestare:

1131 646 1199 677 quod
1210 646 1314 672 mutatu.
1327 647 1415 677 questu
1424 664 1429 674 ,
1445 646 1550 677 yemitu.
1563 646 1706 677 fremitibus

1133 683 1274 707 reem-(nuto
1286 686 1390 710 mutum,
1404 683 1497 713 flebiles
1507 690 1578 707 voces
1589 685 1676 714 refert.

1059 719 1125 745 lluic
1137 719 1271 753 Epicurus
1281 723 1417 753 comparet
1427 726 1465 749 se,
1478 719 1501 744 si
1514 723 1613 753 potest:

1134 765 1174 782 cui
1186 758 1300 788 viperino
1313 759 1397 781 morsu
1410 765 1487 781 venae
1497 758 1621 781 viscerum

1134 797 1226 819 veneno
1237 795 1346 819 imbutae
1357 798 1452 819 tut-tros
1462 795 1595 819 cruciatus
1605 795 1681 819 cient.

1059 831 1097 857 Sit
1114 831 1247 865 Epicurus
1264 830 1423 856 Philocteta:
1444 833 1467 856 εἰ
1481 833 1569 863 gyrat-ie
1583 832 1669 860 dulor,
1690 831 1781 856 bret-in.
1822 831 1854 857 At

1061 870 1112 894 iam
1124 868 1260 894 decimum
1273 876 1372 893 annum
1386 868 1411 893 in
1424 867 1552 902 spelunca
1566 868 1645 893 iacet!
1667 867 1854 901 Sitonqu«,1e-

1059 909 1109 932 vis.-
1125 908 1169 931 dat
1181 908 1246 930 enim
1258 907 1403 933 intervalla.
1418 909 1441 930 et
1452 906 1564 930 retusae.
1605 906 1646 929 95.
1670 905 1789 931 Primum
1801 913 1852 931 non

1059 951 1151 977 saepe:
1165 942 1263 968 deinde
1274 950 1343 976 quae
1355 946 1395 968 est
1407 942 1455 968 ista
1467 941 1697 976 relaxatio.quum
1705 947 1854 976 etpraeter-

1060 981 1088 1006 iti
1100 980 1200 1006 doloris
1213 980 1339 1005 memoria
1352 988 1444 1005 recens
1455 983 1507 1007 est.
1525 983 1551 1005 et
1562 978 1646 1005 futuri
1657 984 1736 1013 atque
1748 979 1852 1014 impen-

1058 1017 1147 1044 dentis
1159 1021 1263 1051 torquet
1279 1016 1374 1042 timor?
1393 1017 1535 1046 ,Ilm-tatur,
1553 1016 1650 1051 inquit.
1691 1016 1812 1042 Fortasse
1827 1015 1854 1043 id

1058 1056 1204 1089 optimum,
1225 1053 1273 1080 sed
1295 1053 1341 1079 ubi
1358 1053 1439 1083 illud,
1465 1054 1523 1079 Pius
1537 1062 1634 1086 semper
1647 1053 1805 1086 voluptatis?
1824 1053 1853 1080 Si

1059 1093 1130 1118 enim
1144 1093 1177 1118 ita
1189 1096 1242 1121 est;
1262 1090 1323 1117 vide
1339 1100 1371 1117 ne
1387 1090 1490 1117 facinus
1503 1090 1597 1120 facias.
1614 1098 1700 1125 quum
1713 1091 1779 1117 mori
1791 1099 1855 1117 sua-

1059 1130 1132 1155 deas.
1175 1129 1265 1155 l’otius
1276 1136 1339 1163 ergo
1353 1128 1397 1154 illa
1408 1128 1541 1157 dicantur.
1550 1132 1627 1162 turpe
1637 1136 1696 1154 esse
1709 1129 1766 1154 viro
1776 1127 1855 1154 debi-

1060 1167 1143 1197 litari,
1161 1165 1252 1192 dolore
1267 1165 1366 1201 frangi,
1384 1165 1571 1191 succumbere.
1613 1165 1678 1191 Nam
1693 1166 1743 1192 ista
1756 1170 1852 1194 vestra.

1059 1205 1088 1231 sa·
1101 1206 1197 1237 gyrat-is,
1210 1205 1306 1229 brevis.-
1316 1205 1340 1228 si
1351 1204 1448 1236 lonyus,
1460 1204 1530 1228 levis.
1544 1202 1640 1228 dictata
1651 1207 1723 1228 sunt.
1765 1202 1855 1229 Virtu-

1060 1242 1107 1271 tis,
1131 1239 1328 1276 magnitudinis
1343 1240 1441 1270 animi,
1459 1239 1616 1274 patientiae.
1635 1238 1800 1266 tortitudinis
1814 1239 1855 1266 t'o-

1060 1279 1157 1304 mentis
1176 1277 1252 1304 dolor
1273 1277 1391 1313 mitigari
1411 1276 1487 1303 solet.
1533 1276 1621 1302 XXX.
1647 1277 1689 1302 96.
1715 1276 1800 1306 Audi.
1821 1285 1855 1303 ne

1061 1315 1137 1351 longe
1149 1315 1256 1345 abeam.
1275 1315 1391 1341 moriens
1406 1313 1474 1349 quid
1488 1313 1560 1340 dicat
1571 1314 1718 1348 Epicurus:
1735 1318 1761 1340 et
1775 1313 1855 1340 intel-

1060 1353 1127 1388 lige,
1157 1352 1223 1379 facta
1248 1352 1306 1378 eius
1330 1360 1392 1378 eum
1414 1351 1494 1378 dictis
1514 1350 1677 1385 discrepare.
1727 1351 1855 1384 epicum

1060 1391 1217 1417 Hermarcho
1228 1390 1256 1416 S.
1271 1390 1353 1421 Quum
1364 1397 1505 1423 ageremus,
1519 1389 1617 1423 inquit,
1634 1391 1701 1415 vitae
1712 1389 1819 1419 beatum.
1831 1393 1854 1414 et

1059 1430 1169 1453 eumdem
1181 1436 1325 1460 supremum
1335 1429 1401 1452 diem
1409 1448 1414 1454 .
1426 1427 1598 1452 ecrIbebamus
1608 1427 1679 1452 haee.
1722 1426 1797 1452 Tanti
1806 1434 1856 1452 au-

1060 1470 1106 1491 tem
1119 1466 1200 1491 morbi
1209 1466 1318 1490 aderant
1330 1466 1427 1490 vesicae
1437 1468 1460 1489 et
1471 1466 1605 1491 viscerum.
1612 1468 1640 1489 ut
1650 1464 1715 1489 nihi!
1724 1465 1759 1489 ad
1768 1471 1855 1489 eor-um

1059 1504 1260 1535 maqiiitudinem
1280 1506 1363 1534 posset
1383 1503 1512 1528 accedere.
1552 1500 1680 1526 Miserum
1702 1499 1852 1526 hominem!

1059 1540 1082 1565 si
1097 1539 1173 1566 dolor
1187 1547 1325 1565 summum
1343 1537 1444 1565 malum
1459 1542 1513 1568 est,
1531 1537 1585 1563 dici
1599 1537 1676 1564 aliter
1692 1546 1743 1564 non
1757 1542 1854 1572 potest.

1060 1576 1112 1603 Sed
1124 1576 1267 1603 audiamus
1283 1576 1388 1610 ipsum:
1409 1575 1636 1608 compensabatur,
1653 1575 1755 1609 inquit,
1772 1579 1856 1601 tamen

1060 1623 1115 1640 cum
1126 1615 1165 1639 his
1175 1615 1290 1640 omnibus
1300 1615 1381 1639 animi
1392 1614 1581 1645 laesttimqmnm
1593 1613 1723 1645 capiebam
1733 1613 1856 1638 memoria

1060 1653 1189 1677 rationum
1202 1653 1409 1683 {inventorumque
1420 1654 1572 1676 nostrorum.
1605 1648 1655 1675 Sed
1666 1653 1701 1679 tu,
1713 1654 1740 1675 ut
1750 1650 1855 1682 diqnum

1059 1693 1094 1714 est
1106 1693 1150 1714 tua
1163 1697 1224 1721 crya
1234 1696 1272 1713 me
1285 1692 1308 1712 et
1323 1696 1384 1719 erqo
1398 1687 1584 1720 philosophiam
1599 1687 1730 1712 voluntate
1743 1687 1776 1712 ab
1791 1688 1855 1712 ado-

1036 1744 1037 1748 .
1059 1727 1195 1751 tescentuto
1205 1729 1330 1757 suscepta,
1341 1727 1384 1757 sac
1395 1729 1422 1749 ul
1433 1724 1574 1749 ,tren-odori
1584 1728 1671 1749 tueare
1682 1724 1783 1749 liberos.
1809 1724 1853 1749 97.

1059 1763 1116 1788 Non
1137 1770 1187 1797 ego
1208 1763 1260 1788 iam
1282 1760 1496 1795 Epaminondae.
1519 1768 1571 1786 non
1588 1759 1722 1786 Leonidae
1743 1765 1854 1787 mortem

1059 1799 1141 1825 huius
1162 1799 1240 1825 morti
1261 1798 1405 1833 antepono!
1427 1806 1543 1833 quorum
1563 1796 1629 1823 alter
1643 1805 1728 1831 quum
1745 1798 1856 1824 vicisset

1059 1836 1283 1863 Lacedaemonios
1304 1835 1376 1870 apud
1396 1835 1572 1865 Mantineam,
1599 1840 1678 1869 atque
1698 1835 1756 1869 ipse
1777 1835 1854 1870 gravi

1060 1873 1171 1900 vulnere
1186 1873 1334 1899 exanimari
1355 1881 1384 1899 se
1404 1872 1520 1904 videret3
1546 1876 1575 1898 ut
1588 1872 1707 1906 primum
1723 1870 1852 1907 dispexit.

1058 1911 1202 1945 quaesivit,
1215 1910 1343 1937 salvusne
1354 1914 1425 1936 esset
1433 1908 1564 1945 clypeus?
1575 1908 1665 1941 Quum
1677 1908 1784 1935 salvum
1795 1917 1855 1936 esse

1059 1947 1152 1974 flentes
1163 1948 1206 1974 sui
1223 1946 1438 1982 respondissent:
1462 1947 1579 1983 rogavit,
1596 1951 1720 1972 essentne
1736 1945 1791 1973 fusi
1805 1946 1855 1973 ho-

1058 1985 1130 2012 stes?
1148 1985 1293 2020 Quumque
1308 1984 1336 2011 id
1351 1992 1474 2020 quoque.
1492 1988 1521 2010 ut
1536 1983 1675 2018 cupiebat,
1692 1983 1851 2014 audivisset,

1058 2022 1139 2049 evelli
1155 2023 1235 2048 iussit
1250 2030 1323 2052 eam.
1341 2030 1394 2057 qua
1409 2025 1465 2047 erat
1480 2021 1638 2051 transfixus,
1663 2020 1776 2047 hastam.
1818 2021 1853 2047 Ita

1059 2059 1143 2086 multo
1158 2059 1290 2095 sanguine
1307 2058 1429 2093 profuso,
1453 2059 1480 2085 in
1496 2057 1596 2085 laetitia
1611 2062 1637 2084 et
1653 2058 1679 2084 in
1692 2058 1802 2084 victoria
1813 2062 1855 2084 est

1058 2102 1190 2124 mortuus.
1221 2096 1352 2123 Leonidas
1363 2101 1461 2126 autem,
1474 2104 1522 2122 rex
1532 2094 1812 2126 Lacedaemoniorum,
1824 2102 1855 2122 se

1059 2135 1085 2161 in
1092 2133 1281 2169 Thermopylis
1295 2138 1481 2168 trecentosque
1491 2141 1546 2163 eos,
1558 2140 1627 2168 quos
1636 2132 1766 2159 eduxerat
1771 2131 1854 2167 Spar-

1058 2177 1096 2202 ta,
1114 2180 1199 2206 quum
1215 2176 1286 2197 esset
1301 2171 1436 2206 proposita
1451 2174 1497 2197 aut
1509 2169 1572 2205 fuga
1585 2170 1672 2205 turpis
1682 2174 1728 2196 aut
1737 2169 1853 2205 gloriosa

1058 2217 1139 2240 mors,
1151 2208 1278 2243 opposuit
1290 2208 1424 2235 hostibus.
1455 2206 1607 2234 Praeclarae
1617 2211 1716 2233 mortes
1727 2210 1790 2233 sunt
1801 2206 1854 2232 im-

1057 2247 1213 2281 peratoriae.
1239 2245 1398 2280 Philosophi
1409 2249 1498 2271 autem
1509 2245 1536 2271 in
1547 2244 1605 2271 suis
1617 2243 1722 2270 lectulis
1732 2243 1854 2278 plerum-

1057 2291 1110 2318 que
1122 2283 1284 2310 moriuntur.
1318 2282 1407 2309 Refert
1416 2287 1514 2312 tamen,
1527 2280 1600 2317 quod
1611 2281 1665 2307 sihi
1676 2280 1784 2307 videtur
1793 2288 1853 2307 esse

1059 2321 1182 2347 morienti
1189 2328 1284 2356 magna
1292 2319 1360 2346 laus.
1383 2319 1607 2353 compensabatur,
1615 2318 1712 2353 inquit,
1721 2326 1853 2344 cumeum-

1059 2359 1106 2384 mis
1114 2359 1245 2384 dolor-Ibus
1256 2359 1366 2384 laetitia.
1395 2358 1438 2383 98.
1460 2355 1547 2382 Audio
1556 2354 1684 2390 equidem
1695 2354 1852 2389 philosophi

1059 2403 1165 2425 vocem.
1183 2395 1310 2429 Epicure.
1351 2393 1404 2421 Sed
1415 2393 1483 2429 quid
1493 2393 1544 2420 tibi
1554 2392 1700 2419 dicendum
1715 2392 1764 2422 sit,
1781 2390 1853 2418 obli-

1058 2437 1100 2458 tus
1112 2440 1150 2458 es.
1177 2432 1297 2458 Primum
1308 2432 1391 2459 enim,
1403 2432 1426 2457 si
1439 2438 1500 2457 vera
1511 2434 1575 2456 sunt
1584 2438 1624 2460 ea,
1636 2437 1752 2464 quorum
1763 2437 1853 2455 recor-

1057 2469 1164 2496 datione
1175 2474 1199 2496 te
1209 2468 1327 2505 gaudere
1337 2468 1416 2499 dicis,
1430 2468 1479 2494 hoc
1489 2472 1538 2497 est,
1545 2467 1570 2493 si
1580 2474 1642 2492 vera
1653 2470 1717 2492 sunt
1727 2470 1772 2492 tua
1783 2466 1853 2492 scri-

1058 2511 1101 2541 pta
1117 2511 1142 2533 et
1157 2507 1279 2534 inventa:
1297 2505 1416 2541 gaudere
1431 2513 1483 2531 non
1498 2508 1583 2539 poteS.
1623 2502 1697 2529 Nihil
1713 2503 1784 2529 enim
1797 2503 1850 2529 iam

1058 2543 1154 2573 habes,
1171 2543 1244 2578 quod
1259 2543 1291 2570 ad
1303 2551 1401 2577 corpus
1411 2541 1520 2568 referas.
1560 2541 1607 2567 Est
1616 2544 1706 2566 autem
1717 2549 1731 2566 a
1742 2544 1767 2567 te
1777 2548 1851 2566 sern-

1057 2589 1104 2615 per
1114 2580 1227 2611 dictum,
1241 2588 1289 2607 nec
1299 2579 1416 2616 gaudere
1426 2586 1600 2614 quemquam,
1609 2578 1663 2603 nisi
1673 2581 1782 2612 propter
1791 2585 1850 2603 cor-
