1941 3052
416 136 471 163 AD
503 137 799 164 llERENNIUM
831 138 916 164 LIB.
952 139 993 165 111.

25 208 102 238 tione¹
118 207 234 233 breviter
247 206 388 241 aperienda
401 211 441 233 est
455 208 534 233 totius
555 208 672 234 tractatio
689 216 809 234 caussae.

24 244 147 272 Exordiri
170 244 260 271 licebit
277 244 319 270 vel
338 253 352 270 a
370 245 501 279 principio
518 244 560 270 vel
575 245 607 271 ab
621 246 809 277 insinuatione,

23 282 120 309 iisdem
134 282 290 313 rationibus,
307 281 407 316 quibus
422 282 449 308 in
463 281 582 307 iudiciali
595 291 698 308 caussa.
723 282 751 308 Si
765 291 813 309 cu—

23 320 67 346 ius
85 320 122 345 rei
141 320 254 345 narratio
271 318 378 350 incidet,
399 319 490 345 eadem
504 319 603 344 ratione
617 328 721 345 narrare
735 328 813 354 opor-

24 357 98 383 tebit.
120 359 144 383 8.
160 356 290 389 Quoniam
304 357 332 383 in
345 356 501 382 huiusmodi
515 357 617 382 caussis
632 356 692 382 finis
707 362 746 382 est
760 357 813 383 uti-

24 393 93 425 litas,
114 398 140 420 et
157 402 186 420 ea
204 393 335 420 dividitur
352 394 380 420 in
398 394 526 420 rationem
539 397 623 419 tutam
637 398 717 427 atque
730 394 813 420 hone-

23 436 105 463 stam;
133 432 157 457 si
175 435 320 466 utrumque
338 432 485 465 poterimus
503 431 650 461 ostendere,
669 435 813 466 utrumque

24 468 211 504 pollicebimur
225 477 272 495 nos
286 469 313 494 in
327 468 439 494 dicendo
449 467 673 494 demonstraturos
683 476 755 500 esse;
771 469 813 495 sin

25 506 137 533 alterum
155 506 360 532 demonstraturi
379 506 488 536 erimus,
508 505 664 539 simpliciter
681 505 753 539 quod
773 506 814 532 di-

24 544 92 570 cturi
105 552 201 570 sumus
215 543 395 570 ostendemus.
429 543 462 569 At
475 543 498 569 si
508 548 623 569 nostram
634 543 759 568 rationem
771 548 814 568 tu-

25 585 77 608 tam
91 589 150 607 esse
163 580 292 612 dicemus,
313 580 444 607 divisione
458 584 564 606 utemur
577 580 604 606 in
619 580 674 606 vim
688 584 713 606 et
726 581 814 606 consi-

25 618 101 644 lium.
135 619 202 644 Nam
216 618 288 653 quod
301 618 329 644 in
342 617 460 644 docendo
473 618 510 643 rei
524 617 710 643 dilucidandae
720 626 813 643 caussa

24 655 116 682 dolum
131 655 333 690 appellavimus,
350 655 377 681 id
391 655 418 680 in
433 654 545 681 dicendo
556 654 693 681 honestius
704 655 813 681 consili-

25 702 71 721 um
86 693 290 728 appellabimus.
317 692 345 718 Si
359 692 467 718 rationis
482 696 586 718 nostrae
600 692 757 718 sententiam
771 701 813 718 re-

24 734 92 756 ctam
102 739 160 756 esse
171 730 291 756 dicemus
302 734 327 756 et
337 738 428 756 omnes
439 734 526 764 partes
537 730 600 756 recti
612 729 737 760 incident,
745 738 813 764 qua-

24 767 159 802 dripartita
181 767 312 793 divisione
334 772 454 793 utemur:
485 767 578 793 sinon
596 766 722 797 incident,
748 771 813 801 quot

24 809 108 834 erunt,
125 808 161 831 tot
175 812 339 839 exponemus
352 805 380 831 in
394 804 515 830 dicendo.
537 805 566 830 In
580 804 777 830 confirmatione
788 808 813 830 et

23 841 200 868 confutatione
215 846 321 868 utemur
334 841 407 873 locis,
423 850 490 876 quos
505 846 564 868 ante
577 841 752 873 ostendimus,
765 851 813 868 no-

23 879 85 905 stris
98 879 293 910 confirmandis,
310 879 446 905 contrariis
460 878 638 906 confutandis.
662 879 813 914 Argumen-

22 917 128 943 tationis
147 916 286 942 artificiose
304 916 452 943 tractandae
475 917 541 942 ratio
558 916 590 942 de
608 916 726 942 secundo
745 916 812 942 libro

23 957 135 989 petetur.
156 954 187 981 V.
204 953 256 980 Sed
270 954 293 980 si
307 954 439 985 acciderit,
456 958 485 980 ut
496 954 523 980 in
534 953 726 980 consultatione
738 953 811 979 alteri

22 991 56 1017 ab
69 994 125 1017 tuta
138 991 246 1022 ratione,
267 991 342 1017 alteri
356 991 389 1017 ab
403 991 512 1017 honesta
526 991 655 1017 sententia
669 991 712 1022 sit,
741 995 770 1017 ut
784 992 810 1017 in

22 1027 209 1054 deliberatione
223 1037 323 1060 eorum,
339 1029 386 1063 qui
400 1038 415 1054 a
427 1029 514 1055 Poeno
527 1029 696 1055 circumsessi
711 1028 812 1054 delibe-

21 1069 88 1096 rant,
108 1065 175 1100 quid
194 1070 279 1101 agant,
300 1066 348 1101 qui
366 1070 450 1092 tutam
464 1066 592 1092 rationem
606 1065 751 1096 adhibebit,
769 1066 811 1091 his

23 1102 86 1129 locis
100 1107 202 1129 utetur:
215 1103 321 1129 Nullam
332 1112 387 1129 rem
398 1103 531 1129 utiliorem
542 1112 600 1129 esse
613 1103 808 1135 incolumitate,

21 1140 166 1166 virtutibus
189 1141 228 1166 uti
246 1141 380 1167 neminem
398 1149 483 1175 posse,
509 1141 557 1175 qui
575 1149 637 1166 suas
656 1141 769 1167 rationes
783 1141 811 1166 in

21 1182 78 1204 tuto
96 1186 148 1204 non
161 1177 307 1210 collocarit,
332 1187 364 1204 ne
378 1178 441 1204 deos
455 1178 565 1213 quidem
579 1187 637 1204 esse
651 1177 752 1204 auxilio
766 1178 808 1209 iis,

21 1215 68 1250 qui
91 1224 120 1241 se
142 1215 293 1242 inconsulto
310 1216 338 1242 in
356 1215 506 1250 periculum
521 1216 638 1247 mittant,
667 1215 809 1241 honestum

21 1252 89 1279 nihil
112 1256 230 1287 oportere
253 1253 408 1284 existimari,
433 1252 506 1288 quod
521 1262 573 1279 non
587 1252 700 1279 salutem
714 1253 807 1287 pariat.

21 1291 44 1315 9.
58 1289 110 1322 Qui
124 1294 193 1316 tutae
207 1291 244 1316 rei
258 1294 401 1325 praeponet
413 1290 541 1317 rationem
555 1290 701 1322 honestam,
718 1290 761 1316 his
772 1290 811 1316 lo-

20 1327 59 1353 cis
77 1331 178 1353 utetur:
206 1327 337 1354 Virtutem
355 1327 430 1354 nullo
452 1332 569 1362 tempore
591 1327 807 1362 relinquendam,

22 1364 63 1390 vel
77 1364 203 1396 dolorem,
224 1365 247 1390 si
266 1365 288 1391 is
303 1365 434 1396 timeatur,
451 1365 493 1391 vel
508 1370 627 1396 mortem,
645 1365 667 1391 si
678 1374 707 1390 ea
718 1364 810 1391 formi-
831 1392 833 1400 ‚

20 1401 105 1432 detur,
114 1401 240 1428 dedecore
254 1406 279 1428 et
289 1401 398 1428 infamia
409 1402 534 1428 leviorem
545 1411 616 1435 esse;
632 1402 806 1433 considerare,

20 1447 88 1474 quae
102 1439 137 1465 sit
150 1439 287 1474 turpitudo
300 1443 485 1471 consecutura,
514 1444 539 1466 at
557 1448 609 1466 non
627 1439 810 1465 immortalita-

19 1480 72 1502 tem
99 1485 186 1510 neque
209 1481 340 1502 aeternam
363 1476 572 1503 incolumitatem
595 1477 732 1511 consequi,
763 1485 809 1502 nec

19 1522 78 1540 esse
92 1513 266 1548 exploratum,
284 1513 330 1540 illo
344 1514 424 1540 vitato
437 1514 564 1548 periculo,
581 1513 686 1540 nullum
698 1514 725 1540 in
736 1513 810 1539 aliud

18 1550 170 1586 periculum
184 1555 324 1583 ventur0s;
340 1551 437 1577 virtute
452 1550 492 1577 vel
506 1551 573 1577 ultro
584 1551 616 1577 ad
628 1555 737 1577 mortem
750 1560 810 1585 pro-

19 1588 102 1614 ficisci
119 1596 177 1614 esse
191 1588 368 1623 praeclarum3
393 1587 541 1614 fortitudini
556 1588 688 1614 fortunam
702 1597 810 1623 quoque

19 1634 78 1652 esse
91 1624 244 1652 adiumento
258 1625 355 1657 solere3
377 1634 438 1651 eum
454 1630 508 1652 tute
523 1626 621 1657 vivere,
638 1626 685 1660 qui
700 1626 809 1652 honeste

19 1663 100 1694 vivat,
117 1671 177 1694 non.
193 1663 241 1698 qui
260 1663 287 1689 in
304 1663 450 1697 praesentia
465 1662 607 1689 incolumis
621 1663 669 1695 sit,
698 1667 722 1689 et
736 1671 806 1694 eum,

19 1701 67 1735 qui
80 1700 192 1735 turpiter
205 1701 284 1731 vivat,
301 1699 462 1726 incolumem
476 1700 503 1726 in
519 1705 678 1735 perpetuum
689 1709 747 1726 esse
757 1709 809 1726 non

18 1746 106 1773 posse.
135 1737 358 1764 Conclusionibus
372 1737 426 1763 sere
440 1737 575 1764 similibus
589 1738 617 1764 in
631 1738 673 1764 his
687 1742 712 1763 et
725 1738 752 1763 in
766 1738 809 1764 iu-

19 1774 160 1801 dicialibus
174 1775 277 1801 caussis
291 1775 330 1801 uti
344 1775 476 1808 solemus3
502 1775 554 1801 nisi
567 1775 639 1810 quod
654 1775 680 1801 in
696 1775 738 1801 his
753 1784 809 1801 ma-

19 1813 91 1838 xime
112 1811 237 1839 conducit
258 1812 458 1847 quamplurima
480 1820 569 1839 rerum
592 1817 651 1839 ante
673 1816 808 1848 gestarum

19 1849 139 1884 exempla
155 1849 279 1884 proferre.

73 1887 116 1913 vl.
131 1887 208 1913 Nunc
217 1887 250 1913 ad
260 1886 498 1914 demonstrativum
508 1895 593 1923 genus
603 1895 712 1914 caussae
724 1891 809 1913 trans-

19 1932 120 1950 eamus.
138 1925 177 1950 to.
188 1923 319 1957 Quoniam
334 1924 397 1950 haec
411 1933 505 1951 caussa
519 1924 649 1951 dividitur
662 1927 689 1951 in
702 1924 807 1950 laudem

19 1966 44 1988 et
57 1962 291 1996 vituperationem,
307 1962 408 1997 quibus
422 1970 456 1989 ex
469 1962 549 1988 rebus
562 1961 666 1988 laudem
678 1962 808 1988 constitu·
835 1985 837 1997 ,

836 2002 837 2009 ¹
858 2000 998 2027 Educatio:
1028 2001 1054 2027 in
1075 2000 1160 2032 laude,
1182 2002 1248 2027 bene
1263 2007 1287 2028 et
1303 2003 1419 2034 honeste,
1437 2004 1463 2030 in
1478 2004 1554 2030 bonis
1568 2004 1650 2030 disci—

18 2036 88 2062 Laus
106 2036 188 2072 igitur
205 2040 291 2071 potest
307 2045 366 2063 esse
380 2045 468 2063 rerum
483 2041 661 2068 externarum,
677 2037 806 2071 corporis,
828 2043 836 2075 Q

835 2095 836 2099 ,
858 2075 1000 2109 perationc¹
1017 2080 1114 2102 contra.
1140 2078 1148 2102 t
1160 2077 1179 2102 i.
1195 2077 1294 2103 Deinde
1309 2078 1418 2104 transire
1432 2084 1532 2113 oportet
1546 2079 1577 2105 ad
1592 2088 1649 2105 cor-

835 2116 836 2125 *
858 2112 929 2146 poris
943 2113 1089 2139 commoda.
1124 2113 1145 2139 A
1165 2119 1269 2140 natura:
1299 2115 1325 2141 in
1341 2115 1426 2147 laude,
1447 2116 1469 2142 si
1484 2116 1518 2142 sit
1531 2116 1648 2151 dignitas

835 2169 836 2176 1
858 2153 936 2184 atque
956 2149 1047 2181 forma,
1075 2150 1144 2176 laudi
1165 2150 1248 2177 fuisse
1263 2160 1329 2182 cam.
1356 2161 1406 2179 non
1421 2153 1647 2188 quemadmodum

19 1999 127 2030 erimus,
136 2008 169 2025 ex
182 1999 318 2026 contrariis
329 1999 409 2025 rebus
419 2000 468 2026 erit
479 2000 637 2034 vituperatio
646 2004 805 2034 comparata.

19 2073 108 2100 animi.
140 2074 239 2100 Rerum
262 2078 430 2100 externarum
448 2079 511 2100 sunt
528 2083 566 2106 ea,
586 2083 654 2110 quae
672 2083 735 2101 casu
763 2079 807 2100 aut

18 2109 122 2137 fortuna
136 2110 252 2137 secunda
267 2115 312 2137 aut
325 2111 435 2138 adversa
449 2111 566 2138 accidere
581 2116 705 2147 possunt;
722 2116 808 2147 utge-

19 2156 77 2179 nus,
102 2147 231 2179 educatio,
257 2147 373 2180 divitiae,
401 2153 550 2183 potestates,
574 2149 681 2184 gloriae,
702 2149 804 2180 civitas,

18 2185 156 2216 amicitiae,
180 2189 206 2211 et
223 2193 292 2220 quae
310 2185 465 2212 huiusmodi
484 2190 555 2217 sunt,
576 2191 601 2212 et
618 2195 656 2217 ea,
677 2195 745 2221 quae
765 2186 806 2212 his

17 2227 81 2249 sunt
93 2223 232 2249 contraria.
249 2222 371 2257 Corporis
385 2227 448 2249 sunt
461 2232 499 2254 ea,
515 2232 584 2258 quae
598 2228 689 2250 natura
704 2225 806 2258 corpori
835 2232 836 2256 j

17 2259 137 2287 attribuit
153 2259 291 2286 commoda
309 2264 354 2286 aut
370 2260 550 2287 incommoda:
572 2265 602 2287 ut
615 2260 749 2292 velocitas,
766 2262 807 2287 vi-

18 2305 68 2328 res,
83 2296 208 2333 dignitas,
225 2296 357 2328 valetudo,
373 2301 399 2323 et
412 2306 480 2332 quae
493 2298 621 2325 contraria
635 2303 706 2324 suut.
741 2298 807 2324 Ani-

18 2333 55 2360 mi
77 2339 141 2361 sunt
162 2343 200 2365 ea,
221 2343 289 2369 quae
308 2334 420 2361 consilio
433 2339 458 2361 et
471 2335 627 2371 cogitatione
642 2340 729 2361 nostra
743 2344 806 2361 con-

18 2374 100 2398 stant:
126 2376 155 2398 ut
173 2371 322 2406 prudentia,
343 2371 452 2403 iustitia,
474 2371 607 2403 fortitudo,
628 2372 764 2404 modestia,
781 2377 806 2399 et

17 2415 86 2443 quae
99 2409 227 2435 contraria
241 2413 313 2435 sunt,
350 2408 416 2445 [Erit
430 2409 511 2444 igitur
526 2410 590 2436 haec
604 2410 768 2436 confirmatio
781 2415 806 2436 et

17 2444 160 2472 confutatio
183 2444 280 2482 nobis]
317 2447 356 2472 Η.
382 2447 410 2472 In
434 2446 588 2473 huiusmodi
613 2447 694 2483 igitur
712 2456 805 2474 caussa
834 2476 835 2482 ,

37 2482 179 2518 rincipium
193 2487 314 2509 sumetur
327 2488 372 2510 aut
386 2483 418 2509 ab
433 2487 518 2510 nostra
533 2488 578 2510 aut
588 2484 621 2510 ab
631 2484 700 2516 eius,
710 2484 742 2511 de
752 2493 806 2519 quo

17 2490 166 2555 ibquemur,
182 2524 228 2546 aut
240 2520 273 2546 ab
287 2528 387 2551 eorum,
403 2521 449 2555 qui
465 2521 580 2551 audient.
597 2529 708 2555 persona
718 2522 805 2548 autab

16 2564 54 2583 re.
75 2556 115 2584 Ab
129 2561 226 2589 nostra,
241 2557 264 2583 si
280 2557 458 2589 laudabimus,
474 2558 594 2584 dicemus
608 2563 653 2584 aut
666 2558 753 2585 osticio
767 2558 806 2585 sa-

16 2601 83 2626 oere,
99 2594 171 2630 quod
185 2603 278 2621 caussa
293 2595 498 2622 necessitudinis
513 2595 668 2628 intercedat,
689 2601 734 2622 aut.
747 2600 804 2622 stu-

17 2629 70 2663 dio,
85 2631 157 2666 quod
171 2631 302 2658 eiusmodi
318 2632 423 2658 virtutis
437 2633 480 2663 sit,
497 2638 525 2659 ut
538 2641 630 2659 omncs
644 2642 804 2660 commemo-

17 2675 73 2695 rare
90 2668 202 2696 debeant
221 2668 297 2700 velle,
321 2669 393 2705 quod
412 2674 512 2697 rectum
527 2670 569 2701 sit,
586 2674 631 2697 aut
644 2679 677 2698 ex
691 2670 802 2698 aliorum

1029 139 1263 166 CAP.2—7.
1624 147 1653 171 ⁴7

865 208 942 235 laude
955 210 1101 242 ostendere,
1118 210 1206 245 qualis
1221 212 1307 245 ipsius
1322 213 1427 238 animus
1442 213 1485 239 sit.
1518 213 1565 240 Sin
1584 216 1654 242 vitu-

864 246 1026 280 perabimus,
1043 252 1088 273 aut
1102 248 1195 274 merito
1209 248 1302 279 facere,
1315 249 1387 283 quod
1398 250 1431 275 ita
1442 251 1541 276 tractati
1552 252 1652 278 simus:

864 288 909 309 aut
923 284 1019 315 studio,
1029 285 1100 319 quod
1116 285 1180 311 utile
1194 290 1320 320 putemus
1334 287 1442 317 esse‚ab
1457 288 1582 314 omnibus
1595 290 1655 315 uni-

864 329 922 346 cam
945 321 1073 347 malitiam
1092 326 1171 357 atque
1189 323 1337 357 nequitiam
1355 325 1492 359 cognosci,
1520 330 1565 352 aut
1583 327 1655 360 quod

865 358 965 392 placeat
978 359 1090 390 ostendi,
1107 359 1173 394 quid
1187 360 1264 386 nobis
1278 360 1425 395 displiceat,
1441 370 1475 388 ex
1488 362 1599 388 aliorum
1616 364 1656 389 vi-

866 396 1038 429 tuperatione.
1071 396 1112 423 Ab
1131 397 1189 423 eius
1207 406 1327 432 persona,
1348 398 1380 424 de
1394 407 1448 433 quo
1467 398 1615 434 loquemur,
1633 402 1653 427 si

866 432 1044 464 laudabimus,
1065 434 1149 460 vereri
1169 443 1216 460 nos
1234 434 1363 466 dicemus,
1385 441 1413 462 ut
1428 436 1501 462 illius
1516 436 1582 463 tacta
1597 447 1656 464 ver-

865 470 906 495 bis
920 471 1047 505 consequi
1063 472 1212 505 possimus',
1225 481 1317 498 omnes
1331 473 1452 499 homines
1464 473 1537 500 illius
1544 475 1655 501 virtutes

865 507 1015 541 praedicare
1038 513 1169 542 oportere,
1194 509 1251 543 ipsa
1270 509 1335 536 saeta
1354 511 1474 537 omnium
1489 511 1655 538 laudatorum

864 544 1043 578 eloquentiam
1062 546 1170 571 anteire.
1192 546 1220 572 Si
1236 547 1457 581 vituperabimus,
1478 557 1516 579 ea,
1533 558 1601 583 quae
1616 550 1655 575 vi-

864 581 988 607 debimus
1003 583 1131 608 contrarie
1146 584 1237 617 paucis
1252 585 1340 610 verbis
1350 586 1518 612 commutatis
1529 586 1580 612 dici
1594 596 1655 621 pos-

864 618 1034 650 se,dicemus,
1044 624 1073 645 ut
1086 620 1176 654 paullo
1191 625 1249 646 ante
1260 622 1374 656 exempli
1386 631 1479 649 caussa
1489 623 1655 650 demonstra—

865 660 921 681 tum
936 661 984 682 est.
1021 658 1060 683 42.
1078 657 1118 682 Ab
1133 657 1283 684 auditorum
1299 667 1418 692 persona,
1435 661 1456 686 si
1473 660 1651 691 laudabimus

864 694 990 727 quoniam
1009 702 1060 720 non
1080 694 1151 728 apud
1169 695 1273 730 ignotos
1292 695 1441 728 laudemus,
1463 707 1510 724 nos
1529 699 1652 725 monendi

840 747 841 751 ,
863 739 956 756 caussa
972 740 1055 765 pauca
1069 740 1127 757 esse
1141 732 1272 758 dicturos:
1289 738 1334 759 aut
1348 733 1370 759 si
1385 740 1462 760 erunt
1476 735 1567 769 ignoti,
1577 741 1605 762 ut
1617 741 1655 762 ta-

865 767 915 793 lem
934 768 1022 794 virum
1041 768 1123 794 velint
1140 778 1306 804 cognoscere,
1324 775 1457 804 petemus,
1485 774 1611 806 quoniam
1627 774 1652 799 in

863 805 955 831 eodem
971 806 1076 831 virtutis
1090 806 1179 832 studio
1193 806 1254 837 sint,
1271 808 1342 842 apud
1355 816 1424 842 quos
1440 808 1587 839 laudemus,
1601 820 1654 845 quo

863 842 972 877 ille,qui
987 842 1117 874 laudetur,
1135 843 1214 869 suerit
1227 849 1272 870 aut
1286 845 1328 875 sit,
1345 854 1450 879 sperare
1465 856 1511 872 nos
1524 847 1598 873 facile
1611 849 1651 877 iis,

863 879 963 914 quibus
982 880 1109 912 velimus,
1131 881 1213 907 huius
1232 881 1298 908 facta
1316 883 1481 916 probaturos.
1521 884 1652 910 Contraria

864 917 1034 951 vituperatio:
1061 918 1188 952 quoniam
1207 919 1302 950 norint,
1319 928 1402 954 pauca
1416 920 1448 947 de
1463 922 1581 955 nequitia
1596 923 1653 948 eius

863 963 910 980 nos
928 963 986 980 esse
1004 954 1134 987 dicturos;
1159 956 1232 990 quod
1250 957 1272 982 si
1287 957 1416 992 ignorent,
1432 963 1554 992 petemus
1568 964 1597 985 ut
1611 969 1654 986 co-

862 996 998 1027 gnoscant,
1016 992 1053 1018 uti
1069 993 1196 1019 malitiam
1212 994 1293 1020 vitare
1308 995 1424 1029 possint;
1437 996 1563 1030 quoniam
1573 996 1654 1022 dissi<

863 1029 940 1055 miles
959 1029 1020 1060 sint,
1042 1030 1089 1064 qui
1108 1030 1229 1062 audiunt,
1251 1036 1329 1066 atque
1345 1032 1398 1063 ille,
1414 1033 1461 1067 qui
1476 1033 1651 1068 vituperatur,

863 1075 910 1092 nos
925 1075 1038 1101 sperare,
1060 1076 1104 1093 eos
1120 1067 1192 1094 illius
1208 1068 1289 1094 vitam
1305 1069 1475 1097 vehementer
1489 1071 1654 1105 improbatu—

863 1112 913 1130 ros.
936 1104 976 1130 Ab
990 1105 1071 1130 rebus
1086 1105 1166 1139 ipsis:
1192 1106 1305 1132 incertos
1321 1115 1367 1133 nos
1382 1116 1449 1138 esse,
1466 1108 1532 1143 quid
1546 1109 1654 1143 potissi-

862 1150 936 1167 mum
953 1141 1106 1175 laudemus3
1129 1143 1222 1174 vereri,
1240 1152 1280 1174 ne,
1297 1152 1383 1178 quum
1397 1144 1480 1171 multa
1494 1145 1650 1175 dixerimus,

862 1178 939 1213 plura
953 1184 1158 1213 praetereamuS,
1175 1184 1199 1206 et
1213 1189 1281 1215 quae
1295 1181 1397 1208 similes
1413 1183 1557 1209 sententias
1572 1183 1654 1209 habe<

862 1216 941 1248 bunt,
970 1216 1070 1251 quibus
1089 1218 1227 1243 sententiis
1245 1219 1374 1245 contraria
1392 1224 1537 1246 sumuntur
1554 1229 1568 1246 a
1583 1221 1653 1247 vitu-

862 1254 1005 1287 peratione.
1025 1254 1079 1280 VH.
1097 1256 1136 1280 43.
1153 1255 1286 1290 Principio
1301 1261 1382 1283 tracto
1395 1257 1428 1283 ab
1442 1257 1532 1292 aliqua
1546 1258 1649 1286 harum.

860 1299 927 1325 quas
946 1296 1005 1317 ante
1019 1300 1296 1324 commemoravmms,
1313 1298 1454 1326 rationum,
1474 1300 1588 1321 narratio
1602 1305 1652 1322 non

861 1328 909 1354 erit
924 1328 986 1359 ulla,
1003 1337 1072 1363 quae
1087 1330 1236 1356 necessario
1249 1336 1440 1366 consequatur,
1457 1332 1504 1358 sed
1515 1333 1601 1368 siqua
1613 1334 1653 1359 in-

860 1365 961 1397 ciderit,
978 1374 1063 1400 quum
1078 1366 1186 1402 aliquod
1201 1367 1300 1394 factum
1314 1369 1381 1400 eius,
1394 1369 1427 1395 de
1437 1378 1491 1404 quo
1501 1369 1650 1404 loquemur.

838 1414 839 1421 1
861 1403 937 1429 nobis
962 1404 1122 1430 narrandum
1146 1405 1180 1430 sit
1202 1413 1264 1431 cum
1288 1405 1366 1432 laude
1384 1411 1429 1432 aut
1448 1408 1650 1442 vituperatione,

860 1441 1010 1475 praeceptio
1029 1441 1150 1467 narrandi
1170 1441 1202 1467 de
1220 1443 1306 1477 primo
1321 1443 1388 1470 libro
1402 1449 1544 1479 repetetur.
1580 1446 1652 1471 Divi-

838 1492 839 1513 3
860 1477 934 1503 sione
949 1477 996 1503 hac
1012 1483 1125 1504 utemur.
1160 1479 1248 1505 Primo
1266 1488 1440 1514 exponemus,
1457 1490 1524 1516 quas
1539 1491 1580 1508 res
1596 1482 1653 1508 lan·

860 1514 946 1540 daturi
965 1524 1061 1541 sumus
1080 1520 1125 1542 aut
1140 1516 1328 1550 vituperaturi3
1353 1518 1458 1549 deinde,
1476 1523 1504 1545 ut
1518 1528 1649 1554 quaeque,

859 1560 946 1586 quove
961 1557 1077 1587 tempore
1104 1562 1145 1579 res
1167 1554 1217 1579 erit
1238 1559 1324 1589 gesta,
1350 1555 1442 1581 ordine
1464 1556 1594 1587 dicemus,
1613 1563 1648 1584 ut.

860 1589 1074 1624 quid,quamquc
1090 1595 1144 1616 tute
1158 1596 1287 1625 cauteque
1301 1593 1391 1627 egerit,
1409 1593 1582 1629 intelligatur.
1599 1594 1651 1620 Sed

838 1644 839 1647 η
860 1634 991 1660 exponere
1010 1628 1139 1661 oportebit
1158 1628 1239 1654 animi
1259 1629 1370 1655 virtutes
1388 1635 1432 1656 aut
1451 1631 1527 1663 vitiag
1556 1631 1651 1657 deinde

837 1684 838 1688 ,
859 1664 996 1690 commoda
1015 1668 1059 1690 aut
1079 1665 1244 1691 incommoda
1261 1667 1378 1700 corporis
1404 1672 1448 1693 aut
1463 1677 1550 1694 rerum
1565 1674 1651 1695 exter-

860 1710 963 1732 narum,
985 1702 1118 1736 quomodo
1136 1702 1169 1728 ab
1188 1703 1276 1729 animo
1290 1707 1395 1730 tractata
1409 1705 1470 1735 sint.
1487 1705 1651 1732 demonstra-

837 1764 838 1773 ,
860 1747 896 1764 re.
912 1738 1039 1764 Ordinem
1055 1739 1125 1765 hunc
1139 1739 1265 1766 adhibere
1280 1740 1305 1766 in
1320 1741 1523 1769 demonstranda
1539 1743 1590 1769 vita
1605 1743 1651 1769 de-

836 1776 838 1800 ,¹
860 1775 964 1801 bemus.
987 1776 1027 1802 Ab
1042 1777 1158 1803 externis
1173 1777 1265 1803 rebus:
1281 1786 1376 1813 genus,
1394 1779 1419 1805 in
1436 1779 1521 1810 laude,
1540 1779 1650 1816 {quibus

860 1813 1006 1839 maioribus
1021 1818 1098 1840 natus
1112 1813 1171 1850 sit3]
1196 1815 1218 1840 si
1234 1814 1302 1841 bono
1315 1825 1420 1851 genere,
1442 1826 1531 1851 parem
1546 1823 1590 1844 aut
1605 1827 1650 1844 ex-

836 1846 838 1874 3'
859 1850 996 1877 celsiorem
1016 1850 1113 1884 fuisse,
1139 1852 1161 1877 si
1181 1852 1277 1878 humili
1296 1862 1401 1888 genere,
1428 1855 1516 1888 ipsum
1537 1855 1562 1881 m
1581 1856 1648 1883 suis.

860 1896 911 1914 non
927 1888 952 1914 in
968 1889 1097 1915 maiorum
1114 1889 1259 1916 virtutibus
1274 1890 1401 1917 habuisse
1416 1892 1593 1926 praesidium:
1624 1894 1649 1919 in

860 1925 1065 1959 vituperatione,
1091 1926 1113 1952 si
1138 1926 1206 1953 bono
1227 1936 1332 1961 genere,
1358 1928 1479 1955 dedecori
1505 1930 1649 1956 maioribus

859 1962 956 1994 fuisse,
981 1964 1002 1989 si
1023 1963 1100 1995 malo,
1126 1968 1213 1990 tamen
1232 1965 1274 1990 his
1294 1965 1359 1999 ipsis
1377 1965 1536 1993 detrimento
1555 1967 1647 1993 fuisse.

859 2037 939 2071 pliuis
954 2047 1000 2072 per
1013 2047 1119 2064 onmem
1134 2039 1274 2073 pueritiam
1289 2040 1430 2067 educatum
1445 2050 1516 2067 esse:
1538 2042 1563 2068 in
1579 2043 1649 2068 vitu-

857 2187 950 2212 ceteris
964 2187 1122 2214 detrimento
1136 2193 1214 2223 atque
1228 2188 1363 2221 ‹ledec0ri3
1392 2190 1414 2216 si
1430 2191 1499 2216 vires
1513 2196 1591 2225 atqin¹
1604 2200 1648 2217 vc-

859 2223 948 2250 locitas
967 2225 1081 2260 egregia,
1103 2225 1220 2251 honestis
1241 2226 1304 2252 haec
1320 2227 1554 2254 exercitationibus
1568 2234 1592 2254 et
1608 2229 1647 2254 in-

857 2261 967 2287 dustriis
991 2261 1111 2288 dicemus
1133 2268 1295 2297 comparata,
1321 2265 1342 2289 si
1363 2264 1494 2296 valetudo,
1522 2271 1646 2300 perpetua

857 2298 994 2333 diligentia
1008 2303 1033 2325 et
1047 2301 1219 2334 temperantia
1233 2301 1425 2335 cupiditatum,
1450 2302 1476 2328 in
1492 2302 1647 2336 vituperati-

857 2344 914 2366 ouc,
931 2336 953 2361 si
968 2341 1045 2362 crunt
1059 2336 1123 2363 haec
1136 2338 1254 2372 corporis
1267 2339 1413 2368 commoda,
1429 2339 1495 2365 male
1511 2339 1552 2365 his
1567 2349 1646 2366 usum

835 2373 836 2379 ¹
856 2373 985 2404 dicemus,
1001 2382 1069 2408 quae
1084 2383 1146 2400 casu
1161 2380 1186 2400 et
1201 2379 1300 2405 natura,
1318 2380 1452 2410 tamquam
1467 2376 1580 2410 quilibet
1590 2377 1647 2412 gla-

857 2410 949 2441 diator,
967 2410 1103 2443 habuerit,
1118 2412 1140 2437 si
1157 2420 1208 2438 non
1222 2417 1307 2442 erunt,
1325 2418 1426 2446 practer
1437 2412 1546 2439 sormam
1558 2415 1645 2440 onmia

858 2447 943 2481 ipsius
974 2447 1053 2482 culpa
1084 2453 1110 2474 et
1142 2449 1343 2483 intemperantia
1376 2449 1477 2485 fugisse
1513 2450 1643 2478 dicemus.

858 2484 955 2510 Deinde
974 2489 1137 2512 revertemur
1151 2485 1183 2511 ad
1197 2490 1335 2512 extraneas
1350 2496 1400 2515 res.
1416 2492 1441 2513 et
1456 2488 1482 2514 in
1497 2487 1547 2519 his,
1564 2489 1645 2515 iminu

858 2522 968 2548 virtutes
982 2527 1026 2548 aut
1042 2522 1103 2548 vitia
1117 2531 1186 2558 quae
1198 2522 1304 2553 suerint,
1317 2524 1558 2557 considorabinms,
1576 2526 1646 2552 ‹tivi-

834 2568 835 2587 1
857 2560 906 2585 tiae
920 2568 952 2585 an
968 2565 1108 2593 paupertas
1124 2559 1210 2590 suerit.
1228 2565 1253 2586 et
1266 2569 1334 2595 quac
1349 2567 1498 2596 potestates,
1510 2572 1578 2598 quac
1588 2563 1645 2597 glu-

857 2596 918 2627 riae,
934 2605 1002 2631 quac
1016 2597 1156 2628 amicitiae,
1172 2606 1241 2632 quae
1256 2598 1451 2629 iniinicitiae,t·t
1464 2600 1530 2634 quid
1547 2600 1645 2626 sortiter

857 2634 882 2659 in
898 2634 1044 2660 inimicitiis
1057 2635 1181 2669 gerendis
1197 2634 1299 2664 secet-iu
1321 2636 1400 2662 cuius
1413 2645 1507 2663 caussa
1519 2646 1645 2672 suscepe-

832 2701 833 2705 ,
856 2671 888 2698 rit
903 2671 1068 2700 iuimicitias:
1085 2680 1137 2707 qua
1153 2672 1212 2702 tide.
1229 2672 1420 2703 benevolentia,
1433 2674 1520 2701 osticio
1532 2676 1645 2710 gesserit

1422 2723 1436 2746 3
