1941 3052
226 151 271 176 int
800 153 838 178 22.

870 151 904 177 M.
935 151 964 178 Τ.
995 151 1269 178 (ἶΙίΣΕΙΗ)Ν15

225 222 335 248 utilitate
349 223 494 248 communi.
530 224 552 248 2.
574 222 637 248 Nam
653 222 699 256 qui
714 222 765 247 sibi
782 221 829 247 lio(-
843 222 968 255 sumpsit,
987 226 1014 247 ut
1033 221 1035 240 ⁴
1066 226 1149 256 potest
1163 223 1251 248 animo
1265 231 1350 257 aequo
1364 223 1441 249 istius
1452 224 1604 258 quotidiana
1616 223 1753 253 adulteria,
1771 232 1855 251 tuere-

222 260 334 292 ‹·m·i·i1.:at
350 269 435 285 mort-n
450 259 560 285 aliorum
577 269 605 284 :u-
620 264 722 293 per-enta
742 258 930 293 reprehendat,
951 259 1013 292 quin
1032 253 1035 307 1

224 297 286 322 huic
306 297 434 330 ignem-nt,
458 297 479 321 si
499 306 549 330 qua
571 297 595 322 in
615 306 641 321 τι·
661 297 718 330 ipsi·
736 296 769 321 ab
788 295 914 329 religione
932 294 1012 328 oflicii
1033 309 1035 341 Ι

1040 264 1042 327 l

1067 260 1166 284 triviam
1181 259 1365 294 ‹lim-iplinum,
1381 260 1556 287 ‹lorriz-sticum
1572 261 1732 287 lenocinium
1749 261 1856 287 videre?

1064 297 1114 327 Qui
1131 296 1270 331 religionen
1284 296 1394 323 deorum
1409 298 1597 324 immortalium
1612 299 1723 324 retinere
1739 298 1804 328 vult.
1820 299 1853 327 vi.

222 333 379 359 declinarit?
405 335 570 368 Qniiiprupter
584 333 632 358 bo«-
646 334 724 358 ctiam
740 333 825 366 magis
839 332 872 358 ab
886 332 1012 358 omnibus
1033 347 1041 371 Ι,
1064 334 1110 367 qui
1131 332 1188 358 fana
1208 333 1327 368 spoliarit
1345 334 1446 364 omnia.
1473 335 1520 369 qui
1538 343 1571 361 ex
1590 335 1744 361 mensarum
1762 336 1856 361 orbitis

222 371 352 397 ciusumdi
367 371 433 396 vivis
450 370 597 396 laudandus
612 380 640 394 a<-
654 369 808 402 diligendus
822 374 874 399 eut,
895 369 942 404 qui
961 378 1011 395 non

222 408 308 433 mlum
326 406 377 443 snb}
394 407 528 442 republica
543 407 627 432 civem
645 407 794 440 improbum
816 410 945 436 removet,
967 415 1012 432 ve-

223 454 280 470 rum
295 446 372 470 etiam
388 455 415 470 s·-
431 445 518 478 ipsum
534 444 665 469 eiusmodi
682 443 735 469 sort·
751 445 926 478 proliteturac
937 452 1013 477 prae·
1032 456 1034 464 r

221 486 284 511 stat,
311 486 338 507 ut
356 482 406 506 sibi
427 491 477 507 non
498 481 575 506 modo
593 481 727 507 communi
749 480 882 507 voluntate
906 481 1012 506 virtutis

221 522 299 552 utque
317 518 409 547 oflicii,
430 518 476 543 scd
495 518 574 543 etiam
595 518 618 543 vi
633 518 748 552 ‹piadam
766 518 850 553 magis
865 518 1011 544 necessaria
1032 534 1034 570 s

222 560 289 580 ret-tc
308 555 342 580 sit
361 555 523 589 honesteque
539 555 694 581 vivendum.
735 557 758 581 3.
782 556 872 590 ltaque
887 555 949 585 hoc,
970 556 1012 581 iu-

219 592 304 622 dices,
331 601 363 618 cx
383 592 489 618 homine
507 592 655 619 clarissimo
677 597 756 627 atque
780 592 1008 627 eloquentissimo.

221 629 248 654 l..
271 629 378 659 Crasso,
399 638 477 663 saepe
496 630 617 656 auditum
637 634 689 660 cst,
710 639 794 665 quum
814 639 842 655 se
858 630 959 656 nultius
975 630 1010 656 rei

220 671 270 691 tuin
287 667 420 700 poenitere
435 666 545 698 «liceret,
562 676 642 702 quam
657 667 728 702 quod
743 668 772 693 C.
789 667 935 693 Carbonem
952 676 1011 693 um-
1032 673 1033 683 ⁴

218 712 298 737 quam
318 704 343 730 in
364 704 492 730 iudicium
513 705 670 731 vocavisset.
712 705 800 731 Minus
819 705 889 731 enim
915 704 1010 730 liberas

217 741 337 767 omnium
356 750 444 767 rerum
464 741 611 768 voluntates
632 742 756 773 habebat,
781 747 806 768 et
830 743 909 768 vitam
934 751 1009 768 suam

219 777 355 812 pluribus,
371 787 451 813 quam
468 778 559 809 vellet,
575 779 709 805 observari
724 779 809 805 oculis
823 779 1009 805 arbitrabatur,
1031 758 1033 819 ⁴,

218 815 303 850 Atque
318 815 362 841 ille
377 816 418 841 his
433 816 572 850 praesidiis
584 817 682 851 ingenii
694 816 867 851 fortunaeque
878 817 1007 846 munitus,

218 857 304 878 tamen
324 853 371 879 hac
389 862 450 879 cura
474 854 671 885 continebatur,
695 863 776 889 quam
799 854 864 884 sibi,
891 853 1008 880 nondum

216 889 369 915 confirmato
387 890 510 921 consilio,
536 891 581 917 sed
602 892 708 918 ineunte
727 896 821 922 aetate,
846 895 1007 926 susceperat.
1030 901 1033 907 ¹

216 926 274 958 Quo
289 927 377 953 minus
392 928 469 954 etium
485 929 645 963 perspicitur
659 937 749 955 eorum
765 929 850 955 virtus
865 933 889 954 et
901 929 1009 963 integri·
1030 936 1031 958 ι

216 969 267 990 tas.
288 965 334 999 qui
353 965 385 990 ad
406 965 472 991 hanc
491 974 545 991 rem
565 966 767 997 adolescentuli,
791 975 871 1001 quam
890 967 936 1000 qui
956 966 1007 992 iam
1030 969 1032 994 ,⁴

217 1002 316 1027 firmata
331 1006 413 1028 aetate
427 1002 600 1029 descendunt.
643 1003 681 1029 llli
700 1004 785 1034 enim,
806 1008 947 1038 antequam
962 1012 1009 1037 po-

217 1043 323 1065 tuerunt
341 1040 505 1071 existimare,
531 1045 630 1075 quanto
649 1040 754 1067 liberior
774 1041 826 1067 vita
849 1042 884 1067 sit
905 1049 1006 1071 eorum,
1030 1038 1031 1057 ἶ

210 1076 261 1110 ‘qui
277 1077 409 1103 neminem
424 1078 584 1109 accusarint,
607 1077 706 1113 gloriae
719 1087 812 1104 caussa
827 1083 906 1113 atque
919 1082 1009 1104 osten-

216 1113 320 1139 tationis
339 1119 476 1140 accusant:
505 1124 565 1144 nos,
585 1116 631 1150 qui
652 1116 716 1146 iam,
738 1120 762 1141 et
780 1115 846 1150 quid
866 1115 963 1145 facere,
983 1119 1009 1141 et

214 1151 374 1184 quantulum
387 1152 503 1177 iudicare
516 1161 664 1187 possemus,
676 1154 852 1183 ostendimus,
870 1153 919 1179 nisi
932 1152 1008 1178 facile

213 1188 372 1222 cupiditates
387 1194 488 1215 nostras
504 1194 662 1220 teneremus,
680 1199 827 1224 numquam
842 1191 949 1225 ipsimet
962 1198 1008 1216 no-

215 1224 255 1251 bis
271 1226 482 1259 praecideremus
497 1227 573 1252 istam
594 1227 725 1253 licentiam
747 1227 948 1262 libertatemque
968 1227 1008 1253 vi-

215 1262 303 1288 vendi.
326 1264 356 1288 ll.
374 1264 396 1289 4.
413 1264 498 1298 Atque
514 1264 562 1290 hoc
576 1273 624 1299 ego
639 1264 699 1299 plus
713 1265 801 1291 oneris
816 1265 908 1295 habeo,
926 1273 1006 1299 quam

213 1300 260 1334 qui
279 1304 377 1326 ceteros
396 1307 553 1327 accusarunt
572 1302 603 1336 (si
623 1310 691 1328 onus
710 1306 749 1328 est
763 1302 789 1328 id
804 1302 1004 1337 appellandum,

212 1337 283 1371 quod
302 1346 362 1363 cum
383 1338 478 1364 laetitia
499 1338 567 1364 feras
585 1348 614 1365 ac
637 1339 794 1374 voluptatc);
823 1345 1006 1365 verumtamen

213 1374 261 1400 hot·
276 1383 323 1409 ego
337 1375 453 1410 amplius
467 1376 587 1411 suscepi,
608 1385 688 1411 quam
703 1377 796 1406 ceteri;
824 1377 896 1411 quod
911 1377 945 1402 ita
961 1385 1007 1411 po—

213 1411 327 1438 stulatur
341 1412 373 1438 ab
387 1413 526 1444 omnibus,
548 1418 578 1440 ut
591 1413 624 1440 ab
638 1414 671 1440 iis
685 1422 713 1440 se
727 1414 877 1440 abstineant
891 1414 1006 1440 maxime

212 1449 293 1479 vitiis,
310 1450 336 1475 in
352 1450 452 1484 quibus
466 1450 578 1477 alterum
594 1451 820 1486 reprehenderint.
847 1451 943 1477 Furem
958 1450 1007 1477 ali-

211 1495 290 1520 quem
306 1491 350 1513 aut
364 1496 484 1521 rapacem
499 1488 651 1514 accusaris?
665 1488 770 1514 vitanda
783 1489 830 1514 tibi
842 1497 948 1523 semper
958 1489 1007 1514 erit

210 1524 296 1549 omnis
311 1524 435 1551 avaritiae
449 1525 577 1560 suspicio.
619 1525 767 1552 Maleficum
787 1526 941 1560 quempiam
960 1525 1007 1552 ad-
1028 1541 1029 1548 κ

210 1559 319 1587 duxeris
334 1566 379 1588 aut
392 1562 546 1588 crudelem?
559 1563 708 1589 cavendum
723 1564 771 1589 erit
781 1571 894 1598 semper¹
912 1572 944 1589 ne
953 1571 1006 1598 qua
1027 1578 1029 1592 ι

210 1597 237 1624 in
256 1607 282 1624 re
301 1599 417 1633 asperior
435 1604 481 1625 aut
498 1600 669 1626 inhumanior
687 1600 770 1626 fuisse
788 1600 903 1626 videare.
943 1600 1007 1627 Cor-
1028 1617 1029 1620 =

211 1640 358 1669 ruptorem,
384 1636 553 1663 adulterum?
579 1637 773 1672 providendum
793 1637 946 1673 diligenter,
973 1645 1006 1664 ne

210 1672 281 1707 quod
306 1674 332 1699 in
357 1674 408 1699 vita
432 1675 576 1709 vestigium
596 1674 717 1701 libidinis
736 1679 869 1709 appareat.
910 1673 1005 1701 Omnia
1026 1679 1028 1712 ξ

210 1714 355 1744 postremo,
376 1719 444 1745 quae
464 1712 607 1738 vindicaris
625 1712 652 1738 in
671 1711 764 1743 altero,
786 1712 833 1738 tibi
853 1712 904 1746 ipsi
924 1711 1006 1738 velie-

210 1752 312 1773 menter
327 1747 450 1783 fugienda
466 1753 538 1774 sunt.
579 1749 684 1775 Etenim
699 1758 750 1775 non
766 1749 844 1775 modo
857 1753 1002 1779 accusator,

210 1783 256 1809 sed
272 1793 304 1810 ne
317 1784 469 1820 obiurgator
482 1785 593 1820 quidem
609 1785 734 1812 serendus
748 1790 788 1812 est
801 1786 838 1817 is,
854 1787 915 1821 qui,
932 1785 1004 1821 quod

211 1821 237 1847 in
251 1820 332 1848 altero
347 1822 442 1848 vitium
457 1823 638 1857 reprehendit,
661 1824 689 1850 in
707 1832 737 1850 eo
756 1824 812 1858 ipse
826 1823 1004 1858 deprehendi-

210 1863 262 1884 tur.
302 1859 358 1894 Ego
371 1859 398 1885 in
414 1868 466 1886 uno
481 1860 587 1886 homine
600 1861 688 1886 onmia
707 1861 784 1891 vitia,
804 1869 873 1895 quae
892 1865 1004 1895 possunt

210 1896 236 1921 in
251 1895 358 1922 homine
373 1896 475 1930 perdito
489 1897 642 1932 nefarioque
656 1906 722 1928 esse,
739 1897 917 1932 reprehendo:
942 1897 1004 1924 nul-

210 1932 265 1959 lum
281 1942 338 1959 esse
352 1933 411 1960 dico
425 1934 554 1960 indicium
571 1934 704 1966 libidinis,
725 1934 846 1966 sceleris,
866 1934 1000 1965 audaciae,
1024 1965 1027 1974 Α

209 1970 281 2005 quod
304 1980 354 1996 non
379 1971 405 1997 in
430 1972 507 1997 istius
531 1972 612 1997 unius
637 1973 689 1998 vita
712 1972 861 2007 perspicere
882 1972 1001 2006 possitis.
1024 1983 1026 1990 ·

209 2009 234 2033 5.
256 2008 311 2043 Ego
327 2008 353 2034 in
368 2008 418 2034 isto
432 2017 476 2035 reo
490 2008 574 2044 legem
590 2009 670 2040 hanc,
687 2009 803 2040 iudices,
819 2009 886 2035 mihi
901 2014 1000 2035 statuo:
1024 2014 1025 2035 i

210 2045 354 2071 vivendum
370 2045 404 2071 ita
418 2053 490 2076 esse,
513 2050 542 2072 ut
560 2046 604 2072 isti
622 2055 674 2073 non
688 2047 767 2073 modo
781 2046 856 2073 factis
870 2046 1003 2081 dictisque
1024 2063 1025 2066 =

208 2082 348 2113 omnibus,
370 2082 416 2108 sed
435 2083 513 2109 etiam
531 2083 584 2109 oris
598 2083 791 2119 oculorumque
805 2083 850 2109 illa
864 2088 1003 2110 conturna·
1024 2095 1025 2114 ι

208 2119 247 2145 cia
261 2127 290 2145 ac
304 2120 443 2154 superbia,
459 2128 540 2154 quam
555 2121 664 2151 videtis,
685 2121 885 2147 dissimillimus
900 2129 958 2147 esse
972 2129 1002 2147 ac
1024 2143 1025 2156 ,

208 2165 314 2191 semper
328 2156 411 2183 fuisse
426 2157 524 2183 videar.
565 2158 664 2189 Patior,
680 2167 732 2184 non
747 2158 857 2184 moleste
871 2157 938 2189 fero,
959 2158 1002 2184 iu-
1024 2164 1025 2191 l

208 2193 289 2224 dices,
305 2202 363 2220 eam
378 2194 468 2225 vitam,
485 2203 553 2229 quae
568 2195 633 2221 mihi
648 2204 696 2221 sua
711 2200 804 2230 sponte
819 2200 893 2221 antea
905 2196 1003 2221 iucun-

207 2230 240 2257 da
258 2230 350 2262 fuerit,
374 2240 445 2257 nunc
462 2232 515 2258 iam
534 2240 591 2258 mea
607 2232 662 2268 lege
677 2237 702 2259 et
715 2233 865 2259 conditione
880 2241 1003 2258 necessa—
1023 2236 1025 2262 Ι

208 2268 274 2294 riam
295 2276 403 2303 quoque
427 2268 553 2295 suturam.
594 2270 637 2296 ΙΙΙ.
659 2271 684 2296 6.
705 2270 738 2296 Et
764 2270 792 2296 in
818 2269 867 2296 hoc
894 2269 1001 2296 homine
1023 2278 1025 2286 ⁴

208 2313 286 2340 saepe
299 2314 313 2331 a
327 2314 369 2331 me
383 2306 503 2340 quaeris,
524 2307 659 2337 Hortensi,
679 2307 780 2342 quihus
793 2307 942 2333 inimicitiis
956 2311 1002 2333 aut
1023 2305 1024 2336 i

207 2351 260 2377 qua
278 2343 374 2369 iniuria
393 2343 525 2369 adductus
548 2343 581 2369 ad
603 2344 783 2370 accusandum
805 2344 999 2370 descenderim.

207 2379 281 2405 Mitto
299 2380 351 2405 iam
370 2381 496 2406 rationem
515 2380 595 2407 officii
613 2382 665 2407 mei
684 2382 945 2417 necessitudinisque
959 2381 1002 2408 Si-

207 2416 342 2443 culorum:
370 2417 403 2443 de
416 2418 483 2452 ipsis
497 2418 545 2444 tibi
559 2418 707 2445 inimicitiis
721 2419 876 2454 respondeo.
916 2419 957 2445 An
971 2423 1001 2445 tu

209 2454 320 2479 maiores
334 2453 403 2480 ullas
417 2455 571 2481 inimicitias
585 2460 663 2490 putas
677 2464 744 2487 esse,
761 2465 843 2491 quam
856 2456 1000 2482 contrarias
1022 2489 1023 2492 Ἰ

208 2489 346 2516 hominum
361 2493 504 2518 sententias
518 2501 547 2518 ac
561 2493 797 2519 dissimilitudines
810 2493 961 2519 studiorum
975 2497 1001 2519 et
1021 2495 1023 2523 ⁴

208 2526 393 2554 voluntatum?
418 2529 510 2555 Fidem
529 2531 725 2556 sanctissimam
743 2531 771 2556 in
785 2531 839 2556 vita
852 2530 900 2565 qui
914 2534 997 2565 putat,
1021 2535 1023 2558 1

207 2568 294 2598 potest
311 2565 334 2590 ei
353 2573 403 2591 non
422 2566 548 2592 inimicus
566 2575 639 2598 esse,
659 2568 707 2602 qui
725 2572 849 2602 quaestor
861 2567 999 2593 consulem
1020 2579 1023 2606 f

208 2609 288 2627 suum
310 2602 429 2628 consiliis
452 2604 615 2635 commissis,
644 2605 756 2639 pecunia
782 2604 890 2635 tradita,
918 2604 999 2630 rebus
1020 2613 1022 2638 ρ

207 2638 332 2664 omnibus
341 2638 458 2670 creditis,
471 2640 593 2674 spoliare,
606 2641 764 2676 relinquere,
777 2641 896 2675 prodere.
913 2649 1000 2675 oppu-
1020 2645 1021 2648 ’

207 2683 287 2704 enare
304 2683 387 2702 ausus
405 2675 457 2702 sit?
482 2677 612 2704 Pudorem
630 2683 655 2704 et
677 2678 833 2713 pudicitiam
855 2678 903 2712 qui
926 2677 996 2708 colit,
1020 2699 1022 2701 >

1032 375 1041 411 χ’
1065 370 1183 404 prae-dari
1206 371 1240 396 sit
1263 379 1358 400 ausus.
1384 372 1509 397 inimicus
1531 381 1582 398 non
1605 381 1664 398 ense
1686 373 1732 407 qui
1754 373 1857 406 potest?

1032 440 1035 450 .
1063 408 1114 439 Qui
1130 408 1186 433 iure
1201 416 1285 442 aequo
1298 417 1390 433 omnes
1405 413 1478 442 putet
1491 418 1549 434 esse
1562 414 1690 443 oportere,
1708 410 1729 435 i»-
1744 410 1791 435 tiloi
1804 418 1854 436 nou

1065 444 1255 470 infestissimum
1269 446 1312 474 sit,
1328 454 1412 479 quum
1427 446 1522 478 cogitet
1537 447 1687 472 varietatem
1704 446 1856 473 libidinem-

1040 483 1041 486 ’
1063 490 1115 516 que
1130 481 1295 508 decretorum
1311 482 1434 508 tuorum?
1456 483 1502 517 qui
1518 483 1648 509 sociorum
1664 484 1779 513 iniuriis.
1795 492 1856 518 pro-

1065 519 1266 553 vinciarumque
1282 519 1456 546 incommodis
1473 519 1572 549 doleat,
1593 521 1616 546 is
1634 521 1660 547 in
1675 526 1699 546 te
1714 530 1764 547 nou
1779 522 1855 555 expi-

1065 555 1160 582 latione
1176 557 1266 586 Asino.
1284 557 1421 582 vexatione
1437 557 1621 592 Pamphyliae,
1642 557 1764 592 squalore
1778 563 1802 584 et
1818 558 1855 584 la-

1063 594 1153 619 crimis
1172 593 1277 619 Sit-iliae
1299 593 1463 620 concitetur?
1487 594 1538 626 Qui
1556 595 1657 620 civium
1677 595 1854 621 Rornanorum

1064 631 1119 656 iura
1134 640 1162 656 ac
1179 631 1324 657 libertatem
1339 636 1456 657 sanctam
1471 631 1541 666 apud
1559 640 1652 658 omnes
1671 631 1761 659 haberi
1781 632 1854 662 velit,

1063 668 1085 693 is
1105 677 1154 694 non
1175 668 1221 694 tibi
1242 668 1302 703 plus
1320 669 1412 698 etiam,
1435 677 1515 703 quam
1536 669 1660 695 inimicus
1678 677 1736 695 esse
1750 668 1853 699 debeat.

1038 712 1040 721 ⁴
1061 713 1146 740 (pium
1166 709 1210 731 tua
1230 706 1351 735 verbera,
1372 715 1455 740 quum
1475 714 1594 736 secures,
1614 714 1699 741 quum
1716 706 1854 733 cruceond

1061 743 1161 768 civium
1181 743 1358 769 Romanorum
1380 743 1510 777 supplicia
1534 743 1599 769 fixae
1622 743 1790 770 recordetur?
1827 744 1853 770 7.

1062 780 1110 810 An,
1127 780 1148 806 si
1163 789 1216 815 qua
1231 781 1257 806 in
1273 789 1299 806 re
1313 785 1400 806 contra
1416 790 1470 806 rem
1486 789 1570 806 meam
1581 780 1742 807 decrevisset
1752 780 1854 816 aliquid

1062 817 1167 848 iniuria,
1185 818 1241 843 iure
1256 826 1297 843 me
1311 818 1334 843 ei
1350 818 1488 844 inimicum
1503 826 1562 844 esse
1576 817 1744 844 arbitrarere:
1768 826 1855 853 quum

1061 855 1148 880 omnia
1163 859 1250 881 contra
1265 856 1384 881 omnium
1400 854 1529 881 bonorum
1544 864 1612 885 rem,
1628 864 1759 885 caussam,
1776 855 1855 882 ratio-

1062 900 1135 922 nem.
1153 892 1307 922 utilitatem,
1324 892 1542 926 voluntatemque
1556 892 1659 922 fecerit,
1675 893 1791 927 quaeris,
1806 901 1855 919 cur

1061 929 1084 955 ei
1103 929 1153 955 sim
1173 930 1312 959 inimicus,
1333 929 1376 955 cui
1396 929 1512 964 populus
1526 930 1660 955 Romanus
1675 929 1789 956 infestus
1802 929 1855 956 sit?

1060 967 1106 1001 qui
1123 967 1276 1001 praesertim
1290 966 1350 1001 plus
1361 967 1449 997 etiam,
1465 975 1545 1001 quam
1558 975 1618 1001 pars
1630 966 1714 993 virilis
1726 966 1851 1002 postulat,

1061 1012 1108 1038 pro
1122 1004 1256 1030 voluntate
1271 1003 1362 1038 populi
1377 1004 1486 1030 Romani
1501 1004 1588 1030 oneris
1598 1012 1627 1030 ac
1638 1005 1756 1030 muneris
1767 1005 1854 1031 susci—

1061 1049 1122 1075 pere
1137 1041 1266 1067 debeam‘?
1298 1041 1340 1067 tV.
1363 1040 1452 1073 Quid?
1466 1040 1519 1072 illa,
1535 1049 1604 1076 quae
1619 1040 1716 1067 leviora
1730 1041 1854 1068 videntur

1060 1086 1131 1109 esse,
1160 1087 1211 1105 non
1230 1079 1351 1104 cuiusvis
1369 1078 1489 1104 animum
1508 1083 1621 1113 possunt
1634 1078 1757 1104 movere?
1781 1078 1854 1114 quod

1059 1115 1092 1141 ad
1116 1120 1187 1142 tuam
1215 1116 1300 1150 ipsius
1323 1116 1466 1142 amicitiam
1489 1120 1691 1150 ceterorumque
1714 1115 1852 1142 hominunm

1060 1161 1216 1189 magnorum
1235 1158 1314 1188 atque
1333 1153 1463 1179 nobilium
1483 1152 1626 1179 faciliorem
1649 1153 1750 1179 aditum
1775 1153 1853 1179 istius

1060 1190 1138 1216 habet
1153 1191 1270 1225 nequitia
1284 1195 1309 1216 et
1323 1190 1445 1221 audacia,
1461 1199 1541 1225 quam
1556 1190 1716 1225 cuiusquam
1732 1194 1852 1217 nostrum

1059 1227 1145 1253 virtus
1163 1232 1188 1254 et
1206 1227 1361 1263 integritas?
1385 1227 1486 1254 Odistis
1505 1227 1643 1253 hominum
1664 1236 1792 1253 novorum
1811 1227 1854 1254 in—

1059 1264 1202 1291 dustriam:
1230 1265 1368 1299 despicitis
1390 1273 1481 1291 eorum
1507 1264 1698 1300 frugalitatem:
1723 1264 1851 1299 pudorem

1057 1303 1240 1333 contemnitis;
1266 1303 1404 1338 ingenium
1428 1310 1490 1328 vero
1511 1307 1536 1328 et
1555 1302 1680 1328 virtutem
1699 1301 1851 1336 depressam

1058 1340 1270 1374 exstinctamque
1283 1340 1392 1374 cupitis.
1419 1341 1443 1364 8.
1460 1339 1566 1365 Verrem
1581 1339 1685 1365 amatis.
1708 1339 1743 1365 tta
1757 1338 1848 1366 credo:

1058 1377 1081 1402 si
1100 1386 1151 1402 non
1172 1377 1280 1407 virtute,
1307 1386 1358 1403 non
1377 1376 1520 1407 industria,
1547 1385 1598 1403 non
1617 1376 1779 1407 innocentia,
1800 1384 1850 1403 non

1058 1413 1168 1448 pudore,
1185 1422 1236 1440 non
1251 1413 1392 1448 pudicitia;
1417 1418 1443 1440 at
1456 1422 1586 1444 sermone,
1602 1418 1628 1440 at
1642 1413 1744 1444 titteris,
1761 1418 1786 1439 at
1800 1413 1851 1440 hu-

1059 1451 1183 1477 manitate
1197 1452 1255 1477 eius
1268 1451 1447 1477 delectamini.
1482 1451 1554 1477 Nihil
1570 1451 1664 1477 horum
1679 1455 1732 1477 est:
1747 1455 1851 1477 contra-

1058 1497 1110 1523 que
1121 1493 1183 1514 sunt
1194 1489 1282 1515 omnia
1293 1497 1378 1524 quum
1390 1488 1629 1515 summodedecore
1639 1488 1848 1523 acturpitudine,

1059 1530 1115 1552 tum
1138 1525 1269 1561 singulari
1296 1525 1407 1552 stultitia
1433 1530 1513 1561 atque
1538 1525 1733 1552 inhumanitate
1757 1524 1849 1552 oblita.

1057 1563 1124 1589 Huic
1138 1563 1240 1589 homini
1254 1563 1277 1589 si
1291 1564 1369 1589 cuius
1383 1563 1478 1589 domus
1493 1567 1574 1598 patet,
1595 1567 1685 1589 utrum
1703 1571 1733 1589 ea
1751 1567 1848 1597 patere.

1057 1609 1090 1626 an
1104 1600 1176 1626 hiare
1190 1608 1219 1626 ac
1233 1608 1341 1635 poscere
1355 1599 1458 1635 aliquid
1469 1599 1592 1626 videtur?
1605 1600 1681 1626 Hunc
1691 1599 1771 1626 vestri
1783 1600 1851 1626 iani-

1057 1642 1138 1668 tores,
1155 1637 1227 1663 hunc
1240 1637 1397 1663 cubicularii
1413 1637 1541 1672 diligunt:
1570 1637 1641 1663 hunc
1656 1636 1742 1663 liberti
1757 1637 1847 1667 vestri,

1057 1674 1128 1700 hunc
1142 1675 1212 1700 servi
1226 1674 1390 1709 ancillaeque
1405 1679 1506 1700 amant:
1523 1674 1566 1700 hie
1579 1682 1664 1709 quum
1679 1674 1760 1705 venit,
1776 1678 1848 1700 extra

1055 1711 1175 1738 ordinem
1186 1716 1308 1738 vocatur:
1325 1711 1368 1737 hic
1378 1711 1451 1738 solus
1462 1711 1651 1743 introducitur;
1666 1711 1754 1741 ceteri,
1771 1719 1849 1746 saepe

1056 1748 1231 1784 frugalissimi
1247 1749 1378 1779 homines,
1394 1748 1583 1775 excluduntur.
1612 1748 1653 1774 Ex
1666 1757 1720 1783 quo
1733 1747 1849 1784 intelligi

1055 1790 1149 1820 potest,
1166 1794 1210 1812 eos
1225 1786 1302 1812 vobis
1315 1794 1374 1812 esse
1387 1786 1552 1816 carissimos.
1568 1786 1616 1820 qui
1630 1786 1665 1811 ita
1680 1786 1804 1816 vixerint,
1820 1790 1850 1812 ut

1055 1823 1113 1849 sine
1128 1828 1214 1850 vestro
1228 1823 1361 1858 praesidio
1374 1823 1442 1849 salvi
1452 1831 1511 1849 esse
1522 1831 1573 1849 non
1586 1823 1698 1858 possint.
1720 1823 1745 1848 9.
1760 1821 1850 1854 Quid‘?

1025 1865 1027 1882 <
1055 1860 1105 1887 hoc
1117 1861 1244 1895 cuiquam
1259 1860 1398 1887 ferendum
1413 1865 1491 1895 putas
1504 1868 1575 1891 esse,
1599 1868 1646 1886 nos
1664 1860 1700 1886 ita
1718 1860 1808 1886 vivere
1820 1860 1848 1886 iu

1055 1898 1167 1932 pecunia
1182 1898 1264 1929 tenui,
1281 1902 1310 1924 ut
1323 1906 1432 1932 prorsus
1446 1897 1512 1923 nihil
1527 1897 1663 1932 acquirere
1674 1896 1803 1929 velimus;
1819 1901 1849 1923 ut

1054 1934 1210 1970 dignitatem
1225 1939 1350 1965 nostram,
1367 1934 1514 1969 populique
1525 1935 1635 1961 Romani
1644 1934 1779 1965 beneficia,
1796 1942 1849 1961 non

1054 1973 1151 2007 copiis,
1171 1971 1218 1998 sed
1235 1973 1331 1998 w'rtute
1346 1976 1481 1998 tueamur:
1510 1972 1604 2002 istum,
1624 1971 1705 1997 rebus
1722 1971 1848 1998 omnibus

1055 2009 1175 2044 undique
1188 2009 1299 2044 ereptis,
1319 2010 1430 2043 impune
1448 2008 1599 2035 eludentem
1613 2007 1796 2035 circumfluere
1809 2012 1849 2035 at-

1054 2055 1107 2081 que
1120 2046 1274 2073 abundare?
1300 2046 1382 2072 huius
1396 2050 1504 2081 argento
1517 2045 1634 2072 dominia
1649 2050 1749 2076 vestra,
1765 2045 1847 2071 buius

1054 2084 1139 2119 signis
1153 2088 1178 2110 et
1192 2083 1290 2110 tabulis
1305 2083 1391 2110 sorum
1405 2084 1598 2118 comitiumque
1611 2082 1716 2109 ornari?
1729 2091 1847 2117 praeser-

1054 2121 1101 2147 tim
1116 2129 1201 2156 quum
1216 2129 1263 2147 vos
1278 2126 1365 2147 vestro
1378 2121 1459 2146 Marte
1473 2120 1515 2146 his
1530 2120 1610 2146 rebus
1623 2119 1749 2146 omnibus
1761 2119 1848 2146 abun-

1053 2158 1140 2184 uetis‘?
1165 2159 1274 2185 Verrem
1288 2166 1355 2189 esse,
1371 2158 1419 2192 qui
1434 2162 1535 2183 vestras
1548 2156 1626 2183 villas
1640 2157 1698 2183 suis
1711 2156 1846 2183 manubiis

1053 2195 1146 2222 ornet?
1170 2195 1277 2221 Verrem
1291 2203 1363 2226 esse,
1382 2195 1431 2229 qui
1444 2203 1506 2221 cum
1520 2194 1550 2221 L.
1565 2194 1695 2220 Mummio
1707 2198 1801 2224 certet,
1818 2198 1847 2220 ut

1053 2232 1144 2267 plures
1159 2232 1203 2258 hic
1216 2233 1349 2259 sociorum
1363 2232 1457 2263 urbes,
1477 2240 1559 2267 quam
1572 2231 1619 2258 ille
1632 2231 1763 2261 hostium,
1784 2239 1846 2266 spo-

1054 2270 1132 2296 liasse
1150 2269 1290 2296 videatur?
1315 2269 1406 2304 plures
1425 2269 1469 2295 hic
1489 2268 1562 2295 solus
1584 2267 1662 2294 villas
1684 2269 1846 2295 ornamentis

1053 2306 1174 2333 fanorum
1183 2327 1189 2339 ,
1208 2315 1289 2342 quam
1304 2306 1349 2333 ille
1362 2306 1423 2332 fana
1435 2305 1529 2341 spoliis
1543 2305 1660 2332 hostium
1673 2304 1800 2331 ornasse?
1820 2309 1847 2332 et

1052 2344 1075 2370 is
1093 2345 1142 2370 erit
1159 2344 1194 2371 ob
1211 2352 1270 2370 eam
1287 2352 1344 2370 rem
1362 2343 1438 2370 vobis
1456 2343 1553 2373 carior,
1573 2346 1603 2368 ut
1619 2342 1699 2368 ceteri
1718 2341 1846 2369 libentius

1051 2389 1102 2408 suo
1115 2381 1234 2416 periculo
1248 2381 1344 2408 vestris
1357 2380 1550 2415 cupiditatibus
1563 2378 1697 2405 serviant?

1105 2419 1136 2445 V.
1161 2420 1200 2444 to.
1222 2419 1321 2445 Verum
1339 2418 1404 2444 haec
1421 2421 1447 2443 et
1464 2416 1586 2443 dicentur
1599 2415 1651 2442 alio
1665 2415 1721 2442 loco
1734 2420 1760 2442 et
1773 2415 1844 2442 dieta

1051 2460 1128 2482 sunt:
1156 2464 1228 2482 nunc
1244 2455 1444 2490 proficiscemur
1460 2453 1494 2480 ad
1511 2453 1628 2488 reliqua,
1650 2453 1674 2479 si
1687 2461 1771 2488 pauca
1784 2457 1844 2479 ante

1052 2492 1183 2519 fuerimus
1197 2501 1212 2519 a
1225 2492 1310 2524 vobis,
1326 2491 1439 2521 iudices,
1454 2490 1596 2526 deprecati.
1618 2489 1760 2525 Super-iore
1769 2490 1843 2516 omni

1050 2531 1166 2557 oratione
1189 2533 1348 2565 perattentos
1374 2532 1475 2554 vestros
1500 2527 1603 2554 animos
1628 2527 1788 2554 habuimus:
1815 2526 1843 2553 id

1020 2561 1023 2574 ⁴
1051 2566 1102 2594 suit
1115 2567 1192 2594 nobis
1203 2572 1310 2602 gratum
1324 2565 1479 2592 admodum.
1503 2564 1557 2591 Sed
1569 2563 1655 2591 multo
1667 2564 1717 2590 erit
1728 2564 1840 2600 gratius,

1050 2604 1073 2630 si
1091 2603 1195 2639 reliqua
1213 2604 1307 2630 voletis
1324 2602 1471 2629 attendere:
1499 2606 1636 2637 propterea
1658 2600 1732 2636 quod
1752 2601 1781 2627 in
1797 2600 1842 2627 his

1049 2641 1185 2673 omnibus,
1200 2649 1270 2676 quae
1283 2645 1358 2667 autea
1368 2639 1437 2666 dicta
1447 2644 1519 2670 sunt,
1535 2643 1591 2665 erat
1598 2638 1729 2673 quaedam
1740 2646 1774 2664 ex
1783 2638 1841 2672 ipsa

1049 2679 1175 2705 varietate
1193 2686 1223 2704 ac
1240 2678 1356 2704 novitate
1373 2685 1462 2703 rerum
1480 2684 1510 2702 ac
1526 2676 1671 2702 criminum
1693 2674 1839 2702 delectatio.
