1941 3052
222 120 283 144 4240
792 116 848 141 437,
879 114 913 140 M.

219 190 261 215 luis
278 194 345 214 artes
363 186 560 213 ministrarent?
580 186 685 218 Quibus
706 185 786 211 rebus
802 185 906 212 exculta
925 185 1013 211 homi-

220 236 283 253 uum
302 228 353 251 vita
371 231 470 251 tuntum
488 223 567 249 ‹li-‹tut
587 234 599 248 a
621 224 690 249 victu
714 229 738 248 vt
759 223 831 248 cultu
854 223 1010 248 bestiarum.

220 265 303 290 Urbe-⁴
317 273 376 288 veru
388 271 445 287 siut·
458 261 594 286 liuiuinuin
607 265 681 285 coi-tu
695 269 744 285 non
754 261 957 294 potuissentncc
969 269 1014 285 ac—

218 301 320 327 dilicuri
335 310 380 325 ιμϊ
395 299 569 332 [ιϊιμινιιιειι-ἰῑ
589 306 620 323 ex
637 306 690 331 quo
708 297 779 329 leges
794 306 934 331 moresque
949 306 1013 322 con—

218 344 317 364 stituti,
343 343 396 362 tum
416 336 481 361 iuri-0
497 343 580 368 aequm
597 334 742 368 descriptio
755 339 880 369 certaque
903 334 1011 360 vivendi

217 375 370 408 ‹li-«ciplinn.
411 375 482 403 Quas
500 381 540 397 res
557 377 581 397 vt
597 371 936 397 mansuetudoanimorum
948 380 1012 397 con-

218 418 306 437 secuta
318 417 341 436 et
355 409 514 436 verecundia
527 414 567 434 est
583 409 938 442 vll'cctuinquc,uti-ssetvita
952 417 1012 434 ntu-

219 450 297 475 uitior
313 453 391 482 atqiu¹
409 453 435 473 ut
447 446 534 472 dando
546 451 570 472 ct
582 446 738 479 accipit-ndo
751 446 960 480 mutuandisque
974 445 1012 471 fa-

217 486 362 512 cultatibus
373 490 398 510 et
409 483 611 509 corumodamlis
624 483 695 509 nulla
712 493 737 509 re
749 492 899 516 egeremus.

274 523 303 548 V.
330 524 367 548 w.
391 522 535 554 Longiores
551 521 599 546 boc
617 520 671 546 loco
683 530 791 550 suiuus,
810 530 890 555 quam
904 529 1012 547 neccsse

216 565 265 586 est.
305 560 372 591 Quis
384 564 423 585 cst
434 560 515 587 enini,
529 559 572 583 cui
586 568 635 584 non
650 559 790 592 perspicua
803 559 856 584 sint
869 558 926 588 illa,
943 567 1011 592 quae

217 597 342 632 pluribus
356 596 445 622 verbis
457 605 469 620 a
484 596 604 621 l'anaetio
615 600 866 625 commemorantur,
877 596 1010 621 nerninem

217 643 303 668 neque
315 634 411 660 duceni
425 633 487 659 belli
501 642 548 658 uec
561 634 708 667 principem
721 632 793 658 domi
810 642 919 667 magnas
935 642 975 658 res
987 637 1012 659 et

215 671 344 697 salutares
355 672 412 697 sine
421 671 559 696 huminum
572 670 670 696 studiis
681 678 771 705 gerere
784 670 921 704 potuisse‘?
933 670 1011 696 Corn-

216 714 377 735 memoratur
389 708 421 734 ab
433 717 463 733 eo
475 707 677 737 'l‘lwmist‹›clcs.
695 707 817 735 Pericles,
831 708 926 743 Cyrus,
942 707 1011 741 Age—

215 746 313 776 silaus,
328 745 491 773 Alexander,
510 754 578 779 quos
591 749 667 779 negat
679 745 736 771 sine
748 745 911 771 adiumentis
924 745 1011 771 homi-

216 792 280 810 num
294 788 378 809 tantas
390 792 431 809 res
443 782 547 808 efficere
559 783 689 816 potuisse.
718 782 804 808 Utitur
819 783 844 808 in
858 791 884 808 re
897 791 947 808 non
959 782 1011 807 du·
1039 804 1040 807 ,

216 821 258 847 bia
276 821 389 847 testibus
405 829 455 846 non
468 821 635 846 necessariis.
677 820 762 854 Atque
775 825 924 855 utmagnus
937 819 1011 845 utili-

215 863 281 884 tates
293 858 470 892 adipiscimur
486 858 681 891 conspiratione
698 856 837 882 hominum
854 862 932 891 atque
947 865 1010 882 con-

214 904 310 925 sensu,
329 896 367 921 sic
384 895 456 921 nulla
470 899 521 920 tam
534 894 700 920 detestabilis
713 895 796 928 pestis
808 899 860 924 est,
878 902 946 928 quae
959 903 1009 920 non

216 933 318 958 homini
333 932 366 959 ab
379 932 486 958 homine
499 937 631 958 nascatur.
672 932 717 957 Est
730 931 882 957 Dicaearchi
899 931 967 957 liber
977 931 1010 957 de

216 971 323 996 interitu
338 970 488 999 hominum,
502 969 668 1004 Peripatetici
681 969 770 1004 magni
782 973 807 994 et
818 969 933 1002 copiosi:
951 970 1007 1003 qui,

214 1007 333 1033 collectis
344 1007 439 1033 ceteris
450 1008 563 1037 caussis,
576 1006 719 1035 eluvionis,
737 1005 914 1040 pestilentiae,
928 1007 1011 1031 vasti-

215 1045 288 1075 tatis,
307 1044 457 1070 belluarum
469 1045 547 1070 etiam
561 1044 714 1078 repentinae
730 1043 925 1073 multitudinis,
943 1051 1011 1077 qua-

214 1090 274 1107 rum
296 1082 397 1116 impetu
418 1081 494 1107 docet
514 1081 647 1116 quaedam
669 1081 808 1106 hominum
829 1088 926 1115 genera
951 1089 1010 1106 esse

213 1124 381 1153 consumpta.
390 1118 487 1144 deinde
499 1123 642 1153 comparat,
651 1123 751 1152 quanto
763 1117 853 1151 plures
864 1117 944 1143 deleti
957 1118 1011 1144 sint

214 1156 337 1182 homines
355 1156 494 1182 bominum
512 1157 628 1190 impetu,
650 1155 676 1181 id
692 1160 731 1181 est
748 1154 827 1180 bellis
841 1159 886 1181 aut
899 1154 1010 1181 seditio-

214 1193 305 1223 nibus,
318 1202 399 1228 quam
411 1194 483 1219 omni
497 1193 599 1227 reliqua
611 1192 770 1218 calamitate.

272 1231 311 1256 ⁴7.
333 1230 422 1262 Quum
440 1231 522 1265 igitur
534 1230 576 1256 hic
589 1230 662 1255 locus
674 1229 741 1255 nihil
755 1229 851 1255 habeat
862 1229 1010 1255 dubitatio-

213 1268 269 1298 nis,
287 1269 353 1302 quin
369 1267 492 1293 homines
505 1267 653 1302 plurimum
667 1266 823 1292 hominibus
835 1271 860 1292 et
871 1267 974 1301 prosint
985 1271 1010 1293 et

211 1304 315 1331 obsint:
336 1308 469 1338 proprium
484 1307 530 1331 Ιιοε
550 1309 636 1331 statuo
656 1313 708 1330 esse
730 1307 847 1334 vit-tulis,
870 1306 1010 1330 conciliare

211 1345 310 1368 (numos
325 1344 464 1372 Ιιοηιὶηιιηι,
487 1347 509 1368 et
524 1344 558 1367 nd
573 1351 633 1368 usus
647 1350 706 1367 suos
716 1344 866 1374 adiunyere.
906 1342 1007 1376 Itaque,

212 1388 280 1413 quae
292 1380 317 1405 in
331 1379 411 1405 rebus
423 1379 564 1410 inanimis,
580 1387 703 1413 quaeque
715 1380 742 1405 in
755 1387 806 1404 usu
819 1383 844 1404 et
855 1379 1009 1405 tractatione

212 1416 363 1443 belluarum
377 1416 443 1442 fiunt
456 1416 556 1443 utiliter
566 1416 598 1442 ad
611 1416 752 1443 hominum
763 1416 855 1447 vitam,
864 1416 967 1442 artibus
979 1425 1008 1442 ea

211 1453 367 1480 tribuuntur
377 1454 511 1488 operosis,
525 1455 652 1480 hominum
663 1458 752 1480 autem
764 1456 858 1483 studia,
870 1456 905 1480 ad
915 1455 1009 1487 ampli-

210 1493 353 1524 ficationem
363 1496 509 1517 nostrarum
520 1500 606 1517 rerum
616 1496 734 1524 prompta
740 1500 771 1517 nc
780 1495 885 1524 parata,
893 1494 1009 1517 virorum

207 1531 394 1561 praestantium
405 1531 532 1562 sapientia
544 1534 567 1554 e!
577 1532 670 1554 virtute
681 1531 838 1554 excitamur.
873 1530 912 1554 ⁴8.
936 1527 1009 1564 [Ete-

211 1566 267 1591 nim
285 1566 371 1592 virtus
382 1567 470 1592 omnis
484 1568 566 1591 tribus
582 1566 607 1592 in
625 1565 705 1592 rebus
722 1565 775 1592 fere
791 1566 918 1592 vertitur:
939 1574 1009 1600 qua·
1036 1592 1038 1597 ,

211 1611 271 1629 rum
282 1612 334 1629 una
345 1608 384 1630 est
397 1603 422 1629 in
434 1603 632 1638 perspiciendo,
641 1602 742 1638 quidin
754 1611 862 1638 quaque
874 1611 900 1629 re
913 1611 1007 1629 verum
1037 1628 1038 1636 ,

209 1640 401 1675 sincerumque
416 1641 464 1671 sit,
487 1640 554 1675 quid
575 1645 784 1666 consentaneum
805 1641 917 1675 cuique,
940 1640 1007 1675 quid
1036 1647 1038 1678 ξ

210 1685 392 1711 consequens,
409 1686 443 1704 ex
454 1686 507 1712 quo
518 1686 642 1712 quaeque
652 1678 812 1713 gignantur,
830 1686 900 1712 quae
913 1678 1008 1704 cuius-

209 1722 262 1748 que
274 1715 311 1741 rei
322 1723 416 1741 caussa
428 1715 475 1741 sit:
489 1717 606 1745 alterum,
619 1715 745 1741 cohibere
756 1720 844 1741 motus
856 1715 940 1741 animi
951 1720 1008 1741 tur-

210 1751 298 1782 batOS,
316 1760 384 1786 quos
396 1752 490 1778 Graeci
501 1751 578 1786 πάθη
594 1753 744 1784 nominant,
763 1753 1005 1787 appetitionesque,

209 1797 277 1823 quas
289 1788 590 1824 illibopnigmbedientes
602 1789 707 1815 efficere
719 1790 828 1816 rationi:
843 1792 952 1819 tertium,
962 1790 1004 1819 iis.
1030 1813 1031 1816 ,

209 1826 375 1860 quibuscum
395 1835 603 1862 congregamur,
627 1827 666 1853 uti
688 1826 822 1852 moderate
840 1831 866 1853 et
881 1827 1004 1857 scienter,

209 1871 325 1897 quorum
337 1863 436 1890 studiis
447 1872 486 1894 ea,
499 1872 568 1898 quae
580 1868 672 1890 natura
684 1863 827 1893 desiderat,
841 1863 946 1898 expleta
958 1872 1007 1890 cu-

209 1899 364 1935 mulataque
376 1900 537 1933 habeamus;
552 1909 599 1936 per
609 1901 814 1935 eosdemque,si
825 1900 892 1935 quid
904 1901 1007 1935 impor-

209 1941 279 1963 tetur
290 1937 368 1963 nobis
379 1937 556 1968 incommodi,
569 1937 774 1972 propulsemus,
787 1937 1006 1973 ulciscamurque

209 1982 264 2004 eos,
278 1975 325 2009 qui
337 1983 431 2001 nocere
445 1975 523 2001 nobis
534 1975 620 2001 conati
632 1980 704 2005 sunt,
714 1979 838 2009 tantaque
849 1983 934 2010 poena
946 1975 1006 2001 affi—

208 2011 327 2042 ciamus,
354 2016 481 2046 quantam
506 2013 627 2046 aequitas
651 2011 859 2046 humanitasque
882 2011 1004 2049 patitur.]

208 2048 252 2074 vl.
278 2050 316 2075 ⁴9.
339 2048 445 2081 Quibus
456 2053 544 2075 autem
557 2049 706 2075 rationibus
718 2049 786 2075 hanc
798 2049 950 2076 facultatem
963 2059 1006 2076 as-

208 2086 288 2120 sequi
306 2086 457 2120 possimus,
480 2091 510 2112 ut
530 2086 671 2113 hominum
691 2086 780 2113 studia
796 2087 1006 2121 complectamur

208 2131 293 2157 eaque
305 2127 457 2153 teneamus,
470 2123 607 2155 dicemus,
621 2132 707 2158 neque
719 2124 754 2150 ita
766 2123 851 2150 multo
862 2129 935 2159 post:
957 2124 1005 2151 sed

207 2168 293 2195 pauca
304 2165 363 2186 ante
374 2160 487 2187 dicenda
499 2166 571 2187 sunt.
610 2161 734 2196 Magnam
746 2162 802 2187 vim
813 2170 872 2187 esse
884 2162 911 2188 in
922 2165 1006 2195 sortu-

207 2206 242 2223 na
253 2198 280 2223 in
292 2202 435 2232 utramque
446 2203 557 2232 partem,
566 2197 788 2224 velsecundasad
799 2207 842 2224 res
854 2199 895 2225 vel
908 2199 1006 2225 adver-

207 2243 265 2265 sas,
282 2236 345 2270 quis
360 2234 482 2271 ignorat‘?
502 2236 568 2262 Nam
584 2240 610 2262 et
623 2244 710 2270 quum
725 2244 852 2270 prospero
868 2235 931 2263 flatu
945 2237 1004 2263 eius

206 2273 319 2302 utimur,
333 2272 366 2298 ad
377 2273 466 2299 exitus
478 2272 654 2307 pervehimur
663 2277 780 2308 optatos,
794 2277 820 2299 et
830 2282 916 2308 quum
927 2273 1005 2300 ressa-

209 2309 255 2339 vit,
269 2308 424 2344 affligimur.
449 2310 516 2336 llaec
531 2311 614 2346 igitur
626 2311 683 2345 ipsa
696 2309 801 2337 fortuna
812 2315 914 2337 ceteros
924 2319 1004 2337 casus
1027 2323 1028 2326 ¹

207 2347 319 2373 rariores
332 2347 420 2378 habet,
433 2348 552 2382 primum
564 2348 597 2374 ab
609 2348 737 2374 inanimis
747 2347 887 2382 procellaS,
901 2353 1005 2383 tempe-

206 2388 301 2414 states,
319 2384 471 2420 naufragia,
488 2385 593 2416 ruinas,
612 2384 749 2417 incendia,
773 2384 871 2411 deinde
883 2394 896 2411 a
908 2385 1004 2412 bestiis

207 2421 285 2451 ictus,
299 2430 413 2453 morsus,
428 2423 556 2457 impetus.
597 2422 666 2448 Haec
676 2430 753 2458 ergo,
768 2427 797 2448 ut
806 2422 878 2452 dixi,
893 2424 1001 2449 rariora.

206 2458 248 2483 20.
271 2458 303 2484 At
319 2467 380 2485 vero
397 2459 520 2486 interitus
531 2459 714 2490 exercituum,
736 2464 766 2486 ut
775 2460 898 2494 proxime
909 2461 1000 2491 trium,

207 2502 286 2528 saepe
297 2495 451 2527 multorum,
465 2496 556 2523 clades
567 2497 773 2531 imperatorum,
789 2501 819 2523 ut
830 2505 916 2532 nuper
926 2506 1004 2524 sum-

207 2531 245 2556 mi
257 2536 282 2557 et
292 2532 436 2567 singularis
449 2534 513 2560 viri:
530 2534 650 2560 invidiae
661 2538 796 2568 praeterea
807 2533 1000 2565 multitudinis,

207 2572 286 2602 atque
301 2568 335 2594 ob
349 2577 393 2596 eas
408 2570 476 2597 bene
489 2572 644 2598 meritorum
656 2579 736 2606 saepe
747 2571 850 2597 civium
862 2571 1003 2606 expulsio-

207 2613 264 2635 nes,
277 2605 449 2638 calamitates,
463 2607 555 2643 fugae:
573 2616 723 2644 rursusque
733 2608 869 2634 secundae
883 2617 938 2639 res,
953 2609 1003 2636 ho-

205 2649 297 2669 nores.
317 2643 441 2676 imoeria.
460 2646 598 2677 victoriae,
620 2654 786 2681 quamquam
804 2645 911 2674 fortuita
927 2651 999 2678 suut,

1030 1722 1031 1752 ᾗ
1060 1713 1133 1740 haud
1149 1713 1202 1740 fere
1218 1715 1364 1749 quisquam
1381 1714 1518 1739 interitum
1536 1711 1636 1749 [talem]
1657 1712 1760 1748 effugit.

945 115 975 140 T.
1006 113 1280 140 ClCEltONlS

1065 190 1152 211 tamen
1174 185 1232 211 sine
1254 185 1394 211 hominum
1413 184 1512 219 opibus
1532 191 1557 212 et
1576 185 1674 212 studiis
1694 191 1813 212 neutram
1832 188 1858 214 in

1065 228 1165 257 partem
1178 221 1248 248 eflici
1261 227 1382 256 possunt.
1424 223 1476 248 lloc
1489 223 1570 258 igitur
1580 224 1699 256 cognito,
1712 223 1859 251 dicendum

1041 264 1043 289 ;
1064 265 1112 288 est,
1129 269 1238 292 quonum
1251 262 1322 284 modu
1336 261 1463 285 homiuum
1478 263 1562 286 unalia
1576 263 1611 286 ad
1625 263 1748 286 utdlnluln
1760 267 1860 287 nonme

1041 303 1042 306 ’
1064 299 1169 321 allicere
1179 301 1256 330 utque
1267 299 1382 322 ert-itare
1392 300 1525 329 pessimun.
1565 298 1638 328 Quae
1651 298 1673 324 si
1686 298 1790 333 longior
1802 298 1860 325 fue-

1066 335 1097 359 rit
1107 334 1203 363 oratio,
1217 342 1278 359 cuni
1292 334 1477 368 magnitudine
1490 334 1613 361 utilitati»
1623 341 1805 370 comparetur:
1825 337 1858 362 ita

1040 380 1042 387 ⁴
1066 371 1175 397 fortasse
1187 371 1266 396 etiarn
1281 371 1386 397 brevior
1399 371 1544 398 videbitur.

1118 410 1160 434 ⁶2¹.
1183 409 1375 443 Quas-cumque
1393 409 1474 443 igitur
1488 409 1609 435 homines
1622 409 1724 435 homini
1737 409 1860 436 tribuunt

1064 448 1163 471 adeum
1179 449 1321 478 anspradum
1337 451 1413 479 alque
1427 447 1621 475 tumn-standum,
1639 451 1684 472 aut
1698 446 1859 473 benevolen-

1040 500 1042 505 .
1065 484 1115 508 tiae
1129 483 1212 515 gratia
1227 482 1340 512 faciunt,
1358 491 1442 517 quum
1454 482 1543 517 aliqua
1555 483 1588 509 de
1599 492 1693 510 caussa
1703 492 1858 518 quempiam

1063 519 1195 552 diligunt,
1217 525 1262 546 aut
1280 520 1400 549 honoris,
1421 521 1443 546 si
1459 521 1538 546 cuius
1555 522 1679 547 virtutem
1696 522 1858 555 suspiciunt.

1040 569 1042 581 ι
1063 566 1199 591 quemque
1219 557 1332 592 dignum
1355 557 1457 584 fortuna
1473 566 1554 588 quarn
1571 558 1738 592 amplissima
1756 563 1858 592 putant,

1065 599 1109 620 aut
1123 595 1166 620 cui
1185 594 1263 620 fidem
1282 594 1380 621 habent
1391 600 1416 621 et
1428 595 1495 621 bene
1507 595 1587 621 rebus
1598 596 1656 621 suis
1667 595 1806 621 consulere
1818 604 1862 621 ar-

1065 631 1205 662 bitrantur,
1223 637 1268 658 aut
1278 633 1357 658 cuius
1368 640 1434 666 opes
1446 637 1580 659 metuunt:
1599 637 1644 658 aut
1655 637 1743 659 contra
1753 654 1758 662 ,
1773 642 1785 658 a
1797 633 1860 667 qui-

1064 669 1115 695 hus
1131 669 1234 704 aliquid
1251 674 1420 704 exspectant,
1443 675 1472 696 ut
1486 678 1571 704 quum
1589 678 1664 705 reges
1683 669 1860 705 popularesve

1065 706 1187 732 homines
1200 706 1353 741 largitiones
1369 706 1474 742 aliquas
1486 712 1650 742 proponunt',
1667 712 1711 733 aut
1727 712 1860 742 postremo

1039 749 1041 763 1
1063 745 1147 778 pretio
1159 752 1188 769 ac
1201 744 1323 770 mercede
1334 744 1483 774 ducuntur;
1497 753 1566 779 quae
1577 744 1764 771 sordidissima
1776 750 1817 771 est
1827 744 1860 770 il-

1065 781 1086 806 la
1098 781 1209 815 quidem
1223 782 1288 807 ratio
1299 787 1324 807 et
1336 782 1563 816 inquinatissima,
1577 787 1603 808 et
1615 782 1714 816 iis.qui
1725 790 1754 808 ea
1767 787 1859 808 tenen-

1039 826 1041 853 ξ
1063 823 1114 847 tur,
1127 823 1152 844 et
1164 818 1226 848 illis,
1240 819 1287 853 qui
1299 818 1332 844 ad
1344 828 1401 845 eam
1414 819 1558 854 confugere
1569 824 1708 845 conantur.
1748 820 1791 845 22.
1804 819 1861 845 Ma-

1039 858 1040 879 i
1063 855 1086 881 lc
1097 856 1168 881 enirn
1181 864 1210 881 se
1222 864 1264 882 res
1277 856 1363 885 habet,
1378 865 1476 891 quum,
1493 856 1566 891 quod
1579 857 1676 882 virtute
1687 855 1757 882 effici
1769 855 1857 886 debet,

1063 892 1088 918 id
1106 898 1220 919 tentatur
1237 894 1361 928 pecunia.
1379 908 1416 913 ·-—
1431 893 1484 919 Sed
1505 894 1632 928 quoniam
1655 902 1859 928 nonnumquam

1040 939 1041 942 ¹
1063 930 1112 956 hoc
1127 930 1282 956 subsidium
1303 931 1482 957 necessarium
1499 936 1552 960 est,
1574 930 1803 965 quemadmodum
1825 931 1861 957 sit

1063 967 1192 993 utendum
1205 976 1244 997 eo,
1257 967 1390 997 dicemus,
1404 969 1426 993 si
1440 968 1515 1002 prius
1527 968 1561 994 iis
1572 968 1604 993 de
1617 968 1706 997 rebuS,
1722 976 1791 1002 quae
1803 969 1859 994 vir-

1039 1007 1041 1020 ³
1063 1005 1111 1031 tuti
1128 1005 1266 1040 propiores
1282 1010 1360 1035 sunt,
1381 1005 1542 1031 dixerimus.
1583 1006 1670 1040 Atque
1685 1006 1764 1031 etiam
1779 1007 1860 1031 sub-'i'-

1063 1044 1132 1067 ciun!
1147 1051 1173 1068 se
1187 1044 1299 1068 homine-3
1314 1045 1420 1075 imperio
1430 1044 1538 1068 alterius
1549 1048 1571 1068 e!
1581 1045 1700 1075 potestati
1710 1042 1743 1068 de
1755 1043 1859 1068 caussis

1062 1079 1198 1113 pluribus.
1239 1080 1378 1106 Ducuntur
1389 1080 1459 1106 enim
1475 1085 1520 1105 aut
1535 1079 1735 1110 benevolentia.
1752 1084 1798 1106 aut
1812 1079 1860 1106 be-

1063 1117 1219 1143 neficiorum
1236 1116 1438 1151 magnitudine,
1461 1122 1507 1143 aut
1526 1116 1666 1152 dignitatis
1687 1117 1857 1151 praestantia,

1039 1151 1040 1185 l
1062 1159 1107 1179 aut
1118 1162 1179 1188 spe,
1193 1154 1246 1180 sibi
1260 1154 1286 1181 id
1298 1153 1363 1180 utile
1375 1153 1510 1184 futurum,
1524 1159 1569 1180 aut
1581 1158 1667 1183 metu,
1683 1162 1715 1179 ne
1728 1154 1754 1179 vi
1767 1162 1859 1188 parere

1039 1188 1040 1199 ¹
1061 1196 1204 1226 cogantur,
1222 1196 1268 1218 aut
1278 1200 1325 1226 spe
1338 1190 1487 1227 largitionis
1499 1191 1695 1226 promissisque
1706 1191 1791 1225 capti:
1815 1196 1860 1217 aut

1038 1206 1040 1263 l
1062 1233 1209 1263 postremo,
1241 1234 1270 1255 ut
1294 1237 1373 1263 saepe
1398 1229 1424 1255 in
1450 1234 1538 1255 nostra
1562 1228 1700 1263 republica
1722 1227 1857 1259 videmus,

1062 1266 1184 1292 mercede
1199 1266 1334 1292 conducti.
1376 1266 1430 1292 VH.
1452 1267 1494 1292 23.
1516 1265 1644 1292 Omnium
1663 1270 1752 1291 autem
1769 1273 1859 1292 rerum

1038 1266 1041 1346 l
1062 1312 1110 1330 nec
1122 1304 1211 1338 aptius
1223 1308 1263 1330 est
1274 1303 1424 1338 quidquam
1436 1303 1469 1329 ad
1480 1302 1665 1337 opestuendas
1676 1311 1706 1328 ac
1718 1302 1856 1333 tenendas,

1038 1350 1039 1379 χ
1061 1349 1142 1376 quam
1160 1343 1248 1373 dili91';
1270 1349 1318 1367 nec
1334 1341 1462 1371 alienius,
1485 1349 1567 1375 quam
1588 1343 1682 1366 timeri.
1723 1339 1859 1366 Praeclare

1038 1387 1039 1394 ¹
1061 1379 1133 1404 enim
1145 1378 1263 1404 Ennius:

1038 1412 1039 1423 ¹
1100 1416 1177 1448 Que'm
1189 1420 1309 1446 metuunt,
1322 1418 1409 1442 odere:
1421 1424 1493 1449 quem
1504 1417 1610 1449 quisque
1620 1416 1680 1446 odit,
1695 1417 1802 1448 periisse
1811 1423 1859 1440 ex.-

1037 1425 1039 1497 Ι
1469 1455 1538 1485 petit.

1037 1502 1038 1523 l
1059 1489 1204 1516 Multorum
1221 1495 1309 1516 autem
1325 1489 1396 1516 odiis
1411 1488 1500 1516 nullas
1510 1498 1575 1524 opes
1587 1497 1665 1524 posse
1677 1488 1818 1518 obsistere,
1834 1489 1859 1514 si

1037 1526 1038 1534 ¹
1060 1532 1135 1554 antea
1152 1527 1203 1553 fuit
1222 1528 1358 1563 ignotum,
1380 1535 1466 1561 nuper
1481 1532 1521 1553 est
1535 1527 1684 1562 cognitum.
1726 1526 1779 1552 Nec
1795 1533 1859 1552 vero

1061 1564 1143 1591 huius
1160 1565 1266 1600 tyranni
1282 1564 1384 1594 solum,
1405 1572 1488 1599 quem
1506 1565 1588 1590 armis
1603 1572 1732 1599 oppressa
1748 1561 1859 1598 pertulit

1060 1602 1165 1633 civitas,
1183 1607 1310 1637 paretque
1320 1610 1406 1637 quum
1418 1602 1536 1628 maxime
1548 1606 1660 1631 mortuo,
1675 1601 1799 1627 interitus
1809 1599 1859 1626 de·

1059 1639 1154 1669 clarat,
1177 1644 1308 1674 quantum
1323 1639 1417 1665 odium
1433 1639 1575 1665 hominum
1591 1638 1678 1665 valeat
1688 1638 1721 1664 ad
1738 1642 1856 1672 pestem:

1059 1676 1107 1703 sed
1122 1676 1288 1711 reliquorum
1304 1676 1408 1703 similes
1423 1677 1513 1702 exitus
1532 1681 1719 1707 tvrannorumg
1741 1682 1858 1709 quorum

1801 1711 1859 1738 Ma-

1060 1751 1102 1777 lus
1113 1751 1185 1777 enim
1197 1755 1287 1777 custos
1298 1750 1484 1777 diuturnitatis
1496 1755 1596 1781 metus;
1618 1755 1762 1784 contraque
1775 1748 1858 1775 bene-

1060 1787 1176 1814 volentia
1193 1787 1280 1814 tidelis
1298 1786 1357 1824 [est]
1376 1787 1418 1814 vel
1434 1787 1467 1814 ad
1482 1788 1698 1822 perpetuitatem.
1739 1787 1780 1812 25.
1805 1785 1858 1812 Sed

1060 1826 1108 1855 iis,
1125 1826 1173 1860 qui
1186 1826 1212 1851 vi
1224 1834 1367 1860 oppressos
1378 1825 1493 1859 imperio
1503 1829 1639 1855 coercent,
1657 1825 1693 1850 sit
1703 1832 1767 1850 sane
1778 1822 1858 1850 adhi-

1060 1862 1146 1889 benda
1158 1863 1280 1892 saevitia,
1290 1867 1319 1889 ut
1331 1862 1403 1888 heris
1415 1863 1442 1888 in
1454 1862 1578 1892 famulos,
1587 1862 1611 1888 si
1622 1861 1698 1887 aliter
1709 1862 1792 1887 teneri
1805 1869 1857 1887 non

1058 1905 1184 1934 possunt:
1198 1901 1246 1935 qui
1259 1908 1321 1926 vero
1332 1900 1359 1925 in
1372 1899 1454 1925 libera
1465 1900 1574 1925 civitate
1586 1900 1621 1925 ita
1632 1907 1661 1925 se
1673 1899 1819 1929 instruunt,
1828 1902 1858 1924 ut

1059 1941 1225 1967 metuantur,
1240 1937 1273 1963 iis
1286 1936 1353 1964 nihil
1364 1941 1451 1971 potest
1461 1945 1520 1963 esse
1531 1936 1692 1963 dementius.
1725 1935 1857 1968 Quamvis

1058 1976 1130 2000 enim
1146 1975 1200 2001 sint
1215 1974 1353 2000 demersae
1369 1973 1442 2009 leges
1457 1973 1574 2000 alicuius
1593 1973 1706 2008 opibus,
1729 1973 1857 2008 quamvis

1035 2016 1037 2039 ἱ
1057 2011 1192 2038 timefacta
1205 2011 1323 2042 libertas,
1331 2016 1474 2047 emergunt
1484 2016 1572 2038 tamen
1585 2011 1649 2037 haec
1660 2010 1858 2045 aliquandoaut

1058 2049 1168 2076 iudiciis
1176 2049 1272 2080 tacitis,
1280 2053 1326 2075 aut
1335 2048 1449 2075 occultis
1455 2048 1488 2074 de
1496 2047 1748 2083 honoresuffragiis.
1763 2047 1857 2074 Aerio-

1058 2095 1100 2112 res
1115 2091 1204 2113 autem
1221 2095 1326 2113 morsus
1342 2091 1406 2112 sunt
1421 2086 1591 2112 intermissae
1606 2084 1751 2115 libertatis,
1773 2092 1855 2119 quam

1057 2128 1183 2150 retentae.
1218 2123 1296 2156 Quod
1307 2124 1391 2159 igitur
1401 2122 1532 2150 latissime
1543 2127 1623 2158 patet,
1637 2130 1725 2157 neque
1736 2121 1770 2148 ad
1782 2122 1857 2148 inco-

1058 2161 1207 2187 lumitatem
1218 2160 1305 2187 solum
1314 2181 1320 2192 ,
1342 2160 1390 2187 sed
1405 2161 1485 2187 etiam
1497 2160 1530 2186 ad
1539 2168 1605 2195 opes
1615 2164 1641 2186 et
1651 2160 1797 2194 potentiam
1808 2167 1856 2185 va-

1035 2211 1036 2217 *
1058 2198 1093 2225 let
1102 2198 1262 2233 plurimum,
1271 2198 1299 2224 id
1310 2197 1515 2232 amplectamur,
1528 2202 1558 2224 ut
1569 2201 1655 2223 metus
1666 2196 1746 2227 absit,
1759 2196 1855 2222 caritas

1034 2232 1035 2255 l
1057 2236 1211 2262 retineatur.
1253 2236 1289 2262 Ita
1302 2235 1444 2266 facillime,
1462 2243 1531 2270 quae
1546 2234 1683 2264 volemus,
1700 2238 1726 2260 et
1741 2234 1855 2268 privatis

1056 2274 1084 2299 in
1096 2273 1177 2299 rebus
1188 2278 1213 2299 et
1225 2273 1252 2299 in
1263 2272 1402 2307 republica
1417 2280 1625 2307 consequemur.
1665 2271 1785 2301 Etenim,
1806 2270 1855 2305 qui

1055 2319 1084 2336 se
1096 2311 1180 2336 metui
1192 2309 1291 2341 volent,
1303 2319 1317 2336 a
1329 2310 1432 2345 quibus
1443 2314 1605 2339 metuentur,
1613 2308 1722 2335 eosdem
1734 2312 1854 2334 metuant

1057 2348 1109 2382 ipsi
1126 2355 1235 2374 necesse
1251 2352 1300 2373 est.
1338 2348 1380 2374 25.
1402 2347 1474 2379 Quid
1488 2347 1562 2373 enim
1576 2354 1719 2372 censemus
1729 2345 1854 2379 superio-

1056 2393 1112 2411 rem
1123 2384 1200 2411 illum
1214 2385 1386 2420 Dionysium,
1404 2393 1458 2419 quo
1468 2385 1588 2410 cruciatu
1600 2383 1704 2410 timoris
1714 2383 1777 2417 angi
1788 2381 1854 2408 soli-

1055 2421 1131 2448 tum?
1141 2423 1198 2457 qui,
1206 2421 1306 2448 cultros
1318 2426 1440 2448 metuens
1451 2419 1728 2451 tonsorios,candente
1737 2419 1853 2445 carbone

1054 2459 1109 2485 sibi
1116 2458 1493 2494 adurebatcapillum‘20uid?
1502 2457 1685 2485 Alexandrum
1692 2456 1851 2487 Pheraeum,

1054 2505 1108 2531 quo
1119 2497 1209 2523 animo
1223 2497 1326 2523 vixisse
1337 2495 1517 2523 arbitramur?
1531 2496 1589 2530 qui,
1601 2499 1631 2521 ut
1640 2494 1772 2528 scripturn
1785 2493 1853 2529 legi·

1054 2542 1128 2565 mus,
1149 2542 1235 2569 quum
1246 2542 1358 2560 uxorem
1369 2533 1479 2559 Theben
1494 2532 1641 2559 admodum
1654 2531 1794 2566 diligeret,
1812 2535 1853 2557 ta-

1054 2579 1129 2602 men,
1143 2571 1177 2597 ad
1188 2580 1246 2598 eam
1257 2580 1291 2597 ex
1302 2570 1391 2606 epulis
1403 2571 1430 2597 in
1441 2569 1599 2596 cubiculum
1610 2569 1736 2599 veniens,
1754 2567 1852 2595 barba-

1054 2617 1128 2639 rum.
1145 2613 1171 2635 et
1180 2617 1243 2635 eum
1253 2608 1364 2643 quidem
1374 2628 1380 2639 ,
1397 2612 1428 2634 ut
1441 2607 1573 2642 scriptum
1588 2610 1640 2637 est,
1658 2609 1852 2640 compunctum

1055 2646 1125 2672 uotis
1131 2645 1273 2679 Threiciis,
1286 2645 1413 2673 destricto
1422 2643 1513 2681 gladio
1525 2643 1636 2671 iubebat
1646 2643 1760 2676 anteire3
1772 2649 1852 2678 prae-
