1941 3052
239 146 290 172 DE
320 145 506 172 FINIBUS
536 144 753 171 BONORUM
783 145 836 171 ET
866 144 1087 171 MALORUM
1120 146 1198 171 LIB.
1231 145 1262 172 V.
1289 145 1380 171 CAP.
1408 147 1489 170 10-
1515 147 1551 171 ti.

76 217 130 244 sibi
142 217 301 247 conducant,
314 217 445 243 amittere.
479 217 538 242 Iure
548 216 632 251 igitur
641 216 798 251 gravissimi
809 215 872 250 phi-

78 254 182 289 losophi
197 255 306 280 initium
322 255 423 280 summi
438 254 503 280 boni
518 262 532 279 a
548 258 640 279 natura
656 254 822 288 petiverunt,
846 257 872 279 et

77 291 155 318 illum
171 292 318 326 appetitum
331 299 420 317 rerum
433 291 465 317 ad
478 296 599 317 naturam
611 290 870 317 accommodatarum

77 330 262 365 ingeneratum
278 333 439 363 putaverunt
449 328 585 358 omnibus,
602 329 650 363 qui
661 328 831 354 continentur
841 336 871 354 ea

76 366 307 393 commendatione
319 370 436 397 naturae.
450 375 503 400 qua
514 374 543 391 se
554 366 607 400 ipsi
618 365 746 401 diligunt.

130 403 189 429 XII.
212 404 253 429 34.
275 404 406 438 Deinceps
422 403 571 429 videndum
587 407 640 433 est,
662 403 790 437 quoniam
806 402 872 428 satis

77 445 199 475 apertum
214 445 267 471 est,
285 441 338 466 sibi
354 449 491 476 quemque
502 444 595 466 natura
607 448 666 466 esse
680 448 785 470 carum,
803 447 872 473 quae

75 479 112 504 sit
126 478 244 504 hominis
259 482 362 504 natura.
402 478 432 504 Id
443 482 483 504 est
493 478 564 504 enim
573 498 579 507 ,
596 477 628 503 de
640 486 694 512 quo
704 477 870 511 quaerimus.

77 516 159 550 Atqui
175 516 349 550 perspicuum
365 519 406 542 est
421 515 558 542 hominem
574 523 588 541 e
603 523 712 550 corpore
728 515 872 548 animoque

77 557 210 583 constare,
229 561 314 587 quum
328 553 431 587 primae
446 553 500 579 sint
516 553 599 578 animi
615 556 716 587 partes,
738 551 872 577 secundae

77 591 206 624 corporis.
246 590 347 616 Deinde
362 590 389 616 id
401 598 509 624 quoque
525 589 664 620 videmus,
680 593 706 615 et
721 589 755 615 ita
772 588 873 623 figura-

78 632 135 654 tum
147 636 253 662 corpus,
267 632 297 654 ut
308 627 420 653 excellat
431 626 500 658 aliis,
509 627 685 661 animumque
697 627 732 652 ita
743 626 874 652 constitu-

78 669 149 695 tum,
167 669 197 691 ut
212 669 237 691 et
251 665 378 691 sensibus
389 665 536 691 instructus
547 665 582 690 sit
593 668 618 690 et
628 664 725 690 habeat
736 667 874 698 praestan—

78 703 142 728 tiam
155 703 262 732 mentis,
275 703 319 728 cui
330 706 383 728 tota
394 702 512 728 hominis
523 706 616 728 natura
627 701 762 735 pareat,in
775 708 826 734 qua
839 700 874 725 sit

79 739 211 765 mirabilis
223 739 355 774 quaedam
366 739 408 765 vis
420 739 530 765 rationis
542 743 567 765 et
577 738 738 774 cognitionis
749 742 775 763 et
785 737 874 763 scien-

78 777 129 803 tiae
141 777 326 812 virtutumque
337 777 470 803 omnium.
510 777 576 802 Nam
591 783 660 810 quae
669 775 788 810 corporis
799 779 871 804 sunt,

78 822 108 840 ea
129 823 177 840 nce
198 815 380 840 auctoritatem
400 822 462 840 cum
481 814 563 839 animi
579 813 701 847 partibus
716 820 874 846 comparan-

78 851 150 882 dam,
164 856 189 877 et
198 852 378 886 cognitionem
390 851 489 877 habent
501 850 657 876 faciliorem.
682 850 773 884 Itaque
785 848 818 874 ab
830 848 873 874 his

78 888 224 915 ordiamur.
265 890 306 914 35.
328 888 452 923 Corporis
464 889 547 923 igitur
558 888 641 914 nostri
651 891 753 921 partes,
768 891 873 921 totaque

79 926 173 961 figura,
186 930 212 952 et
223 925 314 953 forma.
327 930 353 952 et
363 929 471 956 statura,
485 933 567 960 quam
578 929 638 959 apta
650 924 682 950 ad
694 929 816 950 naturam
828 924 871 953 sit,

79 967 200 998 apparet:
217 971 303 997 neque
315 967 355 989 est
364 962 494 993 dubium,
511 963 578 997 quin
591 962 676 993 frons,
692 961 777 991 oculi,
795 969 874 987 aures

79 1005 104 1026 et
115 1000 234 1035 reliquae
249 1004 350 1035 partes,
368 1000 462 1035 quales
474 1000 596 1035 propriae
608 1004 672 1025 sunt
682 999 814 1029 hominis,
832 999 874 1024 in-

79 1037 225 1073 telligatur.
266 1037 318 1064 Sed
333 1042 403 1064 certe
418 1046 486 1072 opus
502 1042 543 1064 est
558 1045 587 1063 ea
604 1036 692 1063 valere
708 1041 734 1063 et
744 1037 836 1071 vigere
849 1040 875 1061 et

79 1074 212 1101 naturales
224 1080 311 1101 motus
322 1083 443 1110 ususque
456 1074 563 1106 babere,
571 1079 601 1101 ut
610 1083 660 1101 nec
671 1074 741 1100 absit
751 1073 818 1108 quid
830 1081 875 1099 eo—

79 1121 152 1142 rum,
171 1121 219 1138 nec
233 1121 343 1147 aegrum
354 1112 560 1138 debilitatumve
572 1112 616 1138 sit.
656 1111 685 1138 ld
697 1112 769 1138 enim
781 1115 874 1137 natura

79 1149 222 1176 desiderat.
262 1150 311 1176 Est
324 1150 404 1176 etiam
423 1150 491 1176 actio
506 1149 639 1184 quaedam
654 1149 787 1184 corporis,
805 1156 874 1182 quae

79 1191 167 1213 motus
179 1192 204 1213 et
215 1191 299 1213 status
311 1191 420 1214 naturae
431 1191 609 1222 congruentes
621 1190 705 1213 tenet:
734 1187 761 1212 in
772 1186 874 1220 quibus

79 1225 102 1251 si
114 1229 239 1259 peccetur
249 1224 405 1251 distortione
417 1229 442 1251 et
452 1224 642 1259 depravatione
653 1223 769 1259 quadam
781 1232 811 1249 ac
818 1231 876 1249 mo-

79 1266 107 1288 tu
128 1266 233 1288 statuve
254 1261 380 1292 deformi,
401 1266 444 1292 ut,
465 1263 488 1288 si
504 1265 549 1288 aut
567 1261 693 1288 manibus
708 1261 876 1297 ingrediatur

79 1299 151 1334 quis,
166 1303 211 1326 aut
221 1308 273 1325 non
285 1303 354 1330 ante,
366 1299 413 1325 sed
425 1303 506 1331 retro3
524 1299 616 1334 fugere
627 1298 706 1334 plane
718 1307 746 1325 se
758 1299 826 1333 ipse,
839 1302 873 1328 et,

79 1336 217 1363 hominem
233 1345 267 1363 ex
282 1337 390 1363 homine
406 1345 522 1367 exuens,
540 1341 663 1363 naturam
678 1336 769 1362 odisse
783 1335 876 1362 videa—

79 1378 132 1401 tur.
172 1373 353 1406 Quamobrem
368 1374 448 1400 etiam
469 1374 604 1400 sessiones
623 1373 756 1408 quaedam
772 1377 798 1399 et
813 1372 875 1399 flexi

80 1410 210 1446 fractique
231 1416 333 1443 motus,
356 1411 450 1447 quales
468 1416 652 1446 protervorum
674 1411 814 1437 hominum
831 1414 877 1436 aut

79 1448 204 1475 mollium
215 1457 275 1475 esse
286 1448 385 1480 solent,
403 1453 492 1476 contra
509 1453 631 1475 naturam
642 1453 718 1475 sunt:
737 1452 779 1479 ut,
795 1448 875 1474 etiam

79 1486 103 1512 si
119 1486 203 1512 animi
218 1486 284 1513 vitio
298 1485 327 1512 id
342 1487 461 1518 eveniat,
478 1491 566 1513 tamen
578 1487 606 1512 in
617 1494 727 1520 corpore
738 1485 876 1512 immutari

80 1523 199 1549 hominis
211 1528 303 1550 natura
316 1523 448 1550 videatur.
490 1525 531 1550 36.
547 1524 638 1558 Itaque
650 1531 664 1549 e
675 1524 807 1550 contrario
819 1531 877 1549 mo-

80 1560 164 1587 derati
176 1560 387 1596 aequabilesque
398 1561 517 1592 habitus,
526 1560 679 1587 affectiones
690 1569 812 1596 ususque
818 1568 877 1587 cor-

80 1599 154 1633 poris
168 1598 223 1633 apti
238 1606 298 1624 esse
314 1598 347 1624 ad
362 1603 484 1625 naturam
501 1598 637 1625 videntur.
678 1599 731 1624 Iam
745 1606 807 1625 vero
818 1598 877 1624 ani-

80 1644 141 1662 mus
152 1644 205 1662 non
216 1644 275 1662 esse
286 1635 388 1666 solum,
406 1635 453 1662 sed
468 1636 547 1662 etiam
558 1635 700 1662 cuiusdam
713 1635 785 1662 modi
798 1635 878 1662 debet

79 1681 148 1704 esse,
161 1677 191 1699 ut
202 1676 227 1699 et
237 1681 331 1699 omnes
341 1677 430 1708 partes
443 1673 540 1700 babeat
550 1673 700 1700 incolumes
711 1678 737 1699 et
746 1673 779 1699 de
791 1674 877 1699 virtu-

80 1710 153 1737 tibus
165 1709 239 1736 nulla
250 1709 330 1737 desit.
364 1710 446 1745 Atqui
457 1711 485 1737 in
495 1710 623 1737 sensibus
634 1715 675 1737 est
685 1719 733 1737 sua
743 1711 877 1745 cuiusque

80 1747 181 1779 virtus,
203 1751 234 1774 ut
251 1756 284 1774 ne
298 1747 364 1782 quid
381 1747 524 1783 impediat,
542 1756 597 1783 quo
611 1749 702 1774 minus
715 1756 765 1775 suo
780 1756 877 1774 sensus

79 1785 198 1820 quisque
213 1793 325 1811 munere
341 1784 467 1821 fungatur
482 1785 510 1812 in
522 1786 556 1812 iis
568 1785 650 1812 rebus
661 1785 784 1812 celeriter
794 1793 878 1820 expe-

80 1822 189 1857 diteque
203 1822 401 1857 percipiendis,
422 1831 491 1858 quae
507 1823 644 1850 subiectae
660 1827 723 1850 sunt
738 1823 876 1849 sensibus.

79 1859 151 1885 xm.
173 1859 264 1886 Animi
275 1864 378 1890 autem,
394 1864 420 1886 et
430 1860 490 1886 eius
501 1861 585 1887 animi
601 1861 698 1895 partis,
716 1869 786 1895 quae
801 1860 878 1896 prin-

80 1904 144 1931 ceps
156 1900 208 1928 est,
232 1905 357 1932 quaeque
369 1905 445 1923 mens
459 1898 625 1929 nominatur,
644 1897 736 1932 plures
747 1903 811 1924 sunt
822 1898 879 1924 vir-

80 1937 164 1965 tutes,
182 1933 230 1959 sed
240 1933 294 1960 duo
305 1934 391 1968 prima
403 1942 515 1969 genera:
537 1943 622 1961 unum
635 1943 741 1966 earum,
754 1943 824 1970 quae
835 1935 879 1961 in-

80 1974 243 2007 generantur
257 1975 351 2005 suapte
367 1975 460 1997 natura
476 1971 699 2007 appellanturque
715 1980 767 1999 non
781 1972 879 1999 volun-

81 2008 177 2034 tariae:
192 2007 304 2034 alterurn
316 2016 422 2039 earum,
440 2016 509 2043 quae
520 2009 547 2034 in
560 2008 696 2035 voluntate
707 2010 809 2044 positae
821 2018 879 2036 ma—

80 2045 123 2081 gis
138 2045 246 2080 proprio
261 2046 369 2071 nomine
385 2045 515 2080 appellari
529 2045 628 2072 solent:
646 2054 761 2081 quarum
775 2051 816 2073 est
831 2055 879 2073 ex-

81 2081 182 2109 cellens
198 2083 225 2108 in
241 2083 392 2108 animorum
409 2082 488 2109 laude
507 2084 678 2117 praestantia.
720 2084 817 2109 l‘rioris
831 2092 879 2119 ge-

81 2120 154 2146 neris
168 2124 209 2146 est
219 2119 355 2150 docilitas,
373 2120 515 2146 memoria:
533 2128 603 2155 quae
619 2120 673 2147 fere
683 2121 773 2147 omnia
785 2120 879 2155 appel-

82 2156 170 2184 lantur
190 2165 244 2183 uno
259 2157 362 2192 ingenii
379 2157 500 2184 nomine:
523 2165 623 2192 easque
638 2158 751 2184 virtutes
766 2159 814 2193 qui
831 2158 879 2184 ha-

81 2194 158 2225 bent,
174 2194 308 2230 ingeniosi
325 2199 463 2222 vocantur.
508 2194 629 2221 Alterum
641 2199 729 2222 autem
741 2203 828 2231 genus
839 2200 880 2222 est

81 2240 240 2268 magnarum
256 2239 436 2266 verarumque
452 2232 598 2263 virtutum,
620 2240 688 2267 quas
709 2232 878 2268 appellamus

81 2268 256 2300 voluntarias,
269 2273 298 2295 ut
309 2269 493 2303 prudentiam,
507 2270 725 2304 temperantiam,
744 2269 879 2296 fortitudi-

81 2314 152 2338 nem.
166 2307 296 2333 iustitiam
307 2311 332 2332 et
343 2306 461 2341 reliquas
471 2306 594 2332 eiusdem
604 2308 722 2342 generis.
758 2308 790 2333 Et
802 2315 879 2333 suni-

81 2344 174 2371 matim
185 2343 297 2379 quidem
309 2343 374 2369 haec
385 2347 460 2370 erant
470 2343 503 2369 do
514 2351 624 2378 corpore
635 2344 779 2379 animoque
785 2344 879 2370 dicen-

81 2380 128 2407 da:
141 2381 243 2416 quibus
255 2381 332 2416 quasi
344 2380 517 2407 informatum
528 2385 577 2411 est,
585 2381 657 2415 quod
670 2381 788 2408 hominis
801 2386 879 2408 natu-

80 2426 109 2445 ra
125 2418 252 2453 postulet.
293 2419 334 2445 37.
357 2418 398 2445 Ex
413 2426 467 2453 quo
483 2418 657 2452 perspicuum
673 2422 727 2449 est,
749 2419 877 2453 quoniam

80 2455 135 2490 ipsi
151 2463 165 2481 a
181 2455 259 2482 nobis
275 2455 436 2491 diligamur,
461 2455 605 2489 omniaque
621 2460 646 2482 et
661 2456 688 2482 in
705 2456 795 2482 animo
809 2461 836 2482 et
851 2456 878 2482 in

80 2500 190 2528 corpore
204 2492 319 2528 perfeota
332 2492 448 2519 velimus
459 2500 527 2523 esse,
544 2500 573 2518 ea
586 2492 664 2518 nobis
676 2493 733 2527 ipsa
749 2501 807 2520 cara
819 2501 878 2519 esso

80 2534 190 2565 propter
199 2538 242 2562 se,
259 2534 286 2557 et
295 2530 323 2556 in
336 2530 378 2556 bis
390 2538 448 2556 esse
459 2529 492 2555 ad
505 2529 573 2555 beno
585 2529 732 2556 vivendum
745 2534 878 2556 momenta

81 2567 210 2593 maxima.
250 2567 317 2593 Nam
328 2569 373 2594 cui
385 2567 519 2603 proposita
530 2567 564 2593 sit
574 2567 741 2593 conservatio
755 2567 812 2598 sui,
831 2575 879 2593 nc-

81 2611 158 2630 cesse
168 2607 209 2631 est
219 2603 283 2630 huic
294 2609 382 2640 partes
392 2613 501 2640 quoque
512 2605 555 2630 sui
568 2612 642 2630 caras
657 2612 730 2634 esso.
748 2604 879 2630 cariores-

81 2649 144 2706 que,
157 2649 211 2676 quo
221 2641 393 2676 perfectiores
403 2642 466 2673 sint,
479 2646 505 2668 et
516 2641 602 2676 magis
614 2642 641 2667 in
653 2649 702 2668 suo
711 2650 809 2677 genere
821 2641 879 2668 lau-

101 2677 197 2706 abiles.
237 2679 274 2706 Ea
284 2680 357 2706 enini
370 2679 423 2706 vita
435 2679 582 2714 expetitur,
600 2686 670 2714 quaa
680 2679 716 2706 ait
726 2679 809 2706 animi
820 2687 878 2706 cor-

1653 148 1713 172 1039

923 217 1050 250 porisque
1066 215 1171 250 expleta
1189 216 1349 242 virtutibus:
1383 217 1408 242 in
1420 224 1504 250 eoque
1516 224 1654 242 summum
1666 217 1715 242 bo-

923 261 987 279 num
1000 253 1062 287 poni
1075 261 1183 279 necesse
1197 259 1249 281 est.
1263 253 1484 288 quandoquidem
1496 253 1523 279 id
1535 253 1585 279 tale
1597 262 1656 279 esse
1667 254 1715 279 de—

924 290 976 320 bet,
991 295 1019 316 ut
1030 299 1119 316 rerum
1131 291 1341 324 expetendarum
1356 292 1390 317 sit
1401 295 1561 316 extremum.
1602 291 1660 322 Quo
1671 300 1715 316 co-

922 328 1009 362 gnito,
1033 327 1150 353 dubitari
1162 337 1213 353 non
1225 333 1319 362 potest,
1342 329 1418 363 quin,
1434 337 1519 362 quum
1532 328 1715 362 ipsibomines

923 365 976 390 sibi
997 365 1051 390 sint
1074 374 1121 399 per
1136 374 1164 391 se
1179 371 1203 391 et
1219 374 1267 391 sua
1283 371 1376 399 sponte
1387 366 1454 395 cari,
1473 370 1561 399 partes
1573 374 1680 400 quoque
1692 371 1717 391 et

923 402 1042 436 corporis
1058 407 1083 428 et
1094 404 1176 428 animi
1188 407 1212 428 et
1223 411 1315 428 earum
1327 411 1429 433 rerum,
1456 411 1524 437 quae
1536 408 1598 429 sunt
1610 404 1636 429 in
1649 404 1718 429 utri-

923 447 1010 473 usque
1031 444 1103 465 motu
1124 445 1149 465 et
1165 445 1247 470 statu,
1266 449 1314 466 sua
1329 441 1436 466 caritate
1447 440 1580 470 colantur,
1595 445 1618 466 et
1631 449 1678 474 per
1689 449 1717 465 se

923 477 998 510 ipsae
1021 481 1189 511 appetantur.
1230 479 1271 503 38.
1289 477 1394 509 Quibus
1410 479 1554 511 expositis,
1575 477 1661 503 facilis
1678 482 1718 503 est

924 514 1085 544 coniectura,
1097 523 1127 540 ea
1139 515 1256 540 maxime
1267 523 1327 540 esse
1338 515 1486 549 expetenda
1493 516 1639 541 exnostris.
1649 523 1718 549 quae

925 550 1073 586 plurimum
1099 551 1198 577 liabent
1219 552 1372 587 dignitatis:
1405 556 1434 578 ut
1452 553 1568 586 optimae
1584 553 1718 587 cuiusque

924 589 1021 622 partis,
1047 597 1116 623 quae
1137 597 1184 623 per
1205 597 1233 615 se
1249 594 1397 623 expetatur,
1417 590 1502 615 virtus
1519 591 1552 615 sit
1568 589 1718 623 expetenda

925 626 1051 651 maxime.
1092 627 1127 652 Ita
1151 626 1208 657 fiet,
1231 631 1260 652 ut
1280 627 1363 652 animi
1386 627 1472 652 virtus
1491 627 1609 660 corp-›ris-
1627 627 1718 652 virtuti

925 664 1251 698 anteponatur,anin1ique
1260 664 1372 690 virtutes
1380 672 1430 689 non
1439 664 1603 689 voluntarias
1611 665 1720 690 vincant

925 701 1037 726 virtutes
1053 700 1233 727 voluntariae:
1269 710 1338 735 quae
1357 701 1467 735 quidem
1484 702 1590 735 proprie
1607 702 1718 727 virtutes

925 737 1104 771 appellantur,
1117 738 1288 772 multumque
1300 738 1444 768 excellunt,
1458 744 1594 772 propterea
1607 738 1718 772 quodex

925 775 1025 800 ratione
1035 775 1198 810 gignuntur,
1215 784 1268 809 qua
1285 775 1352 801 nihil
1369 780 1408 801 est
1423 776 1450 801 iu
1467 776 1574 801 homine
1585 775 1718 801 divinius,

924 812 1030 838 Etenim
1041 813 1163 838 omnium
1175 821 1274 843 rerum,
1290 821 1358 847 quas
1368 817 1578 841 etei-eatnatura,
1587 818 1717 838 ettuetur.

925 857 994 884 quae
1008 854 1053 875 aut
1064 850 1122 876 sine
1133 850 1222 875 animo
1233 851 1296 880 sint,
1310 855 1416 875 autnon
1433 849 1516 875 multo
1527 858 1614 876 secus.
1628 858 1719 875 carum

925 895 1064 912 summum
1081 887 1181 913 bonum
1199 888 1225 912 in
1241 896 1350 921 corpore
1361 891 1414 912 est:
1441 891 1532 912 utnon
1545 887 1639 913 inseite
1652 886 1719 912 illud

925 924 1030 950 dictum
1041 924 1164 950 videatur
1177 925 1202 950 in
1215 933 1272 955 sue,
1286 925 1404 950 animam
1416 923 1456 950 illi
1468 924 1565 958 pecudi
1577 924 1664 950 datam
1674 933 1720 957 pro

926 961 991 989 sale.
1006 970 1038 987 ne
1050 962 1205 996 putisceret.

982 999 1052 1026 xlv.
1075 999 1143 1025 Sunt
1157 1004 1245 1025 autem
1258 999 1358 1025 bestiae
1372 998 1513 1033 quaedam.
1528 999 1554 1024 in
1567 999 1668 1033 quibus
1681 1000 1706 1024 iu

926 1041 966 1063 est
976 1036 1080 1071 aliquid
1092 1036 1180 1063 simile
1192 1037 1313 1066 virtutis,
1327 1041 1356 1062 ut
1367 1037 1393 1062 in
1406 1036 1542 1066 leonibus,
1558 1037 1583 1061 in
1596 1036 1719 1065 canibus,

926 1075 954 1100 in
965 1075 1057 1109 equis:
1081 1075 1108 1100 in
1120 1074 1222 1109 quibus
1229 1083 1280 1100 non
1288 1082 1428 1107 corporum
1436 1073 1532 1103 solum,
1544 1078 1570 1099 ut
1580 1073 1719 1102 ins-uibus,

927 1112 974 1138 sed
991 1112 1071 1138 etiam
1087 1112 1239 1138 animorum
1254 1111 1344 1146 aliqua
1360 1119 1394 1137 ex
1405 1116 1478 1145 parte
1491 1116 1578 1137 motus
1590 1110 1720 1145 quosdam

928 1149 1064 1175 videmus.
1091 1150 1119 1175 In
1134 1149 1243 1175 homine
1255 1153 1344 1175 autem
1355 1157 1461 1174 summa
1473 1149 1561 1174 omnis
1576 1148 1658 1173 animi
1671 1153 1720 1177 est,

928 1188 992 1213 etin
1004 1187 1093 1213 animo
1114 1187 1236 1213 rationis:
1269 1195 1303 1212 ex
1318 1194 1370 1221 qua
1389 1187 1474 1212 virtus
1486 1191 1539 1215 est,
1558 1194 1626 1220 quae
1643 1186 1721 1210 ratio—

929 1225 971 1250 nis
990 1223 1123 1250 absolutio
1134 1224 1274 1250 definitur:
1307 1232 1389 1258 quam
1402 1224 1481 1249 etiam
1493 1228 1572 1257 atque
1584 1223 1663 1248 etiam
1676 1232 1722 1248 ex-

928 1261 1081 1296 plicandam
1103 1266 1206 1296 putant.
1248 1262 1289 1286 39.
1312 1261 1411 1286 Earum
1432 1261 1512 1287 etiam
1533 1269 1637 1289 rerum,
1655 1269 1723 1294 quas

928 1304 996 1326 terra
1016 1299 1117 1334 gignit,
1143 1298 1265 1325 educatio
1280 1298 1413 1332 quaedam
1428 1303 1453 1324 et
1472 1297 1599 1332 perfectio
1615 1302 1655 1323 cst
1671 1306 1722 1322 non

927 1336 1071 1362 dissimilis
1092 1337 1281 1362 animantium.
1322 1336 1412 1370 Itaque
1427 1340 1453 1361 et
1468 1336 1558 1360 vivere
1580 1335 1676 1361 vitem.
1699 1339 1723 1359 et

928 1375 995 1400 mori
1016 1374 1147 1406 dicimus,
1170 1373 1346 1407 arboremque
1369 1377 1395 1399 et
1413 1372 1545 1398 novellam
1557 1376 1582 1398 et
1594 1371 1722 1401 vetulam,

928 1416 954 1438 et
974 1412 1066 1447 vigere
1082 1416 1107 1437 ct
1122 1419 1271 1437 senescere.
1313 1410 1353 1436 Ex
1368 1418 1421 1444 quo
1434 1419 1485 1436 non
1498 1414 1537 1435 est
1549 1409 1681 1435 alienum.
1696 1414 1724 1434 ut

929 1448 1126 1479 animantibus,
1147 1449 1186 1474 sic
1208 1448 1262 1474 illis
1283 1452 1308 1474 et
1323 1452 1382 1482 apta
1401 1447 1534 1482 quaedam
1551 1446 1584 1472 ad
1601 1452 1722 1472 naturam

929 1491 1022 1522 putare
1042 1490 1068 1512 et
1083 1485 1182 1518 aliena3
1209 1493 1357 1520 earumque
1372 1484 1557 1519 augendarum
1574 1488 1599 1509 et
1615 1483 1724 1509 alenda-

928 1532 988 1550 rum
999 1523 1145 1558 quamdam
1160 1522 1300 1549 cultricem
1312 1531 1380 1551 esse,
1393 1530 1462 1556 quae
1474 1523 1508 1547 sit
1519 1521 1631 1547 scientia
1643 1526 1723 1554 atquc

929 1570 970 1587 ars
982 1560 1174 1595 agricolarum,
1192 1568 1261 1594 quae
1272 1559 1460 1589 circumcidat,
1478 1563 1610 1593 amputet,
1628 1559 1722 1593 erigat,

928 1598 1051 1626 extollat.
1065 1598 1288 1628 adminiculetur,
1307 1602 1349 1627 ut,
1363 1605 1416 1631 quo
1429 1601 1520 1622 natura
1533 1595 1606 1625 ferat,
1620 1604 1650 1621 eo
1663 1603 1725 1629 pos-

928 1637 983 1662 sint
1002 1637 1053 1662 ire:
1086 1640 1115 1662 ut
1131 1636 1205 1670 ipsae
1222 1635 1304 1665 vites,
1324 1635 1347 1660 si
1366 1634 1438 1668 loqui
1450 1634 1567 1668 possint,
1586 1633 1620 1659 ita
1632 1641 1660 1658 se
1673 1638 1724 1659 tra—

929 1673 1038 1700 ctandas
1053 1673 1221 1708 tuendasque
1232 1680 1291 1698 esse
1304 1672 1443 1698 fateantur.
1476 1672 1507 1697 Et
1519 1680 1589 1697 uim(-
1601 1670 1721 1705 quidem.

929 1711 1001 1746 quod
1017 1719 1076 1737 eam
1093 1715 1194 1741 tuetur,
1213 1715 1242 1736 ut
1257 1710 1290 1735 de
1307 1710 1360 1735 vite
1377 1709 1548 1743 potissimum
1563 1707 1668 1742 loquar,
1686 1713 1725 1733 est

930 1749 957 1775 id
973 1749 1152 1775 extrinsecus.
1193 1748 1221 1774 ln
1238 1748 1296 1781 ipsa
1312 1747 1384 1773 enim
1401 1755 1495 1781 parum
1512 1754 1608 1781 magua
1622 1746 1663 1770 vis
1674 1750 1723 1774 est,

930 1791 959 1813 ut
969 1795 1050 1821 quam
1062 1786 1163 1820 optime
1175 1793 1204 1811 se
1216 1785 1314 1811 babere
1327 1785 1424 1818 possit,
1442 1784 1465 1809 si
1478 1783 1550 1809 nulla
1562 1783 1665 1809 cultura
1677 1782 1726 1808 ad-

930 1823 1064 1850 hibeatur.
1088 1825 1128 1849 40.
1141 1823 1174 1849 At
1185 1831 1248 1848 vero
1258 1823 1282 1848 si
1294 1821 1326 1848 ad
1340 1822 1421 1848 vitem
1433 1821 1688 1848 sensusaccesscrit,
1698 1824 1725 1845 ut

930 1862 1078 1896 appetitum
1095 1860 1240 1895 quemdam
1257 1859 1365 1889 babeat,
1383 1864 1408 1885 et
1420 1867 1466 1893 per
1477 1859 1604 1892 seipsam
1618 1865 1725 1883 uiovea-

930 1904 981 1929 tur,
996 1898 1062 1933 quid
1075 1897 1204 1924 facturam
1217 1896 1313 1932 putas?
1335 1897 1375 1922 An
1387 1905 1430 1926 ea,
1444 1905 1512 1931 quae
1525 1904 1572 1930 per
1584 1895 1725 1921 vinitorem

931 1941 1006 1962 antea
1022 1935 1251 1970 consequebatur,
1269 1943 1316 1969 per
1331 1943 1359 1960 sc
1376 1934 1461 1968 ipsam
1478 1932 1601 1959 curabit?
1620 1932 1672 1957 Sed
1685 1933 1726 1957 xi-

929 1973 1012 1999 ‹lesne
1028 1981 1197 1999 accessuram
1213 1972 1237 1998 ei
1253 1980 1358 2002 curam,
1376 1976 1405 1997 ut
1420 1980 1516 1997 sensus
1532 1978 1640 2005 quoque
1651 1978 1724 1997 suos,

930 2018 1078 2045 eorumque
1088 2011 1210 2036 omnium
1223 2010 1380 2044 appetitum.
1394 2013 1428 2037 et,
1442 2009 1464 2034 si
1477 2017 1529 2043 qua
1541 2008 1593 2033 siut
1605 2008 1629 2033 ei
1642 2015 1726 2032 mem-

931 2048 977 2074 bra
993 2047 1132 2078 adiuncta,
1151 2046 1274 2074 tueatur?
1297 2047 1342 2072 Sic
1353 2046 1386 2072 ad
1398 2045 1457 2076 illa,
1478 2054 1546 2080 quae
1560 2053 1667 2078 semper
1680 2044 1725 2069 lu·-

931 2085 999 2115 buit,
1013 2086 1106 2119 iunget
1117 2093 1156 2115 ea,
1169 2093 1238 2119 quao
1251 2088 1340 2118 postea
1351 2084 1527 2109 accesserint:
1546 2081 1724 2108 neceuunlem

932 2122 1011 2148 finem
1033 2122 1158 2152 babebit=
1177 2130 1258 2156 quem
1273 2121 1359 2147 cultor
1374 2121 1434 2146 eius
1447 2120 1574 2146 babebat:
1596 2118 1643 2144 sed
1656 2118 1725 2143 volet

930 2158 1081 2184 secundum
1097 2167 1155 2184 eam
1168 2163 1303 2188 naturam,
1321 2166 1391 2192 quae
1402 2163 1492 2191 postea
1504 2158 1528 2183 ei
1543 2156 1666 2182 adiuncta
1680 2156 1723 2183 sit.

931 2197 1034 2221 vivere.
1071 2196 1105 2221 lta
1119 2195 1218 2221 similis
1230 2196 1280 2221 erit
1291 2200 1316 2221 et
1327 2195 1389 2220 linis
1402 2194 1474 2223 honi,
1488 2199 1568 2228 atque
1579 2198 1654 2219 autea
1668 2192 1725 2217 fue-

931 2238 979 2263 rat,
1002 2241 1088 2267 ueque
1111 2232 1182 2258 idem
1205 2237 1302 2258 tamen.
1344 2232 1400 2257 Non
1417 2232 1489 2257 euim
1506 2233 1557 2257 ium
1573 2231 1665 2264 stirpis
1679 2230 1725 2254 lno-

931 2279 995 2296 num
1008 2274 1126 2304 quaeret,
1138 2269 1185 2295 sed
1198 2268 1333 2295 animalis.
1373 2268 1449 2300 Quod
1461 2269 1484 2294 si
1497 2277 1547 2294 non
1560 2276 1656 2293 sensus
1669 2275 1725 2292 mo-

930 2307 964 2333 ‹lo
975 2308 999 2333 ci
1011 2308 1046 2333 sit
1057 2306 1145 2336 datus,
1160 2315 1253 2332 verum
1265 2307 1345 2331 etiam
1358 2306 1474 2335 tulimus,
1488 2311 1513 2332 et
1524 2305 1726 2331 animusliomi-

931 2345 986 2371 uis:
1010 2353 1061 2370 non
1074 2351 1181 2370 neeesse
1193 2348 1242 2372 est.
1255 2348 1281 2369 et
1293 2343 1337 2369 illa
1350 2343 1462 2377 pristina
1479 2350 1593 2371 manere.
1608 2346 1637 2368 ut
1648 2347 1725 2368 tuen-

930 2381 962 2408 da
974 2383 1042 2408 siut:
1067 2386 1092 2407 et
1104 2382 1173 2407 iuter
1185 2381 1249 2407 llaec
1261 2380 1345 2406 multo
1356 2388 1415 2406 esse
1425 2381 1539 2408 cariora.
1553 2387 1622 2414 quae
1635 2387 1724 2404 acces-

931 2419 1028 2445 serint:
1057 2419 1196 2453 animique
1211 2418 1340 2452 optimam
1355 2425 1492 2451 quamque
1505 2422 1605 2451 partem
1616 2417 1725 2442 eni-issi-

931 2464 1016 2482 mum:
1040 2456 1067 2481 in
1079 2463 1163 2490 eaque
1174 2455 1325 2490 expletione
1337 2459 1445 2480 naturae
1456 2454 1556 2480 summi
1570 2454 1632 2479 boui
1645 2453 1724 2479 tinem

930 2494 1089 2522 consistere,
1115 2501 1200 2527 quum
1224 2492 1300 2526 louge
1321 2491 1492 2526 multumque
1514 2496 1628 2525 praestet
1649 2499 1725 2517 utens

930 2535 1010 2565 atquo
1022 2530 1106 2556 ratio?
1120 2531 1163 2555 Sic
1174 2535 1199 2556 ct
1210 2535 1360 2556 extremum
1371 2527 1722 2563 omniumappetendorum.

930 2572 1009 2602 atque
1020 2567 1132 2594 ductum
1144 2576 1157 2593 a
1173 2568 1258 2602 prima
1273 2565 1504 2592 comm-inlatione
1517 2571 1638 2594 naturae.
1654 2565 1725 2591 mul-

931 2605 964 2631 tis
984 2604 1115 2639 gradibus
1135 2604 1269 2634 aseendit.
1292 2608 1321 2630 ut
1343 2603 1375 2629 ad
1391 2612 1530 2630 summum
1556 2603 1722 2638 perveniret:

930 2639 1001 2677 quod
1018 2642 1172 2668 cumulatur
1186 2650 1220 2669 ex
1236 2641 1387 2677 integritate
1402 2642 1521 2677 corporis
1536 2646 1562 2668 ct
1576 2649 1609 2668 ox
1627 2641 1724 2667 mentis

931 2680 1031 2707 ratione
1043 2679 1169 2716 perfecta.
