<?xml version="1.0" encoding="UTF-8"?>
<!DOCTYPE html PUBLIC "-//W3C//DTD XHTML 1.0 Transitional//EN"
    "http://www.w3.org/TR/xhtml1/DTD/xhtml1-transitional.dtd">
<html xmlns="http://www.w3.org/1999/xhtml" xml:lang="en" lang="en">
 <head>
  <title>
</title>
<meta http-equiv="Content-Type" content="text/html;charset=utf-8" />
  <meta name='ocr-system' content='tesseract 3.04.00' />
  <meta name='ocr-capabilities' content='ocr_page ocr_carea ocr_par ocr_line ocrx_word'/>
</head>
<body>
  <div class='ocr_page' id='page_1' title='image "./operaomniaunovol00ciceuoft_1170.png"; bbox 0 0 1941 3052; ppageno 0'>
   <div class='ocr_carea' id='block_1_1' title="bbox 226 114 1043 479">
    <p class='ocr_par' dir='ltr' id='par_1_1' title="bbox 226 114 1043 479">
     <span class='ocr_line' id='line_1_1' title="bbox 233 114 983 143; baseline -0.007 -1"><span class='ocrx_word' id='word_1_1' title='bbox 233 118 294 143; x_wconf 69' lang='grc' dir='ltr'>ΗΜ</span> <span class='ocrx_word' id='word_1_2' title='bbox 799 116 841 140; x_wconf 66' lang='lat'>⁴25</span> <span class='ocrx_word' id='word_1_3' title='bbox 887 114 908 138; x_wconf 74' lang='lat' dir='ltr'><strong>M</strong></span> <span class='ocrx_word' id='word_1_4' title='bbox 956 114 983 138; x_wconf 77' lang='lat' dir='ltr'>&#39;l‘.</span> 
     </span>
     <span class='ocr_line' id='line_1_2' title="bbox 226 184 1019 221; baseline -0.006 -7"><span class='ocrx_word' id='word_1_5' title='bbox 226 196 309 221; x_wconf 63' lang='lat' dir='ltr'>guum</span> <span class='ocrx_word' id='word_1_6' title='bbox 327 187 391 213; x_wconf 80' lang='lat' dir='ltr'>illud</span> <span class='ocrx_word' id='word_1_7' title='bbox 409 188 501 214; x_wconf 65' lang='lat' dir='ltr'>vnum,</span> <span class='ocrx_word' id='word_1_8' title='bbox 521 185 591 219; x_wconf 82' lang='lat' dir='ltr'>quod</span> <span class='ocrx_word' id='word_1_9' title='bbox 607 184 842 212; x_wconf 58' lang='lat' dir='ltr'>wldiilitCaelius.</span> <span class='ocrx_word' id='word_1_10' title='bbox 859 194 890 209; x_wconf 76' lang='lat' dir='ltr'>eo</span> <span class='ocrx_word' id='word_1_11' title='bbox 903 189 1019 217; x_wconf 75' lang='lat' dir='ltr'>tempore</span> 
     </span>
     <span class='ocr_line' id='line_1_3' title="bbox 229 221 1020 260; baseline -0.006 -10"><span class='ocrx_word' id='word_1_12' title='bbox 229 227 299 260; x_wconf 68' lang='lat' dir='ltr'>ipso,</span> <span class='ocrx_word' id='word_1_13' title='bbox 317 233 400 258; x_wconf 77' lang='lat' dir='ltr'>quum</span> <span class='ocrx_word' id='word_1_14' title='bbox 419 225 466 249; x_wconf 79' lang='lat' dir='ltr'>hm·</span> <span class='ocrx_word' id='word_1_15' title='bbox 482 222 665 247; x_wconf 64' lang='lat' dir='ltr'>calamitosum</span> <span class='ocrx_word' id='word_1_16' title='bbox 682 221 754 247; x_wconf 82' lang='lat' dir='ltr'>lieret</span> <span class='ocrx_word' id='word_1_17' title='bbox 770 221 916 255; x_wconf 81' lang='lat' dir='ltr'>praelium,</span> <span class='ocrx_word' id='word_1_18' title='bbox 935 225 1020 246; x_wconf 74' lang='lat' dir='ltr'>tantos</span> 
     </span>
     <span class='ocr_line' id='line_1_4' title="bbox 228 258 1043 292; baseline -0.006 -4"><span class='ocrx_word' id='word_1_19' title='bbox 228 268 310 289; x_wconf 74' lang='lat' dir='ltr'>terrae</span> <span class='ocrx_word' id='word_1_20' title='bbox 323 267 409 287; x_wconf 71' lang='lat' dir='ltr'>motu.»-</span> <span class='ocrx_word' id='word_1_21' title='bbox 423 270 447 286; x_wconf 90' lang='grc' dir='ltr'>ιιι</span> <span class='ocrx_word' id='word_1_22' title='bbox 462 259 614 291; x_wconf 60' lang='lat' dir='ltr'>Liguribus,</span> <span class='ocrx_word' id='word_1_23' title='bbox 628 258 714 284; x_wconf 86' lang='lat' dir='ltr'>Gallia</span> <span class='ocrx_word' id='word_1_24' title='bbox 726 258 967 292; x_wconf 65' lang='lat' dir='ltr'>‹wmpluriliusque</span> <span class='ocrx_word' id='word_1_25' title='bbox 981 259 1021 283; x_wconf 89' lang='lat' dir='ltr'>in-</span> <span class='ocrx_word' id='word_1_26' title='bbox 1042 280 1043 287; x_wconf 67' lang='grc'>,</span> 
     </span>
     <span class='ocr_line' id='line_1_5' title="bbox 227 295 1043 332; baseline -0.007 -7"><span class='ocrx_word' id='word_1_27' title='bbox 227 299 294 325; x_wconf 61' lang='lat' dir='ltr'>aulis</span> <span class='ocrx_word' id='word_1_28' title='bbox 307 304 411 332; x_wconf 75' lang='lat' dir='ltr'>totaque</span> <span class='ocrx_word' id='word_1_29' title='bbox 425 299 449 322; x_wconf 96' lang='grc' dir='ltr'>ιιι</span> <span class='ocrx_word' id='word_1_30' title='bbox 462 296 533 322; x_wconf 76' lang='lat' dir='ltr'>ltalia</span> <span class='ocrx_word' id='word_1_31' title='bbox 547 296 627 321; x_wconf 64' lang='lat' dir='ltr'>san-tos</span> <span class='ocrx_word' id='word_1_32' title='bbox 639 304 707 325; x_wconf 64' lang='lat' dir='ltr'>esse,</span> <span class='ocrx_word' id='word_1_33' title='bbox 722 300 749 320; x_wconf 92' lang='lat' dir='ltr'>ut</span> <span class='ocrx_word' id='word_1_34' title='bbox 761 295 842 321; x_wconf 87' lang='lat' dir='ltr'>multa</span> <span class='ocrx_word' id='word_1_35' title='bbox 853 295 951 329; x_wconf 82' lang='lat' dir='ltr'>oppida</span> <span class='ocrx_word' id='word_1_36' title='bbox 963 304 1021 320; x_wconf 69' lang='lat' dir='ltr'>ror·</span> <span class='ocrx_word' id='word_1_37' title='bbox 1041 306 1043 331; x_wconf 57' lang='lat'>3</span> 
     </span>
     <span class='ocr_line' id='line_1_6' title="bbox 227 332 1043 366; baseline -0.007 -4"><span class='ocrx_word' id='word_1_38' title='bbox 227 338 341 363; x_wconf 72' lang='lat' dir='ltr'>rucrint,</span> <span class='ocrx_word' id='word_1_39' title='bbox 366 334 456 360; x_wconf 69' lang='lat' dir='ltr'>multis</span> <span class='ocrx_word' id='word_1_40' title='bbox 473 334 536 358; x_wconf 70' lang='lat' dir='ltr'>lovis</span> <span class='ocrx_word' id='word_1_41' title='bbox 550 333 622 358; x_wconf 73' lang='lat' dir='ltr'>labes</span> <span class='ocrx_word' id='word_1_42' title='bbox 635 332 716 358; x_wconf 82' lang='lat' dir='ltr'>suetae</span> <span class='ocrx_word' id='word_1_43' title='bbox 728 333 781 358; x_wconf 70' lang='lat' dir='ltr'>sint</span> <span class='ocrx_word' id='word_1_44' title='bbox 794 337 931 366; x_wconf 73' lang='lat' dir='ltr'>terraeque</span> <span class='ocrx_word' id='word_1_45' title='bbox 943 332 1021 357; x_wconf 71' lang='lat' dir='ltr'>dese-</span> <span class='ocrx_word' id='word_1_46' title='bbox 1042 337 1043 359; x_wconf 71' lang='lat'>1</span> 
     </span>
     <span class='ocr_line' id='line_1_7' title="bbox 226 367 1043 405; baseline -0.005 -8"><span class='ocrx_word' id='word_1_47' title='bbox 226 374 313 399; x_wconf 65' lang='lat' dir='ltr'>‹lt-rint</span> <span class='ocrx_word' id='word_1_48' title='bbox 325 372 488 405; x_wconf 80' lang='lat' dir='ltr'>fluminaque</span> <span class='ocrx_word' id='word_1_49' title='bbox 503 371 526 396; x_wconf 92' lang='lat' dir='ltr'>in</span> <span class='ocrx_word' id='word_1_50' title='bbox 539 370 684 396; x_wconf 74' lang='lat' dir='ltr'>contrarias</span> <span class='ocrx_word' id='word_1_51' title='bbox 695 369 928 403; x_wconf 71' lang='lat' dir='ltr'>pnriesssuxvrmt.</span> <span class='ocrx_word' id='word_1_52' title='bbox 942 375 1020 404; x_wconf 73' lang='lat' dir='ltr'>atquc·</span> <span class='ocrx_word' id='word_1_53' title='bbox 1042 367 1043 373; x_wconf 78' lang='lat'>¹</span> 
     </span>
     <span class='ocr_line' id='line_1_8' title="bbox 229 406 1020 436; baseline -0.005 0"><span class='ocrx_word' id='word_1_54' title='bbox 229 412 253 436; x_wconf 88' lang='lat' dir='ltr'>in</span> <span class='ocrx_word' id='word_1_55' title='bbox 267 418 357 435; x_wconf 66' lang='lat' dir='ltr'>ultim-s</span> <span class='ocrx_word' id='word_1_56' title='bbox 371 417 441 434; x_wconf 82' lang='lat' dir='ltr'>innre</span> <span class='ocrx_word' id='word_1_57' title='bbox 455 406 598 433; x_wconf 82' lang='lat' dir='ltr'>influxerit.</span> <span class='ocrx_word' id='word_1_58' title='bbox 641 406 763 432; x_wconf 73' lang='lat' dir='ltr'>XXXVI.</span> <span class='ocrx_word' id='word_1_59' title='bbox 779 407 857 433; x_wconf 80' lang='lat' dir='ltr'>Fiunt</span> <span class='ocrx_word' id='word_1_60' title='bbox 868 412 937 433; x_wconf 83' lang='lat' dir='ltr'>certe</span> <span class='ocrx_word' id='word_1_61' title='bbox 949 406 1020 432; x_wconf 78' lang='lat' dir='ltr'>‹livi-</span> 
     </span>
     <span class='ocr_line' id='line_1_9' title="bbox 227 443 1043 479; baseline -0.002 -8"><span class='ocrx_word' id='word_1_62' title='bbox 227 448 362 472; x_wconf 82' lang='grc' dir='ltr'>ιιιιῑιυιιιιιιι</span> <span class='ocrx_word' id='word_1_63' title='bbox 379 445 545 471; x_wconf 76' lang='lat' dir='ltr'>coiiiecturae</span> <span class='ocrx_word' id='word_1_64' title='bbox 561 453 574 470; x_wconf 85' lang='lat' dir='ltr'>a</span> <span class='ocrx_word' id='word_1_65' title='bbox 591 445 694 479; x_wconf 64' lang='lat' dir='ltr'>peritis.</span> <span class='ocrx_word' id='word_1_66' title='bbox 736 444 821 470; x_wconf 81' lang='lat' dir='ltr'>Midae</span> <span class='ocrx_word' id='word_1_67' title='bbox 839 444 877 470; x_wconf 89' lang='lat' dir='ltr'>illi</span> <span class='ocrx_word' id='word_1_68' title='bbox 895 444 1019 479; x_wconf 60' lang='lat' dir='ltr'>Phrygio,</span> <span class='ocrx_word' id='word_1_69' title='bbox 1042 443 1043 453; x_wconf 97' lang='lat'>¹</span> 
     </span>
    </p>
   </div>
   <div class='ocr_carea' id='block_1_2' title="bbox 225 479 1050 553">
    <p class='ocr_par' dir='ltr' id='par_1_2' title="bbox 225 479 1050 553">
     <span class='ocr_line' id='line_1_10' title="bbox 225 479 1050 518; baseline -0.004 -11"><span class='ocrx_word' id='word_1_70' title='bbox 225 493 309 518; x_wconf 78' lang='grc' dir='ltr'>ιμιιιιιι</span> <span class='ocrx_word' id='word_1_71' title='bbox 323 491 388 517; x_wconf 78' lang='lat' dir='ltr'>puer</span> <span class='ocrx_word' id='word_1_72' title='bbox 399 486 478 512; x_wconf 85' lang='lat' dir='ltr'>esset,</span> <span class='ocrx_word' id='word_1_73' title='bbox 494 481 638 508; x_wconf 82' lang='lat' dir='ltr'>dormienti</span> <span class='ocrx_word' id='word_1_74' title='bbox 652 481 777 508; x_wconf 81' lang='lat' dir='ltr'>lormicue</span> <span class='ocrx_word' id='word_1_75' title='bbox 791 482 816 507; x_wconf 93' lang='lat' dir='ltr'>in</span> <span class='ocrx_word' id='word_1_76' title='bbox 827 490 857 507; x_wconf 78' lang='lat' dir='ltr'>os</span> <span class='ocrx_word' id='word_1_77' title='bbox 869 482 949 508; x_wconf 74' lang='lat' dir='ltr'>tritici</span> <span class='ocrx_word' id='word_1_78' title='bbox 961 491 1022 515; x_wconf 70' lang='lat' dir='ltr'>gra-</span> <span class='ocrx_word' id='word_1_79' title='bbox 1041 479 1050 504; x_wconf 63' lang='lat' dir='ltr'>l,</span> 
     </span>
     <span class='ocr_line' id='line_1_11' title="bbox 527 518 1049 553; baseline -0.002 -8"><span class='ocrx_word' id='word_1_80' title='bbox 527 519 724 545; x_wconf 78' lang='lat' dir='ltr'>Divitissimum</span> <span class='ocrx_word' id='word_1_81' title='bbox 754 518 821 549; x_wconf 81' lang='lat' dir='ltr'>lore,</span> <span class='ocrx_word' id='word_1_82' title='bbox 854 519 1020 553; x_wconf 68' lang='lat' dir='ltr'>praedivina·</span> <span class='ocrx_word' id='word_1_83' title='bbox 1042 521 1049 546; x_wconf 59' lang='lat' dir='ltr'>l*</span> 
     </span>
    </p>
   </div>
   <div class='ocr_carea' id='block_1_3' title="bbox 223 524 1044 964">
    <p class='ocr_par' dir='ltr' id='par_1_3' title="bbox 223 524 1044 964">
     <span class='ocr_line' id='line_1_12' title="bbox 226 524 1043 555; baseline -0.004 -8"><span class='ocrx_word' id='word_1_84' title='bbox 226 530 256 547; x_wconf 77' lang='lat' dir='ltr'>nn</span> <span class='ocrx_word' id='word_1_85' title='bbox 283 524 485 553; x_wconf 71' lang='lat' dir='ltr'>congesserunt.</span> <span class='ocrx_word' id='word_1_86' title='bbox 1042 552 1043 555; x_wconf 13' lang='grc' dir='ltr'><strong>Ἴ</strong></span> 
     </span>
     <span class='ocr_line' id='line_1_13' title="bbox 225 555 1043 591; baseline -0.001 -9"><span class='ocrx_word' id='word_1_87' title='bbox 225 563 276 583; x_wconf 71' lang='lat' dir='ltr'>est:</span> <span class='ocrx_word' id='word_1_88' title='bbox 293 557 365 591; x_wconf 80' lang='lat' dir='ltr'>quod</span> <span class='ocrx_word' id='word_1_89' title='bbox 377 557 476 583; x_wconf 80' lang='lat' dir='ltr'>evcnit.</span> <span class='ocrx_word' id='word_1_90' title='bbox 517 557 549 582; x_wconf 76' lang='lat' dir='ltr'>At</span> <span class='ocrx_word' id='word_1_91' title='bbox 561 556 670 587; x_wconf 75' lang='lat' dir='ltr'>Platoni.</span> <span class='ocrx_word' id='word_1_92' title='bbox 683 565 768 591; x_wconf 85' lang='lat' dir='ltr'>quum</span> <span class='ocrx_word' id='word_1_93' title='bbox 782 557 807 582; x_wconf 87' lang='lat' dir='ltr'>in</span> <span class='ocrx_word' id='word_1_94' title='bbox 819 557 897 582; x_wconf 80' lang='lat' dir='ltr'>cunis</span> <span class='ocrx_word' id='word_1_95' title='bbox 909 555 1022 590; x_wconf 86' lang='lat' dir='ltr'>parvulo</span> <span class='ocrx_word' id='word_1_96' title='bbox 1042 557 1043 568; x_wconf 82' lang='lat'>¹</span> 
     </span>
     <span class='ocr_line' id='line_1_14' title="bbox 224 584 1043 640; baseline -0.002 -20"><span class='ocrx_word' id='word_1_97' title='bbox 224 595 366 620; x_wconf 70' lang='lat' dir='ltr'>dormienti</span> <span class='ocrx_word' id='word_1_98' title='bbox 388 602 451 628; x_wconf 83' lang='lat' dir='ltr'>apes</span> <span class='ocrx_word' id='word_1_99' title='bbox 474 594 499 620; x_wconf 93' lang='lat' dir='ltr'>in</span> <span class='ocrx_word' id='word_1_100' title='bbox 518 593 622 620; x_wconf 85' lang='lat' dir='ltr'>labellis</span> <span class='ocrx_word' id='word_1_101' title='bbox 640 594 838 623; x_wconf 75' lang='lat' dir='ltr'>consedissent.</span> <span class='ocrx_word' id='word_1_102' title='bbox 862 602 1020 628; x_wconf 78' lang='lat' dir='ltr'>responsum</span> <span class='ocrx_word' id='word_1_103' title='bbox 1041 584 1043 640; x_wconf 49' lang='grc' dir='ltr'><strong>ἶ</strong></span> 
     </span>
     <span class='ocr_line' id='line_1_15' title="bbox 224 630 1043 666; baseline -0.001 -9"><span class='ocrx_word' id='word_1_104' title='bbox 224 637 275 662; x_wconf 79' lang='lat' dir='ltr'>est,</span> <span class='ocrx_word' id='word_1_105' title='bbox 294 630 425 666; x_wconf 76' lang='lat' dir='ltr'>singulari</span> <span class='ocrx_word' id='word_1_106' title='bbox 444 630 520 657; x_wconf 91' lang='lat' dir='ltr'>illum</span> <span class='ocrx_word' id='word_1_107' title='bbox 536 632 667 657; x_wconf 78' lang='lat' dir='ltr'>suavitate</span> <span class='ocrx_word' id='word_1_108' title='bbox 681 631 808 657; x_wconf 87' lang='lat' dir='ltr'>orationis</span> <span class='ocrx_word' id='word_1_109' title='bbox 825 630 888 657; x_wconf 83' lang='lat' dir='ltr'>lore.</span> <span class='ocrx_word' id='word_1_110' title='bbox 931 632 965 656; x_wconf 79' lang='lat' dir='ltr'>lta</span> <span class='ocrx_word' id='word_1_111' title='bbox 979 630 1021 656; x_wconf 84' lang='lat' dir='ltr'>su-</span> <span class='ocrx_word' id='word_1_112' title='bbox 1041 647 1043 665; x_wconf 62' lang='grc'>,</span> 
     </span>
     <span class='ocr_line' id='line_1_16' title="bbox 225 668 1043 703; baseline -0.001 -9"><span class='ocrx_word' id='word_1_113' title='bbox 225 674 281 695; x_wconf 81' lang='lat' dir='ltr'>tura</span> <span class='ocrx_word' id='word_1_114' title='bbox 303 668 455 703; x_wconf 75' lang='lat' dir='ltr'><strong>eloquentia</strong></span> <span class='ocrx_word' id='word_1_115' title='bbox 478 669 583 703; x_wconf 84' lang='lat' dir='ltr'>provisa</span> <span class='ocrx_word' id='word_1_116' title='bbox 606 669 631 695; x_wconf 95' lang='lat' dir='ltr'>in</span> <span class='ocrx_word' id='word_1_117' title='bbox 654 668 754 694; x_wconf 83' lang='lat' dir='ltr'>infante</span> <span class='ocrx_word' id='word_1_118' title='bbox 775 673 824 694; x_wconf 84' lang='lat' dir='ltr'>est.</span> <span class='ocrx_word' id='word_1_119' title='bbox 869 669 910 694; x_wconf 79' lang='lat'>79.</span> <span class='ocrx_word' id='word_1_120' title='bbox 933 668 1022 700; x_wconf 68' lang='lat' dir='ltr'>Quid?</span> <span class='ocrx_word' id='word_1_121' title='bbox 1041 670 1043 699; x_wconf 89' lang='grc'>1</span> 
     </span>
     <span class='ocr_line' id='line_1_17' title="bbox 225 705 1021 740; baseline 0 -9"><span class='ocrx_word' id='word_1_122' title='bbox 225 715 327 731; x_wconf 80' lang='lat' dir='ltr'>amores</span> <span class='ocrx_word' id='word_1_123' title='bbox 339 715 368 732; x_wconf 84' lang='lat' dir='ltr'>ac</span> <span class='ocrx_word' id='word_1_124' title='bbox 379 705 491 732; x_wconf 76' lang='lat' dir='ltr'>deliciae</span> <span class='ocrx_word' id='word_1_125' title='bbox 504 710 577 736; x_wconf 83' lang='lat' dir='ltr'>tuac,</span> <span class='ocrx_word' id='word_1_126' title='bbox 592 706 704 731; x_wconf 78' lang='lat' dir='ltr'>Roscius</span> <span class='ocrx_word' id='word_1_127' title='bbox 717 714 780 732; x_wconf 90' lang='lat' dir='ltr'>num</span> <span class='ocrx_word' id='word_1_128' title='bbox 792 710 837 731; x_wconf 93' lang='lat' dir='ltr'>aut</span> <span class='ocrx_word' id='word_1_129' title='bbox 851 706 906 740; x_wconf 78' lang='lat' dir='ltr'>ipse</span> <span class='ocrx_word' id='word_1_130' title='bbox 918 710 962 731; x_wconf 91' lang='lat' dir='ltr'>aut</span> <span class='ocrx_word' id='word_1_131' title='bbox 974 714 1021 740; x_wconf 85' lang='lat' dir='ltr'>pro</span> 
     </span>
     <span class='ocr_line' id='line_1_18' title="bbox 224 742 1020 777; baseline 0 -9"><span class='ocrx_word' id='word_1_132' title='bbox 224 752 254 768; x_wconf 67' lang='lat' dir='ltr'>vo</span> <span class='ocrx_word' id='word_1_133' title='bbox 269 744 420 769; x_wconf 81' lang='lat' dir='ltr'>Lanuvium</span> <span class='ocrx_word' id='word_1_134' title='bbox 433 748 515 770; x_wconf 83' lang='lat' dir='ltr'>totum</span> <span class='ocrx_word' id='word_1_135' title='bbox 529 742 725 769; x_wconf 65' lang='lat' dir='ltr'>mentiebatur?</span> <span class='ocrx_word' id='word_1_136' title='bbox 743 744 794 775; x_wconf 76' lang='lat' dir='ltr'>Qui</span> <span class='ocrx_word' id='word_1_137' title='bbox 810 751 895 777; x_wconf 84' lang='lat' dir='ltr'>quum</span> <span class='ocrx_word' id='word_1_138' title='bbox 911 748 981 768; x_wconf 77' lang='lat' dir='ltr'>esst-1</span> <span class='ocrx_word' id='word_1_139' title='bbox 995 743 1020 768; x_wconf 94' lang='lat' dir='ltr'>in</span> 
     </span>
     <span class='ocr_line' id='line_1_19' title="bbox 223 780 1043 815; baseline -0.001 -9"><span class='ocrx_word' id='word_1_140' title='bbox 223 780 368 806; x_wconf 67' lang='lat' dir='ltr'>cunabulis</span> <span class='ocrx_word' id='word_1_141' title='bbox 379 780 593 815; x_wconf 73' lang='lat' dir='ltr'>educareturque</span> <span class='ocrx_word' id='word_1_142' title='bbox 606 781 632 806; x_wconf 88' lang='grc' dir='ltr'>ιιι</span> <span class='ocrx_word' id='word_1_143' title='bbox 647 780 768 810; x_wconf 79' lang='lat' dir='ltr'>Solonio.</span> <span class='ocrx_word' id='word_1_144' title='bbox 791 781 838 815; x_wconf 85' lang='lat' dir='ltr'>qui</span> <span class='ocrx_word' id='word_1_145' title='bbox 854 785 894 806; x_wconf 85' lang='lat' dir='ltr'>est</span> <span class='ocrx_word' id='word_1_146' title='bbox 909 789 1021 814; x_wconf 86' lang='lat' dir='ltr'>campus</span> <span class='ocrx_word' id='word_1_147' title='bbox 1041 802 1043 810; x_wconf 63' lang='grc'>,</span> 
     </span>
     <span class='ocr_line' id='line_1_20' title="bbox 224 817 1044 871; baseline -0.002 -27"><span class='ocrx_word' id='word_1_148' title='bbox 224 819 280 851; x_wconf 74' lang='lat' dir='ltr'>agri</span> <span class='ocrx_word' id='word_1_149' title='bbox 293 818 439 846; x_wconf 79' lang='lat' dir='ltr'>Lanuvini:</span> <span class='ocrx_word' id='word_1_150' title='bbox 460 822 538 844; x_wconf 86' lang='lat' dir='ltr'>noctu</span> <span class='ocrx_word' id='word_1_151' title='bbox 556 817 657 844; x_wconf 89' lang='lat' dir='ltr'>lumine</span> <span class='ocrx_word' id='word_1_152' title='bbox 672 819 794 852; x_wconf 78' lang='lat' dir='ltr'>apposito</span> <span class='ocrx_word' id='word_1_153' title='bbox 805 823 957 852; x_wconf 80' lang='lat' dir='ltr'>experrecta</span> <span class='ocrx_word' id='word_1_154' title='bbox 971 826 1022 843; x_wconf 90' lang='lat' dir='ltr'>nu-</span> <span class='ocrx_word' id='word_1_155' title='bbox 1041 818 1044 871; x_wconf 59' lang='grc' dir='ltr'>ι</span> 
     </span>
     <span class='ocr_line' id='line_1_21' title="bbox 225 851 1022 889; baseline -0.001 -8"><span class='ocrx_word' id='word_1_156' title='bbox 225 851 277 882; x_wconf 79' lang='lat' dir='ltr'>trix</span> <span class='ocrx_word' id='word_1_157' title='bbox 292 855 481 881; x_wconf 77' lang='lat' dir='ltr'>animadvertit</span> <span class='ocrx_word' id='word_1_158' title='bbox 500 863 613 889; x_wconf 86' lang='lat' dir='ltr'>puerum</span> <span class='ocrx_word' id='word_1_159' title='bbox 635 855 811 881; x_wconf 71' lang='lat' dir='ltr'>dormientem</span> <span class='ocrx_word' id='word_1_160' title='bbox 832 855 1022 889; x_wconf 75' lang='lat' dir='ltr'>circumplica-</span> 
     </span>
     <span class='ocr_line' id='line_1_22' title="bbox 224 892 1021 927; baseline 0 -9"><span class='ocrx_word' id='word_1_161' title='bbox 224 898 280 918; x_wconf 90' lang='lat' dir='ltr'>tum</span> <span class='ocrx_word' id='word_1_162' title='bbox 297 893 429 927; x_wconf 79' lang='lat' dir='ltr'>serpentis</span> <span class='ocrx_word' id='word_1_163' title='bbox 445 892 582 927; x_wconf 80' lang='lat' dir='ltr'>amplexu.</span> <span class='ocrx_word' id='word_1_164' title='bbox 622 892 680 925; x_wconf 90' lang='lat' dir='ltr'>Quo</span> <span class='ocrx_word' id='word_1_165' title='bbox 695 897 804 927; x_wconf 77' lang='lat' dir='ltr'>aspectu</span> <span class='ocrx_word' id='word_1_166' title='bbox 822 893 946 918; x_wconf 78' lang='lat' dir='ltr'>exterrita</span> <span class='ocrx_word' id='word_1_167' title='bbox 967 892 1021 917; x_wconf 85' lang='lat' dir='ltr'>cla-</span> 
     </span>
     <span class='ocr_line' id='line_1_23' title="bbox 224 930 1021 964; baseline -0.001 -9"><span class='ocrx_word' id='word_1_168' title='bbox 224 938 325 956; x_wconf 90' lang='lat' dir='ltr'>morem</span> <span class='ocrx_word' id='word_1_169' title='bbox 346 930 467 956; x_wconf 75' lang='lat' dir='ltr'>sustulit.</span> <span class='ocrx_word' id='word_1_170' title='bbox 508 930 583 956; x_wconf 83' lang='lat' dir='ltr'>Pater</span> <span class='ocrx_word' id='word_1_171' title='bbox 603 935 691 956; x_wconf 89' lang='lat' dir='ltr'>autem</span> <span class='ocrx_word' id='word_1_172' title='bbox 711 930 796 956; x_wconf 75' lang='lat' dir='ltr'>lloscii</span> <span class='ocrx_word' id='word_1_173' title='bbox 814 930 847 955; x_wconf 82' lang='lat' dir='ltr'>ad</span> <span class='ocrx_word' id='word_1_174' title='bbox 864 930 1021 964; x_wconf 73' lang='lat' dir='ltr'>haruspices</span> 
     </span>
    </p>
   </div>
   <div class='ocr_carea' id='block_1_4' title="bbox 1041 702 1043 792">
    <p class='ocr_par' dir='ltr' id='par_1_4' title="bbox 1041 702 1043 792">
     <span class='ocr_line' id='line_1_24' title="bbox 1041 702 1043 792; baseline 0 0"><span class='ocrx_word' id='word_1_175' title='bbox 1041 702 1043 792; x_wconf 95' lang='lat' dir='ltr'> </span> 
     </span>
    </p>
   </div>
   <div class='ocr_carea' id='block_1_5' title="bbox 223 1041 1043 1114">
    <p class='ocr_par' dir='ltr' id='par_1_5' title="bbox 223 1041 1043 1114">
     <span class='ocr_line' id='line_1_25' title="bbox 225 1041 1043 1077; baseline -0.001 -10"><span class='ocrx_word' id='word_1_176' title='bbox 225 1041 289 1068; x_wconf 79' lang='lat' dir='ltr'>lavit</span> <span class='ocrx_word' id='word_1_177' title='bbox 310 1047 419 1077; x_wconf 77' lang='lat' dir='ltr'>argento</span> <span class='ocrx_word' id='word_1_178' title='bbox 439 1047 464 1068; x_wconf 92' lang='lat' dir='ltr'>et</span> <span class='ocrx_word' id='word_1_179' title='bbox 485 1047 573 1068; x_wconf 84' lang='lat' dir='ltr'>noster</span> <span class='ocrx_word' id='word_1_180' title='bbox 597 1043 729 1076; x_wconf 76' lang='lat' dir='ltr'>expressit</span> <span class='ocrx_word' id='word_1_181' title='bbox 751 1042 862 1068; x_wconf 77' lang='lat' dir='ltr'>Archias</span> <span class='ocrx_word' id='word_1_182' title='bbox 884 1042 1018 1068; x_wconf 81' lang='lat' dir='ltr'>versibus.</span> <span class='ocrx_word' id='word_1_183' title='bbox 1042 1060 1043 1066; x_wconf 65' lang='grc'>,</span> 
     </span>
     <span class='ocr_line' id='line_1_26' title="bbox 223 1078 1042 1114; baseline 0 -9"><span class='ocrx_word' id='word_1_184' title='bbox 223 1078 295 1111; x_wconf 81' lang='lat' dir='ltr'>Quid</span> <span class='ocrx_word' id='word_1_185' title='bbox 309 1080 391 1114; x_wconf 77' lang='lat' dir='ltr'>igitur</span> <span class='ocrx_word' id='word_1_186' title='bbox 407 1079 613 1113; x_wconf 62' lang='lat' dir='ltr'>exspectamus?</span> <span class='ocrx_word' id='word_1_187' title='bbox 629 1089 675 1109; x_wconf 82' lang='lat' dir='ltr'>an,</span> <span class='ocrx_word' id='word_1_188' title='bbox 694 1079 758 1105; x_wconf 88' lang='lat' dir='ltr'>dum</span> <span class='ocrx_word' id='word_1_189' title='bbox 773 1081 798 1105; x_wconf 86' lang='grc' dir='ltr'>ιιι</span> <span class='ocrx_word' id='word_1_190' title='bbox 813 1079 867 1105; x_wconf 81' lang='lat' dir='ltr'>foro</span> <span class='ocrx_word' id='word_1_191' title='bbox 879 1079 1019 1105; x_wconf 79' lang='lat' dir='ltr'>nobiscum</span> <span class='ocrx_word' id='word_1_192' title='bbox 1041 1095 1042 1104; x_wconf 52' lang='grc' dir='ltr'>ι</span> 
     </span>
    </p>
   </div>
   <div class='ocr_carea' id='block_1_6' title="bbox 224 1116 1869 1176">
    <p class='ocr_par' dir='ltr' id='par_1_6' title="bbox 224 1116 1869 1176">
     <span class='ocr_line' id='line_1_27' title="bbox 224 1116 1869 1176; baseline 0.001 -34"><span class='ocrx_word' id='word_1_193' title='bbox 224 1116 262 1143; x_wconf 83' lang='grc' dir='ltr'>(Ιιι</span> <span class='ocrx_word' id='word_1_194' title='bbox 275 1116 523 1147; x_wconf 79' lang='lat' dir='ltr'>immortales‚dum</span> <span class='ocrx_word' id='word_1_195' title='bbox 537 1118 562 1143; x_wconf 90' lang='grc' dir='ltr'>ιιι</span> <span class='ocrx_word' id='word_1_196' title='bbox 576 1117 627 1143; x_wconf 84' lang='lat' dir='ltr'>viis</span> <span class='ocrx_word' id='word_1_197' title='bbox 635 1122 783 1147; x_wconf 82' lang='lat' dir='ltr'>versentur,</span> <span class='ocrx_word' id='word_1_198' title='bbox 793 1117 858 1142; x_wconf 89' lang='lat' dir='ltr'>dum</span> <span class='ocrx_word' id='word_1_199' title='bbox 870 1116 962 1143; x_wconf 77' lang='lat' dir='ltr'>domi‘?</span> <span class='ocrx_word' id='word_1_200' title='bbox 972 1117 1020 1151; x_wconf 87' lang='lat' dir='ltr'>qui</span> <span class='ocrx_word' id='word_1_201' title='bbox 1041 1124 1049 1156; x_wconf 31' lang='grc' dir='ltr'>ἑξ</span> <span class='ocrx_word' id='word_1_202' title='bbox 1072 1141 1167 1167; x_wconf 52' lang='lat' dir='ltr'>Gracci</span> <span class='ocrx_word' id='word_1_203' title='bbox 1190 1141 1213 1166; x_wconf 63' lang='lat' dir='ltr'>Si</span> <span class='ocrx_word' id='word_1_204' title='bbox 1226 1140 1331 1166; x_wconf 61' lang='lat' dir='ltr'>barbari</span> <span class='ocrx_word' id='word_1_205' title='bbox 1354 1142 1377 1166; x_wconf 72' lang='lat' dir='ltr'>Si</span> <span class='ocrx_word' id='word_1_206' title='bbox 1390 1142 1503 1167; x_wconf 61' lang='lat' dir='ltr'>maiores</span> <span class='ocrx_word' id='word_1_207' title='bbox 1514 1142 1594 1167; x_wconf 60' lang='lat' dir='ltr'>etiam</span> <span class='ocrx_word' id='word_1_208' title='bbox 1606 1142 1688 1167; x_wconf 54' lang='grc' dir='ltr'><strong>ῃοςῑή</strong></span> <span class='ocrx_word' id='word_1_209' title='bbox 1717 1143 1739 1167; x_wconf 66' lang='lat' dir='ltr'>si</span> <span class='ocrx_word' id='word_1_210' title='bbox 1750 1141 1869 1176; x_wconf 62' lang='lat' dir='ltr'>denique</span> 
     </span>
     <span class='ocr_line' id='line_1_28' title="bbox 1041 1154 1703 1171; baseline 0.003 -10"><span class='ocrx_word' id='word_1_211' title='bbox 1041 1154 1043 1161; x_wconf 38' lang='lat' dir='ltr'><strong>f</strong></span> <span class='ocrx_word' id='word_1_212' title='bbox 1172 1161 1177 1170; x_wconf 75' lang='lat'>‚</span> <span class='ocrx_word' id='word_1_213' title='bbox 1336 1162 1341 1170; x_wconf 68' lang='grc'>,</span> <span class='ocrx_word' id='word_1_214' title='bbox 1642 1163 1646 1167; x_wconf 77' lang='grc'><strong>,</strong></span> <span class='ocrx_word' id='word_1_215' title='bbox 1698 1162 1703 1171; x_wconf 66' lang='lat'>‚</span> 
     </span>
    </p>
   </div>
   <div class='ocr_carea' id='block_1_7' title="bbox 223 1153 1019 1188">
    <p class='ocr_par' dir='ltr' id='par_1_7' title="bbox 223 1153 1019 1188">
     <span class='ocr_line' id='line_1_29' title="bbox 223 1153 1019 1188; baseline 0 -9"><span class='ocrx_word' id='word_1_216' title='bbox 223 1153 335 1188; x_wconf 82' lang='lat' dir='ltr'>quidem</span> <span class='ocrx_word' id='word_1_217' title='bbox 353 1155 404 1188; x_wconf 85' lang='lat' dir='ltr'>ipsi</span> <span class='ocrx_word' id='word_1_218' title='bbox 415 1163 443 1180; x_wconf 85' lang='lat' dir='ltr'>se</span> <span class='ocrx_word' id='word_1_219' title='bbox 460 1154 537 1180; x_wconf 87' lang='lat' dir='ltr'>nobis</span> <span class='ocrx_word' id='word_1_220' title='bbox 553 1163 604 1180; x_wconf 90' lang='lat' dir='ltr'>non</span> <span class='ocrx_word' id='word_1_221' title='bbox 621 1154 748 1184; x_wconf 78' lang='lat' dir='ltr'>offerunt,</span> <span class='ocrx_word' id='word_1_222' title='bbox 767 1155 821 1179; x_wconf 87' lang='lat' dir='ltr'>vim</span> <span class='ocrx_word' id='word_1_223' title='bbox 838 1159 926 1180; x_wconf 84' lang='lat' dir='ltr'>autem</span> <span class='ocrx_word' id='word_1_224' title='bbox 943 1163 1019 1180; x_wconf 88' lang='lat' dir='ltr'>suam</span> 
     </span>
    </p>
   </div>
   <div class='ocr_carea' id='block_1_8' title="bbox 226 1191 1870 1251">
    <p class='ocr_par' dir='ltr' id='par_1_8' title="bbox 226 1191 1870 1251">
     <span class='ocr_line' id='line_1_30' title="bbox 226 1191 1870 1251; baseline 0.001 -35"><span class='ocrx_word' id='word_1_225' title='bbox 226 1191 303 1225; x_wconf 87' lang='lat' dir='ltr'>longe</span> <span class='ocrx_word' id='word_1_226' title='bbox 321 1191 424 1226; x_wconf 81' lang='lat' dir='ltr'>lateque</span> <span class='ocrx_word' id='word_1_227' title='bbox 440 1191 607 1223; x_wconf 68' lang='lat' dir='ltr'>diffundunt3</span> <span class='ocrx_word' id='word_1_228' title='bbox 628 1200 710 1225; x_wconf 82' lang='lat' dir='ltr'>quam</span> <span class='ocrx_word' id='word_1_229' title='bbox 726 1196 782 1217; x_wconf 87' lang='lat' dir='ltr'>tum</span> <span class='ocrx_word' id='word_1_230' title='bbox 799 1196 881 1217; x_wconf 83' lang='lat' dir='ltr'>terrae</span> <span class='ocrx_word' id='word_1_231' title='bbox 897 1192 1020 1217; x_wconf 77' lang='lat' dir='ltr'>cavernis</span> <span class='ocrx_word' id='word_1_232' title='bbox 1048 1207 1050 1231; x_wconf 62' lang='lat'>3,</span> <span class='ocrx_word' id='word_1_233' title='bbox 1073 1220 1164 1250; x_wconf 51' lang='lat' dir='ltr'>poetae</span> <span class='ocrx_word' id='word_1_234' title='bbox 1201 1216 1223 1241; x_wconf 67' lang='lat' dir='ltr'>Si</span> <span class='ocrx_word' id='word_1_235' title='bbox 1235 1216 1430 1250; x_wconf 56' lang='lat' dir='ltr'>sapientissimi</span> <span class='ocrx_word' id='word_1_236' title='bbox 1443 1217 1493 1242; x_wconf 59' lang='lat' dir='ltr'>viri</span> <span class='ocrx_word' id='word_1_237' title='bbox 1531 1217 1578 1251; x_wconf 68' lang='lat' dir='ltr'>qui</span> <span class='ocrx_word' id='word_1_238' title='bbox 1590 1215 1758 1250; x_wconf 39' lang='lat' dir='ltr'>rczpublicas</span> <span class='ocrx_word' id='word_1_239' title='bbox 1769 1216 1870 1242; x_wconf 53' lang='lat' dir='ltr'><strong>consti—</strong></span> 
     </span>
     <span class='ocr_line' id='line_1_31' title="bbox 1042 1235 1628 1247; baseline -0.009 -1"><span class='ocrx_word' id='word_1_240' title='bbox 1042 1235 1043 1240; x_wconf 66' lang='lat'><em>*</em></span> <span class='ocrx_word' id='word_1_241' title='bbox 1172 1236 1177 1245; x_wconf 65' lang='grc' dir='ltr'><strong>ς</strong></span> <span class='ocrx_word' id='word_1_242' title='bbox 1502 1237 1507 1247; x_wconf 75' lang='lat'>,</span> <span class='ocrx_word' id='word_1_243' title='bbox 1619 1237 1628 1241; x_wconf 78' lang='grc'><strong>-</strong></span> 
     </span>
    </p>
   </div>
   <div class='ocr_carea' id='block_1_9' title="bbox 225 1252 1869 1302">
    <p class='ocr_par' dir='ltr' id='par_1_9' title="bbox 225 1252 1869 1302">
     <span class='ocr_line' id='line_1_32' title="bbox 225 1252 1869 1302; baseline 0.002 -11"><span class='ocrx_word' id='word_1_244' title='bbox 225 1271 308 1291; x_wconf 79' lang='lat' dir='ltr'>terrae</span> <span class='ocrx_word' id='word_1_245' title='bbox 325 1267 366 1291; x_wconf 81' lang='lat' dir='ltr'>vis</span> <span class='ocrx_word' id='word_1_246' title='bbox 378 1266 501 1301; x_wconf 82' lang='lat' dir='ltr'>Pythiam</span> <span class='ocrx_word' id='word_1_247' title='bbox 514 1265 624 1300; x_wconf 85' lang='lat' dir='ltr'>Delphis</span> <span class='ocrx_word' id='word_1_248' title='bbox 642 1266 781 1295; x_wconf 84' lang='lat' dir='ltr'>incitabat,</span> <span class='ocrx_word' id='word_1_249' title='bbox 805 1271 913 1293; x_wconf 88' lang='lat' dir='ltr'>naturae</span> <span class='ocrx_word' id='word_1_250' title='bbox 929 1266 1021 1302; x_wconf 70' lang='lat' dir='ltr'>Sibyl-</span> <span class='ocrx_word' id='word_1_251' title='bbox 1042 1257 1050 1294; x_wconf 74' lang='lat' dir='ltr'>l</span> <span class='ocrx_word' id='word_1_252' title='bbox 1073 1258 1193 1282; x_wconf 59' lang='lat' dir='ltr'>merum*</span> <span class='ocrx_word' id='word_1_253' title='bbox 1211 1261 1259 1287; x_wconf 65' lang='lat'>‘¹¹¹¹</span> <span class='ocrx_word' id='word_1_254' title='bbox 1271 1253 1351 1279; x_wconf 61' lang='lat' dir='ltr'><strong>urbes</strong></span> <span class='ocrx_word' id='word_1_255' title='bbox 1363 1252 1560 1279; x_wconf 50' lang='lat' dir='ltr'>⁰⁰¹¹d¹d⁰funoe</span> <span class='ocrx_word' id='word_1_256' title='bbox 1575 1261 1622 1284; x_wconf 53' lang='grc' dir='ltr'>δη*</span> <span class='ocrx_word' id='word_1_257' title='bbox 1639 1253 1704 1279; x_wconf 72' lang='lat' dir='ltr'>dum</span> <span class='ocrx_word' id='word_1_258' title='bbox 1717 1253 1818 1279; x_wconf 52' lang='lat' dir='ltr'>¹¹⁰⁵„st</span> <span class='ocrx_word' id='word_1_259' title='bbox 1831 1252 1869 1279; x_wconf 64' lang='grc' dir='ltr'>,θ’</span> 
     </span>
    </p>
   </div>
   <div class='ocr_carea' id='block_1_10' title="bbox 328 1297 1464 1354">
    <p class='ocr_par' dir='ltr' id='par_1_10' title="bbox 328 1297 1464 1354">
     <span class='ocr_line' id='line_1_33' title="bbox 328 1297 1464 1344; baseline 0.004 -16"><span class='ocrx_word' id='word_1_260' title='bbox 328 1302 398 1334; x_wconf 87' lang='lat' dir='ltr'>Quid</span> <span class='ocrx_word' id='word_1_261' title='bbox 412 1302 503 1329; x_wconf 79' lang='lat' dir='ltr'>enim‘?</span> <span class='ocrx_word' id='word_1_262' title='bbox 514 1312 564 1329; x_wconf 88' lang='lat' dir='ltr'>non</span> <span class='ocrx_word' id='word_1_263' title='bbox 578 1302 711 1333; x_wconf 84' lang='lat' dir='ltr'>videmus,</span> <span class='ocrx_word' id='word_1_264' title='bbox 725 1312 806 1337; x_wconf 91' lang='lat' dir='ltr'>quam</span> <span class='ocrx_word' id='word_1_265' title='bbox 818 1304 872 1330; x_wconf 88' lang='lat' dir='ltr'>sint</span> <span class='ocrx_word' id='word_1_266' title='bbox 884 1305 955 1329; x_wconf 81' lang='lat' dir='ltr'>varia</span> <span class='ocrx_word' id='word_1_267' title='bbox 968 1309 1021 1330; x_wconf 89' lang='lat' dir='ltr'>ter-</span> <span class='ocrx_word' id='word_1_268' title='bbox 1042 1297 1050 1324; x_wconf 68' lang='lat'>¹=</span> <span class='ocrx_word' id='word_1_269' title='bbox 1089 1328 1092 1333; x_wconf 91' lang='lat'>.</span> <span class='ocrx_word' id='word_1_270' title='bbox 1270 1328 1274 1331; x_wconf 89' lang='lat'>.</span> <span class='ocrx_word' id='word_1_271' title='bbox 1451 1327 1464 1344; x_wconf 48' lang='grc' dir='ltr'>ε)</span> 
     </span>
     <span class='ocr_line' id='line_1_34' title="bbox 1042 1332 1460 1354; baseline 0.002 -1"><span class='ocrx_word' id='word_1_272' title='bbox 1042 1338 1043 1346; x_wconf 61' lang='lat'>2</span> <span class='ocrx_word' id='word_1_273' title='bbox 1073 1332 1148 1354; x_wconf 81' lang='lat' dir='ltr'>ritate</span> <span class='ocrx_word' id='word_1_274' title='bbox 1159 1332 1275 1354; x_wconf 77' lang='lat' dir='ltr'>contenti</span> <span class='ocrx_word' id='word_1_275' title='bbox 1288 1336 1340 1354; x_wconf 92' lang='lat' dir='ltr'>non</span> <span class='ocrx_word' id='word_1_276' title='bbox 1350 1336 1460 1354; x_wconf 87' lang='lat' dir='ltr'>sumus.</span> 
     </span>
    </p>
   </div>
   <div class='ocr_carea' id='block_1_11' title="bbox 223 1228 1043 1561">
    <p class='ocr_par' dir='ltr' id='par_1_11' title="bbox 223 1228 1043 1561">
     <span class='ocr_line' id='line_1_35' title="bbox 225 1228 1020 1263; baseline 0 -9"><span class='ocrx_word' id='word_1_277' title='bbox 225 1228 379 1258; x_wconf 80' lang='lat' dir='ltr'>includunt,</span> <span class='ocrx_word' id='word_1_278' title='bbox 405 1234 460 1254; x_wconf 79' lang='lat' dir='ltr'>tuni</span> <span class='ocrx_word' id='word_1_279' title='bbox 482 1228 622 1254; x_wconf 90' lang='lat' dir='ltr'>hominum</span> <span class='ocrx_word' id='word_1_280' title='bbox 642 1229 744 1254; x_wconf 87' lang='lat' dir='ltr'>naturis</span> <span class='ocrx_word' id='word_1_281' title='bbox 763 1228 912 1263; x_wconf 87' lang='lat' dir='ltr'>implicant.</span> <span class='ocrx_word' id='word_1_282' title='bbox 954 1229 1020 1255; x_wconf 75' lang='lat' dir='ltr'>Nam</span> 
     </span>
     <span class='ocr_line' id='line_1_36' title="bbox 226 1302 286 1328; baseline 0.017 -1"><span class='ocrx_word' id='word_1_283' title='bbox 226 1302 286 1328; x_wconf 80' lang='lat' dir='ltr'>lam.</span> 
     </span>
     <span class='ocr_line' id='line_1_37' title="bbox 225 1340 1020 1375; baseline 0.003 -10"><span class='ocrx_word' id='word_1_284' title='bbox 225 1348 312 1365; x_wconf 84' lang='lat' dir='ltr'>rarum</span> <span class='ocrx_word' id='word_1_285' title='bbox 327 1349 437 1375; x_wconf 72' lang='lat' dir='ltr'>genera,</span> <span class='ocrx_word' id='word_1_286' title='bbox 457 1349 490 1366; x_wconf 81' lang='lat' dir='ltr'>ex</span> <span class='ocrx_word' id='word_1_287' title='bbox 504 1340 606 1375; x_wconf 85' lang='lat' dir='ltr'>quibus</span> <span class='ocrx_word' id='word_1_288' title='bbox 622 1345 647 1366; x_wconf 84' lang='lat' dir='ltr'>et</span> <span class='ocrx_word' id='word_1_289' title='bbox 662 1340 796 1366; x_wconf 74' lang='lat' dir='ltr'>mortifera</span> <span class='ocrx_word' id='word_1_290' title='bbox 811 1341 944 1375; x_wconf 82' lang='lat' dir='ltr'>quaedam</span> <span class='ocrx_word' id='word_1_291' title='bbox 959 1350 1020 1375; x_wconf 84' lang='lat' dir='ltr'>pars</span> 
     </span>
     <span class='ocr_line' id='line_1_38' title="bbox 223 1377 1043 1412; baseline 0.002 -10"><span class='ocrx_word' id='word_1_292' title='bbox 223 1382 276 1407; x_wconf 88' lang='lat' dir='ltr'>est,</span> <span class='ocrx_word' id='word_1_293' title='bbox 294 1382 322 1403; x_wconf 94' lang='lat' dir='ltr'>ut</span> <span class='ocrx_word' id='word_1_294' title='bbox 338 1382 364 1403; x_wconf 89' lang='lat' dir='ltr'>et</span> <span class='ocrx_word' id='word_1_295' title='bbox 375 1378 531 1412; x_wconf 70' lang='lat' dir='ltr'>Ampsancti</span> <span class='ocrx_word' id='word_1_296' title='bbox 543 1378 569 1404; x_wconf 92' lang='lat' dir='ltr'>in</span> <span class='ocrx_word' id='word_1_297' title='bbox 582 1378 714 1412; x_wconf 87' lang='lat' dir='ltr'>llirpinis,</span> <span class='ocrx_word' id='word_1_298' title='bbox 732 1382 757 1404; x_wconf 86' lang='lat' dir='ltr'>et</span> <span class='ocrx_word' id='word_1_299' title='bbox 775 1378 801 1404; x_wconf 93' lang='lat' dir='ltr'>in</span> <span class='ocrx_word' id='word_1_300' title='bbox 811 1378 874 1404; x_wconf 78' lang='lat' dir='ltr'>Asia</span> <span class='ocrx_word' id='word_1_301' title='bbox 887 1379 1018 1409; x_wconf 80' lang='lat' dir='ltr'>Plutonia,</span> <span class='ocrx_word' id='word_1_302' title='bbox 1042 1377 1043 1407; x_wconf 72' lang='lat' dir='ltr'>l</span> 
     </span>
     <span class='ocr_line' id='line_1_39' title="bbox 223 1410 1043 1450; baseline 0.002 -10"><span class='ocrx_word' id='word_1_303' title='bbox 223 1422 291 1448; x_wconf 88' lang='lat' dir='ltr'>quae</span> <span class='ocrx_word' id='word_1_304' title='bbox 308 1414 442 1441; x_wconf 86' lang='lat' dir='ltr'>vidimus:</span> <span class='ocrx_word' id='word_1_305' title='bbox 459 1420 485 1441; x_wconf 91' lang='lat' dir='ltr'>et</span> <span class='ocrx_word' id='word_1_306' title='bbox 500 1420 563 1441; x_wconf 88' lang='lat' dir='ltr'>sunt</span> <span class='ocrx_word' id='word_1_307' title='bbox 577 1420 664 1449; x_wconf 85' lang='lat' dir='ltr'>partes</span> <span class='ocrx_word' id='word_1_308' title='bbox 676 1424 800 1450; x_wconf 84' lang='lat' dir='ltr'>agrorum</span> <span class='ocrx_word' id='word_1_309' title='bbox 813 1415 880 1441; x_wconf 88' lang='lat' dir='ltr'>aliae</span> <span class='ocrx_word' id='word_1_310' title='bbox 892 1416 1022 1450; x_wconf 85' lang='lat' dir='ltr'>pestilen-</span> <span class='ocrx_word' id='word_1_311' title='bbox 1042 1410 1043 1422; x_wconf 90' lang='lat'>¹</span> 
     </span>
     <span class='ocr_line' id='line_1_40' title="bbox 224 1451 1043 1489; baseline 0.004 -12"><span class='ocrx_word' id='word_1_312' title='bbox 224 1456 271 1481; x_wconf 86' lang='lat' dir='ltr'>tes,</span> <span class='ocrx_word' id='word_1_313' title='bbox 285 1451 352 1478; x_wconf 89' lang='lat' dir='ltr'>aliae</span> <span class='ocrx_word' id='word_1_314' title='bbox 363 1452 499 1478; x_wconf 82' lang='lat' dir='ltr'>salubres:</span> <span class='ocrx_word' id='word_1_315' title='bbox 514 1452 594 1482; x_wconf 86' lang='lat' dir='ltr'>aliae,</span> <span class='ocrx_word' id='word_1_316' title='bbox 608 1461 677 1486; x_wconf 84' lang='lat' dir='ltr'>quae</span> <span class='ocrx_word' id='word_1_317' title='bbox 689 1457 763 1479; x_wconf 84' lang='lat' dir='ltr'>acuta</span> <span class='ocrx_word' id='word_1_318' title='bbox 776 1453 884 1488; x_wconf 84' lang='lat' dir='ltr'>ingenia</span> <span class='ocrx_word' id='word_1_319' title='bbox 896 1454 1018 1489; x_wconf 76' lang='lat' dir='ltr'>gignant,</span> <span class='ocrx_word' id='word_1_320' title='bbox 1042 1459 1043 1474; x_wconf 65' lang='lat'>1</span> 
     </span>
     <span class='ocr_line' id='line_1_41' title="bbox 223 1482 1043 1524; baseline 0.004 -10"><span class='ocrx_word' id='word_1_321' title='bbox 223 1488 299 1519; x_wconf 84' lang='lat' dir='ltr'>aliae,</span> <span class='ocrx_word' id='word_1_322' title='bbox 313 1497 382 1523; x_wconf 92' lang='lat' dir='ltr'>quae</span> <span class='ocrx_word' id='word_1_323' title='bbox 394 1494 496 1516; x_wconf 89' lang='lat' dir='ltr'>retusa:</span> <span class='ocrx_word' id='word_1_324' title='bbox 514 1498 583 1524; x_wconf 89' lang='lat' dir='ltr'>quae</span> <span class='ocrx_word' id='word_1_325' title='bbox 594 1490 683 1516; x_wconf 84' lang='lat' dir='ltr'>onmia</span> <span class='ocrx_word' id='word_1_326' title='bbox 696 1490 763 1516; x_wconf 84' lang='lat' dir='ltr'>liunt</span> <span class='ocrx_word' id='word_1_327' title='bbox 773 1494 799 1516; x_wconf 87' lang='lat' dir='ltr'>et</span> <span class='ocrx_word' id='word_1_328' title='bbox 809 1498 843 1517; x_wconf 84' lang='lat' dir='ltr'>ex</span> <span class='ocrx_word' id='word_1_329' title='bbox 853 1491 920 1517; x_wconf 86' lang='lat' dir='ltr'>caeli</span> <span class='ocrx_word' id='word_1_330' title='bbox 934 1491 1021 1517; x_wconf 82' lang='lat' dir='ltr'>varie·</span> <span class='ocrx_word' id='word_1_331' title='bbox 1042 1482 1043 1498; x_wconf 91' lang='lat'>¹</span> 
     </span>
     <span class='ocr_line' id='line_1_42' title="bbox 224 1526 814 1561; baseline 0.003 -10"><span class='ocrx_word' id='word_1_332' title='bbox 224 1530 274 1552; x_wconf 88' lang='lat' dir='ltr'>tate</span> <span class='ocrx_word' id='word_1_333' title='bbox 285 1531 354 1552; x_wconf 79' lang='lat' dir='ltr'>etex</span> <span class='ocrx_word' id='word_1_334' title='bbox 365 1526 489 1561; x_wconf 80' lang='lat' dir='ltr'>disparili</span> <span class='ocrx_word' id='word_1_335' title='bbox 501 1527 662 1561; x_wconf 82' lang='lat' dir='ltr'>aspiratione</span> <span class='ocrx_word' id='word_1_336' title='bbox 674 1532 814 1553; x_wconf 86' lang='lat' dir='ltr'>terrarum.</span> 
     </span>
    </p>
   </div>
   <div class='ocr_carea' id='block_1_12' title="bbox 222 1569 1020 1679">
    <p class='ocr_par' dir='ltr' id='par_1_12' title="bbox 222 1569 1020 1679">
     <span class='ocr_line' id='line_1_43' title="bbox 279 1569 1020 1605; baseline 0.003 -11"><span class='ocrx_word' id='word_1_337' title='bbox 279 1570 320 1594; x_wconf 83' lang='lat'>80.</span> <span class='ocrx_word' id='word_1_338' title='bbox 343 1569 385 1595; x_wconf 81' lang='lat' dir='ltr'>Fit</span> <span class='ocrx_word' id='word_1_339' title='bbox 396 1570 476 1595; x_wconf 90' lang='lat' dir='ltr'>etiam</span> <span class='ocrx_word' id='word_1_340' title='bbox 488 1578 567 1604; x_wconf 82' lang='lat' dir='ltr'>saepe</span> <span class='ocrx_word' id='word_1_341' title='bbox 578 1569 669 1604; x_wconf 86' lang='lat' dir='ltr'>specie</span> <span class='ocrx_word' id='word_1_342' title='bbox 680 1569 810 1604; x_wconf 77' lang='lat' dir='ltr'>quadam.</span> <span class='ocrx_word' id='word_1_343' title='bbox 829 1578 908 1605; x_wconf 85' lang='lat' dir='ltr'>saepe</span> <span class='ocrx_word' id='word_1_344' title='bbox 923 1578 1020 1596; x_wconf 89' lang='lat' dir='ltr'>vocum</span> 
     </span>
     <span class='ocr_line' id='line_1_44' title="bbox 222 1606 1018 1641; baseline 0.003 -9"><span class='ocrx_word' id='word_1_345' title='bbox 222 1606 352 1641; x_wconf 72' lang='lat' dir='ltr'>gravitate</span> <span class='ocrx_word' id='word_1_346' title='bbox 364 1611 390 1632; x_wconf 94' lang='lat' dir='ltr'>et</span> <span class='ocrx_word' id='word_1_347' title='bbox 399 1607 533 1638; x_wconf 82' lang='lat' dir='ltr'>cantibus,</span> <span class='ocrx_word' id='word_1_348' title='bbox 543 1606 712 1641; x_wconf 86' lang='lat' dir='ltr'>utpellantur</span> <span class='ocrx_word' id='word_1_349' title='bbox 721 1607 805 1633; x_wconf 84' lang='lat' dir='ltr'>animi</span> <span class='ocrx_word' id='word_1_350' title='bbox 816 1607 1018 1634; x_wconf 89' lang='lat' dir='ltr'>vehementius:</span> 
     </span>
     <span class='ocr_line' id='line_1_45' title="bbox 223 1643 850 1679; baseline 0.005 -11"><span class='ocrx_word' id='word_1_351' title='bbox 223 1651 302 1677; x_wconf 85' lang='lat' dir='ltr'>saepe</span> <span class='ocrx_word' id='word_1_352' title='bbox 313 1644 394 1669; x_wconf 88' lang='lat' dir='ltr'>etiam</span> <span class='ocrx_word' id='word_1_353' title='bbox 405 1653 469 1670; x_wconf 90' lang='lat' dir='ltr'>cura</span> <span class='ocrx_word' id='word_1_354' title='bbox 480 1649 506 1671; x_wconf 88' lang='lat' dir='ltr'>et</span> <span class='ocrx_word' id='word_1_355' title='bbox 517 1645 626 1671; x_wconf 87' lang='lat' dir='ltr'>timore:</span> <span class='ocrx_word' id='word_1_356' title='bbox 643 1643 733 1679; x_wconf 84' lang='lat' dir='ltr'>qualis</span> <span class='ocrx_word' id='word_1_357' title='bbox 743 1648 784 1671; x_wconf 88' lang='lat' dir='ltr'>est</span> <span class='ocrx_word' id='word_1_358' title='bbox 795 1643 850 1676; x_wconf 87' lang='lat' dir='ltr'>illa,</span> 
     </span>
    </p>
   </div>
   <div class='ocr_carea' id='block_1_13' title="bbox 259 1685 988 1754">
    <p class='ocr_par' dir='ltr' id='par_1_13' title="bbox 259 1685 988 1754">
     <span class='ocr_line' id='line_1_46' title="bbox 259 1685 947 1723; baseline 0.003 -9"><span class='ocrx_word' id='word_1_359' title='bbox 259 1690 400 1720; x_wconf 62' lang='lat' dir='ltr'>flexanima</span> <span class='ocrx_word' id='word_1_360' title='bbox 411 1694 541 1723; x_wconf 79' lang='lat' dir='ltr'>tamquam</span> <span class='ocrx_word' id='word_1_361' title='bbox 552 1685 689 1723; x_wconf 60' lang='lat' dir='ltr'>lymphata,</span> <span class='ocrx_word' id='word_1_362' title='bbox 702 1694 746 1716; x_wconf 80' lang='lat' dir='ltr'>aul</span> <span class='ocrx_word' id='word_1_363' title='bbox 758 1690 855 1716; x_wconf 77' lang='lat' dir='ltr'>Bacchi</span> <span class='ocrx_word' id='word_1_364' title='bbox 863 1693 947 1716; x_wconf 79' lang='lat' dir='ltr'>sacris</span> 
     </span>
     <span class='ocr_line' id='line_1_47' title="bbox 261 1728 988 1754; baseline 0.004 -4"><span class='ocrx_word' id='word_1_365' title='bbox 261 1728 391 1754; x_wconf 68' lang='lat' dir='ltr'>commota.</span> <span class='ocrx_word' id='word_1_366' title='bbox 404 1730 431 1753; x_wconf 78' lang='lat' dir='ltr'>in</span> <span class='ocrx_word' id='word_1_367' title='bbox 443 1729 547 1753; x_wconf 78' lang='lat' dir='ltr'>tumulis</span> <span class='ocrx_word' id='word_1_368' title='bbox 560 1728 581 1753; x_wconf 88' lang='lat' dir='ltr'><em>T</em></span> <span class='ocrx_word' id='word_1_369' title='bbox 580 1731 683 1754; x_wconf 75' lang='lat' dir='ltr'>eaerum</span> <span class='ocrx_word' id='word_1_370' title='bbox 695 1730 894 1754; x_wconf 76' lang='lat' dir='ltr'>commemorans</span> <span class='ocrx_word' id='word_1_371' title='bbox 904 1736 988 1754; x_wconf 82' lang='lat' dir='ltr'>suum.</span> 
     </span>
    </p>
   </div>
   <div class='ocr_carea' id='block_1_14' title="bbox 224 1771 1869 1823">
    <p class='ocr_par' dir='ltr' id='par_1_14' title="bbox 224 1771 1869 1823">
     <span class='ocr_line' id='line_1_48' title="bbox 224 1771 1869 1823; baseline 0.002 -27"><span class='ocrx_word' id='word_1_372' title='bbox 224 1771 359 1798; x_wconf 83' lang='lat' dir='ltr'>xxxvu.</span> <span class='ocrx_word' id='word_1_373' title='bbox 381 1773 468 1807; x_wconf 80' lang='lat' dir='ltr'>Atque</span> <span class='ocrx_word' id='word_1_374' title='bbox 484 1773 563 1799; x_wconf 86' lang='lat' dir='ltr'>etiam</span> <span class='ocrx_word' id='word_1_375' title='bbox 581 1772 626 1799; x_wconf 87' lang='lat' dir='ltr'>illa</span> <span class='ocrx_word' id='word_1_376' title='bbox 637 1772 779 1798; x_wconf 85' lang='lat' dir='ltr'>concitatio</span> <span class='ocrx_word' id='word_1_377' title='bbox 793 1772 911 1799; x_wconf 82' lang='lat' dir='ltr'>declarat</span> <span class='ocrx_word' id='word_1_378' title='bbox 925 1773 980 1798; x_wconf 88' lang='lat' dir='ltr'>vim</span> <span class='ocrx_word' id='word_1_379' title='bbox 993 1773 1019 1798; x_wconf 91' lang='lat' dir='ltr'>in</span> <span class='ocrx_word' id='word_1_380' title='bbox 1042 1775 1050 1808; x_wconf 41' lang='grc' dir='ltr'>ᾖ</span> <span class='ocrx_word' id='word_1_381' title='bbox 1071 1789 1231 1823; x_wconf 30' lang='lat' dir='ltr'>prospiciam</span> <span class='ocrx_word' id='word_1_382' title='bbox 1260 1789 1383 1815; x_wconf 61' lang='lat' dir='ltr'>Priamus</span> <span class='ocrx_word' id='word_1_383' title='bbox 1407 1789 1516 1823; x_wconf 61' lang='lat' dir='ltr'>sapiens</span> <span class='ocrx_word' id='word_1_384' title='bbox 1542 1788 1591 1815; x_wconf 69' lang='lat' dir='ltr'>hoc</span> <span class='ocrx_word' id='word_1_385' title='bbox 1617 1788 1688 1814; x_wconf 58' lang='lat' dir='ltr'>idem</span> <span class='ocrx_word' id='word_1_386' title='bbox 1709 1788 1795 1815; x_wconf 58' lang='lat' dir='ltr'><strong>faeere</strong></span> <span class='ocrx_word' id='word_1_387' title='bbox 1815 1797 1869 1815; x_wconf 69' lang='lat' dir='ltr'>nou</span> 
     </span>
    </p>
   </div>
   <div class='ocr_carea' id='block_1_15' title="bbox 224 1809 1867 1861">
    <p class='ocr_par' dir='ltr' id='par_1_15' title="bbox 224 1809 1867 1861">
     <span class='ocr_line' id='line_1_49' title="bbox 224 1809 1867 1861; baseline 0.002 -27"><span class='ocrx_word' id='word_1_388' title='bbox 224 1809 321 1835; x_wconf 84' lang='lat' dir='ltr'>animis</span> <span class='ocrx_word' id='word_1_389' title='bbox 333 1817 391 1835; x_wconf 85' lang='lat' dir='ltr'>esse</span> <span class='ocrx_word' id='word_1_390' title='bbox 403 1809 535 1836; x_wconf 89' lang='lat' dir='ltr'>divinam.</span> <span class='ocrx_word' id='word_1_391' title='bbox 575 1810 660 1845; x_wconf 85' lang='lat' dir='ltr'>Negat</span> <span class='ocrx_word' id='word_1_392' title='bbox 670 1809 743 1835; x_wconf 81' lang='lat' dir='ltr'>enim</span> <span class='ocrx_word' id='word_1_393' title='bbox 755 1809 813 1836; x_wconf 89' lang='lat' dir='ltr'>sine</span> <span class='ocrx_word' id='word_1_394' title='bbox 826 1809 914 1836; x_wconf 80' lang='lat' dir='ltr'>furore</span> <span class='ocrx_word' id='word_1_395' title='bbox 925 1810 1021 1836; x_wconf 82' lang='lat' dir='ltr'>Demo-</span> <span class='ocrx_word' id='word_1_396' title='bbox 1042 1812 1050 1851; x_wconf 56' lang='lat' dir='ltr'>*J</span> <span class='ocrx_word' id='word_1_397' title='bbox 1071 1824 1170 1860; x_wconf 74' lang='lat' dir='ltr'>queat?</span> <span class='ocrx_word' id='word_1_398' title='bbox 1198 1827 1239 1852; x_wconf 43' lang='lat'>35·</span> <span class='ocrx_word' id='word_1_399' title='bbox 1255 1825 1309 1852; x_wconf 63' lang='lat' dir='ltr'>Cur</span> <span class='ocrx_word' id='word_1_400' title='bbox 1320 1825 1364 1852; x_wconf 55' lang='lat' dir='ltr'>fiat</span> <span class='ocrx_word' id='word_1_401' title='bbox 1375 1826 1507 1861; x_wconf 35' lang='lat' dir='ltr'>quidque*</span> <span class='ocrx_word' id='word_1_402' title='bbox 1519 1825 1646 1861; x_wconf 57' lang='lat' dir='ltr'>quaeris?</span> <span class='ocrx_word' id='word_1_403' title='bbox 1659 1826 1737 1852; x_wconf 58' lang='lat' dir='ltr'>Recte</span> <span class='ocrx_word' id='word_1_404' title='bbox 1747 1826 1867 1852; x_wconf 47' lang='lat' dir='ltr'>omnino-</span> 
     </span>
    </p>
   </div>
   <div class='ocr_carea' id='block_1_16' title="bbox 223 1846 1050 1882">
    <p class='ocr_par' dir='ltr' id='par_1_16' title="bbox 223 1846 1050 1882">
     <span class='ocr_line' id='line_1_50' title="bbox 223 1846 1050 1882; baseline 0.001 -10"><span class='ocrx_word' id='word_1_405' title='bbox 223 1847 306 1872; x_wconf 88' lang='lat' dir='ltr'>critus</span> <span class='ocrx_word' id='word_1_406' title='bbox 321 1854 487 1882; x_wconf 86' lang='lat' dir='ltr'>quemquam</span> <span class='ocrx_word' id='word_1_407' title='bbox 503 1852 609 1882; x_wconf 87' lang='lat' dir='ltr'>poetam</span> <span class='ocrx_word' id='word_1_408' title='bbox 624 1854 754 1882; x_wconf 85' lang='lat' dir='ltr'>magnum</span> <span class='ocrx_word' id='word_1_409' title='bbox 764 1854 824 1872; x_wconf 85' lang='lat' dir='ltr'>esse</span> <span class='ocrx_word' id='word_1_410' title='bbox 838 1855 930 1881; x_wconf 83' lang='lat' dir='ltr'>posse:</span> <span class='ocrx_word' id='word_1_411' title='bbox 947 1846 1020 1881; x_wconf 89' lang='lat' dir='ltr'>quod</span> <span class='ocrx_word' id='word_1_412' title='bbox 1042 1863 1050 1876; x_wconf 46' lang='lat'>1,</span> 
     </span>
    </p>
   </div>
   <div class='ocr_carea' id='block_1_17' title="bbox 507 1883 1868 1936">
    <p class='ocr_par' dir='ltr' id='par_1_17' title="bbox 507 1883 1868 1936">
     <span class='ocr_line' id='line_1_51' title="bbox 507 1883 1868 1936; baseline 0 -10"><span class='ocrx_word' id='word_1_413' title='bbox 507 1884 602 1916; x_wconf 77' lang='lat' dir='ltr'><strong>Qu⁰m&#39;</strong></span> <span class='ocrx_word' id='word_1_414' title='bbox 619 1885 642 1910; x_wconf 63' lang='lat' dir='ltr'>Sl</span> <span class='ocrx_word' id='word_1_415' title='bbox 654 1883 749 1918; x_wconf 53' lang='lat' dir='ltr'>placet*</span> <span class='ocrx_word' id='word_1_416' title='bbox 763 1883 880 1918; x_wconf 64' lang='lat' dir='ltr'>appellet</span> <span class='ocrx_word' id='word_1_417' title='bbox 891 1883 1018 1913; x_wconf 45' lang='lat' dir='ltr'>surm-‘³¹¹¹&#39;</span> <span class='ocrx_word' id='word_1_418' title='bbox 1042 1886 1044 1909; x_wconf 88' lang='lat'>¹</span> <span class='ocrx_word' id='word_1_419' title='bbox 1072 1905 1124 1926; x_wconf 89' lang='lat' dir='ltr'>tur.</span> <span class='ocrx_word' id='word_1_420' title='bbox 1157 1900 1189 1926; x_wconf 88' lang='lat' dir='ltr'>Ut</span> <span class='ocrx_word' id='word_1_421' title='bbox 1199 1901 1223 1926; x_wconf 88' lang='lat' dir='ltr'>si</span> <span class='ocrx_word' id='word_1_422' title='bbox 1235 1906 1385 1936; x_wconf 79' lang='lat' dir='ltr'>magnetem</span> <span class='ocrx_word' id='word_1_423' title='bbox 1398 1900 1515 1936; x_wconf 84' lang='lat' dir='ltr'>lapidem</span> <span class='ocrx_word' id='word_1_424' title='bbox 1526 1909 1585 1927; x_wconf 88' lang='lat' dir='ltr'>esse</span> <span class='ocrx_word' id='word_1_425' title='bbox 1596 1900 1694 1931; x_wconf 89' lang='lat' dir='ltr'>dicam,</span> <span class='ocrx_word' id='word_1_426' title='bbox 1707 1901 1756 1935; x_wconf 88' lang='lat' dir='ltr'>qui</span> <span class='ocrx_word' id='word_1_427' title='bbox 1767 1900 1868 1926; x_wconf 79' lang='lat' dir='ltr'>ferrum</span> 
     </span>
    </p>
   </div>
   <div class='ocr_carea' id='block_1_18' title="bbox 223 1883 1021 2031">
    <p class='ocr_par' dir='ltr' id='par_1_18' title="bbox 223 1883 1021 2031">
     <span class='ocr_line' id='line_1_52' title="bbox 224 1883 466 1910; baseline 0.004 -1"><span class='ocrx_word' id='word_1_428' title='bbox 224 1883 295 1909; x_wconf 90' lang='lat' dir='ltr'>idem</span> <span class='ocrx_word' id='word_1_429' title='bbox 307 1884 373 1910; x_wconf 87' lang='lat' dir='ltr'>dicit</span> <span class='ocrx_word' id='word_1_430' title='bbox 383 1883 466 1910; x_wconf 87' lang='lat' dir='ltr'>Plato.</span> 
     </span>
     <span class='ocr_line' id='line_1_53' title="bbox 223 1920 1020 1951; baseline 0 -4"><span class='ocrx_word' id='word_1_431' title='bbox 223 1920 370 1947; x_wconf 87' lang='lat' dir='ltr'>dummodo</span> <span class='ocrx_word' id='word_1_432' title='bbox 382 1922 405 1947; x_wconf 91' lang='lat' dir='ltr'>is</span> <span class='ocrx_word' id='word_1_433' title='bbox 418 1921 490 1947; x_wconf 73' lang='grc' dir='ltr'>[ιιι-οι·</span> <span class='ocrx_word' id='word_1_434' title='bbox 501 1922 535 1947; x_wconf 90' lang='lat' dir='ltr'>ita</span> <span class='ocrx_word' id='word_1_435' title='bbox 549 1921 679 1951; x_wconf 83' lang='lat' dir='ltr'>laudetur.</span> <span class='ocrx_word' id='word_1_436' title='bbox 693 1924 723 1946; x_wconf 84' lang='lat' dir='ltr'>ut</span> <span class='ocrx_word' id='word_1_437' title='bbox 734 1920 761 1946; x_wconf 93' lang='lat' dir='ltr'>in</span> <span class='ocrx_word' id='word_1_438' title='bbox 773 1921 892 1947; x_wconf 88' lang='lat' dir='ltr'>Phaedro</span> <span class='ocrx_word' id='word_1_439' title='bbox 903 1921 1020 1948; x_wconf 86' lang='lat' dir='ltr'>Platonis</span> 
     </span>
     <span class='ocr_line' id='line_1_54' title="bbox 225 1957 1021 1993; baseline 0.001 -9"><span class='ocrx_word' id='word_1_440' title='bbox 225 1957 348 1984; x_wconf 85' lang='lat' dir='ltr'>laudatus</span> <span class='ocrx_word' id='word_1_441' title='bbox 364 1963 413 1984; x_wconf 90' lang='lat' dir='ltr'>est.</span> <span class='ocrx_word' id='word_1_442' title='bbox 453 1957 544 1990; x_wconf 80' lang='lat' dir='ltr'>Quid‘?</span> <span class='ocrx_word' id='word_1_443' title='bbox 558 1963 645 1984; x_wconf 87' lang='lat' dir='ltr'>vestra</span> <span class='ocrx_word' id='word_1_444' title='bbox 656 1958 739 1984; x_wconf 84' lang='lat' dir='ltr'>oratio</span> <span class='ocrx_word' id='word_1_445' title='bbox 755 1957 782 1984; x_wconf 91' lang='lat' dir='ltr'>in</span> <span class='ocrx_word' id='word_1_446' title='bbox 797 1959 915 1984; x_wconf 85' lang='lat' dir='ltr'>caussis:</span> <span class='ocrx_word' id='word_1_447' title='bbox 936 1958 1021 1993; x_wconf 78' lang='lat' dir='ltr'>quid&#39;?</span> 
     </span>
     <span class='ocr_line' id='line_1_55' title="bbox 223 1995 1018 2031; baseline 0.001 -10"><span class='ocrx_word' id='word_1_448' title='bbox 223 1995 282 2029; x_wconf 88' lang='lat' dir='ltr'>ipsa</span> <span class='ocrx_word' id='word_1_449' title='bbox 298 1995 366 2021; x_wconf 87' lang='lat' dir='ltr'>actio</span> <span class='ocrx_word' id='word_1_450' title='bbox 382 1999 540 2030; x_wconf 88' lang='lat' dir='ltr'>potestesse</span> <span class='ocrx_word' id='word_1_451' title='bbox 556 1995 703 2021; x_wconf 84' lang='lat' dir='ltr'>vehemens</span> <span class='ocrx_word' id='word_1_452' title='bbox 719 1999 744 2020; x_wconf 80' lang='lat' dir='ltr'>et</span> <span class='ocrx_word' id='word_1_453' title='bbox 759 1996 850 2031; x_wconf 83' lang='lat' dir='ltr'>gravis</span> <span class='ocrx_word' id='word_1_454' title='bbox 865 2000 890 2022; x_wconf 88' lang='lat' dir='ltr'>et</span> <span class='ocrx_word' id='word_1_455' title='bbox 900 1997 1018 2030; x_wconf 80' lang='lat' dir='ltr'>copiosa,</span> 
     </span>
    </p>
   </div>
   <div class='ocr_carea' id='block_1_19' title="bbox 224 2031 1869 2085">
    <p class='ocr_par' dir='ltr' id='par_1_19' title="bbox 224 2031 1869 2085">
     <span class='ocr_line' id='line_1_56' title="bbox 224 2031 1869 2085; baseline 0.001 -27"><span class='ocrx_word' id='word_1_456' title='bbox 224 2032 277 2058; x_wconf 89' lang='lat' dir='ltr'>nisi</span> <span class='ocrx_word' id='word_1_457' title='bbox 289 2037 328 2058; x_wconf 89' lang='lat' dir='ltr'>est</span> <span class='ocrx_word' id='word_1_458' title='bbox 342 2033 448 2058; x_wconf 85' lang='lat' dir='ltr'>animus</span> <span class='ocrx_word' id='word_1_459' title='bbox 460 2033 518 2067; x_wconf 81' lang='lat' dir='ltr'>ipse</span> <span class='ocrx_word' id='word_1_460' title='bbox 529 2031 704 2059; x_wconf 71' lang='lat' dir='ltr'>commotior?</span> <span class='ocrx_word' id='word_1_461' title='bbox 718 2032 853 2068; x_wconf 86' lang='lat' dir='ltr'>Equidem</span> <span class='ocrx_word' id='word_1_462' title='bbox 863 2033 943 2059; x_wconf 86' lang='lat' dir='ltr'>etiam</span> <span class='ocrx_word' id='word_1_463' title='bbox 957 2034 1019 2059; x_wconf 78' lang='lat' dir='ltr'>inte</span> <span class='ocrx_word' id='word_1_464' title='bbox 1042 2038 1049 2070; x_wconf 11' lang='grc' dir='ltr'>η’</span> <span class='ocrx_word' id='word_1_465' title='bbox 1072 2049 1188 2085; x_wconf 66' lang='lat' dir='ltr'>legimus</span> <span class='ocrx_word' id='word_1_466' title='bbox 1204 2055 1230 2076; x_wconf 62' lang='lat' dir='ltr'>et</span> <span class='ocrx_word' id='word_1_467' title='bbox 1244 2058 1259 2076; x_wconf 66' lang='lat' dir='ltr'><strong>a</strong></span> <span class='ocrx_word' id='word_1_468' title='bbox 1272 2050 1396 2084; x_wconf 60' lang='lat' dir='ltr'>pambus</span> <span class='ocrx_word' id='word_1_469' title='bbox 1410 2051 1579 2085; x_wconf 59' lang='lat' dir='ltr'>accepimus:</span> <span class='ocrx_word' id='word_1_470' title='bbox 1601 2058 1690 2085; x_wconf 67' lang='lat' dir='ltr'>neque</span> <span class='ocrx_word' id='word_1_471' title='bbox 1704 2054 1764 2076; x_wconf 62' lang='lat' dir='ltr'>ame</span> <span class='ocrx_word' id='word_1_472' title='bbox 1778 2049 1869 2084; x_wconf 66' lang='lat' dir='ltr'>philo-</span> 
     </span>
    </p>
   </div>
   <div class='ocr_carea' id='block_1_20' title="bbox 222 2069 1043 2405">
    <p class='ocr_par' dir='ltr' id='par_1_20' title="bbox 223 2069 1043 2208">
     <span class='ocr_line' id='line_1_57' title="bbox 223 2069 1043 2105; baseline 0.001 -10"><span class='ocrx_word' id='word_1_473' title='bbox 223 2077 302 2104; x_wconf 89' lang='lat' dir='ltr'>saepe</span> <span class='ocrx_word' id='word_1_474' title='bbox 315 2069 385 2101; x_wconf 89' lang='lat' dir='ltr'>vidi,</span> <span class='ocrx_word' id='word_1_475' title='bbox 399 2074 425 2096; x_wconf 88' lang='lat' dir='ltr'>et</span> <span class='ocrx_word' id='word_1_476' title='bbox 435 2069 475 2104; x_wconf 91' lang='lat' dir='ltr'>(ut</span> <span class='ocrx_word' id='word_1_477' title='bbox 485 2069 518 2095; x_wconf 90' lang='lat' dir='ltr'>ad</span> <span class='ocrx_word' id='word_1_478' title='bbox 530 2069 630 2096; x_wconf 84' lang='lat' dir='ltr'>leviora</span> <span class='ocrx_word' id='word_1_479' title='bbox 642 2069 793 2105; x_wconf 85' lang='lat' dir='ltr'>veniamus)</span> <span class='ocrx_word' id='word_1_480' title='bbox 804 2071 832 2096; x_wconf 92' lang='lat' dir='ltr'>in</span> <span class='ocrx_word' id='word_1_481' title='bbox 843 2071 962 2105; x_wconf 77' lang='lat' dir='ltr'>Aesopo,</span> <span class='ocrx_word' id='word_1_482' title='bbox 981 2070 1020 2096; x_wconf 87' lang='lat' dir='ltr'>l&#39;a-</span> <span class='ocrx_word' id='word_1_483' title='bbox 1042 2086 1043 2092; x_wconf 31' lang='grc' dir='ltr'><strong>κ</strong></span> 
     </span>
     <span class='ocr_line' id='line_1_58' title="bbox 223 2106 1017 2142; baseline 0.003 -10"><span class='ocrx_word' id='word_1_484' title='bbox 223 2106 323 2133; x_wconf 86' lang='lat' dir='ltr'>miliari</span> <span class='ocrx_word' id='word_1_485' title='bbox 335 2111 392 2137; x_wconf 88' lang='lat' dir='ltr'>tuo,</span> <span class='ocrx_word' id='word_1_486' title='bbox 407 2111 510 2133; x_wconf 91' lang='lat' dir='ltr'>tantum</span> <span class='ocrx_word' id='word_1_487' title='bbox 521 2106 642 2133; x_wconf 82' lang='lat' dir='ltr'>ardorem</span> <span class='ocrx_word' id='word_1_488' title='bbox 655 2107 779 2134; x_wconf 87' lang='lat' dir='ltr'>vultuum</span> <span class='ocrx_word' id='word_1_489' title='bbox 794 2112 874 2142; x_wconf 89' lang='lat' dir='ltr'>atque</span> <span class='ocrx_word' id='word_1_490' title='bbox 885 2113 1017 2138; x_wconf 87' lang='lat' dir='ltr'>motuum,</span> 
     </span>
     <span class='ocr_line' id='line_1_59' title="bbox 224 2143 1021 2179; baseline 0.001 -9"><span class='ocrx_word' id='word_1_491' title='bbox 224 2148 252 2170; x_wconf 91' lang='lat' dir='ltr'>ut</span> <span class='ocrx_word' id='word_1_492' title='bbox 262 2152 324 2170; x_wconf 89' lang='lat' dir='ltr'>eum</span> <span class='ocrx_word' id='word_1_493' title='bbox 340 2144 382 2170; x_wconf 85' lang='lat' dir='ltr'>vis</span> <span class='ocrx_word' id='word_1_494' title='bbox 394 2143 526 2179; x_wconf 83' lang='lat' dir='ltr'>quaedam</span> <span class='ocrx_word' id='word_1_495' title='bbox 538 2144 702 2171; x_wconf 81' lang='lat' dir='ltr'>abstraxisse</span> <span class='ocrx_word' id='word_1_496' title='bbox 713 2153 728 2170; x_wconf 84' lang='lat' dir='ltr'>a</span> <span class='ocrx_word' id='word_1_497' title='bbox 738 2153 820 2171; x_wconf 84' lang='lat' dir='ltr'>sensu</span> <span class='ocrx_word' id='word_1_498' title='bbox 832 2146 931 2171; x_wconf 87' lang='lat' dir='ltr'>mentis</span> <span class='ocrx_word' id='word_1_499' title='bbox 943 2145 1021 2171; x_wconf 82' lang='lat' dir='ltr'>vide-</span> 
     </span>
     <span class='ocr_line' id='line_1_60' title="bbox 224 2186 305 2208; baseline 0 -1"><span class='ocrx_word' id='word_1_500' title='bbox 224 2186 305 2208; x_wconf 87' lang='lat' dir='ltr'>retur.</span> 
     </span>
    </p>

    <p class='ocr_par' dir='ltr' id='par_1_21' title="bbox 222 2217 1042 2405">
     <span class='ocr_line' id='line_1_61' title="bbox 278 2217 1020 2254; baseline 0.003 -10"><span class='ocrx_word' id='word_1_501' title='bbox 278 2220 320 2244; x_wconf 76' lang='lat'>8⁴.</span> <span class='ocrx_word' id='word_1_502' title='bbox 342 2217 515 2245; x_wconf 88' lang='lat' dir='ltr'>Obiiciuntur</span> <span class='ocrx_word' id='word_1_503' title='bbox 526 2218 606 2245; x_wconf 90' lang='lat' dir='ltr'>etiam</span> <span class='ocrx_word' id='word_1_504' title='bbox 617 2227 696 2254; x_wconf 84' lang='lat' dir='ltr'>saepe</span> <span class='ocrx_word' id='word_1_505' title='bbox 711 2218 824 2250; x_wconf 85' lang='lat' dir='ltr'>formae,</span> <span class='ocrx_word' id='word_1_506' title='bbox 842 2227 911 2254; x_wconf 91' lang='lat' dir='ltr'>quae</span> <span class='ocrx_word' id='word_1_507' title='bbox 926 2227 1020 2254; x_wconf 87' lang='lat' dir='ltr'>reapse</span> 
     </span>
     <span class='ocr_line' id='line_1_62' title="bbox 223 2255 1042 2290; baseline 0.002 -9"><span class='ocrx_word' id='word_1_508' title='bbox 223 2255 312 2282; x_wconf 88' lang='lat' dir='ltr'>nullae</span> <span class='ocrx_word' id='word_1_509' title='bbox 328 2260 405 2282; x_wconf 83' lang='lat' dir='ltr'>sunt:</span> <span class='ocrx_word' id='word_1_510' title='bbox 427 2257 545 2290; x_wconf 86' lang='lat' dir='ltr'>speciem</span> <span class='ocrx_word' id='word_1_511' title='bbox 566 2260 654 2282; x_wconf 90' lang='lat' dir='ltr'>autem</span> <span class='ocrx_word' id='word_1_512' title='bbox 673 2256 796 2283; x_wconf 79' lang='lat' dir='ltr'>offerunt.</span> <span class='ocrx_word' id='word_1_513' title='bbox 836 2256 914 2289; x_wconf 91' lang='lat' dir='ltr'>Quod</span> <span class='ocrx_word' id='word_1_514' title='bbox 934 2258 1020 2284; x_wconf 89' lang='lat' dir='ltr'>conti-</span> <span class='ocrx_word' id='word_1_515' title='bbox 1041 2259 1042 2272; x_wconf 65' lang='lat'>¹</span> 
     </span>
     <span class='ocr_line' id='line_1_63' title="bbox 222 2293 1042 2329; baseline 0.001 -10"><span class='ocrx_word' id='word_1_516' title='bbox 222 2294 295 2328; x_wconf 83' lang='lat' dir='ltr'>gisse</span> <span class='ocrx_word' id='word_1_517' title='bbox 302 2293 405 2319; x_wconf 86' lang='lat' dir='ltr'>Brenno</span> <span class='ocrx_word' id='word_1_518' title='bbox 416 2293 516 2320; x_wconf 90' lang='lat' dir='ltr'>dicitur</span> <span class='ocrx_word' id='word_1_519' title='bbox 529 2294 643 2328; x_wconf 87' lang='lat' dir='ltr'>eiusque</span> <span class='ocrx_word' id='word_1_520' title='bbox 653 2293 766 2320; x_wconf 87' lang='lat' dir='ltr'>Gallicis</span> <span class='ocrx_word' id='word_1_521' title='bbox 777 2294 874 2329; x_wconf 88' lang='lat' dir='ltr'>copiis,</span> <span class='ocrx_word' id='word_1_522' title='bbox 882 2303 967 2329; x_wconf 92' lang='lat' dir='ltr'>quum</span> <span class='ocrx_word' id='word_1_523' title='bbox 981 2294 1020 2320; x_wconf 85' lang='lat' dir='ltr'>fa·</span> <span class='ocrx_word' id='word_1_524' title='bbox 1041 2310 1042 2325; x_wconf 63' lang='lat'>;</span> 
     </span>
     <span class='ocr_line' id='line_1_64' title="bbox 223 2330 1018 2365; baseline 0.003 -9"><span class='ocrx_word' id='word_1_525' title='bbox 223 2338 256 2356; x_wconf 90' lang='lat' dir='ltr'>no</span> <span class='ocrx_word' id='word_1_526' title='bbox 280 2330 414 2365; x_wconf 78' lang='lat' dir='ltr'>Apollinis</span> <span class='ocrx_word' id='word_1_527' title='bbox 438 2330 561 2365; x_wconf 87' lang='lat' dir='ltr'>Delphici</span> <span class='ocrx_word' id='word_1_528' title='bbox 587 2330 719 2357; x_wconf 81' lang='lat' dir='ltr'>nefarium</span> <span class='ocrx_word' id='word_1_529' title='bbox 743 2330 846 2358; x_wconf 91' lang='lat' dir='ltr'>bellum</span> <span class='ocrx_word' id='word_1_530' title='bbox 872 2331 1018 2358; x_wconf 88' lang='lat' dir='ltr'>intulisset.</span> 
     </span>
     <span class='ocr_line' id='line_1_65' title="bbox 223 2367 970 2405; baseline 0.003 -12"><span class='ocrx_word' id='word_1_531' title='bbox 223 2367 291 2394; x_wconf 87' lang='lat' dir='ltr'>Tum</span> <span class='ocrx_word' id='word_1_532' title='bbox 302 2368 374 2394; x_wconf 92' lang='lat' dir='ltr'>enim</span> <span class='ocrx_word' id='word_1_533' title='bbox 386 2367 475 2394; x_wconf 81' lang='lat' dir='ltr'>ferunt</span> <span class='ocrx_word' id='word_1_534' title='bbox 485 2376 518 2395; x_wconf 88' lang='lat' dir='ltr'>ex</span> <span class='ocrx_word' id='word_1_535' title='bbox 529 2367 638 2394; x_wconf 89' lang='lat' dir='ltr'>oraculo</span> <span class='ocrx_word' id='word_1_536' title='bbox 647 2368 752 2394; x_wconf 74' lang='lat' dir='ltr'>effatam</span> <span class='ocrx_word' id='word_1_537' title='bbox 762 2376 821 2395; x_wconf 85' lang='lat' dir='ltr'>esse</span> <span class='ocrx_word' id='word_1_538' title='bbox 831 2369 970 2405; x_wconf 87' lang='lat' dir='ltr'>Pythiam:</span> 
     </span>
    </p>
   </div>
   <div class='ocr_carea' id='block_1_21' title="bbox 278 2413 872 2448">
    <p class='ocr_par' dir='ltr' id='par_1_22' title="bbox 278 2413 872 2448">
     <span class='ocr_line' id='line_1_66' title="bbox 278 2413 872 2448; baseline 0.003 -9"><span class='ocrx_word' id='word_1_539' title='bbox 278 2413 330 2446; x_wconf 73' lang='lat'>1390</span> <span class='ocrx_word' id='word_1_540' title='bbox 338 2415 476 2446; x_wconf 72' lang='lat' dir='ltr'>providebo</span> <span class='ocrx_word' id='word_1_541' title='bbox 485 2422 538 2444; x_wconf 77' lang='lat' dir='ltr'>rem</span> <span class='ocrx_word' id='word_1_542' title='bbox 549 2416 625 2440; x_wconf 72' lang='lat' dir='ltr'>istam</span> <span class='ocrx_word' id='word_1_543' title='bbox 635 2418 658 2440; x_wconf 80' lang='lat' dir='ltr'>et</span> <span class='ocrx_word' id='word_1_544' title='bbox 669 2415 743 2441; x_wconf 80' lang='lat' dir='ltr'>albae</span> <span class='ocrx_word' id='word_1_545' title='bbox 753 2416 872 2448; x_wconf 64' lang='lat' dir='ltr'>virgines.</span> 
     </span>
    </p>
   </div>
   <div class='ocr_carea' id='block_1_22' title="bbox 223 2457 1020 2645">
    <p class='ocr_par' dir='ltr' id='par_1_23' title="bbox 223 2457 1020 2645">
     <span class='ocr_line' id='line_1_67' title="bbox 223 2457 1019 2496; baseline 0.006 -14"><span class='ocrx_word' id='word_1_546' title='bbox 223 2457 263 2483; x_wconf 81' lang='lat' dir='ltr'>Ex</span> <span class='ocrx_word' id='word_1_547' title='bbox 277 2466 331 2492; x_wconf 87' lang='lat' dir='ltr'>quo</span> <span class='ocrx_word' id='word_1_548' title='bbox 346 2457 460 2490; x_wconf 85' lang='lat' dir='ltr'>factum⁷</span> <span class='ocrx_word' id='word_1_549' title='bbox 484 2463 513 2486; x_wconf 85' lang='lat' dir='ltr'>ut</span> <span class='ocrx_word' id='word_1_550' title='bbox 532 2463 558 2486; x_wconf 86' lang='lat' dir='ltr'>et</span> <span class='ocrx_word' id='word_1_551' title='bbox 575 2459 732 2487; x_wconf 87' lang='lat' dir='ltr'>viderentur</span> <span class='ocrx_word' id='word_1_552' title='bbox 746 2461 867 2496; x_wconf 84' lang='lat' dir='ltr'>virgines</span> <span class='ocrx_word' id='word_1_553' title='bbox 888 2460 956 2487; x_wconf 82' lang='lat' dir='ltr'>ferre</span> <span class='ocrx_word' id='word_1_554' title='bbox 976 2470 1019 2487; x_wconf 82' lang='lat' dir='ltr'>ar-</span> 
     </span>
     <span class='ocr_line' id='line_1_68' title="bbox 224 2496 1017 2527; baseline 0.006 -8"><span class='ocrx_word' id='word_1_555' title='bbox 224 2502 265 2520; x_wconf 83' lang='lat' dir='ltr'>ma</span> <span class='ocrx_word' id='word_1_556' title='bbox 285 2500 388 2527; x_wconf 86' lang='lat' dir='ltr'>contra,</span> <span class='ocrx_word' id='word_1_557' title='bbox 411 2501 436 2523; x_wconf 88' lang='lat' dir='ltr'>et</span> <span class='ocrx_word' id='word_1_558' title='bbox 456 2497 519 2523; x_wconf 91' lang='lat' dir='ltr'>nive</span> <span class='ocrx_word' id='word_1_559' title='bbox 534 2496 673 2523; x_wconf 86' lang='lat' dir='ltr'>Gallorum</span> <span class='ocrx_word' id='word_1_560' title='bbox 693 2497 853 2524; x_wconf 88' lang='lat' dir='ltr'>obrueretur</span> <span class='ocrx_word' id='word_1_561' title='bbox 871 2499 1017 2525; x_wconf 87' lang='lat' dir='ltr'>exercitus.</span> 
     </span>
     <span class='ocr_line' id='line_1_69' title="bbox 223 2530 1019 2570; baseline 0.009 -15"><span class='ocrx_word' id='word_1_562' title='bbox 223 2530 370 2558; x_wconf 82' lang='lat' dir='ltr'>XXXVIII.</span> <span class='ocrx_word' id='word_1_563' title='bbox 392 2533 546 2560; x_wconf 73' lang='lat' dir='ltr'>Aristoteles</span> <span class='ocrx_word' id='word_1_564' title='bbox 557 2533 669 2569; x_wconf 89' lang='lat' dir='ltr'>quidem</span> <span class='ocrx_word' id='word_1_565' title='bbox 682 2542 728 2560; x_wconf 90' lang='lat' dir='ltr'>eos</span> <span class='ocrx_word' id='word_1_566' title='bbox 738 2535 833 2565; x_wconf 85' lang='lat' dir='ltr'>etiam.</span> <span class='ocrx_word' id='word_1_567' title='bbox 855 2536 903 2570; x_wconf 91' lang='lat' dir='ltr'>qui</span> <span class='ocrx_word' id='word_1_568' title='bbox 915 2536 1019 2562; x_wconf 85' lang='lat' dir='ltr'>valetu-</span> 
     </span>
     <span class='ocr_line' id='line_1_70' title="bbox 223 2567 1020 2603; baseline 0.009 -11"><span class='ocrx_word' id='word_1_569' title='bbox 223 2567 297 2593; x_wconf 87' lang='lat' dir='ltr'>dinis</span> <span class='ocrx_word' id='word_1_570' title='bbox 308 2569 374 2594; x_wconf 80' lang='lat' dir='ltr'>vitio</span> <span class='ocrx_word' id='word_1_571' title='bbox 385 2569 502 2598; x_wconf 82' lang='lat' dir='ltr'>furerent</span> <span class='ocrx_word' id='word_1_572' title='bbox 512 2576 538 2598; x_wconf 85' lang='lat' dir='ltr'>et</span> <span class='ocrx_word' id='word_1_573' title='bbox 548 2570 736 2598; x_wconf 88' lang='lat' dir='ltr'>melancholici</span> <span class='ocrx_word' id='word_1_574' title='bbox 747 2571 909 2603; x_wconf 81' lang='lat' dir='ltr'>dicerentur,</span> <span class='ocrx_word' id='word_1_575' title='bbox 924 2581 1020 2599; x_wconf 90' lang='lat' dir='ltr'>cense-</span> 
     </span>
     <span class='ocr_line' id='line_1_71' title="bbox 223 2604 1020 2645; baseline 0.01 -16"><span class='ocrx_word' id='word_1_576' title='bbox 223 2604 269 2630; x_wconf 86' lang='lat' dir='ltr'>bat</span> <span class='ocrx_word' id='word_1_577' title='bbox 283 2604 381 2631; x_wconf 84' lang='lat' dir='ltr'>habere</span> <span class='ocrx_word' id='word_1_578' title='bbox 396 2606 499 2642; x_wconf 86' lang='lat' dir='ltr'>aliquid</span> <span class='ocrx_word' id='word_1_579' title='bbox 515 2609 542 2635; x_wconf 96' lang='lat' dir='ltr'>in</span> <span class='ocrx_word' id='word_1_580' title='bbox 559 2609 657 2640; x_wconf 78' lang='lat' dir='ltr'>animis</span> <span class='ocrx_word' id='word_1_581' title='bbox 673 2610 846 2645; x_wconf 79' lang='lat' dir='ltr'>praesagiens</span> <span class='ocrx_word' id='word_1_582' title='bbox 856 2615 935 2645; x_wconf 87' lang='lat' dir='ltr'>atque</span> <span class='ocrx_word' id='word_1_583' title='bbox 946 2610 1020 2637; x_wconf 89' lang='lat' dir='ltr'>divi—</span> 
     </span>
    </p>
   </div>
   <div class='ocr_carea' id='block_1_23' title="bbox 1040 1514 1044 2640">
    <p class='ocr_par' dir='ltr' id='par_1_24' title="bbox 1040 1514 1044 2640">
     <span class='ocr_line' id='line_1_72' title="bbox 1040 1514 1044 2640; baseline 0 0"><span class='ocrx_word' id='word_1_584' title='bbox 1040 1514 1044 2640; x_wconf 95' lang='lat' dir='ltr'> </span> 
     </span>
    </p>
   </div>
   <div class='ocr_carea' id='block_1_24' title="bbox 224 2642 1049 2679">
    <p class='ocr_par' dir='ltr' id='par_1_25' title="bbox 224 2642 1049 2679">
     <span class='ocr_line' id='line_1_73' title="bbox 224 2642 1049 2679; baseline 0.01 -12"><span class='ocrx_word' id='word_1_585' title='bbox 224 2649 299 2668; x_wconf 88' lang='lat' dir='ltr'>num.</span> <span class='ocrx_word' id='word_1_586' title='bbox 333 2642 389 2679; x_wconf 78' lang='lat' dir='ltr'>Ego</span> <span class='ocrx_word' id='word_1_587' title='bbox 400 2649 489 2671; x_wconf 86' lang='lat' dir='ltr'>autem</span> <span class='ocrx_word' id='word_1_588' title='bbox 500 2645 573 2672; x_wconf 90' lang='lat' dir='ltr'>haud</span> <span class='ocrx_word' id='word_1_589' title='bbox 582 2646 648 2678; x_wconf 86' lang='lat' dir='ltr'>scio,</span> <span class='ocrx_word' id='word_1_590' title='bbox 661 2654 694 2673; x_wconf 91' lang='lat' dir='ltr'>an</span> <span class='ocrx_word' id='word_1_591' title='bbox 705 2655 755 2674; x_wconf 89' lang='lat' dir='ltr'>nec</span> <span class='ocrx_word' id='word_1_592' title='bbox 766 2647 898 2674; x_wconf 88' lang='lat' dir='ltr'>cardiacis</span> <span class='ocrx_word' id='word_1_593' title='bbox 911 2647 960 2675; x_wconf 87' lang='lat' dir='ltr'>hoc</span> <span class='ocrx_word' id='word_1_594' title='bbox 971 2648 1019 2674; x_wconf 83' lang='lat' dir='ltr'>tri·</span> <span class='ocrx_word' id='word_1_595' title='bbox 1039 2656 1049 2671; x_wconf 61' lang='grc' dir='ltr'>Η</span> 
     </span>
    </p>
   </div>
   <div class='ocr_carea' id='block_1_25' title="bbox 225 878 1869 1039">
    <p class='ocr_par' dir='ltr' id='par_1_26' title="bbox 1042 878 1050 893">
     <span class='ocr_line' id='line_1_74' title="bbox 1042 878 1050 893; baseline 0 -8"><span class='ocrx_word' id='word_1_596' title='bbox 1042 878 1050 893; x_wconf 41' lang='grc' dir='ltr'>μ</span> 
     </span>
    </p>

    <p class='ocr_par' dir='ltr' id='par_1_27' title="bbox 1048 896 1869 964">
     <span class='ocr_line' id='line_1_75' title="bbox 1048 896 1869 936; baseline 0.001 -11"><span class='ocrx_word' id='word_1_597' title='bbox 1048 896 1050 914; x_wconf 63' lang='lat'>3</span> <span class='ocrx_word' id='word_1_598' title='bbox 1073 900 1226 925; x_wconf 81' lang='lat' dir='ltr'>scientiam:</span> <span class='ocrx_word' id='word_1_599' title='bbox 1251 899 1347 926; x_wconf 76' lang='lat' dir='ltr'>frustra</span> <span class='ocrx_word' id='word_1_600' title='bbox 1366 901 1438 926; x_wconf 89' lang='lat' dir='ltr'>enim</span> <span class='ocrx_word' id='word_1_601' title='bbox 1459 901 1654 936; x_wconf 72' lang='lat' dir='ltr'>significarent:</span> <span class='ocrx_word' id='word_1_602' title='bbox 1677 909 1738 931; x_wconf 88' lang='lat' dir='ltr'>nec,</span> <span class='ocrx_word' id='word_1_603' title='bbox 1760 901 1784 927; x_wconf 84' lang='lat' dir='ltr'>si</span> <span class='ocrx_word' id='word_1_604' title='bbox 1804 900 1869 926; x_wconf 80' lang='lat' dir='ltr'>dant</span> 
     </span>
     <span class='ocr_line' id='line_1_76' title="bbox 1074 946 1728 964; baseline 0 -2"><span class='ocrx_word' id='word_1_605' title='bbox 1074 946 1131 962; x_wconf 78' lang='lat' dir='ltr'>vias</span> <span class='ocrx_word' id='word_1_606' title='bbox 1179 946 1182 947; x_wconf 47' lang='lat'><em>⁷</em></span> <span class='ocrx_word' id='word_1_607' title='bbox 1217 946 1245 962; x_wconf 90' lang='lat' dir='ltr'>es</span> <span class='ocrx_word' id='word_1_608' title='bbox 1299 947 1313 962; x_wconf 84' lang='lat' dir='ltr'>v</span> <span class='ocrx_word' id='word_1_609' title='bbox 1405 947 1451 955; x_wconf 85' lang='grc'>···</span> <span class='ocrx_word' id='word_1_610' title='bbox 1486 947 1501 964; x_wconf 76' lang='grc' dir='ltr'>ι.-</span> <span class='ocrx_word' id='word_1_611' title='bbox 1610 948 1614 951; x_wconf 70' lang='grc'>’</span> <span class='ocrx_word' id='word_1_612' title='bbox 1704 950 1728 964; x_wconf 71' lang='lat' dir='ltr'>,u</span> 
     </span>
    </p>

    <p class='ocr_par' dir='ltr' id='par_1_28' title="bbox 225 938 1699 1002">
     <span class='ocr_line' id='line_1_77' title="bbox 225 938 1699 1002; baseline -0.001 -9"><span class='ocrx_word' id='word_1_613' title='bbox 225 967 328 993; x_wconf 63' lang='lat' dir='ltr'>retulit:</span> <span class='ocrx_word' id='word_1_614' title='bbox 345 968 392 1002; x_wconf 88' lang='lat' dir='ltr'>qui</span> <span class='ocrx_word' id='word_1_615' title='bbox 408 967 611 1002; x_wconf 80' lang='lat' dir='ltr'>responderunt,</span> <span class='ocrx_word' id='word_1_616' title='bbox 626 967 692 993; x_wconf 89' lang='lat' dir='ltr'>nihil</span> <span class='ocrx_word' id='word_1_617' title='bbox 707 967 751 993; x_wconf 89' lang='lat' dir='ltr'>illo</span> <span class='ocrx_word' id='word_1_618' title='bbox 763 976 846 1002; x_wconf 86' lang='lat' dir='ltr'>puero</span> <span class='ocrx_word' id='word_1_619' title='bbox 856 967 965 997; x_wconf 76' lang='lat' dir='ltr'>clarius,</span> <span class='ocrx_word' id='word_1_620' title='bbox 979 968 1021 993; x_wconf 90' lang='lat' dir='ltr'>ni-</span> <span class='ocrx_word' id='word_1_621' title='bbox 1042 957 1049 990; x_wconf 35' lang='lat' dir='ltr'>:l</span> <span class='ocrx_word' id='word_1_622' title='bbox 1135 958 1140 966; x_wconf 60' lang='lat'>¹</span> <span class='ocrx_word' id='word_1_623' title='bbox 1155 946 1206 963; x_wconf 63' lang='lat' dir='ltr'>nun</span> <span class='ocrx_word' id='word_1_624' title='bbox 1249 938 1294 963; x_wconf 55' lang='lat' dir='ltr'>‘dl</span> <span class='ocrx_word' id='word_1_625' title='bbox 1318 943 1411 969; x_wconf 61' lang='lat' dir='ltr'>&#39;mmo&#39;</span> <span class='ocrx_word' id='word_1_626' title='bbox 1424 938 1699 973; x_wconf 45' lang='lat' dir='ltr'>‘³1¹&#39;&#39;uurdnlnmlo</span> 
     </span>
    </p>

    <p class='ocr_par' dir='ltr' id='par_1_29' title="bbox 225 1004 1049 1039">
     <span class='ocr_line' id='line_1_78' title="bbox 225 1004 1049 1039; baseline -0.001 -9"><span class='ocrx_word' id='word_1_627' title='bbox 225 1004 262 1030; x_wconf 75' lang='lat' dir='ltr'>hil</span> <span class='ocrx_word' id='word_1_628' title='bbox 275 1004 394 1030; x_wconf 84' lang='lat' dir='ltr'>nobilius</span> <span class='ocrx_word' id='word_1_629' title='bbox 407 1004 470 1031; x_wconf 83' lang='lat' dir='ltr'>lore.</span> <span class='ocrx_word' id='word_1_630' title='bbox 498 1006 583 1039; x_wconf 65' lang='lat' dir='ltr'>,itque</span> <span class='ocrx_word' id='word_1_631' title='bbox 596 1004 663 1031; x_wconf 84' lang='lat' dir='ltr'>hanc</span> <span class='ocrx_word' id='word_1_632' title='bbox 675 1005 792 1039; x_wconf 85' lang='lat' dir='ltr'>speciem</span> <span class='ocrx_word' id='word_1_633' title='bbox 806 1005 932 1031; x_wconf 78' lang='lat' dir='ltr'>Pasiteles</span> <span class='ocrx_word' id='word_1_634' title='bbox 941 1007 948 1014; x_wconf 83' lang='lat'>&#39;</span> <span class='ocrx_word' id='word_1_635' title='bbox 960 1013 1021 1029; x_wconf 77' lang='lat' dir='ltr'>cae·</span> <span class='ocrx_word' id='word_1_636' title='bbox 1042 1009 1049 1034; x_wconf 45' lang='grc' dir='ltr'><strong><em>Ἀ</em></strong></span> 
     </span>
    </p>
   </div>
   <div class='ocr_carea' id='block_1_26' title="bbox 1017 113 1288 138">
    <p class='ocr_par' dir='ltr' id='par_1_30' title="bbox 1017 113 1288 138">
     <span class='ocr_line' id='line_1_79' title="bbox 1017 113 1288 138; baseline 0 -2"><span class='ocrx_word' id='word_1_637' title='bbox 1017 113 1288 138; x_wconf 53' lang='grc' dir='ltr'>ιῖιίζΙΞΙΗΠέΙΞ</span> 
     </span>
    </p>
   </div>
   <div class='ocr_carea' id='block_1_27' title="bbox 1048 182 1864 220">
    <p class='ocr_par' dir='ltr' id='par_1_31' title="bbox 1048 182 1864 220">
     <span class='ocr_line' id='line_1_80' title="bbox 1048 182 1864 220; baseline 0.004 -13"><span class='ocrx_word' id='word_1_638' title='bbox 1048 184 1049 200; x_wconf 61' lang='lat' dir='ltr'>l</span> <span class='ocrx_word' id='word_1_639' title='bbox 1074 183 1210 208; x_wconf 66' lang='lat' dir='ltr'>hut-ndum</span> <span class='ocrx_word' id='word_1_640' title='bbox 1233 184 1280 211; x_wconf 57' lang='lat' dir='ltr'>sii.</span> <span class='ocrx_word' id='word_1_641' title='bbox 1302 192 1349 208; x_wconf 70' lang='lat' dir='ltr'>nec</span> <span class='ocrx_word' id='word_1_642' title='bbox 1371 182 1532 217; x_wconf 65' lang='lat' dir='ltr'>phreneticis</span> <span class='ocrx_word' id='word_1_643' title='bbox 1569 185 1651 210; x_wconf 79' lang='lat' dir='ltr'>annui</span> <span class='ocrx_word' id='word_1_644' title='bbox 1668 185 1739 210; x_wconf 74' lang='lat' dir='ltr'>enim</span> <span class='ocrx_word' id='word_1_645' title='bbox 1759 185 1864 220; x_wconf 70' lang='lat' dir='ltr'>integri.</span> 
     </span>
    </p>
   </div>
   <div class='ocr_carea' id='block_1_28' title="bbox 1046 476 1052 1771">
    <p class='ocr_par' dir='ltr' id='par_1_32' title="bbox 1046 476 1052 1771">
     <span class='ocr_line' id='line_1_81' title="bbox 1046 476 1052 1771; baseline 0 0"><span class='ocrx_word' id='word_1_646' title='bbox 1046 476 1052 1771; x_wconf 95' lang='lat' dir='ltr'> </span> 
     </span>
    </p>
   </div>
   <div class='ocr_carea' id='block_1_29' title="bbox 1047 1915 1050 2631">
    <p class='ocr_par' dir='ltr' id='par_1_33' title="bbox 1047 1915 1050 2631">
     <span class='ocr_line' id='line_1_82' title="bbox 1047 1915 1050 2631; baseline 0 0"><span class='ocrx_word' id='word_1_647' title='bbox 1047 1915 1050 2631; x_wconf 95' lang='lat' dir='ltr'> </span> 
     </span>
    </p>
   </div>
   <div class='ocr_carea' id='block_1_30' title="bbox 1073 219 1556 254">
    <p class='ocr_par' dir='ltr' id='par_1_34' title="bbox 1073 219 1556 254">
     <span class='ocr_line' id='line_1_83' title="bbox 1073 219 1556 254; baseline 0.004 -9"><span class='ocrx_word' id='word_1_648' title='bbox 1073 229 1123 245; x_wconf 79' lang='lat' dir='ltr'>nun</span> <span class='ocrx_word' id='word_1_649' title='bbox 1138 229 1147 245; x_wconf 73' lang='grc' dir='ltr'>ι</span> <span class='ocrx_word' id='word_1_650' title='bbox 1157 220 1225 245; x_wconf 60' lang='lat' dir='ltr'>mosi</span> <span class='ocrx_word' id='word_1_651' title='bbox 1237 222 1355 254; x_wconf 70' lang='lat' dir='ltr'>corporis</span> <span class='ocrx_word' id='word_1_652' title='bbox 1366 225 1406 245; x_wconf 69' lang='lat' dir='ltr'>est</span> <span class='ocrx_word' id='word_1_653' title='bbox 1417 219 1556 247; x_wconf 64' lang='lat' dir='ltr'>divis-anu,</span> 
     </span>
    </p>
   </div>
   <div class='ocr_carea' id='block_1_31' title="bbox 1073 266 1868 412">
    <p class='ocr_par' dir='ltr' id='par_1_35' title="bbox 1073 266 1868 412">
     <span class='ocr_line' id='line_1_84' title="bbox 1127 266 1866 300; baseline 0.004 -11"><span class='ocrx_word' id='word_1_654' title='bbox 1127 268 1167 291; x_wconf 66' lang='lat'>⁸2.</span> <span class='ocrx_word' id='word_1_655' title='bbox 1190 267 1274 296; x_wconf 71' lang='lat' dir='ltr'>Quam</span> <span class='ocrx_word' id='word_1_656' title='bbox 1287 266 1397 300; x_wconf 83' lang='lat' dir='ltr'>quidem</span> <span class='ocrx_word' id='word_1_657' title='bbox 1409 276 1468 292; x_wconf 72' lang='lat' dir='ltr'>esse</span> <span class='ocrx_word' id='word_1_658' title='bbox 1480 276 1506 292; x_wconf 78' lang='lat' dir='ltr'>re</span> <span class='ocrx_word' id='word_1_659' title='bbox 1519 276 1589 296; x_wconf 74' lang='lat' dir='ltr'>vem,</span> <span class='ocrx_word' id='word_1_660' title='bbox 1604 267 1652 292; x_wconf 87' lang='lat' dir='ltr'>hac</span> <span class='ocrx_word' id='word_1_661' title='bbox 1663 267 1812 293; x_wconf 72' lang='lat' dir='ltr'>Stoicorum</span> <span class='ocrx_word' id='word_1_662' title='bbox 1825 276 1866 293; x_wconf 79' lang='lat' dir='ltr'>ra-</span> 
     </span>
     <span class='ocr_line' id='line_1_85' title="bbox 1073 302 1868 338; baseline 0.003 -10"><span class='ocrx_word' id='word_1_663' title='bbox 1073 303 1142 328; x_wconf 77' lang='lat' dir='ltr'>tione</span> <span class='ocrx_word' id='word_1_664' title='bbox 1154 302 1336 328; x_wconf 61' lang='lat' dir='ltr'>concluditur,-</span> <span class='ocrx_word' id='word_1_665' title='bbox 1361 304 1406 329; x_wconf 69' lang='lat' dir='ltr'>..Si</span> <span class='ocrx_word' id='word_1_666' title='bbox 1418 310 1481 330; x_wconf 70' lang='lat' dir='ltr'>suut</span> <span class='ocrx_word' id='word_1_667' title='bbox 1494 304 1532 330; x_wconf 91' lang='lat' dir='ltr'>dii</span> <span class='ocrx_word' id='word_1_668' title='bbox 1541 324 1546 333; x_wconf 87' lang='lat'><em>.</em></span> <span class='ocrx_word' id='word_1_669' title='bbox 1564 313 1650 338; x_wconf 76' lang='lat' dir='ltr'>nequ·-</span> <span class='ocrx_word' id='word_1_670' title='bbox 1662 310 1721 330; x_wconf 77' lang='lat' dir='ltr'>anu-</span> <span class='ocrx_word' id='word_1_671' title='bbox 1732 304 1868 330; x_wconf 65' lang='lat' dir='ltr'>declarant</span> 
     </span>
     <span class='ocr_line' id='line_1_86' title="bbox 1074 340 1867 376; baseline 0.004 -12"><span class='ocrx_word' id='word_1_672' title='bbox 1074 340 1239 367; x_wconf 71' lang='lat' dir='ltr'>hominihus,</span> <span class='ocrx_word' id='word_1_673' title='bbox 1257 349 1326 374; x_wconf 79' lang='lat' dir='ltr'>quae</span> <span class='ocrx_word' id='word_1_674' title='bbox 1339 340 1426 366; x_wconf 80' lang='lat' dir='ltr'>[utura</span> <span class='ocrx_word' id='word_1_675' title='bbox 1438 346 1514 367; x_wconf 75' lang='lat' dir='ltr'>suut:</span> <span class='ocrx_word' id='word_1_676' title='bbox 1531 346 1638 367; x_wconf 75' lang='lat' dir='ltr'>autnon</span> <span class='ocrx_word' id='word_1_677' title='bbox 1649 342 1767 376; x_wconf 68' lang='lat' dir='ltr'>diligunt</span> <span class='ocrx_word' id='word_1_678' title='bbox 1780 342 1867 367; x_wconf 81' lang='lat' dir='ltr'>homi-</span> 
     </span>
     <span class='ocr_line' id='line_1_87' title="bbox 1073 377 1868 412; baseline 0.003 -10"><span class='ocrx_word' id='word_1_679' title='bbox 1073 386 1132 407; x_wconf 50' lang='grc' dir='ltr'>ιιι-,ιη</span> <span class='ocrx_word' id='word_1_680' title='bbox 1157 382 1214 405; x_wconf 84' lang='lat' dir='ltr'>aut.</span> <span class='ocrx_word' id='word_1_681' title='bbox 1233 377 1298 411; x_wconf 83' lang='lat' dir='ltr'>quid</span> <span class='ocrx_word' id='word_1_682' title='bbox 1315 383 1474 404; x_wconf 73' lang='lat' dir='ltr'>eventurum</span> <span class='ocrx_word' id='word_1_683' title='bbox 1490 379 1537 406; x_wconf 78' lang='lat' dir='ltr'>sit,</span> <span class='ocrx_word' id='word_1_684' title='bbox 1556 379 1689 412; x_wconf 65' lang='lat' dir='ltr'>ignorant,</span> <span class='ocrx_word' id='word_1_685' title='bbox 1713 384 1757 404; x_wconf 77' lang='lat' dir='ltr'>aut</span> <span class='ocrx_word' id='word_1_686' title='bbox 1773 379 1868 404; x_wconf 77' lang='lat' dir='ltr'>existi-</span> 
     </span>
    </p>
   </div>
   <div class='ocr_carea' id='block_1_32' title="bbox 1042 414 1866 450">
    <p class='ocr_par' dir='ltr' id='par_1_36' title="bbox 1042 414 1866 450">
     <span class='ocr_line' id='line_1_88' title="bbox 1042 414 1866 450; baseline 0.001 -10"><span class='ocrx_word' id='word_1_687' title='bbox 1042 435 1043 440; x_wconf 61' lang='lat'>,</span> <span class='ocrx_word' id='word_1_688' title='bbox 1074 419 1158 442; x_wconf 75' lang='lat' dir='ltr'>ruant.</span> <span class='ocrx_word' id='word_1_689' title='bbox 1175 414 1242 439; x_wconf 86' lang='lat' dir='ltr'>nihil</span> <span class='ocrx_word' id='word_1_690' title='bbox 1260 415 1387 440; x_wconf 66' lang='lat' dir='ltr'>inti-resse</span> <span class='ocrx_word' id='word_1_691' title='bbox 1404 415 1543 441; x_wconf 86' lang='lat' dir='ltr'>hominum</span> <span class='ocrx_word' id='word_1_692' title='bbox 1559 424 1640 444; x_wconf 76' lang='lat' dir='ltr'>scire.</span> <span class='ocrx_word' id='word_1_693' title='bbox 1663 416 1729 450; x_wconf 85' lang='lat' dir='ltr'>quid</span> <span class='ocrx_word' id='word_1_694' title='bbox 1746 416 1866 442; x_wconf 77' lang='lat' dir='ltr'>futurum</span> 
     </span>
    </p>
   </div>
   <div class='ocr_carea' id='block_1_33' title="bbox 1073 452 1869 897">
    <p class='ocr_par' dir='ltr' id='par_1_37' title="bbox 1073 452 1869 897">
     <span class='ocr_line' id='line_1_89' title="bbox 1073 452 1868 488; baseline 0.003 -12"><span class='ocrx_word' id='word_1_695' title='bbox 1073 452 1119 476; x_wconf 63' lang='lat' dir='ltr'>sit:</span> <span class='ocrx_word' id='word_1_696' title='bbox 1134 456 1179 477; x_wconf 72' lang='lat' dir='ltr'>alit</span> <span class='ocrx_word' id='word_1_697' title='bbox 1191 460 1242 477; x_wconf 88' lang='lat' dir='ltr'>non</span> <span class='ocrx_word' id='word_1_698' title='bbox 1254 458 1377 481; x_wconf 80' lang='lat' dir='ltr'>censent.</span> <span class='ocrx_word' id='word_1_699' title='bbox 1395 461 1454 478; x_wconf 76' lang='lat' dir='ltr'>esse</span> <span class='ocrx_word' id='word_1_700' title='bbox 1465 461 1529 478; x_wconf 75' lang='lat' dir='ltr'>suae</span> <span class='ocrx_word' id='word_1_701' title='bbox 1541 454 1686 478; x_wconf 76' lang='lat' dir='ltr'>maiestatis</span> <span class='ocrx_word' id='word_1_702' title='bbox 1698 454 1868 488; x_wconf 68' lang='lat' dir='ltr'>praesigniti-</span> 
     </span>
     <span class='ocr_line' id='line_1_90' title="bbox 1073 488 1867 525; baseline 0.005 -13"><span class='ocrx_word' id='word_1_703' title='bbox 1073 498 1131 513; x_wconf 72' lang='lat' dir='ltr'>rare</span> <span class='ocrx_word' id='word_1_704' title='bbox 1145 488 1309 518; x_wconf 68' lang='lat' dir='ltr'>hominibus„</span> <span class='ocrx_word' id='word_1_705' title='bbox 1326 498 1394 523; x_wconf 87' lang='lat' dir='ltr'>quae</span> <span class='ocrx_word' id='word_1_706' title='bbox 1405 495 1468 516; x_wconf 75' lang='lat' dir='ltr'>suut</span> <span class='ocrx_word' id='word_1_707' title='bbox 1480 489 1581 516; x_wconf 80' lang='lat' dir='ltr'>lutura:</span> <span class='ocrx_word' id='word_1_708' title='bbox 1600 496 1684 516; x_wconf 78' lang='lat' dir='ltr'>autea</span> <span class='ocrx_word' id='word_1_709' title='bbox 1698 499 1729 516; x_wconf 88' lang='lat' dir='ltr'>nc</span> <span class='ocrx_word' id='word_1_710' title='bbox 1743 491 1793 524; x_wconf 85' lang='lat' dir='ltr'>ipsi</span> <span class='ocrx_word' id='word_1_711' title='bbox 1805 492 1867 525; x_wconf 82' lang='lat' dir='ltr'>qui-</span> 
     </span>
     <span class='ocr_line' id='line_1_91' title="bbox 1073 526 1868 562; baseline 0.003 -11"><span class='ocrx_word' id='word_1_712' title='bbox 1073 526 1133 551; x_wconf 67' lang='lat' dir='ltr'>dem</span> <span class='ocrx_word' id='word_1_713' title='bbox 1149 526 1187 551; x_wconf 84' lang='lat' dir='ltr'>dii</span> <span class='ocrx_word' id='word_1_714' title='bbox 1204 526 1356 560; x_wconf 70' lang='lat' dir='ltr'>significare</span> <span class='ocrx_word' id='word_1_715' title='bbox 1372 532 1494 561; x_wconf 78' lang='lat' dir='ltr'>possunt.</span> <span class='ocrx_word' id='word_1_716' title='bbox 1535 528 1568 553; x_wconf 84' lang='grc' dir='ltr'>Λι</span> <span class='ocrx_word' id='word_1_717' title='bbox 1583 536 1669 562; x_wconf 81' lang='lat' dir='ltr'>neque</span> <span class='ocrx_word' id='word_1_718' title='bbox 1684 536 1735 553; x_wconf 88' lang='lat' dir='ltr'>non</span> <span class='ocrx_word' id='word_1_719' title='bbox 1750 527 1868 561; x_wconf 64' lang='lat' dir='ltr'>diligunt</span> 
     </span>
     <span class='ocr_line' id='line_1_92' title="bbox 1074 564 1864 599; baseline 0.003 -11"><span class='ocrx_word' id='word_1_720' title='bbox 1074 572 1134 592; x_wconf 73' lang='lat' dir='ltr'>uos:</span> <span class='ocrx_word' id='word_1_721' title='bbox 1157 568 1221 588; x_wconf 80' lang='lat' dir='ltr'>sunt</span> <span class='ocrx_word' id='word_1_722' title='bbox 1236 565 1308 589; x_wconf 82' lang='lat' dir='ltr'>enim</span> <span class='ocrx_word' id='word_1_723' title='bbox 1324 564 1436 590; x_wconf 79' lang='lat' dir='ltr'>benetici</span> <span class='ocrx_word' id='word_1_724' title='bbox 1452 565 1599 599; x_wconf 64' lang='lat' dir='ltr'>generique</span> <span class='ocrx_word' id='word_1_725' title='bbox 1616 565 1755 590; x_wconf 86' lang='lat' dir='ltr'>hominum</span> <span class='ocrx_word' id='word_1_726' title='bbox 1772 566 1864 591; x_wconf 78' lang='lat' dir='ltr'>amici:</span> 
     </span>
     <span class='ocr_line' id='line_1_93' title="bbox 1074 601 1868 636; baseline 0.004 -11"><span class='ocrx_word' id='word_1_727' title='bbox 1074 609 1160 634; x_wconf 78' lang='lat' dir='ltr'>neque</span> <span class='ocrx_word' id='word_1_728' title='bbox 1175 601 1295 635; x_wconf 72' lang='lat' dir='ltr'>ignorant</span> <span class='ocrx_word' id='word_1_729' title='bbox 1306 610 1344 629; x_wconf 80' lang='lat' dir='ltr'>ea.</span> <span class='ocrx_word' id='word_1_730' title='bbox 1353 610 1422 636; x_wconf 85' lang='lat' dir='ltr'>quae</span> <span class='ocrx_word' id='word_1_731' title='bbox 1429 602 1462 628; x_wconf 84' lang='lat' dir='ltr'>ab</span> <span class='ocrx_word' id='word_1_732' title='bbox 1475 602 1541 636; x_wconf 86' lang='lat' dir='ltr'>ipsis</span> <span class='ocrx_word' id='word_1_733' title='bbox 1552 603 1694 628; x_wconf 73' lang='lat' dir='ltr'>constituta</span> <span class='ocrx_word' id='word_1_734' title='bbox 1705 607 1731 627; x_wconf 87' lang='lat' dir='ltr'>et</span> <span class='ocrx_word' id='word_1_735' title='bbox 1741 602 1868 636; x_wconf 73' lang='lat' dir='ltr'>designa-</span> 
     </span>
     <span class='ocr_line' id='line_1_94' title="bbox 1073 639 1869 674; baseline 0.003 -11"><span class='ocrx_word' id='word_1_736' title='bbox 1073 643 1096 663; x_wconf 88' lang='lat' dir='ltr'>ta</span> <span class='ocrx_word' id='word_1_737' title='bbox 1108 643 1182 663; x_wconf 75' lang='lat' dir='ltr'>sunt:</span> <span class='ocrx_word' id='word_1_738' title='bbox 1198 647 1284 672; x_wconf 85' lang='lat' dir='ltr'>neque</span> <span class='ocrx_word' id='word_1_739' title='bbox 1296 644 1383 665; x_wconf 83' lang='lat' dir='ltr'>nostra</span> <span class='ocrx_word' id='word_1_740' title='bbox 1396 639 1462 665; x_wconf 88' lang='lat' dir='ltr'>nihil</span> <span class='ocrx_word' id='word_1_741' title='bbox 1471 640 1776 674; x_wconf 73' lang='lat' dir='ltr'>interests‹.·ireea.quae</span> <span class='ocrx_word' id='word_1_742' title='bbox 1786 647 1869 665; x_wconf 85' lang='lat' dir='ltr'>evcn-</span> 
     </span>
     <span class='ocr_line' id='line_1_95' title="bbox 1073 677 1868 711; baseline 0.003 -11"><span class='ocrx_word' id='word_1_743' title='bbox 1073 680 1130 701; x_wconf 88' lang='lat' dir='ltr'>tura</span> <span class='ocrx_word' id='word_1_744' title='bbox 1142 680 1216 705; x_wconf 81' lang='lat' dir='ltr'>sunt;</span> <span class='ocrx_word' id='word_1_745' title='bbox 1235 684 1336 701; x_wconf 77' lang='lat' dir='ltr'>erimus</span> <span class='ocrx_word' id='word_1_746' title='bbox 1348 677 1419 702; x_wconf 80' lang='lat' dir='ltr'>enirn</span> <span class='ocrx_word' id='word_1_747' title='bbox 1432 678 1576 706; x_wconf 79' lang='lat' dir='ltr'>cautiores,</span> <span class='ocrx_word' id='word_1_748' title='bbox 1590 678 1612 703; x_wconf 85' lang='lat' dir='ltr'>si</span> <span class='ocrx_word' id='word_1_749' title='bbox 1626 678 1756 702; x_wconf 78' lang='lat' dir='ltr'>sciemus:</span> <span class='ocrx_word' id='word_1_750' title='bbox 1781 684 1868 711; x_wconf 81' lang='lat' dir='ltr'>neque</span> 
     </span>
     <span class='ocr_line' id='line_1_96' title="bbox 1075 712 1868 743; baseline 0.001 -5"><span class='ocrx_word' id='word_1_751' title='bbox 1075 712 1122 738; x_wconf 88' lang='lat' dir='ltr'>hoc</span> <span class='ocrx_word' id='word_1_752' title='bbox 1133 712 1252 738; x_wconf 85' lang='lat' dir='ltr'>alienum</span> <span class='ocrx_word' id='word_1_753' title='bbox 1264 713 1367 740; x_wconf 86' lang='lat' dir='ltr'>ducunt</span> <span class='ocrx_word' id='word_1_754' title='bbox 1378 715 1514 740; x_wconf 83' lang='lat' dir='ltr'>maiestate</span> <span class='ocrx_word' id='word_1_755' title='bbox 1526 723 1587 743; x_wconf 74' lang='lat' dir='ltr'>sua:</span> <span class='ocrx_word' id='word_1_756' title='bbox 1607 714 1674 740; x_wconf 91' lang='lat' dir='ltr'>nihil</span> <span class='ocrx_word' id='word_1_757' title='bbox 1685 719 1726 739; x_wconf 82' lang='lat' dir='ltr'>est</span> <span class='ocrx_word' id='word_1_758' title='bbox 1736 715 1808 739; x_wconf 85' lang='lat' dir='ltr'>enim</span> <span class='ocrx_word' id='word_1_759' title='bbox 1821 714 1868 739; x_wconf 84' lang='lat' dir='ltr'>be-</span> 
     </span>
     <span class='ocr_line' id='line_1_97' title="bbox 1074 750 1867 786; baseline 0.001 -11"><span class='ocrx_word' id='word_1_760' title='bbox 1074 750 1212 775; x_wconf 77' lang='lat' dir='ltr'>neficentia</span> <span class='ocrx_word' id='word_1_761' title='bbox 1234 752 1426 784; x_wconf 76' lang='lat' dir='ltr'>praestantius:</span> <span class='ocrx_word' id='word_1_762' title='bbox 1461 760 1547 786; x_wconf 81' lang='lat' dir='ltr'>neque</span> <span class='ocrx_word' id='word_1_763' title='bbox 1573 761 1624 777; x_wconf 84' lang='lat' dir='ltr'>non</span> <span class='ocrx_word' id='word_1_764' title='bbox 1646 756 1758 785; x_wconf 85' lang='lat' dir='ltr'>possunt</span> <span class='ocrx_word' id='word_1_765' title='bbox 1779 750 1867 777; x_wconf 78' lang='lat' dir='ltr'>sutura</span> 
     </span>
     <span class='ocr_line' id='line_1_98' title="bbox 1073 789 1868 824; baseline 0.003 -12"><span class='ocrx_word' id='word_1_766' title='bbox 1073 796 1256 822; x_wconf 74' lang='lat' dir='ltr'>prat-noscere.</span> <span class='ocrx_word' id='word_1_767' title='bbox 1297 790 1338 814; x_wconf 81' lang='lat'>83.</span> <span class='ocrx_word' id='word_1_768' title='bbox 1361 789 1418 814; x_wconf 78' lang='lat' dir='ltr'>Non</span> <span class='ocrx_word' id='word_1_769' title='bbox 1434 789 1516 824; x_wconf 79' lang='lat' dir='ltr'>igitur</span> <span class='ocrx_word' id='word_1_770' title='bbox 1527 794 1589 815; x_wconf 84' lang='lat' dir='ltr'>sunt</span> <span class='ocrx_word' id='word_1_771' title='bbox 1604 789 1642 814; x_wconf 90' lang='lat' dir='ltr'>dii</span> <span class='ocrx_word' id='word_1_772' title='bbox 1656 797 1703 814; x_wconf 89' lang='lat' dir='ltr'>nec</span> <span class='ocrx_word' id='word_1_773' title='bbox 1715 789 1868 821; x_wconf 57' lang='lat' dir='ltr'>significant</span> 
     </span>
     <span class='ocr_line' id='line_1_99' title="bbox 1074 825 1865 861; baseline 0.003 -11"><span class='ocrx_word' id='word_1_774' title='bbox 1074 825 1172 851; x_wconf 82' lang='lat' dir='ltr'>futura.</span> <span class='ocrx_word' id='word_1_775' title='bbox 1212 825 1280 851; x_wconf 74' lang='lat' dir='ltr'>sunt</span> <span class='ocrx_word' id='word_1_776' title='bbox 1295 831 1383 851; x_wconf 82' lang='lat' dir='ltr'>autem</span> <span class='ocrx_word' id='word_1_777' title='bbox 1400 826 1452 852; x_wconf 85' lang='lat' dir='ltr'>dii:</span> <span class='ocrx_word' id='word_1_778' title='bbox 1475 827 1628 861; x_wconf 73' lang='lat' dir='ltr'>significant</span> <span class='ocrx_word' id='word_1_779' title='bbox 1643 835 1716 859; x_wconf 67' lang='lat' dir='ltr'>cry-¹0.</span> <span class='ocrx_word' id='word_1_780' title='bbox 1757 825 1788 851; x_wconf 74' lang='lat' dir='ltr'>Et</span> <span class='ocrx_word' id='word_1_781' title='bbox 1804 835 1865 856; x_wconf 81' lang='lat' dir='ltr'>non.</span> 
     </span>
     <span class='ocr_line' id='line_1_100' title="bbox 1073 863 1868 897; baseline 0.003 -10"><span class='ocrx_word' id='word_1_782' title='bbox 1073 864 1095 888; x_wconf 88' lang='lat' dir='ltr'>si</span> <span class='ocrx_word' id='word_1_783' title='bbox 1107 863 1269 897; x_wconf 76' lang='lat' dir='ltr'>significant,</span> <span class='ocrx_word' id='word_1_784' title='bbox 1284 863 1371 888; x_wconf 84' lang='lat' dir='ltr'>nullas</span> <span class='ocrx_word' id='word_1_785' title='bbox 1385 864 1441 889; x_wconf 78' lang='lat' dir='ltr'>vias</span> <span class='ocrx_word' id='word_1_786' title='bbox 1452 863 1516 889; x_wconf 85' lang='lat' dir='ltr'>dant</span> <span class='ocrx_word' id='word_1_787' title='bbox 1529 863 1606 889; x_wconf 81' lang='lat' dir='ltr'>nohis</span> <span class='ocrx_word' id='word_1_788' title='bbox 1617 863 1650 889; x_wconf 81' lang='lat' dir='ltr'>ad</span> <span class='ocrx_word' id='word_1_789' title='bbox 1662 864 1868 897; x_wconf 69' lang='lat' dir='ltr'>significationis</span> 
     </span>
    </p>
   </div>
   <div class='ocr_carea' id='block_1_34' title="bbox 1073 991 1869 1064">
    <p class='ocr_par' dir='ltr' id='par_1_38' title="bbox 1073 991 1869 1064">
     <span class='ocr_line' id='line_1_101' title="bbox 1129 991 1869 1027; baseline 0.001 -10"><span class='ocrx_word' id='word_1_790' title='bbox 1129 991 1255 1018; x_wconf 74' lang='lat' dir='ltr'>XXXIX.</span> <span class='ocrx_word' id='word_1_791' title='bbox 1272 993 1312 1017; x_wconf 35' lang='lat'>815.</span> <span class='ocrx_word' id='word_1_792' title='bbox 1336 992 1387 1018; x_wconf 88' lang='lat' dir='ltr'>llac</span> <span class='ocrx_word' id='word_1_793' title='bbox 1404 993 1503 1018; x_wconf 90' lang='lat' dir='ltr'>ratione</span> <span class='ocrx_word' id='word_1_794' title='bbox 1518 992 1723 1027; x_wconf 67' lang='lat' dir='ltr'>etChrysippus</span> <span class='ocrx_word' id='word_1_795' title='bbox 1737 997 1761 1018; x_wconf 88' lang='lat' dir='ltr'>et</span> <span class='ocrx_word' id='word_1_796' title='bbox 1773 993 1869 1027; x_wconf 74' lang='lat' dir='ltr'>Dioge-</span> 
     </span>
     <span class='ocr_line' id='line_1_102' title="bbox 1073 1029 1869 1064; baseline 0.001 -10"><span class='ocrx_word' id='word_1_797' title='bbox 1073 1036 1120 1054; x_wconf 83' lang='lat' dir='ltr'>ncs</span> <span class='ocrx_word' id='word_1_798' title='bbox 1132 1033 1157 1054; x_wconf 89' lang='lat' dir='ltr'>et</span> <span class='ocrx_word' id='word_1_799' title='bbox 1168 1029 1306 1063; x_wconf 74' lang='lat' dir='ltr'>Antipater</span> <span class='ocrx_word' id='word_1_800' title='bbox 1318 1030 1410 1055; x_wconf 81' lang='lat' dir='ltr'>utitur.</span> <span class='ocrx_word' id='word_1_801' title='bbox 1444 1029 1514 1061; x_wconf 85' lang='lat' dir='ltr'>Quid</span> <span class='ocrx_word' id='word_1_802' title='bbox 1527 1035 1566 1055; x_wconf 87' lang='lat' dir='ltr'>est</span> <span class='ocrx_word' id='word_1_803' title='bbox 1578 1031 1669 1064; x_wconf 78' lang='lat' dir='ltr'>igitur,</span> <span class='ocrx_word' id='word_1_804' title='bbox 1683 1039 1731 1056; x_wconf 83' lang='lat' dir='ltr'>cur</span> <span class='ocrx_word' id='word_1_805' title='bbox 1741 1029 1869 1055; x_wconf 80' lang='lat' dir='ltr'>dubitan-</span> 
     </span>
    </p>
   </div>
   <div class='ocr_carea' id='block_1_35' title="bbox 1041 1065 1867 1101">
    <p class='ocr_par' dir='ltr' id='par_1_39' title="bbox 1041 1065 1867 1101">
     <span class='ocr_line' id='line_1_103' title="bbox 1041 1065 1867 1101; baseline 0 -10"><span class='ocrx_word' id='word_1_806' title='bbox 1041 1075 1043 1091; x_wconf 63' lang='lat' dir='ltr'>l</span> <span class='ocrx_word' id='word_1_807' title='bbox 1072 1065 1137 1091; x_wconf 90' lang='lat' dir='ltr'>dum</span> <span class='ocrx_word' id='word_1_808' title='bbox 1148 1066 1196 1095; x_wconf 86' lang='lat' dir='ltr'>sit,</span> <span class='ocrx_word' id='word_1_809' title='bbox 1210 1066 1276 1100; x_wconf 88' lang='lat' dir='ltr'>quin</span> <span class='ocrx_word' id='word_1_810' title='bbox 1288 1067 1343 1092; x_wconf 89' lang='lat' dir='ltr'>sint</span> <span class='ocrx_word' id='word_1_811' title='bbox 1353 1075 1396 1097; x_wconf 87' lang='lat' dir='ltr'>ea,</span> <span class='ocrx_word' id='word_1_812' title='bbox 1410 1075 1478 1101; x_wconf 86' lang='lat' dir='ltr'>quae</span> <span class='ocrx_word' id='word_1_813' title='bbox 1489 1066 1641 1101; x_wconf 80' lang='lat' dir='ltr'>disputavi.</span> <span class='ocrx_word' id='word_1_814' title='bbox 1661 1066 1819 1093; x_wconf 60' lang='lat' dir='ltr'>verissima?</span> <span class='ocrx_word' id='word_1_815' title='bbox 1839 1066 1867 1092; x_wconf 82' lang='lat' dir='ltr'>Si</span> 
     </span>
    </p>
   </div>
   <div class='ocr_carea' id='block_1_36' title="bbox 1073 1103 1868 1138">
    <p class='ocr_par' dir='ltr' id='par_1_40' title="bbox 1073 1103 1868 1138">
     <span class='ocr_line' id='line_1_104' title="bbox 1073 1103 1868 1138; baseline 0.003 -10"><span class='ocrx_word' id='word_1_816' title='bbox 1073 1104 1138 1129; x_wconf 86' lang='lat' dir='ltr'>ratio</span> <span class='ocrx_word' id='word_1_817' title='bbox 1150 1112 1255 1128; x_wconf 89' lang='lat' dir='ltr'>mecum</span> <span class='ocrx_word' id='word_1_818' title='bbox 1269 1103 1339 1134; x_wconf 83' lang='lat' dir='ltr'>facit,</span> <span class='ocrx_word' id='word_1_819' title='bbox 1353 1104 1376 1130; x_wconf 92' lang='lat' dir='ltr'>si</span> <span class='ocrx_word' id='word_1_820' title='bbox 1387 1109 1496 1134; x_wconf 83' lang='lat' dir='ltr'>eventa,</span> <span class='ocrx_word' id='word_1_821' title='bbox 1513 1105 1535 1130; x_wconf 86' lang='lat' dir='ltr'>si</span> <span class='ocrx_word' id='word_1_822' title='bbox 1548 1104 1650 1138; x_wconf 84' lang='lat' dir='ltr'>populi,</span> <span class='ocrx_word' id='word_1_823' title='bbox 1667 1105 1689 1130; x_wconf 91' lang='lat' dir='ltr'>si</span> <span class='ocrx_word' id='word_1_824' title='bbox 1702 1105 1831 1130; x_wconf 81' lang='lat' dir='ltr'>nationes.</span> <span class='ocrx_word' id='word_1_825' title='bbox 1845 1105 1868 1129; x_wconf 92' lang='lat' dir='ltr'>si</span> 
     </span>
    </p>
   </div>
   <div class='ocr_carea' id='block_1_37' title="bbox 1073 1177 1868 1213">
    <p class='ocr_par' dir='ltr' id='par_1_41' title="bbox 1073 1177 1868 1213">
     <span class='ocr_line' id='line_1_105' title="bbox 1073 1177 1868 1213; baseline 0.001 -10"><span class='ocrx_word' id='word_1_826' title='bbox 1073 1178 1122 1204; x_wconf 84' lang='lat' dir='ltr'>hoc</span> <span class='ocrx_word' id='word_1_827' title='bbox 1133 1186 1240 1212; x_wconf 83' lang='lat' dir='ltr'>semper</span> <span class='ocrx_word' id='word_1_828' title='bbox 1251 1178 1285 1204; x_wconf 83' lang='lat' dir='ltr'>ita</span> <span class='ocrx_word' id='word_1_829' title='bbox 1297 1183 1419 1212; x_wconf 82' lang='lat' dir='ltr'>putatum</span> <span class='ocrx_word' id='word_1_830' title='bbox 1431 1177 1489 1204; x_wconf 79' lang='lat' dir='ltr'>est‘?</span> <span class='ocrx_word' id='word_1_831' title='bbox 1508 1178 1537 1205; x_wconf 91' lang='lat' dir='ltr'>Si</span> <span class='ocrx_word' id='word_1_832' title='bbox 1549 1179 1648 1204; x_wconf 87' lang='lat' dir='ltr'>summi</span> <span class='ocrx_word' id='word_1_833' title='bbox 1663 1178 1831 1213; x_wconf 84' lang='lat' dir='ltr'>philosophi,</span> <span class='ocrx_word' id='word_1_834' title='bbox 1845 1179 1868 1204; x_wconf 92' lang='lat' dir='ltr'>si</span> 
     </span>
    </p>
   </div>
   <div class='ocr_carea' id='block_1_38' title="bbox 1072 1291 1870 1325">
    <p class='ocr_par' dir='ltr' id='par_1_42' title="bbox 1072 1291 1870 1325">
     <span class='ocr_line' id='line_1_106' title="bbox 1072 1291 1870 1325; baseline 0.001 -9"><span class='ocrx_word' id='word_1_835' title='bbox 1072 1295 1197 1325; x_wconf 86' lang='lat' dir='ltr'>quantur,</span> <span class='ocrx_word' id='word_1_836' title='bbox 1211 1295 1412 1324; x_wconf 76' lang='lat' dir='ltr'>exspectamus3</span> <span class='ocrx_word' id='word_1_837' title='bbox 1432 1291 1571 1317; x_wconf 89' lang='lat' dir='ltr'>hominum</span> <span class='ocrx_word' id='word_1_838' title='bbox 1585 1291 1766 1317; x_wconf 82' lang='lat' dir='ltr'>consentiente</span> <span class='ocrx_word' id='word_1_839' title='bbox 1778 1295 1870 1317; x_wconf 79' lang='lat' dir='ltr'>aucto-</span> 
     </span>
    </p>
   </div>
   <div class='ocr_carea' id='block_1_39' title="bbox 1071 1378 1871 1783">
    <p class='ocr_par' dir='ltr' id='par_1_43' title="bbox 1071 1378 1871 1783">
     <span class='ocr_line' id='line_1_107' title="bbox 1128 1378 1869 1414; baseline 0 -10"><span class='ocrx_word' id='word_1_840' title='bbox 1128 1380 1170 1404; x_wconf 80' lang='lat'>85.</span> <span class='ocrx_word' id='word_1_841' title='bbox 1183 1378 1236 1404; x_wconf 78' lang='lat' dir='ltr'>Nec</span> <span class='ocrx_word' id='word_1_842' title='bbox 1248 1387 1311 1404; x_wconf 91' lang='lat' dir='ltr'>vero</span> <span class='ocrx_word' id='word_1_843' title='bbox 1321 1378 1472 1414; x_wconf 86' lang='lat' dir='ltr'>quidquam</span> <span class='ocrx_word' id='word_1_844' title='bbox 1484 1378 1558 1405; x_wconf 90' lang='lat' dir='ltr'>aliud</span> <span class='ocrx_word' id='word_1_845' title='bbox 1569 1378 1686 1409; x_wconf 78' lang='lat' dir='ltr'>affertur,</span> <span class='ocrx_word' id='word_1_846' title='bbox 1694 1387 1743 1404; x_wconf 90' lang='lat' dir='ltr'>cur</span> <span class='ocrx_word' id='word_1_847' title='bbox 1753 1386 1869 1412; x_wconf 78' lang='lat' dir='ltr'>ea,quae</span> 
     </span>
     <span class='ocr_line' id='line_1_108' title="bbox 1071 1415 1869 1451; baseline 0 -10"><span class='ocrx_word' id='word_1_848' title='bbox 1071 1415 1145 1446; x_wconf 89' lang='lat' dir='ltr'>dico,</span> <span class='ocrx_word' id='word_1_849' title='bbox 1158 1415 1300 1442; x_wconf 84' lang='lat' dir='ltr'>divinandi</span> <span class='ocrx_word' id='word_1_850' title='bbox 1311 1424 1408 1451; x_wconf 82' lang='lat' dir='ltr'>genera</span> <span class='ocrx_word' id='word_1_851' title='bbox 1419 1415 1494 1443; x_wconf 89' lang='lat' dir='ltr'>nulla</span> <span class='ocrx_word' id='word_1_852' title='bbox 1505 1417 1572 1442; x_wconf 88' lang='lat' dir='ltr'>sint:</span> <span class='ocrx_word' id='word_1_853' title='bbox 1590 1417 1656 1447; x_wconf 88' lang='lat' dir='ltr'>nisi,</span> <span class='ocrx_word' id='word_1_854' title='bbox 1673 1415 1745 1451; x_wconf 92' lang='lat' dir='ltr'>quod</span> <span class='ocrx_word' id='word_1_855' title='bbox 1756 1415 1869 1442; x_wconf 84' lang='lat' dir='ltr'>dillicile</span> 
     </span>
     <span class='ocr_line' id='line_1_109' title="bbox 1072 1452 1869 1489; baseline -0.001 -10"><span class='ocrx_word' id='word_1_856' title='bbox 1072 1452 1146 1480; x_wconf 92' lang='lat' dir='ltr'>dictu</span> <span class='ocrx_word' id='word_1_857' title='bbox 1159 1453 1278 1483; x_wconf 82' lang='lat' dir='ltr'>videtur,</span> <span class='ocrx_word' id='word_1_858' title='bbox 1296 1462 1365 1488; x_wconf 90' lang='lat' dir='ltr'>quae</span> <span class='ocrx_word' id='word_1_859' title='bbox 1375 1454 1510 1489; x_wconf 89' lang='lat' dir='ltr'>cuiusque</span> <span class='ocrx_word' id='word_1_860' title='bbox 1521 1453 1696 1480; x_wconf 78' lang='lat' dir='ltr'>divinationis</span> <span class='ocrx_word' id='word_1_861' title='bbox 1707 1454 1786 1483; x_wconf 82' lang='lat' dir='ltr'>ratio.</span> <span class='ocrx_word' id='word_1_862' title='bbox 1799 1461 1869 1487; x_wconf 87' lang='lat' dir='ltr'>quae</span> 
     </span>
     <span class='ocr_line' id='line_1_110' title="bbox 1072 1490 1869 1525; baseline 0.001 -9"><span class='ocrx_word' id='word_1_863' title='bbox 1072 1499 1167 1516; x_wconf 85' lang='lat' dir='ltr'>caussa</span> <span class='ocrx_word' id='word_1_864' title='bbox 1182 1491 1226 1516; x_wconf 86' lang='lat' dir='ltr'>sit.</span> <span class='ocrx_word' id='word_1_865' title='bbox 1266 1490 1337 1522; x_wconf 85' lang='lat' dir='ltr'>Quid</span> <span class='ocrx_word' id='word_1_866' title='bbox 1358 1492 1431 1517; x_wconf 87' lang='lat' dir='ltr'>enim</span> <span class='ocrx_word' id='word_1_867' title='bbox 1447 1491 1528 1517; x_wconf 88' lang='lat' dir='ltr'>habet</span> <span class='ocrx_word' id='word_1_868' title='bbox 1543 1491 1693 1525; x_wconf 79' lang='lat' dir='ltr'>haruspex,</span> <span class='ocrx_word' id='word_1_869' title='bbox 1713 1499 1761 1516; x_wconf 90' lang='lat' dir='ltr'>cur</span> <span class='ocrx_word' id='word_1_870' title='bbox 1776 1490 1869 1525; x_wconf 85' lang='lat' dir='ltr'>pulmo</span> 
     </span>
     <span class='ocr_line' id='line_1_111' title="bbox 1072 1527 1871 1562; baseline -0.001 -8"><span class='ocrx_word' id='word_1_871' title='bbox 1072 1528 1175 1554; x_wconf 90' lang='lat' dir='ltr'>incisus</span> <span class='ocrx_word' id='word_1_872' title='bbox 1186 1529 1267 1554; x_wconf 89' lang='lat' dir='ltr'>etiam</span> <span class='ocrx_word' id='word_1_873' title='bbox 1279 1529 1306 1554; x_wconf 92' lang='lat' dir='ltr'>in</span> <span class='ocrx_word' id='word_1_874' title='bbox 1318 1528 1396 1554; x_wconf 88' lang='lat' dir='ltr'>bonis</span> <span class='ocrx_word' id='word_1_875' title='bbox 1407 1529 1478 1555; x_wconf 86' lang='lat' dir='ltr'>extis</span> <span class='ocrx_word' id='word_1_876' title='bbox 1494 1528 1604 1555; x_wconf 89' lang='lat' dir='ltr'>dirimat</span> <span class='ocrx_word' id='word_1_877' title='bbox 1619 1533 1726 1562; x_wconf 88' lang='lat' dir='ltr'>tempus</span> <span class='ocrx_word' id='word_1_878' title='bbox 1741 1533 1766 1554; x_wconf 89' lang='lat' dir='ltr'>et</span> <span class='ocrx_word' id='word_1_879' title='bbox 1780 1527 1871 1562; x_wconf 79' lang='lat' dir='ltr'>prose-</span> 
     </span>
     <span class='ocr_line' id='line_1_112' title="bbox 1072 1564 1868 1601; baseline -0.001 -10"><span class='ocrx_word' id='word_1_880' title='bbox 1072 1570 1111 1591; x_wconf 93' lang='lat' dir='ltr'>rat</span> <span class='ocrx_word' id='word_1_881' title='bbox 1122 1564 1212 1591; x_wconf 75' lang='lat' dir='ltr'>diem?</span> <span class='ocrx_word' id='word_1_882' title='bbox 1231 1565 1297 1600; x_wconf 89' lang='lat' dir='ltr'>quid</span> <span class='ocrx_word' id='word_1_883' title='bbox 1309 1574 1409 1601; x_wconf 84' lang='lat' dir='ltr'>augur,</span> <span class='ocrx_word' id='word_1_884' title='bbox 1422 1574 1470 1592; x_wconf 85' lang='lat' dir='ltr'>cur</span> <span class='ocrx_word' id='word_1_885' title='bbox 1480 1575 1494 1592; x_wconf 86' lang='lat' dir='ltr'>a</span> <span class='ocrx_word' id='word_1_886' title='bbox 1505 1566 1599 1592; x_wconf 86' lang='lat' dir='ltr'>dextra</span> <span class='ocrx_word' id='word_1_887' title='bbox 1609 1574 1721 1595; x_wconf 83' lang='lat' dir='ltr'>corvus,</span> <span class='ocrx_word' id='word_1_888' title='bbox 1734 1573 1748 1591; x_wconf 93' lang='lat' dir='ltr'>a</span> <span class='ocrx_word' id='word_1_889' title='bbox 1759 1566 1868 1591; x_wconf 84' lang='lat' dir='ltr'>sinistra</span> 
     </span>
     <span class='ocr_line' id='line_1_113' title="bbox 1072 1602 1869 1638; baseline 0 -10"><span class='ocrx_word' id='word_1_890' title='bbox 1072 1604 1164 1628; x_wconf 84' lang='lat' dir='ltr'>cornix</span> <span class='ocrx_word' id='word_1_891' title='bbox 1177 1602 1255 1629; x_wconf 84' lang='lat' dir='ltr'>saciat</span> <span class='ocrx_word' id='word_1_892' title='bbox 1271 1602 1376 1629; x_wconf 77' lang='lat' dir='ltr'>ratum‘?</span> <span class='ocrx_word' id='word_1_893' title='bbox 1391 1603 1458 1638; x_wconf 91' lang='lat' dir='ltr'>quid</span> <span class='ocrx_word' id='word_1_894' title='bbox 1472 1603 1636 1638; x_wconf 80' lang='lat' dir='ltr'>astrologus,</span> <span class='ocrx_word' id='word_1_895' title='bbox 1652 1611 1701 1629; x_wconf 91' lang='lat' dir='ltr'>cur</span> <span class='ocrx_word' id='word_1_896' title='bbox 1711 1602 1788 1628; x_wconf 84' lang='lat' dir='ltr'>stella</span> <span class='ocrx_word' id='word_1_897' title='bbox 1798 1603 1869 1628; x_wconf 84' lang='lat' dir='ltr'>lovis</span> 
     </span>
     <span class='ocr_line' id='line_1_114' title="bbox 1072 1640 1868 1674; baseline -0.001 -8"><span class='ocrx_word' id='word_1_898' title='bbox 1072 1645 1118 1666; x_wconf 89' lang='lat' dir='ltr'>aut</span> <span class='ocrx_word' id='word_1_899' title='bbox 1134 1640 1244 1666; x_wconf 87' lang='lat' dir='ltr'>Veneris</span> <span class='ocrx_word' id='word_1_900' title='bbox 1258 1641 1400 1666; x_wconf 81' lang='lat' dir='ltr'>coniuncta</span> <span class='ocrx_word' id='word_1_901' title='bbox 1415 1649 1478 1666; x_wconf 91' lang='lat' dir='ltr'>cum</span> <span class='ocrx_word' id='word_1_902' title='bbox 1494 1641 1569 1667; x_wconf 89' lang='lat' dir='ltr'>Luna</span> <span class='ocrx_word' id='word_1_903' title='bbox 1585 1640 1618 1666; x_wconf 86' lang='lat' dir='ltr'>ad</span> <span class='ocrx_word' id='word_1_904' title='bbox 1633 1645 1708 1666; x_wconf 87' lang='lat' dir='ltr'>ortus</span> <span class='ocrx_word' id='word_1_905' title='bbox 1723 1647 1868 1674; x_wconf 86' lang='lat' dir='ltr'>puerorum</span> 
     </span>
     <span class='ocr_line' id='line_1_115' title="bbox 1072 1676 1868 1707; baseline -0.001 -4"><span class='ocrx_word' id='word_1_906' title='bbox 1072 1677 1197 1703; x_wconf 87' lang='lat' dir='ltr'>salutaris</span> <span class='ocrx_word' id='word_1_907' title='bbox 1212 1677 1261 1707; x_wconf 90' lang='lat' dir='ltr'>sit,</span> <span class='ocrx_word' id='word_1_908' title='bbox 1283 1677 1390 1703; x_wconf 88' lang='lat' dir='ltr'>Saturni</span> <span class='ocrx_word' id='word_1_909' title='bbox 1407 1678 1533 1704; x_wconf 86' lang='lat' dir='ltr'>Martisve</span> <span class='ocrx_word' id='word_1_910' title='bbox 1547 1676 1697 1703; x_wconf 70' lang='lat' dir='ltr'>contraria?</span> <span class='ocrx_word' id='word_1_911' title='bbox 1716 1685 1765 1702; x_wconf 88' lang='lat' dir='ltr'>cur</span> <span class='ocrx_word' id='word_1_912' title='bbox 1779 1681 1868 1703; x_wconf 85' lang='lat' dir='ltr'>autem</span> 
     </span>
     <span class='ocr_line' id='line_1_116' title="bbox 1071 1713 1870 1750; baseline -0.001 -10"><span class='ocrx_word' id='word_1_913' title='bbox 1071 1714 1139 1740; x_wconf 89' lang='lat' dir='ltr'>deus</span> <span class='ocrx_word' id='word_1_914' title='bbox 1159 1713 1322 1740; x_wconf 85' lang='lat' dir='ltr'>dormientes</span> <span class='ocrx_word' id='word_1_915' title='bbox 1343 1723 1391 1740; x_wconf 90' lang='lat' dir='ltr'>nos</span> <span class='ocrx_word' id='word_1_916' title='bbox 1415 1719 1534 1745; x_wconf 84' lang='lat' dir='ltr'>moneat,</span> <span class='ocrx_word' id='word_1_917' title='bbox 1566 1714 1710 1750; x_wconf 85' lang='lat' dir='ltr'>vigilantes</span> <span class='ocrx_word' id='word_1_918' title='bbox 1733 1713 1870 1749; x_wconf 65' lang='lat' dir='ltr'>negligat?</span> 
     </span>
     <span class='ocr_line' id='line_1_117' title="bbox 1071 1750 1869 1783; baseline 0 -6"><span class='ocrx_word' id='word_1_919' title='bbox 1071 1751 1142 1783; x_wconf 90' lang='lat' dir='ltr'>Quid</span> <span class='ocrx_word' id='word_1_920' title='bbox 1154 1750 1251 1777; x_wconf 88' lang='lat' dir='ltr'>deinde</span> <span class='ocrx_word' id='word_1_921' title='bbox 1262 1760 1373 1778; x_wconf 86' lang='lat' dir='ltr'>caussae</span> <span class='ocrx_word' id='word_1_922' title='bbox 1384 1756 1437 1782; x_wconf 89' lang='lat' dir='ltr'>est,</span> <span class='ocrx_word' id='word_1_923' title='bbox 1453 1760 1501 1777; x_wconf 83' lang='lat' dir='ltr'>cur</span> <span class='ocrx_word' id='word_1_924' title='bbox 1511 1751 1661 1778; x_wconf 88' lang='lat' dir='ltr'>Cassandra</span> <span class='ocrx_word' id='word_1_925' title='bbox 1673 1750 1765 1778; x_wconf 71' lang='lat' dir='ltr'>furens</span> <span class='ocrx_word' id='word_1_926' title='bbox 1779 1751 1869 1777; x_wconf 73' lang='lat' dir='ltr'>futura</span> 
     </span>
    </p>
   </div>
   <div class='ocr_carea' id='block_1_40' title="bbox 1071 1862 1870 2048">
    <p class='ocr_par' dir='ltr' id='par_1_44' title="bbox 1071 1862 1870 2048">
     <span class='ocr_line' id='line_1_118' title="bbox 1071 1862 1870 1899; baseline 0 -10"><span class='ocrx_word' id='word_1_927' title='bbox 1071 1862 1123 1889; x_wconf 89' lang='lat' dir='ltr'>Sed</span> <span class='ocrx_word' id='word_1_928' title='bbox 1139 1871 1190 1889; x_wconf 87' lang='lat' dir='ltr'>non</span> <span class='ocrx_word' id='word_1_929' title='bbox 1207 1863 1317 1889; x_wconf 90' lang='lat' dir='ltr'>nuncid</span> <span class='ocrx_word' id='word_1_930' title='bbox 1328 1864 1426 1899; x_wconf 78' lang='lat' dir='ltr'>agitur.</span> <span class='ocrx_word' id='word_1_931' title='bbox 1467 1864 1537 1893; x_wconf 87' lang='lat' dir='ltr'>Fiat,</span> <span class='ocrx_word' id='word_1_932' title='bbox 1553 1872 1636 1890; x_wconf 89' lang='lat' dir='ltr'>necne</span> <span class='ocrx_word' id='word_1_933' title='bbox 1649 1863 1706 1893; x_wconf 81' lang='lat' dir='ltr'>fiat,</span> <span class='ocrx_word' id='word_1_934' title='bbox 1723 1863 1750 1889; x_wconf 91' lang='lat' dir='ltr'>id</span> <span class='ocrx_word' id='word_1_935' title='bbox 1760 1863 1870 1897; x_wconf 88' lang='lat' dir='ltr'>quaeri-</span> 
     </span>
     <span class='ocr_line' id='line_1_119' title="bbox 1071 1937 1869 1970; baseline 0.001 -7"><span class='ocrx_word' id='word_1_936' title='bbox 1071 1937 1104 1963; x_wconf 89' lang='lat' dir='ltr'>ad</span> <span class='ocrx_word' id='word_1_937' title='bbox 1116 1946 1144 1963; x_wconf 91' lang='lat' dir='ltr'>se</span> <span class='ocrx_word' id='word_1_938' title='bbox 1156 1937 1256 1964; x_wconf 88' lang='lat' dir='ltr'>alliciat</span> <span class='ocrx_word' id='word_1_939' title='bbox 1266 1943 1291 1964; x_wconf 91' lang='lat' dir='ltr'>et</span> <span class='ocrx_word' id='word_1_940' title='bbox 1303 1938 1428 1970; x_wconf 85' lang='lat' dir='ltr'>attrahat;</span> <span class='ocrx_word' id='word_1_941' title='bbox 1452 1939 1580 1965; x_wconf 89' lang='lat' dir='ltr'>rationem</span> <span class='ocrx_word' id='word_1_942' title='bbox 1589 1959 1595 1969; x_wconf 93' lang='lat'>,</span> <span class='ocrx_word' id='word_1_943' title='bbox 1607 1946 1656 1964; x_wconf 91' lang='lat' dir='ltr'>cur</span> <span class='ocrx_word' id='word_1_944' title='bbox 1666 1937 1694 1964; x_wconf 88' lang='lat' dir='ltr'>id</span> <span class='ocrx_word' id='word_1_945' title='bbox 1705 1937 1763 1968; x_wconf 83' lang='lat' dir='ltr'>flat,</span> <span class='ocrx_word' id='word_1_946' title='bbox 1775 1937 1869 1964; x_wconf 79' lang='lat' dir='ltr'>afferre</span> 
     </span>
     <span class='ocr_line' id='line_1_120' title="bbox 1072 1974 1867 2011; baseline 0 -10"><span class='ocrx_word' id='word_1_947' title='bbox 1072 1983 1217 2010; x_wconf 84' lang='lat' dir='ltr'>nequeam:</span> <span class='ocrx_word' id='word_1_948' title='bbox 1242 1975 1300 2002; x_wconf 80' lang='lat' dir='ltr'>lieri</span> <span class='ocrx_word' id='word_1_949' title='bbox 1317 1976 1427 2002; x_wconf 90' lang='lat' dir='ltr'>omnino</span> <span class='ocrx_word' id='word_1_950' title='bbox 1447 1974 1548 2011; x_wconf 74' lang='lat' dir='ltr'>neges?</span> <span class='ocrx_word' id='word_1_951' title='bbox 1572 1974 1649 2007; x_wconf 91' lang='lat' dir='ltr'>Quod</span> <span class='ocrx_word' id='word_1_952' title='bbox 1665 1975 1737 2002; x_wconf 90' lang='lat' dir='ltr'>idem</span> <span class='ocrx_word' id='word_1_953' title='bbox 1754 1974 1820 2001; x_wconf 83' lang='lat' dir='ltr'>facis</span> <span class='ocrx_word' id='word_1_954' title='bbox 1840 1975 1867 2001; x_wconf 91' lang='lat' dir='ltr'>in</span> 
     </span>
     <span class='ocr_line' id='line_1_121' title="bbox 1071 2012 1869 2048; baseline 0 -10"><span class='ocrx_word' id='word_1_955' title='bbox 1071 2012 1250 2038; x_wconf 69' lang='lat' dir='ltr'>divinatione:</span> <span class='ocrx_word' id='word_1_956' title='bbox 1273 2021 1355 2047; x_wconf 89' lang='lat' dir='ltr'>quam</span> <span class='ocrx_word' id='word_1_957' title='bbox 1370 2018 1396 2040; x_wconf 87' lang='lat' dir='ltr'>et</span> <span class='ocrx_word' id='word_1_958' title='bbox 1410 2013 1548 2039; x_wconf 85' lang='lat' dir='ltr'>cernimus</span> <span class='ocrx_word' id='word_1_959' title='bbox 1563 2013 1630 2048; x_wconf 87' lang='lat' dir='ltr'>ipsi,</span> <span class='ocrx_word' id='word_1_960' title='bbox 1647 2018 1673 2039; x_wconf 87' lang='lat' dir='ltr'>et</span> <span class='ocrx_word' id='word_1_961' title='bbox 1687 2012 1827 2042; x_wconf 87' lang='lat' dir='ltr'>audimus,</span> <span class='ocrx_word' id='word_1_962' title='bbox 1843 2017 1869 2038; x_wconf 87' lang='lat' dir='ltr'>et</span> 
     </span>
    </p>
   </div>
   <div class='ocr_carea' id='block_1_41' title="bbox 1041 2086 1868 2123">
    <p class='ocr_par' dir='ltr' id='par_1_45' title="bbox 1041 2086 1868 2123">
     <span class='ocr_line' id='line_1_122' title="bbox 1041 2086 1868 2123; baseline -0.001 -10"><span class='ocrx_word' id='word_1_963' title='bbox 1041 2093 1043 2121; x_wconf 52' lang='grc' dir='ltr'><strong>ς</strong></span> <span class='ocrx_word' id='word_1_964' title='bbox 1071 2087 1195 2121; x_wconf 87' lang='lat' dir='ltr'>sophiam</span> <span class='ocrx_word' id='word_1_965' title='bbox 1206 2088 1378 2122; x_wconf 80' lang='lat' dir='ltr'>patefactam,</span> <span class='ocrx_word' id='word_1_966' title='bbox 1395 2096 1465 2122; x_wconf 87' lang='lat' dir='ltr'>quae</span> <span class='ocrx_word' id='word_1_967' title='bbox 1477 2096 1563 2123; x_wconf 88' lang='lat' dir='ltr'>nuper</span> <span class='ocrx_word' id='word_1_968' title='bbox 1573 2088 1682 2114; x_wconf 80' lang='lat' dir='ltr'>inventa</span> <span class='ocrx_word' id='word_1_969' title='bbox 1697 2092 1751 2117; x_wconf 88' lang='lat' dir='ltr'>est,</span> <span class='ocrx_word' id='word_1_970' title='bbox 1768 2087 1818 2113; x_wconf 87' lang='lat' dir='ltr'>hac</span> <span class='ocrx_word' id='word_1_971' title='bbox 1833 2086 1868 2112; x_wconf 87' lang='lat' dir='ltr'>de</span> 
     </span>
    </p>
   </div>
   <div class='ocr_carea' id='block_1_42' title="bbox 1071 2123 1868 2272">
    <p class='ocr_par' dir='ltr' id='par_1_46' title="bbox 1071 2123 1868 2272">
     <span class='ocr_line' id='line_1_123' title="bbox 1072 2123 1868 2160; baseline 0 -10"><span class='ocrx_word' id='word_1_972' title='bbox 1072 2133 1099 2150; x_wconf 88' lang='lat' dir='ltr'>re</span> <span class='ocrx_word' id='word_1_973' title='bbox 1110 2126 1262 2151; x_wconf 89' lang='lat' dir='ltr'>communis</span> <span class='ocrx_word' id='word_1_974' title='bbox 1275 2126 1328 2151; x_wconf 85' lang='lat' dir='ltr'>vita</span> <span class='ocrx_word' id='word_1_975' title='bbox 1340 2124 1488 2151; x_wconf 88' lang='lat' dir='ltr'>dubitavit:</span> <span class='ocrx_word' id='word_1_976' title='bbox 1501 2130 1526 2151; x_wconf 87' lang='lat' dir='ltr'>et</span> <span class='ocrx_word' id='word_1_977' title='bbox 1537 2129 1640 2160; x_wconf 85' lang='lat' dir='ltr'>postea,</span> <span class='ocrx_word' id='word_1_978' title='bbox 1653 2133 1736 2160; x_wconf 87' lang='lat' dir='ltr'>quam</span> <span class='ocrx_word' id='word_1_979' title='bbox 1747 2123 1868 2159; x_wconf 88' lang='lat' dir='ltr'>philoso-</span> 
     </span>
     <span class='ocr_line' id='line_1_124' title="bbox 1071 2161 1867 2197; baseline -0.001 -9"><span class='ocrx_word' id='word_1_980' title='bbox 1071 2162 1135 2196; x_wconf 89' lang='lat' dir='ltr'>phia</span> <span class='ocrx_word' id='word_1_981' title='bbox 1147 2163 1286 2197; x_wconf 84' lang='lat' dir='ltr'>processit,</span> <span class='ocrx_word' id='word_1_982' title='bbox 1300 2171 1378 2188; x_wconf 90' lang='lat' dir='ltr'>nemo</span> <span class='ocrx_word' id='word_1_983' title='bbox 1389 2161 1466 2189; x_wconf 89' lang='lat' dir='ltr'>aliter</span> <span class='ocrx_word' id='word_1_984' title='bbox 1476 2161 1655 2197; x_wconf 81' lang='lat' dir='ltr'>philosophus</span> <span class='ocrx_word' id='word_1_985' title='bbox 1667 2162 1760 2192; x_wconf 78' lang='lat' dir='ltr'>sensit,</span> <span class='ocrx_word' id='word_1_986' title='bbox 1774 2162 1801 2188; x_wconf 90' lang='lat' dir='ltr'>in</span> <span class='ocrx_word' id='word_1_987' title='bbox 1812 2169 1867 2195; x_wconf 90' lang='lat' dir='ltr'>quo</span> 
     </span>
     <span class='ocr_line' id='line_1_125' title="bbox 1072 2197 1867 2235; baseline -0.003 -9"><span class='ocrx_word' id='word_1_988' title='bbox 1072 2199 1150 2226; x_wconf 91' lang='lat' dir='ltr'>modo</span> <span class='ocrx_word' id='word_1_989' title='bbox 1171 2204 1242 2226; x_wconf 89' lang='lat' dir='ltr'>esset</span> <span class='ocrx_word' id='word_1_990' title='bbox 1261 2201 1413 2226; x_wconf 87' lang='lat' dir='ltr'>auctoritas.</span> <span class='ocrx_word' id='word_1_991' title='bbox 1454 2200 1496 2226; x_wconf 82' lang='lat'>87.</span> <span class='ocrx_word' id='word_1_992' title='bbox 1517 2200 1578 2226; x_wconf 80' lang='lat' dir='ltr'>Dixi</span> <span class='ocrx_word' id='word_1_993' title='bbox 1600 2199 1634 2225; x_wconf 91' lang='lat' dir='ltr'>de</span> <span class='ocrx_word' id='word_1_994' title='bbox 1648 2199 1811 2235; x_wconf 81' lang='lat' dir='ltr'>Pythagora,</span> <span class='ocrx_word' id='word_1_995' title='bbox 1833 2197 1867 2224; x_wconf 89' lang='lat' dir='ltr'>de</span> 
     </span>
     <span class='ocr_line' id='line_1_126' title="bbox 1071 2234 1868 2272; baseline -0.003 -9"><span class='ocrx_word' id='word_1_996' title='bbox 1071 2237 1228 2267; x_wconf 81' lang='lat' dir='ltr'>Democrito,</span> <span class='ocrx_word' id='word_1_997' title='bbox 1240 2236 1274 2263; x_wconf 86' lang='lat' dir='ltr'>de</span> <span class='ocrx_word' id='word_1_998' title='bbox 1284 2237 1404 2263; x_wconf 87' lang='lat' dir='ltr'>Socrate:</span> <span class='ocrx_word' id='word_1_999' title='bbox 1416 2237 1512 2272; x_wconf 79' lang='lat' dir='ltr'>excepi</span> <span class='ocrx_word' id='word_1_1000' title='bbox 1522 2236 1556 2263; x_wconf 91' lang='lat' dir='ltr'>de</span> <span class='ocrx_word' id='word_1_1001' title='bbox 1566 2237 1686 2271; x_wconf 89' lang='lat' dir='ltr'>antiquis</span> <span class='ocrx_word' id='word_1_1002' title='bbox 1697 2240 1800 2271; x_wconf 89' lang='lat' dir='ltr'>praeter</span> <span class='ocrx_word' id='word_1_1003' title='bbox 1811 2234 1868 2261; x_wconf 86' lang='lat' dir='ltr'>Xe—</span> 
     </span>
    </p>
   </div>
   <div class='ocr_carea' id='block_1_43' title="bbox 1041 2272 1864 2308">
    <p class='ocr_par' dir='ltr' id='par_1_47' title="bbox 1041 2272 1864 2308">
     <span class='ocr_line' id='line_1_127' title="bbox 1041 2272 1864 2308; baseline -0.002 -9"><span class='ocrx_word' id='word_1_1004' title='bbox 1041 2279 1043 2298; x_wconf 74' lang='lat'>:</span> <span class='ocrx_word' id='word_1_1005' title='bbox 1071 2274 1222 2308; x_wconf 89' lang='lat' dir='ltr'>nophanem</span> <span class='ocrx_word' id='word_1_1006' title='bbox 1243 2275 1394 2300; x_wconf 88' lang='lat' dir='ltr'>neminem:</span> <span class='ocrx_word' id='word_1_1007' title='bbox 1415 2274 1530 2301; x_wconf 85' lang='lat' dir='ltr'>adiunxi</span> <span class='ocrx_word' id='word_1_1008' title='bbox 1549 2279 1666 2300; x_wconf 84' lang='lat' dir='ltr'>veterem</span> <span class='ocrx_word' id='word_1_1009' title='bbox 1682 2272 1864 2303; x_wconf 77' lang='lat' dir='ltr'>Academiam,</span> 
     </span>
    </p>
   </div>
   <div class='ocr_carea' id='block_1_44' title="bbox 1069 2309 1867 2681">
    <p class='ocr_par' dir='ltr' id='par_1_48' title="bbox 1069 2309 1867 2681">
     <span class='ocr_line' id='line_1_128' title="bbox 1070 2309 1866 2346; baseline -0.001 -9"><span class='ocrx_word' id='word_1_1010' title='bbox 1070 2311 1268 2346; x_wconf 78' lang='lat' dir='ltr'>Peripateticos.</span> <span class='ocrx_word' id='word_1_1011' title='bbox 1282 2311 1394 2338; x_wconf 84' lang='lat' dir='ltr'>Stoicos.</span> <span class='ocrx_word' id='word_1_1012' title='bbox 1408 2312 1483 2338; x_wconf 91' lang='lat' dir='ltr'>Unus</span> <span class='ocrx_word' id='word_1_1013' title='bbox 1493 2311 1620 2338; x_wconf 85' lang='lat' dir='ltr'>dissentit</span> <span class='ocrx_word' id='word_1_1014' title='bbox 1629 2311 1773 2345; x_wconf 83' lang='lat' dir='ltr'>Epicurus.</span> <span class='ocrx_word' id='word_1_1015' title='bbox 1794 2309 1866 2341; x_wconf 89' lang='lat' dir='ltr'>Quid</span> 
     </span>
     <span class='ocr_line' id='line_1_129' title="bbox 1070 2347 1867 2384; baseline -0.003 -10"><span class='ocrx_word' id='word_1_1016' title='bbox 1070 2348 1152 2375; x_wconf 68' lang='lat' dir='ltr'>vero?</span> <span class='ocrx_word' id='word_1_1017' title='bbox 1163 2348 1212 2375; x_wconf 86' lang='lat' dir='ltr'>hoc</span> <span class='ocrx_word' id='word_1_1018' title='bbox 1222 2349 1338 2383; x_wconf 81' lang='lat' dir='ltr'>turpius,</span> <span class='ocrx_word' id='word_1_1019' title='bbox 1346 2348 1507 2384; x_wconf 89' lang='lat' dir='ltr'>quamquod</span> <span class='ocrx_word' id='word_1_1020' title='bbox 1514 2348 1584 2375; x_wconf 89' lang='lat' dir='ltr'>idem</span> <span class='ocrx_word' id='word_1_1021' title='bbox 1596 2347 1698 2375; x_wconf 90' lang='lat' dir='ltr'>nullam</span> <span class='ocrx_word' id='word_1_1022' title='bbox 1709 2347 1794 2373; x_wconf 89' lang='lat' dir='ltr'>sensit</span> <span class='ocrx_word' id='word_1_1023' title='bbox 1804 2355 1867 2382; x_wconf 81' lang='lat' dir='ltr'>gra-</span> 
     </span>
     <span class='ocr_line' id='line_1_130' title="bbox 1070 2385 1865 2418; baseline -0.003 -6"><span class='ocrx_word' id='word_1_1024' title='bbox 1070 2386 1165 2412; x_wconf 90' lang='lat' dir='ltr'>tuitam</span> <span class='ocrx_word' id='word_1_1025' title='bbox 1176 2394 1235 2412; x_wconf 88' lang='lat' dir='ltr'>esse</span> <span class='ocrx_word' id='word_1_1026' title='bbox 1246 2385 1392 2412; x_wconf 71' lang='lat' dir='ltr'>virtutem?</span> <span class='ocrx_word' id='word_1_1027' title='bbox 1411 2386 1468 2412; x_wconf 82' lang='lat' dir='ltr'>XL.</span> <span class='ocrx_word' id='word_1_1028' title='bbox 1480 2385 1548 2418; x_wconf 92' lang='lat' dir='ltr'>Quis</span> <span class='ocrx_word' id='word_1_1029' title='bbox 1558 2390 1598 2411; x_wconf 89' lang='lat' dir='ltr'>est</span> <span class='ocrx_word' id='word_1_1030' title='bbox 1608 2389 1706 2415; x_wconf 84' lang='lat' dir='ltr'>autem,</span> <span class='ocrx_word' id='word_1_1031' title='bbox 1719 2392 1801 2418; x_wconf 89' lang='lat' dir='ltr'>quem</span> <span class='ocrx_word' id='word_1_1032' title='bbox 1812 2392 1865 2410; x_wconf 92' lang='lat' dir='ltr'>non</span> 
     </span>
     <span class='ocr_line' id='line_1_131' title="bbox 1070 2422 1865 2456; baseline -0.004 -6"><span class='ocrx_word' id='word_1_1033' title='bbox 1070 2428 1176 2450; x_wconf 89' lang='lat' dir='ltr'>moveat</span> <span class='ocrx_word' id='word_1_1034' title='bbox 1185 2423 1345 2450; x_wconf 89' lang='lat' dir='ltr'>clarissimis</span> <span class='ocrx_word' id='word_1_1035' title='bbox 1359 2424 1540 2450; x_wconf 90' lang='lat' dir='ltr'>monumentis</span> <span class='ocrx_word' id='word_1_1036' title='bbox 1552 2427 1643 2449; x_wconf 77' lang='lat' dir='ltr'>testata</span> <span class='ocrx_word' id='word_1_1037' title='bbox 1654 2422 1865 2456; x_wconf 82' lang='lat' dir='ltr'>consignataque</span> 
     </span>
     <span class='ocr_line' id='line_1_132' title="bbox 1070 2459 1865 2496; baseline -0.004 -9"><span class='ocrx_word' id='word_1_1038' title='bbox 1070 2460 1234 2496; x_wconf 73' lang='lat' dir='ltr'>antiquitas?</span> <span class='ocrx_word' id='word_1_1039' title='bbox 1263 2460 1434 2487; x_wconf 82' lang='lat' dir='ltr'>Calchantem</span> <span class='ocrx_word' id='word_1_1040' title='bbox 1460 2468 1591 2496; x_wconf 86' lang='lat' dir='ltr'>augurem</span> <span class='ocrx_word' id='word_1_1041' title='bbox 1614 2459 1709 2485; x_wconf 84' lang='lat' dir='ltr'>scribit</span> <span class='ocrx_word' id='word_1_1042' title='bbox 1734 2459 1865 2484; x_wconf 85' lang='lat' dir='ltr'>Homerus</span> 
     </span>
     <span class='ocr_line' id='line_1_133' title="bbox 1070 2494 1864 2533; baseline -0.003 -10"><span class='ocrx_word' id='word_1_1043' title='bbox 1070 2497 1149 2533; x_wconf 84' lang='lat' dir='ltr'>longe</span> <span class='ocrx_word' id='word_1_1044' title='bbox 1168 2499 1315 2533; x_wconf 91' lang='lat' dir='ltr'>optimum,</span> <span class='ocrx_word' id='word_1_1045' title='bbox 1342 2506 1460 2533; x_wconf 87' lang='lat' dir='ltr'>eumque</span> <span class='ocrx_word' id='word_1_1046' title='bbox 1483 2497 1581 2523; x_wconf 86' lang='lat' dir='ltr'>ducem</span> <span class='ocrx_word' id='word_1_1047' title='bbox 1605 2495 1700 2522; x_wconf 87' lang='lat' dir='ltr'>classis</span> <span class='ocrx_word' id='word_1_1048' title='bbox 1725 2495 1810 2522; x_wconf 73' lang='lat' dir='ltr'>fuisse</span> <span class='ocrx_word' id='word_1_1049' title='bbox 1830 2494 1864 2521; x_wconf 88' lang='lat' dir='ltr'>ad</span> 
     </span>
     <span class='ocr_line' id='line_1_134' title="bbox 1069 2532 1862 2570; baseline -0.004 -9"><span class='ocrx_word' id='word_1_1050' title='bbox 1069 2535 1176 2566; x_wconf 81' lang='lat' dir='ltr'>Ilium*,</span> <span class='ocrx_word' id='word_1_1051' title='bbox 1190 2536 1373 2570; x_wconf 89' lang='lat' dir='ltr'>auspiciorum</span> <span class='ocrx_word' id='word_1_1052' title='bbox 1384 2534 1463 2562; x_wconf 86' lang='lat' dir='ltr'>credo</span> <span class='ocrx_word' id='word_1_1053' title='bbox 1472 2534 1592 2564; x_wconf 76' lang='lat' dir='ltr'>scientia,</span> <span class='ocrx_word' id='word_1_1054' title='bbox 1606 2542 1658 2560; x_wconf 92' lang='lat' dir='ltr'>non</span> <span class='ocrx_word' id='word_1_1055' title='bbox 1669 2532 1798 2559; x_wconf 85' lang='lat' dir='ltr'>Iocorum.</span> <span class='ocrx_word' id='word_1_1056' title='bbox 1820 2533 1862 2558; x_wconf 82' lang='lat'>88.</span> 
     </span>
     <span class='ocr_line' id='line_1_135' title="bbox 1070 2568 1864 2607; baseline -0.005 -8"><span class='ocrx_word' id='word_1_1057' title='bbox 1070 2572 1266 2607; x_wconf 75' lang='lat' dir='ltr'>Amphilochus</span> <span class='ocrx_word' id='word_1_1058' title='bbox 1276 2573 1416 2607; x_wconf 84' lang='lat' dir='ltr'>etMopsus</span> <span class='ocrx_word' id='word_1_1059' title='bbox 1426 2572 1588 2607; x_wconf 77' lang='lat' dir='ltr'>Argivorum</span> <span class='ocrx_word' id='word_1_1060' title='bbox 1599 2579 1675 2606; x_wconf 83' lang='lat' dir='ltr'>reges</span> <span class='ocrx_word' id='word_1_1061' title='bbox 1687 2570 1804 2600; x_wconf 82' lang='lat' dir='ltr'>fuerunt,</span> <span class='ocrx_word' id='word_1_1062' title='bbox 1815 2568 1864 2595; x_wconf 87' lang='lat' dir='ltr'>sed</span> 
     </span>
     <span class='ocr_line' id='line_1_136' title="bbox 1069 2606 1864 2646; baseline -0.005 -10"><span class='ocrx_word' id='word_1_1063' title='bbox 1069 2610 1153 2636; x_wconf 88' lang='lat' dir='ltr'>iidem</span> <span class='ocrx_word' id='word_1_1064' title='bbox 1167 2618 1297 2646; x_wconf 84' lang='lat' dir='ltr'>augures:</span> <span class='ocrx_word' id='word_1_1065' title='bbox 1319 2610 1394 2644; x_wconf 89' lang='lat' dir='ltr'>iique</span> <span class='ocrx_word' id='word_1_1066' title='bbox 1408 2609 1491 2635; x_wconf 86' lang='lat' dir='ltr'>urbes</span> <span class='ocrx_word' id='word_1_1067' title='bbox 1506 2608 1534 2634; x_wconf 88' lang='lat' dir='ltr'>in</span> <span class='ocrx_word' id='word_1_1068' title='bbox 1548 2616 1592 2635; x_wconf 91' lang='lat' dir='ltr'>ora</span> <span class='ocrx_word' id='word_1_1069' title='bbox 1609 2608 1742 2634; x_wconf 84' lang='lat' dir='ltr'>maritima</span> <span class='ocrx_word' id='word_1_1070' title='bbox 1752 2606 1864 2634; x_wconf 88' lang='lat' dir='ltr'>Ciliciae</span> 
     </span>
     <span class='ocr_line' id='line_1_137' title="bbox 1070 2643 1864 2681; baseline -0.005 -7"><span class='ocrx_word' id='word_1_1071' title='bbox 1070 2646 1186 2674; x_wconf 86' lang='lat' dir='ltr'>Graecas</span> <span class='ocrx_word' id='word_1_1072' title='bbox 1196 2647 1384 2674; x_wconf 88' lang='lat' dir='ltr'>condiderunt.</span> <span class='ocrx_word' id='word_1_1073' title='bbox 1410 2647 1498 2681; x_wconf 80' lang='lat' dir='ltr'>Atque</span> <span class='ocrx_word' id='word_1_1074' title='bbox 1510 2646 1591 2672; x_wconf 87' lang='lat' dir='ltr'>etiam</span> <span class='ocrx_word' id='word_1_1075' title='bbox 1601 2650 1662 2672; x_wconf 80' lang='lat' dir='ltr'>ante</span> <span class='ocrx_word' id='word_1_1076' title='bbox 1672 2645 1722 2672; x_wconf 85' lang='lat' dir='ltr'>hos</span> <span class='ocrx_word' id='word_1_1077' title='bbox 1731 2643 1864 2680; x_wconf 78' lang='lat' dir='ltr'>Amphia-</span> 
     </span>
    </p>
   </div>
  </div>
 </body>
</html>
