1941 3052
383 159 569 187 ORATIO
601 159 691 187 PRO
724 159 790 186 CN.
824 158 1054 186 PLANCIO.
1095 158 1193 186 CAP.
1226 159 1376 185 24—30.

55 231 189 269 gratulati.
212 231 278 258 Nam
289 235 462 266 posteaquam
474 231 556 262 sensi,
565 230 696 266 populum
703 231 852 257 Romanum

55 278 133 297 aures
154 269 316 300 hebetiores,
337 269 430 295 oculos
445 277 518 295 acres
533 273 613 304 atque
628 273 719 295 acutos
739 268 850 294 habere:

55 307 154 338 destiti,
170 306 238 341 quid
248 306 282 332 de
292 314 335 332 me
345 305 464 332 audituri
475 311 566 332 essent
576 306 708 337 homines,
721 306 850 341 cogitare:

56 344 114 375 feci,
134 348 163 370 ut
178 347 268 379 postea
283 343 404 379 quotidie
415 351 458 369 me
469 348 635 378 praesentem
648 343 782 370 viderent:
805 342 852 368 ha-

54 381 138 408 bitavi
153 382 181 408 in
195 380 295 407 oculis:
318 381 404 415 pressi
416 380 516 411 sorum,
535 381 669 407 neminem
680 389 693 406 a
706 388 852 415 congressu

55 427 114 445 meo
133 426 220 454 neque
240 418 336 444 ianitor
356 426 447 449 meus,
469 426 557 453 neque
572 426 684 444 somnus
699 417 851 443 absterruit.

54 455 159 491 Ecquid
174 464 222 491 ego
237 455 324 482 dicam
339 456 373 482 de
383 456 520 490 occupatis
531 455 599 482 meis
611 454 790 489 temporibus,
808 454 853 480 cui

55 492 135 520 suerit
145 501 178 520 ne
188 493 273 520 otium
284 492 394 528 quidem
407 501 536 528 umquam
547 491 681 519 otiosum‘?
700 492 776 523 Nam,
784 499 852 526 quas

55 535 83 558 tu
103 538 310 561 commemoraS,
337 530 426 561 Cassi,
451 529 536 565 legere
557 534 582 556 te
602 529 688 556 solere
708 529 849 559 orationes,

53 576 140 603 quum
154 568 257 594 otiosus
273 568 319 599 sis,
347 567 396 594 has
411 576 461 603 ego
476 567 573 601 scripsi
589 566 661 593 ludis
677 570 703 592 et
718 565 801 597 seriis,
819 574 851 592 ne

52 606 162 632 omnino
178 613 307 640 umquam
323 613 411 631 essem
422 605 534 631 otiosus.
573 604 680 630 Etenim
691 603 727 630 M.
744 603 851 629 Catonis

52 642 135 674 iliud,
157 642 230 678 quod
249 643 277 668 in
297 642 429 677 principio
448 641 557 676 scripsit
571 640 712 676 Originum
728 649 848 671 suarum,

52 688 160 715 semper
171 679 344 716 magnificum
356 684 381 706 et
392 678 556 714 praeclarum
569 678 661 713 putavi
670 698 676 709 ,
694 686 850 704 cunonem

53 726 185 744 νιιιοκυιι
204 725 297 748 noui-2
316 725 477 743 ιιΑακοιιυιι
495 725 549 742 uox
567 724 656 742 niens
673 724 746 746 orii,
772 724 850 745 QUAM

52 763 186 787 necor-u,
216 763 365 781 ιυτιοπειι
393 762 524 780 nsunt:
549 761 712 779 oronnae.
752 752 799 783 lta,
827 752 850 778 si

51 800 134 827 quam
150 791 235 818 habeo
251 791 370 822 laudem,
388 799 458 826 quae
472 794 573 825 quanta
587 790 632 821 sit,
655 790 754 820 nescio,
776 794 850 824 parta

52 830 150 856 Romae
165 833 214 860 est,
231 829 353 864 quaesita
368 829 396 854 in
408 827 477 854 soro:
499 835 614 862 meaque
625 828 729 862 privata
738 826 849 853 consilia

50 866 154 902 publici
164 874 273 901 quoque
282 874 361 892 casus
371 865 625 900 comprobaverunt,
644 869 674 891 ut
684 865 763 891 etiam
775 872 851 890 sum-

51 912 94 931 ma
110 903 262 938 respublica
277 903 345 930 mihi
360 902 433 929 domi
450 902 531 928 fuerit
544 901 673 938 gerenda,
697 907 723 928 et
738 901 806 928 Urbs
823 901 850 927 in

50 941 121 968 Urbe
131 940 270 968 servanda.
311 941 354 967 67.
375 939 476 966 Eadem
486 940 577 976 igitur,
595 939 679 970 Cassi,
692 939 736 965 via
746 939 850 966 munita

50 979 187 1005 Laterensi
201 982 254 1009 est,
272 978 344 1005 idem
361 978 470 1004 virtutis
484 986 581 1003 cursus
598 977 630 1003 ad
645 976 772 1012 gloriam:
800 976 850 1002 hoc

50 1015 154 1043 facilior
168 1015 293 1047 fortasse,
311 1015 384 1051 quod
400 1023 449 1051 ego
465 1015 530 1046 huc,
548 1023 561 1040 a
577 1023 619 1040 me
629 1019 703 1041 ortus
713 1018 739 1041 et
749 1022 797 1049 per
808 1022 850 1040 me

51 1054 146 1084 nixus,
177 1053 299 1086 asceudi;
334 1053 413 1079 istius
437 1052 544 1088 egregia
570 1052 656 1078 virtus
677 1051 850 1078 adiuvabitur

49 1090 279 1118 commendatione
294 1091 437 1117 maiorum.
478 1089 540 1120 Sed,
559 1093 589 1116 ut
603 1089 709 1116 redeam
727 1089 760 1115 ad
772 1089 850 1115 Plan-

50 1129 132 1159 cium,
150 1137 299 1164 numquam
311 1137 345 1155 ex
354 1127 424 1155 Urbe
435 1126 531 1158 abfuit,
550 1127 602 1153 nisi
613 1131 696 1158 sorte,
714 1126 786 1162 lege,
804 1135 851 1153 ne-

49 1166 182 1192 cessitate.
223 1166 281 1193 Non
297 1165 383 1192 valuit
397 1165 477 1192 rebus
492 1164 604 1195 iisdem,
621 1164 723 1199 quibus
739 1164 851 1191 fortasse

51 1203 188 1230 nonnulli:
220 1208 246 1230 at
265 1203 350 1230 valuit
370 1202 540 1233 assiduitate,
566 1201 651 1228 valuit
674 1201 849 1228 observandis

50 1241 158 1272 amicis,
177 1241 262 1267 valuit
273 1240 443 1267 liberalitate:
466 1239 518 1266 fuit
528 1239 556 1266 in
566 1239 666 1266 oculis:
689 1240 797 1274 petivit:
821 1248 850 1265 ea

50 1282 92 1304 est
105 1286 173 1304 usus
188 1279 289 1305 ratione
300 1279 378 1309 vitae.
396 1286 458 1313 qua,
477 1277 588 1303 minima
598 1276 710 1308 invidia,
728 1277 790 1304 novi
803 1276 850 1303 ho-

52 1316 138 1342 mines
150 1315 259 1350 plurimi
272 1315 380 1342 eosdem
393 1315 505 1342 honores
516 1314 654 1341 consecuti
665 1319 739 1341 sunt.

106 1352 227 1380 XXVIII.
249 1355 291 1380 68.
314 1353 390 1384 Nam,
407 1351 481 1388 quod
495 1352 544 1383 ais,
562 1351 647 1383 Cassi,
665 1360 718 1378 nou
734 1351 796 1386 plus
807 1359 850 1378 me

51 1389 158 1417 Plancio
172 1390 278 1422 debere,
295 1399 377 1425 quam
394 1390 471 1416 bonis
482 1389 618 1420 omnibus,
635 1389 709 1424 quod
721 1390 754 1416 iis
765 1397 850 1424 aeque

50 1436 109 1454 mea
125 1427 199 1454 salus
214 1436 273 1454 cara
289 1427 383 1455 fuerit·
405 1435 455 1463 ego
471 1435 513 1453 me
524 1426 621 1453 debere
632 1426 709 1453 bonis
722 1427 849 1453 omnibus

50 1464 143 1492 fateor.
184 1465 237 1492 Sed
252 1465 330 1492 etiam
347 1465 375 1492 hi
401 1465 503 1500 quibus
518 1473 568 1500 ego
578 1464 670 1496 debeo,
688 1465 752 1491 boni
765 1465 815 1491 viri
826 1469 851 1490 et

50 1503 134 1534 cives,
152 1502 283 1530 aediliciis
292 1503 409 1530 comitiis
420 1501 524 1537 aliquid
535 1510 564 1528 se
574 1510 634 1528 meo
641 1502 747 1528 nomine
754 1502 851 1528 debere

50 1539 159 1567 Plancio
169 1540 303 1568 dicebant.
343 1540 443 1567 Verum
454 1539 494 1566 sac
506 1547 548 1566 me
560 1539 653 1566 multis
664 1539 770 1571 debere,
787 1544 812 1566 et
824 1540 850 1566 in

50 1577 85 1604 iis
100 1577 220 1604 Plancio:
242 1582 333 1604 utrum
349 1578 432 1614 igitur
448 1585 490 1603 me
505 1577 664 1603 conturbare
679 1581 795 1612 oportet:
818 1585 850 1603 an

50 1615 154 1647 ceteris,
162 1623 248 1650 quum
258 1616 392 1650 cuiusque
403 1614 462 1641 dies
473 1615 584 1645 venerit,
599 1614 648 1641 hoc
659 1623 765 1646 nomen,
778 1614 851 1650 quod

50 1657 136 1688 urget,
155 1660 235 1684 nunc,
252 1661 338 1688 quum
350 1653 458 1688 petitur,
475 1651 644 1679 dissolvere?
680 1651 850 1687 Quamquam

49 1689 193 1717 dissimilis
209 1694 250 1717 est
265 1691 394 1725 pecuniae
410 1690 519 1721 debitio,
538 1694 563 1715 et
573 1689 683 1725 gratiae.
724 1690 791 1716 Nam
803 1689 851 1724 qui

50 1727 192 1763 pecuniam
206 1727 345 1759 dissolvit,
361 1728 451 1754 statim
463 1735 515 1754 non
528 1726 606 1753 habet
617 1727 659 1758 id.
676 1727 750 1762 quod
761 1727 852 1754 reddi—

49 1764 104 1792 dit:
129 1765 178 1800 qui
193 1769 282 1792 autem
296 1765 390 1796 debet,
408 1773 452 1791 aes
468 1765 564 1791 retinet
578 1764 711 1792 alienum:
737 1765 850 1801 gratiam

51 1806 153 1834 nutem.
171 1803 254 1838 etqui
266 1802 358 1834 refert,
377 1802 466 1833 habet,
488 1806 514 1828 et
528 1803 576 1837 qui
589 1802 681 1834 habet,
700 1803 728 1829 in
740 1803 849 1837 eoipso,

49 1839 123 1875 quod
135 1839 223 1871 babet,
238 1839 328 1867 refert.
366 1840 460 1875 Neque
469 1848 518 1875 ego
530 1848 601 1866 nunc
611 1839 718 1867 Plancio
729 1840 849 1866 desinam

49 1877 157 1908 dehere,
170 1877 193 1904 si
205 1877 255 1904 hoc
265 1877 384 1904 solvero:
407 1886 454 1904 nec
466 1878 557 1904 minus
569 1878 592 1904 ei
604 1877 742 1904 redderem
754 1877 851 1904 volun-

50 1918 103 1942 tate
119 1915 186 1949 ipsa,
203 1915 227 1941 si
240 1914 289 1941 hoc
299 1914 436 1942 molestiae
447 1923 499 1941 non
509 1914 659 1942 accidisset.
700 1917 742 1941 69.
763 1914 852 1948 Quae-

51 1951 89 1978 ris
110 1959 124 1977 a
135 1959 187 1982 me,
205 1951 290 1983 Cassi,
307 1952 374 1987 quid
387 1961 434 1987 pro
445 1952 524 1978 fratre
535 1960 604 1983 meo,
617 1952 665 1987 qui
679 1952 745 1980 mihi
757 1957 798 1979 est
807 1961 852 1978 ca-

50 1988 191 2020 rissimus.
209 1988 277 2024 quid
292 1997 340 2024 pro
356 1990 424 2016 meis
440 1989 546 2020 liberis,
563 1989 665 2024 quibus
682 1989 750 2016 nihil
766 1994 852 2025 potest

50 2025 118 2054 mihi
129 2034 188 2052 esse
200 2025 355 2058 iucundius,
368 2025 584 2062 amplius,quam
597 2035 644 2061 pro
655 2026 761 2054 Plancio
773 2027 849 2059 facio,

51 2062 137 2090 facere
148 2063 265 2098 possim:
288 2072 336 2090 nec
347 2063 431 2094 vides,
444 2064 556 2090 istorum
568 2063 688 2098 ipsorum
699 2065 808 2091 caritate
819 2064 851 2091 ad

50 2100 134 2127 huius
149 2099 264 2127 salutem
278 2100 474 2128 defendendam
486 2101 603 2127 maxime
614 2100 747 2128 stimulari
759 2111 802 2128 me
812 2107 852 2129 at-

50 2145 104 2173 que
123 2137 244 2166 excitari.
285 2138 351 2165 Nam
369 2147 454 2173 neque
470 2137 525 2165 illis
542 2138 623 2165 huius
642 2138 742 2170 salute,
764 2147 779 2165 a
797 2147 852 2174 quo

50 2183 138 2202 meam
153 2175 244 2202 sciunt
258 2183 317 2202 esse
331 2175 484 2207 defensam,
505 2176 654 2210 quidquam
669 2180 711 2202 est
723 2177 849 2212 optatius,

50 2216 77 2239 et
90 2220 140 2248 ego
154 2212 213 2247 ipse
235 2221 385 2248 numquam
401 2213 462 2240 illos
477 2213 591 2248 aspicio,
609 2214 684 2248 quin,
702 2222 788 2249 quum
805 2222 852 2249 per

51 2248 124 2276 hunc
143 2258 187 2276 me
203 2250 245 2276 his
256 2255 445 2277 conservatum
461 2258 520 2277 esse
532 2251 715 2282 meminerim,
738 2251 851 2278 huiusce

51 2287 140 2314 meriti
164 2287 191 2314 in
219 2295 262 2314 me
282 2287 414 2314 recorder.
454 2287 593 2322 Opimium
614 2288 771 2315 demnatum
792 2297 851 2315 esse

51 2331 258 2356 commemoras.
275 2330 438 2352 servatorem
450 2325 540 2360 ipsum
552 2325 729 2359 reipublicae:
752 2326 849 2352 Calidi-

51 2368 99 2389 um
115 2361 254 2398 adiungis,
271 2363 351 2389 ouius
368 2362 426 2398 lege
441 2362 472 2395 Q.
491 2362 613 2388 Metellus
629 2363 655 2389 in
670 2363 805 2390 civitatem
817 2363 852 2389 sit

52 2399 206 2430 restitutus;
223 2399 397 2434 reprehendis
408 2409 481 2427 meas
493 2407 541 2434 pro
552 2399 659 2426 Plancio
670 2408 770 2435 preces,
778 2400 851 2435 quod

53 2443 102 2463 nec
116 2435 242 2471 Opimius
257 2446 308 2464 suo
322 2438 430 2464 nomine
446 2437 574 2464 liberatus
585 2437 630 2467 sit.
648 2446 696 2464 nec
707 2437 738 2469 Q.
752 2438 851 2464 Metelli
874 2449 875 2454 ¹

53 2471 184 2500 Calidius.
224 2474 326 2501 XXIX.
348 2476 383 2501 De
395 2475 498 2502 Calidio
514 2474 562 2500 tibi
574 2478 677 2501 tantum
692 2475 849 2509 respondeo,

53 2509 126 2544 quod
140 2510 198 2545 ipse
214 2511 283 2539 vidi:
305 2511 337 2545 Q.
355 2512 492 2540 Metellum
508 2512 596 2543 Pium,
613 2511 762 2542 consulein.
776 2521 853 2546 prae·
881 2534 882 2538 ,

54 2547 129 2576 toriis
146 2548 275 2581 comitiis,
299 2554 404 2585 petente
423 2549 455 2582 Q.
478 2548 592 2579 Calidio,
616 2549 715 2584 populo
736 2550 852 2576 nomano

53 2583 231 2619 supplicasse,
248 2595 334 2622 quum
344 2587 456 2622 quidem
467 2596 519 2614 non
531 2586 673 2617 dubitaret,
687 2591 713 2612 et
722 2586 815 2613 consul
826 2591 852 2613 et

56 2619 135 2648 homo
146 2621 340 2656 nobilissimus,
354 2629 495 2659 patronum
509 2623 586 2651 illum
598 2632 658 2650 esse
670 2632 761 2654 suum,
776 2628 802 2650 et
814 2622 852 2650 sn-

56 2657 147 2685 miliae
161 2667 226 2686 suae
236 2661 419 2688 nobilissimae
429 2662 528 2688 dicere.
554 2661 596 2687 70.
617 2660 674 2693 Quo
687 2660 742 2688 loco
753 2669 852 2696 quaero

56 2702 89 2724 ex
105 2699 143 2727 te.
166 2704 230 2725 num
245 2698 273 2727 id
287 2699 315 2727 in
331 2699 432 2729 iudicio
447 2699 541 2726 Calidii
559 2703 650 2733 putes,
672 2698 745 2734 quod
760 2706 810 2735 ego
823 2698 850 2726 in
874 2704 875 2727 1

1652 160 1701 185 565

903 230 1005 257 Plancii
1021 229 1097 261 facio,
1114 234 1160 256 aut
1175 228 1313 256 Metellum
1328 229 1416 260 Pium,
1434 229 1459 255 si
1469 228 1568 255 Romae
1583 237 1642 255 esse
1654 238 1702 263 po-

904 268 1008 297 tuisset,
1026 272 1072 293 aut
1082 271 1185 302 patrem
1195 267 1264 298 eius,
1282 267 1306 293 si
1318 267 1438 297 vixisset,
1456 275 1508 292 non
1521 265 1605 292 fuisse
1617 265 1702 292 sactu-

904 314 974 331 rum.
996 305 1063 331 Nam
1074 304 1175 339 Opimii
1185 304 1296 339 quidem
1308 304 1445 330 calamitas
1456 304 1558 330 utinam
1571 311 1604 329 ex
1615 303 1701 329 homi-

904 351 969 368 num
980 342 1106 368 memoria
1117 346 1208 376 posset
1218 341 1312 368 evelli!
1334 341 1440 368 Vulnus
1451 340 1519 367 illud
1526 340 1699 375 reipublicae,

903 379 1021 406 dedecus
1033 379 1116 406 huius
1130 379 1245 413 imperii,
1262 379 1400 413 turpitudo
1410 377 1503 413 populi
1513 378 1635 409 Romani,
1649 386 1701 404 non

903 416 1034 443 iudicium
1050 417 1200 451 putandum
1215 420 1264 443 est.
1305 416 1390 448 Quam
1406 417 1476 442 enim
1492 415 1531 442 illi
1546 415 1658 446 iudices,
1678 415 1701 441 si

903 453 1016 485 iudices,
1025 459 1050 480 et
1062 462 1113 480 non
1125 453 1271 488 parricidae
1283 454 1382 488 patriae
1394 452 1550 480 nominandi
1561 457 1633 484 sunt,
1641 460 1702 488 gra-

904 491 1003 517 viorem
1020 495 1163 526 potuerunt
1174 491 1338 525 reipublicae
1349 490 1468 526 infligere
1474 491 1599 521 securim,
1607 497 1699 525 quam,

903 537 987 563 quum
1000 528 1078 554 illum
1089 537 1103 554 e
1118 528 1225 554 civitate
1235 529 1379 559 eiecerunt,
1393 528 1441 563 qui
1457 533 1560 562 praetor
1576 527 1699 558 finitimo,

902 565 995 591 consul
1007 565 1152 592 domestico
1163 564 1592 600 bello,rempublicamliberarat‘?
1611 566 1653 591 7⁴.
1668 565 1703 590 At

902 603 973 629 enim
990 603 1071 629 nimis
1082 611 1132 638 ego
1143 611 1272 638 magnum
1283 603 1443 629 beneficium
1455 602 1555 629 Plancii
1566 602 1647 633 facio,
1665 607 1700 633 et,

903 644 931 667 ut
942 640 990 671 ais,
1008 639 1036 666 id
1047 640 1136 666 verbis
1148 648 1294 675 exaggero:
1316 640 1395 675 quasi
1407 648 1469 666 vero
1480 649 1522 666 me
1533 644 1578 666 tuo
1590 639 1702 666 arbitra-

902 682 944 708 tu,
967 682 994 703 et
1008 686 1060 704 non
1076 686 1148 708 meo,
1164 682 1270 713 gratum
1287 685 1346 703 esse
1361 681 1489 712 oporteat.
1529 676 1606 709 Quod
1621 678 1702 703 istius

902 718 1005 740 tantum
1021 715 1161 745 meritum,
1180 713 1286 749 inquit‘?
1314 714 1356 740 An
1371 715 1435 749 quia
1446 719 1471 740 te
1487 723 1538 741 non
1550 713 1702 749 iugulavit?

902 752 987 778 Immo
1002 760 1077 782 vero,
1096 752 1160 786 quia
1175 751 1293 787 iugulari
1305 760 1402 786 passus
1416 760 1468 778 non
1480 756 1530 778 est.
1570 752 1629 784 Quo
1640 752 1702 786 qui-

902 789 963 815 dem
975 793 1003 815 tu
1015 788 1078 819 loco,
1092 789 1177 820 Cassi,
1195 789 1274 815 etiam
1286 789 1406 824 purgasti
1416 789 1540 815 inimicos
1551 798 1633 819 meos,
1647 797 1702 815 me-

902 834 986 861 aeque
997 826 1067 852 vitae
1083 825 1171 852 nullas
1185 826 1218 852 ab
1230 826 1285 852 illis
1296 826 1408 852 insidias
1420 826 1505 852 fuisse
1516 826 1619 852 dixisti.
1653 826 1702 852 Po-

901 864 957 890 suit
967 863 1016 890 hoc
1030 863 1101 890 idem
1114 864 1274 890 Laterensis.
1314 863 1493 896 Quamobrem
1505 863 1538 890 de
1549 864 1600 890 isto
1612 863 1703 898 paullo

902 905 962 936 post
976 900 1054 936 plura
1069 900 1171 928 dicam:
1194 900 1227 927 de
1239 906 1264 927 te
1275 905 1378 927 tantum
1390 901 1507 936 requiro,
1521 905 1611 927 utrum
1624 906 1702 935 putes

901 938 993 965 odium
1010 939 1038 965 in
1058 947 1101 965 me
1116 938 1248 965 mediocre
1268 939 1441 965 inimicorum
1461 938 1556 964 fuisse.
1569 953 1604 958 -—-
1625 937 1702 970 Quod

902 975 953 1002 tuit
964 975 1080 1002 ullorum
1093 984 1222 1011 umquam
1233 976 1406 1002 barbarorum
1417 980 1470 1002 tam
1483 976 1599 1002 immane
1609 984 1638 1002 ac
1649 981 1701 1002 tam

901 1012 1009 1039 crudele
1029 1014 1056 1039 iu
1077 1013 1200 1040 hostem?
1213 1029 1251 1033 —
1274 1013 1315 1040 An
1331 1013 1416 1040 fuisse
1430 1014 1458 1039 in
1474 1014 1507 1039 iis
1524 1013 1641 1048 aliquem
1658 1018 1703 1039 aut

902 1050 988 1077 famae
1004 1055 1120 1082 metum,
1143 1055 1189 1077 aut
1204 1059 1318 1086 poenae,
1340 1059 1456 1086 quorum
1478 1051 1570 1077 vidisti
1588 1056 1641 1077 toto
1657 1050 1703 1077 illo

902 1097 971 1115 auno
983 1088 1082 1115 ferrum
1094 1089 1121 1115 in
1134 1088 1198 1119 foro,
1211 1087 1345 1115 flammam
1358 1089 1385 1115 in
1396 1088 1526 1119 delubris,
1546 1089 1600 1114 vim
1611 1089 1638 1114 in
1651 1093 1702 1114 tota

902 1126 972 1153 Urbe
990 1125 1109 1152 versari?
1138 1126 1197 1152 Nisi
1214 1125 1279 1152 forte
1295 1127 1448 1157 existimas,
1467 1134 1512 1152 eos
1523 1125 1621 1152 idcirco
1634 1126 1702 1152 vitae

903 1172 977 1190 meae
992 1164 1159 1198 pepercisse,
1181 1163 1254 1199 quod
1270 1163 1303 1190 de
1319 1163 1406 1190 reditu
1423 1172 1482 1190 meo
1499 1172 1550 1190 non
1567 1163 1701 1189 timerent.

902 1201 935 1227 Et
949 1209 1114 1236 quemquam
1133 1205 1211 1236 putas
1224 1200 1310 1227 fuisse
1322 1205 1374 1228 tam
1387 1200 1538 1232 excordem,
1556 1201 1613 1236 qui,
1631 1201 1702 1226 vivis

903 1239 959 1270 his,
977 1243 1063 1265 stante
1078 1239 1148 1265 Urbe
1163 1243 1189 1265 et
1203 1239 1286 1269 curia,
1304 1238 1453 1265 rediturum
1465 1247 1517 1269 me,
1536 1239 1558 1265 si
1572 1239 1700 1267 viverem,

903 1285 955 1303 non
967 1275 1090 1311 putaret?
1118 1276 1299 1308 Quamobrem
1314 1285 1365 1303 non
1376 1276 1458 1302 debes
1470 1276 1493 1302 is
1504 1276 1583 1302 bomo
1595 1280 1620 1302 et
1631 1276 1654 1301 is
1665 1276 1704 1302 ci—

903 1315 945 1340 vis
957 1313 1118 1348 praedicare,
1132 1314 1215 1340 vitam
1227 1322 1323 1344 meam.
1336 1322 1405 1349 quae
1418 1312 1543 1340 fidelitate
1555 1314 1702 1340 amicorum

903 1355 1058 1378 conservata
1074 1351 1118 1383 sit,
1136 1351 1307 1378 inimicorum
1324 1351 1454 1378 modestia
1465 1359 1518 1377 non
1529 1359 1588 1377 esse
1600 1351 1703 1386 appeti-

904 1393 966 1415 tam.

959 1426 1048 1452 XXX.
1066 1426 1108 1452 72.
1126 1425 1303 1461 Respondebo
1318 1426 1366 1452 tibi
1382 1434 1462 1456 nunc,
1477 1425 1637 1455 Laterensis,
1653 1426 1702 1450 mi-

903 1471 954 1489 nus
976 1463 1087 1490 sortasse
1103 1463 1281 1494 vehementer,
1298 1472 1379 1498 quam
1395 1462 1442 1489 abs
1459 1467 1484 1489 te
1498 1471 1558 1489 sum
1576 1471 1703 1497 provoca·

903 1506 960 1527 tus:
992 1501 1039 1527 sed
1056 1500 1173 1535 profecto
1188 1509 1236 1527 nec
1251 1501 1416 1527 considerate
1431 1501 1531 1531 minus,
1549 1508 1597 1527 nec
1613 1500 1703 1526 minus

903 1539 997 1565 amice.
1038 1538 1104 1564 Nam
1128 1538 1246 1573 primum
1263 1537 1331 1564 illud
1353 1537 1404 1564 fuit
1418 1538 1550 1572 asperius,
1569 1545 1621 1567 me,
1633 1545 1703 1572 quae

902 1576 935 1602 de
947 1575 1054 1602 Plancio
1063 1575 1190 1606 dicerem,
1198 1576 1305 1601 mentiri
1317 1580 1343 1601 et
1353 1575 1480 1610 temporis
1491 1583 1585 1601 caussa
1593 1574 1701 1610 lingere.

903 1613 1012 1640 Scilicet
1028 1613 1106 1640 homo
1116 1613 1224 1648 sapiens
1236 1613 1395 1648 excogitavi,
1408 1612 1584 1647 quamobrem
1600 1612 1704 1638 viderer

904 1651 1030 1677 maximis
1059 1650 1182 1677 beneficii
1207 1650 1324 1677 vinculis
1344 1650 1503 1681 obstrictus,
1529 1658 1615 1684 quum
1637 1649 1704 1675 liber

903 1697 990 1714 essem
1006 1693 1031 1714 et
1042 1687 1157 1715 solutus.
1188 1687 1258 1720 Quid
1270 1686 1361 1714 enim?
1380 1687 1447 1713 milii
1459 1687 1492 1714 ad
1503 1686 1702 1713 defendendum

903 1726 1042 1752 Plancium
1054 1734 1149 1760 parum
1161 1725 1269 1756 multae,
1284 1734 1378 1760 parum
1390 1725 1475 1751 iustae
1491 1724 1703 1751 necessitudines

902 1768 977 1790 erant
993 1763 1191 1794 familiaritatis,
1206 1763 1362 1793 vicinitatis,
1376 1763 1458 1797 patris
1470 1761 1620 1788 amicitiae?
1631 1761 1704 1794 Quae

903 1801 926 1827 si
948 1810 1000 1828 non
1021 1805 1119 1832 essent,
1139 1808 1252 1830 vererer,
1270 1800 1357 1831 credo,
1376 1808 1408 1826 ne
1420 1800 1532 1835 turpiter
1543 1799 1666 1829 facerem,
1680 1799 1702 1824 si

904 1839 952 1865 lioc
968 1838 1111 1873 splendore
1125 1842 1152 1864 et
1169 1838 1216 1864 liae
1231 1837 1361 1873 dignitate
1374 1837 1508 1864 hominem
1520 1836 1702 1863 defenderem.

903 1876 1039 1912 Fingenda
1061 1875 1112 1902 suit
1133 1875 1199 1902 milii
1222 1874 1347 1902 videlicet
1362 1883 1456 1902 caussa
1472 1878 1605 1910 peracuta,
1625 1879 1654 1901 ut
1668 1874 1702 1905 ei,

902 1922 983 1949 quem
1000 1913 1066 1940 milii
1079 1913 1176 1939 debere
1189 1917 1329 1947 oporteret,
1344 1921 1393 1948 ego
1403 1921 1446 1939 me
1456 1913 1545 1939 omnia
1555 1911 1652 1938 debere
1661 1911 1705 1938 di-

902 1959 1000 1978 cerem.
1040 1951 1074 1978 At
1089 1950 1116 1977 id
1132 1951 1212 1977 etiam
1222 1951 1338 1986 gregarii
1351 1950 1450 1977 milites
1462 1949 1563 1976 faciunt
1574 1950 1661 1980 inviti.
1675 1953 1705 1975 ut

902 1997 1026 2016 coronam
1046 1988 1111 2015 dent
1130 1988 1252 2019 civicam,
1271 1993 1296 2014 et
1311 1996 1340 2014 se
1355 1987 1388 2014 ab
1404 1987 1495 2022 aliquo
1510 1991 1630 2013 servatos
1645 1994 1704 2012 esse

903 2026 1048 2053 fateantur:
1080 2034 1132 2052 non
1152 2034 1207 2061 quo
1224 2030 1300 2060 turpe
1316 2026 1360 2056 sit,
1378 2030 1526 2060 protectum
1542 2025 1570 2051 in
1587 2024 1655 2054 acie,
1671 2032 1702 2049 ex

903 2064 1022 2091 hostium
1043 2063 1170 2090 manibus
1190 2063 1267 2098 eripi,
1289 2063 1361 2098 (nani
1378 2063 1405 2089 id
1425 2062 1558 2092 occidere,
1576 2062 1627 2088 nisi
1645 2061 1702 2088 sorti

904 2102 961 2128 viro
976 2106 1001 2127 et
1012 2101 1143 2136 pugnanti
1155 2101 1288 2131 cominus,
1302 2108 1353 2126 non
1366 2100 1474 2135 potest‚)
1484 2099 1531 2126 scd
1543 2108 1612 2126 onus
1623 2098 1703 2125 benc-

903 2139 955 2165 Iicii
972 2138 1154 2169 reformidant,
1171 2137 1244 2172 quod
1260 2146 1436 2173 permagnum
1448 2142 1496 2167 est,
1510 2136 1596 2163 alieno
1607 2136 1704 2162 debere

903 2176 984 2207 idem,
1001 2175 1075 2211 quod
1087 2176 1199 2210 parenti.
1226 2176 1268 2201 73.
1282 2175 1347 2209 Ego,
1360 2183 1445 2209 quum
1457 2175 1538 2201 ceteri
1550 2182 1611 2200 vera
1623 2173 1702 2200 bene-

903 2214 970 2244 ticin.
984 2214 1062 2240 etiam
1075 2213 1186 2243 minora,
1199 2212 1381 2242 dissimulent,
1395 2220 1426 2238 ne
1436 2211 1546 2247 obligati
1558 2220 1617 2237 csse
1630 2210 1704 2236 vidi»

880 2256 881 2261 ¹
903 2255 990 2281 antur,
1008 2259 1040 2276 eo
1054 2258 1096 2276 mo
1113 2250 1242 2276 beneficio
1257 2249 1414 2276 obstrictum
1431 2257 1490 2275 esso
1505 2248 1643 2277 ementior.
1660 2248 1703 2273 cui

904 2296 936 2314 ne
957 2287 1049 2314 referri
1065 2286 1175 2322 quidem
1191 2287 1274 2319 gratia
1292 2294 1371 2320 posse
1383 2285 1523 2312 videatur?
1553 2286 1592 2312 Λιι
1605 2285 1653 2311 lioc
1664 2289 1701 2313 tu,

904 2324 1065 2355 Laterensis,
1088 2323 1214 2359 ignoras?
1233 2324 1290 2358 qui,
1308 2331 1394 2358 quum
1407 2323 1472 2349 milii
1485 2331 1557 2349 esses
1569 2322 1703 2348 nunciast—

904 2371 974 2391 mus,
995 2370 1081 2396 quum
1098 2361 1139 2388 vel
1157 2360 1307 2396 periculum
1325 2361 1394 2387 vitae
1411 2365 1471 2386 tuae
1486 2368 1591 2388 mecum
1603 2359 1704 2385 sociare

905 2399 1047 2429 voluisses,
1064 2407 1150 2433 quum
1167 2406 1209 2424 uie
1221 2399 1247 2424 in
1261 2398 1305 2424 illo
1317 2398 1385 2424 tristi
1397 2402 1423 2424 et
1433 2397 1528 2423 acerbo
1540 2396 1611 2422 luctu
1624 2401 1704 2431 atquc

903 2437 1026 2463 discessu
1043 2445 1095 2464 non
1108 2435 1224 2462 lacrimis
1235 2434 1323 2461 solum
1336 2435 1399 2465 tuis,
1413 2434 1460 2461 sed
1472 2435 1570 2463 animo,
1583 2442 1701 2468 corpore.

903 2474 988 2509 copiis
1010 2477 1168 2508 prosecutus
1189 2481 1272 2502 esses,
1289 2480 1374 2506 quum
1392 2480 1465 2498 meos
1483 2471 1580 2497 liberos
1595 2475 1621 2497 ct
1636 2478 1702 2497 uxo-

904 2520 969 2542 rein,
987 2518 1029 2537 me
1040 2511 1159 2540 absente,
1175 2510 1229 2536 tuis
1245 2510 1343 2544 opibus
1355 2509 1510 2543 auxilioque
1521 2508 1698 2537 defendisse&

902 2549 942 2575 sio
953 2556 1057 2574 mecum
1069 2556 1175 2582 semper
1185 2547 1273 2577 enisu,
1290 2551 1314 2573 te
1327 2546 1392 2573 milii
1405 2546 1538 2572 remittere
1548 2551 1628 2581 atque
1639 2554 1700 2572 con-

902 2585 1006 2616 cedere,
1023 2590 1053 2611 ut
1063 2593 1141 2612 omno
1151 2575 1273 2610 studium
1287 2592 1375 2610 mcum
1390 2584 1415 2610 in
1428 2584 1475 2610 Cn.
1490 2583 1589 2610 I‘lencii
1602 2583 1700 2609 honore

881 2646 882 2652 .
902 2631 1097 2653 consumerem,
1110 2622 1183 2657 quod
1194 2622 1252 2648 eius
1264 2622 1290 2647 in
1303 2630 1345 2647 me
1357 2622 1480 2649 meritum
1498 2620 1546 2648 tibi
1557 2621 1636 2647 ctiam
1648 2621 1700 2655 ipsi

881 2681 882 2684 η
902 2665 1008 2696 gratum
1029 2668 1088 2687 esse
1106 2659 1225 2686 dicebas.
1247 2659 1289 2685 74.
1308 2657 1380 2684 Nihil
1392 2663 1479 2685 autem
1493 2667 1535 2684 me
1547 2658 1617 2686 novi,
1633 2657 1699 2684 nihil

904 2698 1030 2734 temporis
1051 2706 1145 2725 caussa
1165 2696 1267 2727 dicere.
1291 2703 1377 2723 nonne
1397 2697 1476 2723 etiam
1499 2695 1543 2722 illa
1565 2696 1640 2722 testis
1660 2700 1699 2721 cst
