1941 3052
453 152 640 180 ORATIO
672 151 763 179 PRO
795 152 825 178 P.
860 151 1030 179 SULLA.
1064 151 1162 179 CAP.

80 224 183 258 privata
198 227 285 249 tamen
301 222 435 254 custodia,
457 232 531 249 more
546 223 692 254 maiorum,
709 223 877 249 contineren-

80 266 136 287 tur:
155 269 207 287 non
217 259 358 291 occultavi,
370 269 422 287 non
433 261 553 287 continui
564 260 646 291 domi,
659 260 706 287 sed
717 260 833 286 describi
844 260 877 286 ab

79 298 206 325 omnibus
221 299 311 324 statim
326 297 456 329 librariis,
474 298 560 324 dividi
574 299 675 333 passim
687 302 712 324 et
723 297 876 333 pervulgari

79 340 160 371 atque
170 335 213 361 edi
224 335 449 370 populoRomano
459 336 600 370 imperavi.
621 335 706 361 Divisi
719 336 765 362 toti
777 335 875 365 Italiae,

80 374 158 400 emisi
173 373 201 399 in
216 381 308 399 omnes
324 374 489 407 provincias:
508 373 567 399 eius
581 373 689 404 indicii,
707 381 721 399 e
735 381 790 407 quo
804 372 877 398 salus

79 410 167 438 oblata
178 415 248 436 esset
259 411 399 441 omnibus,
416 414 552 445 expertem
568 419 627 436 esse
641 410 777 436 neminem
792 409 876 436 volui.

81 449 120 475 43.
136 449 228 483 Itaque
244 447 316 479 dico,
336 448 423 474 locum
435 448 462 474 in
473 448 536 474 orbe
547 452 677 474 terrarum
690 456 749 473 esse
760 447 876 478 nullum,

79 486 172 522 quoin
185 486 240 512 loco
251 485 463 519 populiRomani
474 493 571 511 nomen
582 486 626 517 sit,
634 486 701 520 quin
713 484 806 511 eodem
818 493 880 519 pei·-

79 524 210 558 scriptum
227 523 277 549 hoc
291 523 423 549 indicium
439 523 600 557 pervenerit.
640 523 669 548 In
685 531 739 557 quo
755 530 804 557 ego
825 526 876 548 tam

79 561 170 588 subito
185 565 210 587 et
224 561 323 596 exiguo
338 565 364 587 et
378 560 487 587 turbido
501 565 620 594 tempore
636 559 721 586 multa
735 559 876 589 divinitus,

79 599 115 625 ita
128 603 157 625 ut
167 599 234 629 dixi,
248 607 299 624 non
311 607 369 624 mea
380 602 488 632 sponte,
502 597 622 632 providi:
644 597 772 631 primum,
787 605 819 622 ne
830 596 878 631 qui

80 642 171 672 posset
184 641 290 663 tantum
305 640 351 662 aut
365 635 398 662 de
408 635 571 670 reipublicae
582 639 628 660 aut
638 634 671 660 de
682 634 796 660 alicuius
808 634 879 668 peri-

79 674 141 701 culo
152 675 317 704 meminisse,
330 677 462 708 quantum
473 672 566 698 vellet:
588 671 699 703 deinde,
713 680 745 697 ne
757 671 800 697 cui
815 671 878 697 lice-

80 717 120 739 ret
130 720 260 747 umquam
273 710 467 745 reprehendere
478 710 547 736 illud
558 710 703 740 indicium,
721 713 767 735 aut
779 713 877 734 temere
906 710 908 717 ’

79 750 211 776 creditum
222 747 372 775 criminari:
393 752 540 782 postremo,
558 755 591 773 ne
601 747 669 781 quid
680 747 732 772 iam
744 755 758 772 a
771 755 826 777 me,
846 754 878 771 ne

79 787 147 822 quid
161 795 196 813 ex
210 787 278 812 meis
292 786 490 812 commentariis
501 789 687 819 quaereretur,
709 792 742 810 ne
754 788 799 809 aut
810 783 880 809 obli-

80 826 124 852 vio
135 833 193 850 mea
204 828 250 850 aut
260 823 388 849 memoria
398 822 535 848 videretur
546 822 640 852 nimia,
662 830 695 847 ne
706 821 823 855 denique
834 825 879 846 aut

80 861 242 898 negligentia
257 861 358 896 turpis,
381 865 427 886 aut
441 859 580 895 diligentia
595 858 713 886 crudelis
729 863 877 893 putaretur.

80 901 122 927 44.
135 899 187 926 Sed
199 904 287 925 tamen
298 898 346 924 abs
358 902 390 929 te,
403 898 544 932 Torquate,
557 905 666 932 quaero,
679 905 766 931 quum
776 896 880 922 indica-

79 942 124 964 tus
135 941 198 963 tuus
208 936 336 962 inimicus
348 939 432 966 esset,
450 940 476 961 et
490 939 560 961 esset
575 935 633 960 eius
649 934 687 960 rei
698 933 825 969 frequens
837 942 880 959 se-
901 947 902 960 ;

80 979 159 1002 natus
170 979 195 1000 et
206 982 298 1000 recens
309 974 436 1000 memoria
448 973 538 1003 testis,
556 972 619 1003 tibi,
637 980 696 998 meo
714 971 838 997 familiari
854 975 880 997 et

79 1011 277 1043 contubernali,
304 1011 380 1046 prius
404 1011 485 1037 etiam
508 1010 606 1036 edituri
626 1009 727 1036 fuerint
747 1009 878 1035 indicium

80 1050 183 1077 scribae
199 1050 264 1080 mei,
287 1049 310 1074 si
328 1048 475 1079 voluisses,
495 1056 578 1082 quam
592 1047 621 1073 in
636 1047 755 1073 codicem
772 1046 880 1072 retulis-

79 1092 152 1115 sent:
173 1095 260 1122 quum
275 1085 382 1113 videres
398 1086 474 1112 aliter
489 1086 560 1116 fieri,
578 1093 626 1111 cur
636 1084 762 1111 tacuisti‘?
782 1093 879 1119 passus

79 1124 128 1152 es‘?
146 1133 199 1151 non
215 1132 334 1155 mecum,
353 1128 399 1150 aut
413 1132 476 1150 cum
491 1122 614 1149 familiari
632 1131 691 1149 meo
705 1127 819 1157 questus
834 1121 880 1147 es?

79 1167 138 1194 aut,
155 1162 283 1197 quoniam
294 1166 348 1188 tam
360 1160 437 1187 facile
448 1161 584 1187 inveheris
596 1161 624 1186 in
639 1160 754 1191 amicos,
772 1160 880 1186 iracun-

79 1200 141 1228 dius
153 1208 184 1226 ac
194 1199 382 1226 vehementius
394 1197 590 1233 expostulasti?
609 1198 658 1229 Tu,
671 1206 759 1232 quum
771 1202 815 1223 tua
828 1205 880 1223 vox

79 1245 230 1273 numquam
241 1238 277 1263 sit
287 1237 392 1269 audita,
414 1245 514 1272 quum,
528 1235 627 1262 indicio
640 1235 720 1266 lecto,
733 1235 876 1269 descripto,

79 1275 234 1310 divulgato,
255 1274 405 1309 quieveris,
428 1274 556 1300 tacueris:
577 1277 687 1308 repente
708 1277 807 1299 tantam
823 1281 878 1298 rem

79 1313 217 1340 enuntiare
228 1311 345 1338 audeas‘?
364 1316 390 1338 et
400 1312 427 1337 in
439 1320 501 1337 eum
513 1311 600 1337 locum
612 1315 637 1337 te
647 1310 778 1341 deducas,
792 1315 822 1336 ut
832 1319 880 1336 an-

79 1355 114 1381 te,
127 1358 209 1385 quam
221 1358 264 1376 me
275 1350 430 1376 commutati
442 1349 536 1375 indicii
547 1349 711 1384 coargueris,
720 1352 745 1374 te
756 1356 879 1374 summae

79 1388 269 1424 negligentiae,
283 1391 329 1413 tuo
340 1386 450 1417 iudicio,
463 1387 617 1413 convictum
629 1393 688 1412 esse
699 1384 815 1411 fateare?

136 1425 206 1451 XVI.
224 1426 267 1451 45.
289 1424 355 1451 Mihi
371 1424 534 1459 cuiusquam
551 1424 625 1450 salus
642 1424 706 1450 tanti
723 1422 831 1453 fuisset,
851 1427 879 1449 ut

79 1471 166 1490 meam
177 1461 359 1498 negligerem?
380 1470 427 1496 per
443 1470 485 1487 me
500 1469 549 1497 ego
566 1463 703 1487 veritatem
720 1459 877 1495 patefactam

78 1501 287 1527 contaminarem
299 1499 390 1534 aliquo
404 1498 562 1525 mendacio‘.>
580 1507 746 1534 quemquam
762 1498 879 1532 denique
900 1528 901 1538 γ

79 1546 128 1574 ego
144 1538 279 1569 iuvarem,
296 1545 310 1563 a
325 1545 380 1572 quo
395 1541 421 1563 et
431 1536 555 1562 crudeles
566 1536 680 1563 insidias
691 1537 718 1562 in
730 1535 880 1570 rempubli-

78 1584 137 1603 cam
154 1574 250 1606 tactas,
267 1579 293 1601 et
307 1575 335 1601 in
351 1583 394 1601 me
409 1574 582 1609 potissimum
598 1574 737 1601 consulem
748 1574 880 1599 constitu-

79 1618 119 1641 tas
131 1611 272 1648 putarem?
291 1612 368 1645 Quod
379 1613 403 1639 si
415 1613 468 1638 iam
479 1621 567 1638 essem
578 1612 680 1639 oblitus
691 1611 844 1638 severitatis
855 1614 879 1636 et

78 1651 241 1678 constantiae
251 1658 340 1681 meae,
357 1654 446 1677 tamne
457 1658 549 1676 amens
559 1659 640 1681 eram,
653 1654 692 1681 ut,
709 1658 795 1685 quum
809 1648 880 1675 litte-

79 1697 122 1716 rae
133 1688 295 1723 posteritatis
305 1696 399 1714 caussa
410 1692 530 1722 repertae
540 1688 604 1719 sint,
616 1695 686 1723 quae
697 1687 820 1714 subsidio
830 1686 879 1713 ob-

79 1725 173 1753 livioni
184 1733 244 1752 esse
255 1729 374 1760 possent,
382 1734 432 1761 ego
441 1729 574 1752 recentem
586 1730 707 1760 putarem
720 1724 877 1751 memoriam
899 1730 901 1757 ζ

78 1763 166 1790 cuncti
179 1768 288 1790 senatus
298 1763 490 1790 commentario
501 1771 560 1789 meo
571 1771 650 1798 posse
664 1762 806 1798 superari?
835 1763 875 1788 46.

78 1801 145 1828 Fero
155 1809 205 1837 ego
215 1805 253 1832 te,
271 1801 417 1836 Torquate,
435 1800 609 1832 iamdudum,
625 1800 692 1832 fero,
706 1805 732 1827 et
743 1808 878 1827 nonnum—

77 1846 160 1874 quam
171 1838 306 1870 animum,
328 1839 468 1864 incitatum
484 1838 518 1864 ad
534 1837 715 1865 ulciscendam
731 1839 877 1865 orationem

78 1880 162 1907 tuam,
170 1883 266 1902 revoco
275 1876 335 1910 ipse
346 1879 372 1902 et
383 1875 496 1902 reflecto.
518 1875 645 1902 Permitto
655 1876 758 1911 aliquid
770 1877 878 1903 iracun-

77 1913 137 1940 diae
148 1917 222 1945 tuae,
236 1913 270 1940 do
281 1912 484 1944 adolescentiae,
497 1913 563 1940 cedo
574 1914 716 1944 amicitiae,
731 1913 820 1940 tribuo
830 1922 879 1948 pa-

78 1951 157 1978 renti.
179 1950 242 1982 Sed,
251 1950 302 1976 nisi
315 1950 363 1977 tihi
374 1950 492 1985 aliquem
504 1950 614 1977 modum
627 1955 683 1977 tute
693 1951 875 1982 constitueris,

77 1996 157 2024 coges
167 1987 281 2015 oblitum
293 1995 336 2014 me
347 1992 452 2014 nostrae
466 1988 612 2020 amicitiae,
636 1988 733 2015 habere
748 1989 877 2016 rationem

77 2033 153 2052 meae
168 2024 317 2061 dignitatis.
357 2025 442 2052 Nemo
456 2033 586 2060 umquam
602 2034 645 2052 me
661 2026 819 2053 tenuissima
830 2035 879 2053 su-

77 2063 198 2098 spicione
209 2062 379 2097 perstrinxit,
396 2070 478 2097 quem
494 2071 546 2089 non
563 2062 724 2098 perculerim
735 2072 766 2090 ac
777 2063 879 2099 perfre-

77 2101 174 2137 gerim.
200 2099 254 2126 Sed
266 2099 333 2126 mihi
344 2099 394 2126 hoc
404 2099 498 2126 credas
509 2099 605 2127 velim:
619 2109 671 2127 non
683 2101 717 2127 iis
731 2100 879 2128 libentissi-

78 2145 122 2165 me
133 2137 207 2165 soleo
217 2136 386 2172 respondere,
399 2145 467 2172 quos
479 2137 545 2164 mihi
558 2137 650 2165 videor
661 2137 788 2165 facillime
799 2147 878 2174 posse

77 2183 215 2211 superare.
238 2175 338 2206 47.Tu,
351 2175 478 2209 quoniam
491 2175 602 2202 minime
613 2176 721 2211 ignoras
732 2181 879 2203 consuetu-

77 2213 168 2240 dinem
189 2211 297 2239 dicendi
318 2220 404 2238 meam
413 2233 419 2243 ,
444 2211 499 2238 noli
523 2212 573 2239 hac
591 2221 659 2239 nova
680 2212 788 2240 lenitate
802 2214 876 2241 abuti

78 2258 151 2277 mea:
172 2249 227 2277 noli
239 2249 346 2276 aculeos
357 2250 484 2276 orationis
497 2258 584 2281 meae,
602 2250 650 2285 qui
661 2251 790 2278 reconditi
802 2256 875 2283 sunt.

78 2295 208 2315 excussos
223 2287 360 2314 arbitrari:
382 2286 437 2313 noli
452 2286 481 2313 id
497 2291 590 2321 putare
605 2288 715 2315 omnino
729 2297 743 2315 a
760 2297 803 2315 mo
817 2297 878 2316 esse

78 2325 222 2356 amissum,
236 2325 259 2351 si
271 2324 338 2360 quid
349 2328 390 2350 est
400 2324 448 2351 tibi
461 2324 604 2351 remissum
616 2329 696 2360 atque
706 2334 875 2353 concessum.

77 2361 167 2395 Quum
178 2362 240 2389 illae
251 2362 341 2389 valent
351 2361 423 2397 apud
435 2369 478 2388 me
488 2363 674 2389 excusationes
684 2363 798 2390 iniuriae
805 2369 875 2395 tuae,

78 2399 162 2427 iratus
172 2400 280 2427 animus
293 2404 369 2430 tuus,
386 2404 471 2429 aetas,
488 2399 605 2426 amicitia
616 2404 718 2427 nostra:
741 2405 798 2427 tum
811 2410 878 2428 non-

79 2435 144 2464 dum
157 2441 246 2464 statuo
260 2441 285 2464 te
301 2437 400 2464 virium
416 2437 482 2463 satis
498 2436 609 2468 habere,
633 2442 663 2464 ut
673 2446 723 2473 ego
734 2442 822 2465 tecum
836 2438 878 2465 lu—

78 2474 142 2502 curi
151 2478 179 2502 et
187 2474 313 2511 congredi
324 2474 447 2501 debeam.
473 2473 550 2506 Quod
561 2474 584 2501 si
596 2483 670 2501 esses
679 2483 731 2501 usu
743 2480 823 2511 atque
834 2484 879 2502 ae-

79 2515 131 2539 tate
141 2511 288 2539 robustior:
310 2520 397 2539 essem
409 2511 481 2538 idem
490 2532 496 2543 ,
508 2512 556 2547 qui
567 2512 653 2543 soleo,
666 2521 752 2548 quum
764 2521 826 2540 sum
839 2512 878 2540 la-

78 2549 207 2576 cessitus:
220 2557 293 2576 nunc
304 2554 392 2576 tecum
404 2549 443 2576 sic
455 2558 542 2585 agam,
556 2549 652 2576 tulisse
663 2554 692 2576 ut
703 2551 793 2584 potius
804 2551 878 2578 iniu-

78 2586 159 2618 riam.
175 2594 258 2622 quam
269 2586 394 2614 retulisse
404 2587 517 2623 gratiam
529 2587 630 2614 videar.
661 2587 743 2614 xvu.
761 2589 802 2615 ⁴8.
824 2589 878 2615 Ne—

78 2630 132 2659 que
142 2631 213 2656 vero,
228 2624 296 2660 quid
307 2624 374 2651 mihi
385 2625 508 2656 irascare,
521 2624 671 2661 intelligere
681 2633 804 2660 possum.
836 2625 875 2658 Si,

77 2660 151 2696 quod
160 2669 223 2688 eum
234 2661 361 2694 defendo,
373 2670 456 2698 quem
467 2666 497 2689 tu
508 2670 633 2689 accusas:
649 2671 698 2689 cur
708 2663 757 2690 tibi
768 2671 877 2699 quoque

78 2697 137 2733 ipse
147 2707 200 2726 non
209 2707 369 2732 succenseo,
386 2699 436 2735 qui
445 2707 557 2727 accuses
572 2708 650 2733 eum,
666 2708 748 2736 quem
765 2709 816 2738 ogo
829 2701 878 2729 de-

1200 153 1229 178 {2
1250 168 1286 171 —
1308 154 1348 178 18.
1676 154 1723 180 447

929 222 1026 249 fendo‘?
1040 223 1192 253 Inimicum,
1205 223 1311 258 inquis,
1325 231 1420 250 accuso
1432 231 1532 249 meum.
1564 223 1597 250 Et
1607 224 1724 250 amicum

928 269 978 296 ego
988 259 1103 286 defendo
1113 269 1215 287 meum.
1256 261 1313 287 Non
1325 260 1407 286 debes
1420 265 1507 286 tamen
1518 269 1682 296 quemquam
1700 262 1725 287 in

928 298 1120 324 coniurationis
1131 298 1287 333 quaestione
1302 298 1453 324 defendere.
1485 298 1570 324 Immo
1582 307 1660 324 nemo
1670 307 1727 324 rna-

928 336 971 370 gis
982 344 1058 366 eum,
1075 335 1108 362 de
1119 344 1173 370 quo
1184 335 1251 362 nihil
1264 340 1303 362 est
1314 344 1443 371 umquam
1460 336 1627 370 suspicatus,
1645 344 1727 370 quam

929 373 966 403 is,
983 373 1031 407 qui
1046 372 1079 399 de
1094 373 1154 399 aliis
1166 372 1250 399 multa
1261 374 1397 409 cogitavit.
1438 373 1492 400 Cur
1502 373 1596 399 dixisti
1607 374 1728 399 testimo-

930 410 1006 435 nium
1017 410 1045 436 in
1057 409 1142 437 alios?
1152 410 1219 442 Quia
1230 415 1347 437 coactus.
1370 410 1424 437 Cur
1433 410 1552 437 damnati
1564 410 1646 437 sunt?
1660 410 1728 443 Quia

929 447 1061 473 creditum
1071 452 1120 474 est.
1160 449 1284 483 Regnum
1295 453 1349 479 est,
1367 448 1455 474 dicere
1466 449 1494 474 in
1505 456 1587 483 quem
1598 448 1680 479 velis,
1699 456 1728 474 ac

929 484 1072 511 defendere
1082 494 1164 520 quem
1176 486 1253 512 velis.
1288 486 1372 512 Immo
1383 486 1500 512 servitus
1512 490 1560 516 est,
1577 494 1629 512 non
1640 486 1729 512 dicere

929 522 956 547 in
970 531 1052 556 quem
1064 523 1141 553 velis,
1154 531 1203 549 nec
1214 522 1356 549 defendere
1366 532 1448 558 quem
1461 523 1537 549 velis.
1572 523 1618 554 Ac,
1631 523 1655 549 si
1665 532 1729 549 con-

930 559 1046 585 siderare
1057 560 1190 594 coeperis,
1208 565 1298 586 utrum
1312 562 1396 596 magis
1408 561 1475 587 milii
1488 561 1537 587 hoc
1549 569 1658 587 necesse
1670 560 1729 586 fue-

930 597 964 622 rit
975 596 1070 628 facere,
1083 606 1115 623 an
1128 597 1200 623 istud
1212 598 1274 623 tibi:
1291 598 1436 633 intelliges,
1450 598 1589 624 honestius
1601 603 1626 624 te
1637 598 1729 624 inimi-

929 635 1053 660 citiarum
1064 635 1176 661 modum
1188 640 1302 661 statuere
1314 636 1443 670 potuisse,
1456 644 1538 670 quam
1550 644 1592 662 me
1604 636 1730 662 humani-

930 673 1001 697 tatis.
1034 673 1074 698 49.
1092 673 1125 698 At
1137 681 1199 699 vero
1209 681 1295 707 quum
1308 673 1391 699 honos
1402 673 1530 709 agebatur
1540 673 1729 708 amplissimus

930 709 1048 735 familiae
1059 714 1175 741 vestrae,
1193 710 1242 736 hoc
1258 715 1299 736 est
1313 710 1470 736 consulatus
1487 712 1603 745 parentis
1621 711 1673 742 tui,
1686 719 1729 737 sa-

930 747 1118 781 pientissimus
1133 748 1175 773 vir
1190 747 1409 774 familiarissimis
1424 749 1482 774 suis
1503 758 1554 774 non
1574 749 1730 774 succensuit

930 789 1005 818 pater
1014 788 1092 815 tuus,
1109 793 1194 820 quum
1205 785 1308 811 Sullam
1325 790 1350 811 et
1360 785 1532 812 defenderent
1543 790 1568 812 et
1581 786 1727 812 laudarent.

930 821 1112 857 intelligebat,
1130 822 1198 848 hanc
1209 822 1286 849 nobis
1296 832 1310 849 a
1322 823 1470 849 maioribus
1481 831 1542 849 esse
1554 823 1675 849 traditam
1688 823 1730 849 di-

931 858 1088 893 sciplinam,
1104 864 1134 885 ut
1144 860 1248 886 nullius
1260 861 1376 886 amicitia
1387 860 1419 886 ad
1432 860 1612 895 propulsanda
1624 862 1730 895 pericu-

932 896 955 922 la
966 897 1171 932 impediremur.
1202 898 1236 924 Et
1246 903 1301 924 erat
1313 898 1376 924 huic
1387 898 1487 924 iudicio
1499 897 1575 933 longe
1587 898 1729 924 dissimilis

930 934 976 960 illa
987 935 1134 961 contentio:
1157 939 1224 966 tum,
1238 935 1334 962 afflicto
1345 936 1374 962 P.
1387 935 1472 966 Sulla,
1485 935 1641 962 consulatus
1653 936 1729 962 vobis

931 972 1096 1007 pariebatur,
1114 973 1194 999 sicuti
1211 978 1303 1008 partus
1319 977 1372 1000 est:
1391 974 1499 1000 honoris
1514 978 1569 999 erat
1580 978 1728 1000 certamen:

931 1014 1052 1044 ereptum
1064 1015 1182 1045 repetere
1194 1020 1241 1037 vos
1253 1010 1439 1042 clamitabatis,
1457 1016 1495 1041 ut,
1512 1011 1575 1037 victi
1587 1012 1613 1037 in
1625 1019 1728 1045 camp0,

931 1047 958 1073 in
971 1047 1027 1074 foro
1037 1048 1189 1075 vinceretis.
1230 1049 1299 1075 Tum
1313 1050 1361 1083 qui
1372 1054 1461 1076 contra
1474 1058 1521 1075 vos
1533 1057 1581 1084 pro
1594 1049 1676 1075 huius
1687 1057 1730 1074 sa·

932 1084 987 1111 lute
998 1085 1164 1121 pugnabant,
1177 1086 1336 1113 amicissimi
1348 1087 1443 1117 vestri,
1456 1087 1558 1122 quibus
1570 1095 1621 1113 non
1633 1087 1731 1112 irasce-

931 1123 1047 1153 bamini,
1063 1123 1233 1150 consulatum
1249 1124 1327 1150 vobis
1342 1124 1504 1159 eripiebant,
1527 1124 1620 1150 honori
1641 1129 1731 1150 vestro

931 1161 1125 1196 repugnabant,
1139 1165 1262 1188 ettamen
1274 1162 1301 1188 id
1313 1162 1439 1188 inviolata
1451 1166 1538 1188 vestra
1550 1162 1675 1193 amicitia,
1689 1162 1731 1187 in-

931 1202 1004 1234 tegro
1018 1198 1120 1229 officio,
1142 1200 1225 1226 veteri
1241 1199 1378 1234 exemplo,
1401 1204 1480 1235 atque
1494 1200 1617 1226 instituto
1636 1199 1730 1234 optimi

931 1237 1064 1271 cuiusque
1076 1236 1217 1263 faciebant.
1239 1237 1384 1264 XV111.50.
1398 1237 1454 1273 Ego
1466 1246 1528 1264 vero
1539 1237 1641 1272 quibus
1652 1245 1731 1263 orna-

931 1274 1029 1300 mentis
1045 1273 1171 1300 adversor
1187 1274 1260 1301 tuis‘?
1279 1279 1325 1301 aut
1339 1275 1384 1301 cui
1400 1275 1523 1311 dignitati
1536 1279 1639 1301 vestrae
1650 1283 1731 1309 repu-

930 1310 1001 1346 gno?
1011 1311 1082 1343 Quid
1093 1316 1141 1342 est,
1150 1312 1223 1347 quod
1234 1312 1287 1338 iam
1299 1312 1331 1338 ab
1344 1312 1392 1339 hoc
1402 1311 1530 1347 expetas?
1540 1313 1628 1339 Honor
1639 1312 1671 1338 ad
1684 1321 1732 1347 pa-

931 1353 1011 1379 trem,
1029 1349 1145 1384 insignia
1158 1350 1266 1376 honoris
1277 1350 1310 1376 ad
1322 1354 1347 1376 te
1357 1350 1443 1376 delata
1455 1354 1528 1376 suut.
1570 1350 1609 1376 Tu
1621 1354 1730 1376 ornatus

930 1387 1037 1412 exuviis
1050 1386 1140 1418 huius,
1155 1387 1231 1413 venis
1243 1387 1277 1413 ad
1287 1396 1349 1413 eum
1362 1387 1542 1418 lacerandum,
1555 1396 1636 1422 quem
1649 1387 1731 1413 inter-

930 1424 1034 1450 emisti:
1057 1432 1108 1459 ego
1123 1425 1254 1451 iacentem
1269 1429 1295 1451 et
1309 1424 1455 1459 spoliatum
1471 1424 1586 1451 defendo
1601 1430 1627 1450 et
1643 1430 1731 1459 prote-

929 1469 973 1496 go.
1015 1462 1103 1496 Atque
1113 1461 1197 1488 hictu
1208 1466 1234 1488 et
1245 1462 1420 1497 reprehendis
1432 1471 1487 1493 me,
1501 1463 1564 1497 quia
1575 1461 1728 1493 defendam,

930 1503 956 1525 et
966 1499 1099 1525 irasceris.
1120 1499 1177 1535 Ego
1186 1503 1276 1526 autern
1288 1508 1339 1526 non
1353 1499 1431 1526 modo
1443 1500 1490 1526 tibi
1503 1508 1554 1526 non
1567 1500 1673 1530 irascor,
1682 1499 1729 1526 sed

931 1544 964 1562 ne
975 1536 1141 1570 reprehendo
1152 1536 1262 1571 quidem
1276 1536 1375 1563 factum
1387 1542 1474 1564 tuum.
1506 1537 1542 1563 Te
1553 1538 1624 1563 enim
1637 1538 1731 1563 existi·-

931 1582 975 1600 mo
995 1574 1043 1600 tibi
1065 1575 1205 1605 statuisse,
1227 1574 1294 1609 quid
1311 1574 1463 1601 faciendum
1481 1580 1601 1609 putares,
1624 1579 1649 1601 et
1664 1575 1730 1602 satis

930 1611 1057 1637 idoneum
1073 1611 1153 1638 officii
1168 1611 1286 1638 iudicem
1298 1613 1431 1647 posuisse.
1473 1613 1514 1638 5¹.
1537 1613 1570 1638 At
1581 1617 1688 1639 accusat
1699 1612 1728 1639 C.

931 1648 1047 1675 Cornelii
1059 1649 1146 1679 filius,
1161 1649 1287 1684 idemque
1300 1649 1386 1676 valere
1397 1649 1486 1681 debet,
1499 1658 1529 1676 ac
1540 1651 1562 1676 si
1575 1655 1648 1684 pater
1660 1650 1731 1677 indi-

930 1691 1010 1713 caret.
1051 1686 1073 1713 Ο
1094 1691 1195 1721 patrem
1217 1686 1371 1714 Cornelium
1392 1688 1555 1722 sapientem!
1578 1688 1634 1722 qui,
1657 1687 1730 1723 quod

930 1724 1043 1759 praemii
1054 1723 1122 1751 solet
1133 1733 1191 1751 esse
1203 1725 1229 1751 in
1242 1725 1350 1756 indicio,
1364 1724 1516 1760 reliquerit:
1529 1725 1601 1760 quod
1614 1725 1731 1760 turpitu-

929 1762 1002 1789 dinis
1017 1764 1044 1789 in
1059 1761 1242 1794 confessione,
1265 1762 1292 1789 id
1309 1770 1356 1797 per
1370 1763 1566 1789 accusationem
1579 1762 1626 1789 filii
1638 1771 1731 1789 susce-

929 1801 1008 1836 perit.
1049 1800 1102 1827 Sed
1113 1800 1181 1835 quid
1192 1805 1233 1827 est
1244 1800 1364 1831 tandem,
1381 1800 1454 1835 quod
1470 1800 1569 1826 indicat
1585 1809 1632 1835 per
1648 1800 1730 1827 istum

930 1846 1045 1873 puerum
1061 1837 1221 1864 Cornelius?
1241 1837 1270 1865 Si
1285 1843 1326 1864 est
1341 1846 1435 1864 caussa
1452 1838 1519 1864 mihi
1541 1838 1644 1873 ignota,
1667 1847 1730 1864 cum

929 1876 1070 1902 Hortensio
1079 1876 1275 1902 communicata
1284 1896 1290 1906 ,
1303 1875 1463 1910 respondeat
1474 1876 1641 1902 Hortensius.
1682 1876 1730 1902 Sin

930 1918 958 1940 tu
970 1914 1010 1940 ais
1021 1912 1099 1940 illum
1111 1913 1266 1940 comitatum
1279 1913 1401 1940 Autronii
1413 1918 1438 1939 et
1448 1913 1591 1944 Catilinae,
1605 1922 1690 1948 quum
1703 1913 1730 1940 in

929 1959 1037 1986 campo,
1050 1950 1239 1977 consularibus
1249 1951 1380 1982 comitiis,
1393 1959 1463 1986 quae
1473 1960 1487 1977 a
1500 1959 1542 1977 me
1555 1950 1644 1978 habita
1655 1956 1727 1981 sunt,

929 1989 1038 2015 caedem
1054 1988 1140 2015 facere
1156 1988 1314 2015 voluerunt:
1337 1988 1497 2015 Autronium
1515 1994 1571 2014 tum
1588 1989 1614 2015 in
1636 1997 1731 2023 campo

930 2025 1064 2053 vidimus:
1087 2030 1113 2052 et
1127 2025 1194 2061 quid
1210 2026 1281 2057 dixi,
1300 2025 1402 2052 vidisse
1416 2025 1483 2052 nos‘?
1502 2026 1559 2062 Ego
1570 2025 1636 2052 vidi.
1678 2026 1730 2053 Vos

929 2064 1002 2090 enim
1014 2068 1081 2095 tum,
1094 2063 1208 2094 iudices,
1223 2063 1290 2090 nihil
1304 2063 1463 2090 laborabatis
1475 2072 1562 2098 neque
1573 2063 1731 2098 suspicaba-

930 2101 1011 2128 mini:
1029 2109 1087 2137 ego,
1101 2105 1187 2128 tectus
1199 2101 1333 2136 praesidio
1344 2101 1420 2127 firmo
1431 2101 1587 2132 amicorum,
1601 2101 1731 2128 Catilinae

930 2143 987 2166 tum
999 2143 1025 2165 et
1035 2139 1158 2166 Autronii
1168 2139 1260 2173 copias
1270 2143 1296 2165 et
1306 2143 1430 2165 conatum
1442 2139 1568 2173 repressi.
1600 2140 1642 2165 52.
1659 2139 1729 2165 Num

929 2176 993 2211 quis
1008 2181 1049 2203 est
1062 2176 1159 2212 igitur,
1182 2176 1230 2211 qui
1247 2181 1304 2202 tum
1320 2176 1391 2202 dicat
1406 2176 1432 2202 in
1449 2184 1574 2211 campum
1596 2177 1730 2211 aspirasse

929 2213 1054 2240 Sullam?
1073 2214 1154 2249 Atqui
1166 2214 1189 2239 si
1202 2218 1259 2239 tum
1271 2222 1300 2239 se
1311 2222 1372 2239 cum
1385 2213 1497 2240 Catilina
1509 2214 1634 2240 societate
1645 2213 1730 2239 scele-

929 2251 967 2277 ris
977 2251 1161 2282 coniunxerat,
1174 2259 1223 2277 cur
1233 2251 1266 2277 ab
1277 2259 1308 2277 eo
1319 2250 1491 2277 discedebat?
1501 2259 1549 2277 cur
1559 2259 1621 2277 cum
1633 2251 1730 2277 Autro—

930 2288 975 2315 nio
985 2297 1036 2315 non
1049 2288 1122 2315 erat?
1141 2296 1190 2314 cur
1200 2288 1227 2314 in
1240 2288 1296 2322 pari
1308 2296 1402 2314 caussa
1415 2296 1466 2314 non
1479 2288 1551 2322 paria
1563 2288 1641 2323 signa
1654 2296 1730 2322 repe-

930 2326 1038 2352 riuntur
1051 2325 1192 2352 criminis?
1211 2324 1264 2351 Sed
1279 2325 1408 2360 quoniam
1420 2325 1560 2352 Cornelius
1577 2325 1634 2359 ipso
1649 2326 1728 2351 etiam

930 2371 1001 2389 nunc
1012 2362 1046 2389 de
1056 2362 1201 2389 indicando
1211 2362 1330 2393 dubitat,
1344 2367 1373 2388 ut
1383 2362 1486 2393 dicitis,
1505 2361 1630 2388 informat
1641 2362 1730 2389 adhuc

929 2400 1118 2427 adumbratum
1131 2399 1261 2427 indicium
1274 2399 1336 2426 lilii:
1357 2399 1425 2434 quid
1437 2399 1542 2426 tamdem
1554 2399 1587 2425 de
1598 2399 1643 2426 illa
1654 2405 1730 2427 nocto

928 2437 1007 2468 dicit,
1024 2446 1110 2473 quum
1126 2438 1196 2464 inter
1211 2436 1332 2463 falcarios
1347 2437 1380 2463 ad
1396 2437 1431 2463 M.
1449 2437 1573 2467 Laecam,
1597 2442 1672 2464 nocte
1687 2446 1727 2469 ea,

928 2483 998 2510 quae
1009 2479 1151 2502 consecuta
1162 2480 1203 2501 est
1215 2479 1350 2509 posterum
1362 2474 1434 2500 diem
1447 2475 1583 2501 Nonarum
1596 2475 1727 2501 Novemb.

929 2521 972 2539 me
985 2512 1110 2544 consule,
1132 2512 1262 2540 Catilinae
1277 2512 1477 2538 denuntiatione
1497 2511 1640 2539 convenit?
1659 2521 1728 2548 quae

929 2559 981 2578 nox
992 2550 1113 2578 omnium
1125 2555 1276 2586 temporum
1288 2549 1479 2576 coniurationis
1490 2550 1617 2577 acerrima
1630 2549 1680 2577 fuit
1689 2555 1729 2577 et-

928 2597 982 2624 que
997 2588 1180 2615 acerbissima.
1222 2587 1291 2613 Tum
1307 2587 1436 2614 Catilinae
1446 2587 1505 2614 dics
1520 2587 1651 2619 exeundi,
1669 2593 1727 2614 tum

927 2626 1023 2653 ceteris
1035 2625 1159 2653 manendi
1171 2625 1296 2655 conditio,
1309 2629 1366 2651 tum
1378 2624 1522 2660 descriptio
1533 2630 1613 2652 totam
1626 2634 1672 2661 per
1679 2625 1729 2652 Ur-

928 2664 990 2690 bem
1010 2664 1100 2691 cacdis
1120 2668 1200 2698 atque
1220 2662 1406 2690 incendiorum
1427 2664 1571 2690 constituta
1586 2668 1640 2689 est:
1664 2668 1727 2689 tunc

929 2705 992 2729 tuus
1004 2706 1091 2738 pater,
1109 2700 1228 2733 Corneli,
1245 2700 1273 2727 id
1286 2700 1359 2736 quod
1371 2701 1477 2728 tandem
1489 2700 1634 2736 aliquando
1644 2700 1727 2727 conti-
