1941 3052
534 121 584 147 DE
617 121 815 147 LEGIBUS
845 121 926 147 LIB.

77 192 222 223 dederunt,
237 195 306 218 recte
317 196 357 218 est
369 191 484 217 laudata.
524 191 572 218 Est
582 192 654 217 enim
667 192 733 218 ratio
744 200 875 226 mensque

77 230 208 265 sapientis
219 229 253 255 ad
265 229 414 255 iubendum
426 233 452 254 et
462 228 495 254 ad
506 228 696 255 deterrendum
708 229 812 255 idonea.
849 230 874 255 9.

78 267 109 300 Q.
126 266 275 301 Aliquoties
291 266 345 292 iam
361 267 410 292 iste
427 265 501 292 locus
515 275 528 292 a
545 271 568 292 te
586 271 670 292 tactus
681 271 734 293 est:
757 266 804 292 sed
816 271 875 292 ante

77 313 160 340 quam
171 303 203 330 ad
216 303 360 338 populares
373 303 444 339 leges
460 304 567 334 venias,
587 304 641 330 vini
658 304 737 330 istius
753 303 875 329 caelestis

79 341 147 377 legis
157 341 285 375 explana,
303 341 327 367 si
344 340 443 375 placet:
466 349 498 367 ne
510 346 599 367 aestus
612 350 659 367 nos
671 341 876 367 consuetudinis
897 358 898 363 .

78 378 219 406 absorbeat
229 383 254 404 et
265 378 298 404 ad
310 379 441 405 sermonis
454 387 554 404 morem
565 379 657 404 usitati
669 379 764 404 trahat.
805 379 840 404 M.
853 379 875 404 A

78 417 170 451 parvis
185 417 271 446 enim,
294 415 406 448 Quinte,
424 415 586 446 didicimus,
609 425 632 441 st
652 425 680 441 111
701 425 746 442 ius
768 424 874 446 vocar,

78 458 158 488 atque
169 452 303 479 eiusmodi
315 453 380 479 alias
394 453 465 488 leges
477 454 624 479 nominare.
659 452 711 479 Sed
724 461 786 479 vero
798 452 877 479 intel-

78 490 127 526 ligi
144 491 183 517 sic
199 495 314 525 oportet,
338 495 363 516 et
377 490 427 517 hoc
443 495 469 517 et
481 490 533 516 alia
545 491 618 516 iussa
630 498 660 516 ac
671 491 751 516 vetita
763 489 878 524 populo-

78 537 138 555 rum
150 529 206 555 vim
219 536 271 554 non
282 527 380 554 habere
392 527 424 554 ad
436 532 504 554 recte
517 527 584 554 sacta
596 527 710 554 vocandi
721 532 747 554 et
757 536 771 553 a
783 536 878 562 pecca-

77 566 112 593 tis
123 565 267 592 avocandi:
289 573 358 600 quae
370 566 412 591 vis
424 574 476 591 non
488 565 567 591 modo
578 566 667 591 senior
678 569 726 594 est,
740 573 821 599 quam
833 573 878 590 ae·-

78 607 117 630 tas
128 603 290 638 populorum
301 607 326 628 et
337 603 486 633 civitatum,
495 602 542 628 sed
554 602 675 637 aequalis
687 601 762 628 illius
773 602 877 628 caelum

78 645 157 676 atque
169 645 251 666 terras
263 640 363 666 tuentis
377 644 403 666 et
414 641 530 675 regentis
542 639 595 665 dei.

136 679 175 703 10.
196 678 290 711 Neque
302 678 374 703 enim
386 686 445 703 esse
457 686 533 703 mens
544 676 637 703 divina
648 677 706 702 sine
718 676 818 702 ratione
830 684 878 710 po-

79 719 137 746 test⁷
151 723 200 741 nec
211 716 277 740 ratio
288 714 381 741 divina
393 724 445 740 non
453 714 521 740 hanc
532 715 588 740 vim
601 714 627 740 in
640 714 719 740 rectis
731 713 877 748 pravisque

77 752 232 779 sanciendis
245 752 357 784 habere3
374 760 432 782 nec,
446 752 509 787 quia
522 760 657 786 nusquam
668 755 724 777 erat
733 751 875 784 scriptum,

79 794 208 816 utcontra
219 798 312 816 omnes
323 789 441 816 hostium
453 790 544 823 copias
556 790 583 815 in
595 793 674 823 ponte
686 796 757 814 unus
768 788 878 813 assiste-

78 831 117 854 ret
127 836 141 853 a
154 832 281 862 tergoque
293 831 400 861 pontem
413 826 571 852 interscindi
583 825 696 856 iuberet,
713 825 813 851 idcirco
826 825 878 850 mi-

78 873 130 891 nus
146 864 274 891 Coclitem
291 864 369 890 illum
385 873 441 890 rem
456 864 574 898 gessisse
590 868 690 889 tantam
712 862 877 888 fortitudinis

79 902 138 937 lege
149 907 229 936 atque
244 902 356 936 imperio
368 901 539 935 putabimus:
563 909 625 931 nec,
639 901 661 926 si
674 904 801 935 regnante
813 900 878 925 Tar-

78 940 172 974 quinio
184 938 257 965 nulla
269 943 324 965 erat
335 939 432 964 Romae
443 939 541 972 scripta
555 937 598 964 lex
609 937 642 963 de
653 938 764 972 stupris,
778 936 878 963 idcireo

78 985 131 1003 non
142 981 232 1002 contra
244 975 317 1002 illam
331 975 417 1011 legem
434 976 626 1010 sempiternam
638 975 700 1001 Sex.
713 975 878 1009 Tarquinius

78 1014 135 1040 vim
146 1014 297 1044 Lucretiae,
316 1013 469 1048 Tricipitini
486 1013 570 1043 filiae,
589 1011 686 1038 attulit.
726 1012 790 1038 Erat
805 1012 877 1038 enim

79 1052 144 1078 ratio
155 1050 271 1085 profecta
283 1060 296 1077 a
313 1059 402 1077 rerum
419 1055 527 1081 natura,
550 1054 575 1077 et
590 1049 623 1076 ad
638 1054 707 1076 recte
724 1049 877 1075 faciendum

78 1088 221 1123 impellens
234 1093 258 1114 et
270 1097 283 1114 a
295 1088 392 1114 delicto
404 1096 533 1114 avocans:
547 1096 615 1122 quae
627 1096 679 1114 non
691 1091 746 1113 tum
759 1087 878 1121 denique

78 1126 175 1161 incipit
186 1126 230 1152 lex
241 1134 309 1157 esse,
322 1134 408 1160 quum
420 1126 519 1160 scripta
531 1130 579 1156 est,
598 1124 645 1151 sed
658 1129 724 1155 tum,
738 1133 823 1159 quum
834 1133 878 1150 or·-

78 1169 103 1190 ta
124 1168 173 1190 est.
215 1163 276 1190 Orta
299 1168 339 1189 est
364 1167 453 1189 autem
474 1162 557 1188 simul
581 1171 643 1188 cum
664 1166 751 1188 mente
772 1161 876 1187 divina.

78 1200 258 1233 Quamobrem
276 1200 319 1227 lex
335 1209 396 1226 vera
413 1205 492 1235 atque
508 1200 634 1234 princeps
651 1204 710 1234 apta
727 1199 759 1225 ad
780 1199 878 1225 iuben-

78 1238 144 1265 dum
156 1243 181 1265 et
192 1238 225 1264 ad
236 1237 382 1264 vetandum
395 1238 460 1264 ratio
471 1242 511 1263 est
522 1242 591 1264 recta
603 1237 704 1263 summi
716 1237 796 1263 Iovis.

134 1276 166 1302 V.
191 1277 230 1302 11.
253 1276 284 1308 Q.
301 1276 452 1306 Assentior,
467 1274 559 1305 frater,
574 1279 616 1305 ut,
630 1274 702 1309 quod
714 1279 754 1300 est
765 1279 876 1305 rectum,

80 1322 173 1340 verum
188 1321 297 1348 quoque
313 1314 360 1343 sit,
385 1321 472 1347 neque
488 1321 550 1338 cum
568 1312 676 1343 litteris,
694 1312 796 1346 quibus
812 1313 878 1337 scita

78 1351 248 1382 scribuntur,
266 1351 423 1377 autoriatur
434 1355 479 1376 aut
492 1349 606 1376 occidat.
647 1350 683 1376 M.
703 1350 773 1384 Ergo
789 1354 818 1375 ut
833 1348 878 1374 illa

77 1388 171 1415 divina
187 1396 262 1414 mens
278 1396 384 1413 summa
402 1387 445 1414 lex
461 1392 513 1418 est,
532 1388 610 1418 item,
628 1395 713 1421 quum
730 1387 757 1412 in
770 1386 878 1412 homine

77 1430 118 1452 est
129 1425 254 1460 perfecta,
268 1430 308 1452 est
320 1426 346 1451 in
359 1430 447 1451 mente
459 1425 599 1459 sapientis.
630 1424 703 1456 Quae
714 1429 778 1450 sunt
789 1428 878 1450 autem

78 1464 152 1490 varie
164 1467 189 1489 et
204 1463 237 1489 ad
254 1467 361 1497 tempus
376 1462 511 1497 descripta
527 1461 650 1497 populis,
673 1461 763 1487 favore
780 1462 876 1497 magis,

77 1509 159 1536 quam
172 1509 208 1532 re,
223 1500 314 1536 legum
326 1509 423 1526 nomen
435 1504 534 1526 tenent.
569 1499 683 1526 Omnem
694 1500 766 1525 enim
780 1499 876 1534 legem,

76 1546 146 1573 quae
158 1537 269 1573 quidem
286 1542 355 1564 recte
373 1537 416 1564 lex
427 1537 556 1572 appellari
568 1537 666 1571 possit,
681 1545 740 1563 esse
756 1536 879 1563 laudabi-

78 1575 140 1606 lem,
154 1575 321 1610 quibusdam
334 1574 433 1601 talibus
445 1575 612 1610 argumentis
624 1574 729 1601 docent.
771 1574 879 1600 Constat

77 1612 209 1648 profecto,
225 1612 258 1639 ad
275 1612 389 1639 salutem
405 1613 508 1638 civium
522 1613 718 1647 civitatumque
733 1611 879 1638 incolumi-

77 1656 158 1678 tatem
171 1652 310 1685 vitamque
322 1650 462 1676 hominum
475 1650 594 1685 quietam
606 1654 632 1676 et
644 1650 747 1675 beatam
756 1650 878 1676 inventas

76 1697 136 1715 esse
148 1688 235 1723 leges:
249 1696 358 1722 eosque,
367 1688 415 1722 qui
427 1688 546 1722 primum
558 1687 692 1713 eiusmodi
703 1687 769 1713 scita
781 1696 879 1713 sanxe-

77 1727 139 1756 rint,
148 1725 257 1760 populis
267 1725 428 1756 ostendisse,
437 1734 466 1751 ea
478 1734 507 1750 se
519 1725 666 1759 scripturos
676 1729 756 1759 atque
768 1724 876 1755 laturos,

76 1763 180 1799 quibus
196 1762 235 1789 illi
251 1763 343 1789 ascitis
358 1763 548 1797 susceptisque
566 1762 676 1788 honeste
692 1762 822 1796 beateque
837 1763 879 1788 vi-

78 1805 184 1827 verent:
202 1809 327 1835 quaeque
344 1800 378 1826 ita
396 1800 543 1834 composita
555 1804 701 1834 sanctaque
713 1804 816 1830 essent,
833 1808 878 1825 eas

78 1838 152 1874 leges
163 1837 290 1864 videlicet
302 1838 483 1864 nominarunt.
524 1838 629 1872 Exque
642 1836 757 1871 intelligi
769 1846 817 1871 par
828 1842 876 1868 est,

77 1884 136 1907 eos,
150 1875 198 1910 qui
210 1875 360 1910 perniciosa
372 1879 398 1901 et
409 1875 508 1901 iniusta
520 1874 628 1909 populis
641 1875 714 1900 iussa
726 1874 879 1909 descripse-

78 1914 139 1944 rint,
153 1921 239 1947 quum
249 1917 339 1938 contra
352 1912 476 1942 fecerint,
489 1920 570 1946 quam
583 1911 695 1946 polliciti
708 1911 878 1947 professique
899 1927 900 1934 .

77 1952 144 1981 sint,
167 1949 279 1985 quidvis
290 1949 380 1984 potius
395 1949 504 1979 tulisse,
528 1958 609 1984 quam
623 1948 708 1985 leges:
732 1954 761 1975 ut
772 1951 879 1984 perspi·
900 1953 901 1960 ¹

77 1996 159 2015 cuum
171 1996 230 2014 esse
242 1987 340 2022 possit,
359 1987 386 2013 in
402 1987 461 2020 ipso
477 1987 585 2012 nomine
601 1986 668 2021 legis
680 1987 878 2020 interpretando
900 2001 901 2009 1
1319 2019 1322 2021 .

899 2032 908 2051 11
931 2023 1241 2058 iureiuru11110?‹1iiaritae
1253 2023 1348 2049 salutis
1355 2024 1407 2049 sint
1420 2023 1556 2049 foederum
1569 2022 1730 2055 religiones?

77 2026 166 2053 inesse
182 2025 239 2051 vim
254 2029 280 2051 et
294 2025 454 2050 sententiam
472 2024 534 2049 iusti
551 2028 576 2050 et
593 2024 659 2049 iuris
676 2023 793 2058 legendi.
838 2026 876 2050 ⁴2.

77 2063 181 2096 Quaero
193 2062 276 2098 igitur
286 2071 299 2088 a
314 2066 347 2092 te,
361 2061 468 2093 Quinte,
485 2061 555 2087 sicut
568 2060 606 2086 illi
618 2060 717 2087 solent:
736 2062 794 2092 Quo
805 2061 828 2087 si
839 2062 879 2087 ei-

77 2102 147 2128 vitas
158 2104 258 2129 careat,
279 2099 313 2125 ob
324 2107 382 2125 eam
398 2099 484 2133 ipsam
498 2107 635 2129 caussam,
653 2098 725 2132 quod
738 2107 768 2124 eo
780 2103 876 2129 careat,

78 2147 125 2173 pro
137 2137 222 2164 nihilo
235 2136 357 2162 habenda
372 2137 420 2167 sit,
440 2135 466 2161 id
482 2141 556 2162 estne
573 2135 771 2162 nunu-randum
788 2137 814 2162 in
831 2136 879 2162 bo-

78 2175 138 2202 nis‘?
154 2174 186 2207 Q.
202 2174 240 2200 Ac
253 2174 379 2200 maximis
391 2173 513 2208 quidem.
554 2173 589 2199 M.
604 2174 672 2208 Lege
684 2178 772 2199 autem
785 2182 878 2199 carens

77 2213 174 2240 civitas
185 2220 254 2238 aune
265 2211 299 2237 ob
312 2211 338 2237 id
350 2211 441 2246 ipsum
455 2210 576 2237 habenda
590 2210 664 2237 nullo
680 2210 753 2237 loro?
786 2212 817 2242 Q.
834 2211 878 2236 ui-

77 2251 102 2277 ci
114 2250 190 2277 aliter
202 2258 253 2275 non
266 2253 361 2283 potest.
393 2248 429 2274 M.
447 2249 561 2274 Necesse
573 2253 613 2274 est
625 2248 716 2283 igitur,
731 2248 817 2283 legem
831 2248 879 2274 ha-
899 2252 900 2257 ¹

79 2288 136 2315 beri
149 2288 175 2313 in
188 2287 269 2313 rebus
280 2286 400 2320 optimis.
444 2287 483 2311 13.
500 2286 532 2317 Q.
546 2286 656 2311 Prorsus
668 2287 809 2312 assentior.
841 2286 876 2311 M.

77 2324 167 2358 Quid?
177 2324 249 2359 quod
262 2323 345 2350 multa
357 2323 516 2358 perniciose,
527 2322 609 2349 multa
617 2322 742 2357 pestifere
754 2324 877 2349 sciscun-

77 2363 157 2390 turin
170 2361 364 2397 populis,quae
377 2369 429 2387 non
443 2361 528 2395 magis
542 2360 608 2395 legis
621 2369 716 2386 nomen
729 2361 872 2395 attingunt,
898 2364 906 2374 '¹

77 2409 159 2436 quam
173 2400 197 2426 si
210 2399 324 2425 latrones
335 2398 424 2432 aliqua
437 2406 565 2423 consessu
577 2406 626 2423 suo
638 2398 795 2424 sanxerint?
810 2398 876 2423 Num

77 2446 164 2472 neque
177 2436 343 2463 medicorum
356 2441 494 2470 praet-epta
507 2434 561 2460 diri
574 2444 634 2461 vere
647 2436 759 2469 possint,
773 2435 796 2461 si
808 2443 877 2469 quae

77 2475 156 2501 inscii
173 2474 347 2509 imperitique
364 2482 411 2507 pro
427 2472 591 2498 salutaribus
608 2471 743 2498 mortifera
758 2473 877 2498 conseri-

76 2512 192 2547 pserint,
215 2519 302 2546 neque
319 2511 344 2536 in
362 2509 461 2544 populo
474 2509 530 2540 lex,
546 2509 712 2535 cuivuimodt
729 2509 808 2535 luerit
820 2509 874 2539 illa.
897 2490 906 2541 ll

75 2550 155 2576 etiam
167 2549 191 2575 si
201 2549 384 2583 perniciosum
396 2547 500 2581 aliquid
512 2546 629 2581 populus
645 2547 786 2581 acceperit.
828 2547 876 2572 Er-

74 2595 108 2622 go
120 2591 161 2613 est
172 2585 216 2613 lex
227 2586 359 2612 iustorum
372 2585 588 2618 iniustorumque
600 2583 747 2613 distinctio.
756 2583 788 2610 ad
802 2583 875 2609 illnm

75 2624 294 2659 antiquissimam
310 2627 335 2649 et
347 2631 436 2648 rerum
447 2622 568 2648 omnium
581 2622 732 2656 principem
747 2629 875 2656 expressa

76 2666 212 2693 naturam,
230 2660 264 2687 ad
279 2668 361 2696 quam
378 2659 451 2696 leges
467 2659 607 2686 hominum
619 2658 788 2695 diriguntur.
806 2667 875 2694 quae
897 2658 898 2683 i

903 2541 906 2683 1

898 2379 907 2420 ll

897 2426 906 2491 l

905 995 907 1002 .
929 982 1034 1009 cogere.

900 1506 901 1515 ¹
931 1499 1022 1525 tentia.

957 121 993 148 11.
1027 120 1119 148 CAP.
1152 123 1221 147 1-
1240 122 1266 147 ’7.
1659 124 1717 149 1211

927 190 1063 226 supplicio
1083 191 1220 226 improbos
1240 191 1374 222 afficiunt,
1396 191 1546 218 defendunt
1565 201 1595 219 ac
1615 197 1724 219 tuentur

928 228 1022 255 honos.
1063 230 1106 255 VI.
1133 229 1164 261 Q.
1191 229 1327 256 Praeclare
1351 229 1486 265 intelligo:
1518 238 1567 256 nec
1586 239 1649 256 vero
1671 231 1723 256 iam

928 266 1008 292 aliam
1020 274 1079 292 esse
1091 266 1174 292 ullam
1187 266 1273 302 legem
1284 272 1348 301 puto
1357 276 1409 293 non
1421 266 1499 293 modo
1506 267 1667 298 habendam,
1676 267 1723 293 sed

928 312 960 329 ne
977 303 1164 338 appellandam
1180 304 1302 338 quidem.
1345 306 1384 331 ⁴4.
1406 305 1442 330 M.
1464 305 1548 340 Igitur
1563 310 1590 331 tu
1603 305 1685 331 Titias
1700 310 1725 331 et

930 340 1076 374 Appuleias
1089 340 1162 376 leges
1173 341 1262 367 nullas
1273 341 1370 376 putas‘?
1396 341 1427 373 Q.
1447 342 1503 377 Ego
1515 351 1578 369 vero
1590 351 1622 368 ne
1634 343 1724 368 Livias

929 378 1050 412 quidem.
1091 379 1126 404 M.
1143 379 1175 405 Et
1185 384 1265 409 recte,
1278 388 1347 414 quae
1359 380 1515 413 praesertim
1526 388 1579 406 uno
1591 379 1725 406 versiculo

928 419 1037 441 senatus
1048 420 1146 449 puncto
1158 417 1286 451 temporis
1297 416 1417 443 sublatae
1429 417 1495 443 sint:
1515 417 1557 443 lex
1567 422 1656 443 autem
1669 417 1723 447 illa,

928 453 1007 478 cuius
1019 453 1074 478 vim
1082 453 1225 487 explicavi,
1235 462 1321 488 neque
1334 454 1389 480 tolli
1401 463 1488 489 neque
1499 454 1621 490 abrogari
1628 460 1723 489 potest.

929 489 961 521 Q.
983 490 1034 515 Eas
1046 494 1073 515 tu
1087 491 1169 525 igitur
1185 490 1258 526 leges
1273 491 1380 525 rogabis
1396 491 1534 522 videlicet,
1556 500 1626 526 quae
1645 501 1726 518 num-

929 535 1010 561 quam
1022 527 1194 562 abrogentur.
1234 528 1269 554 M.
1291 528 1380 559 Certe,
1393 528 1507 555 simodo
1518 534 1640 564 acceptae
1652 538 1665 555 a
1678 538 1725 556 vo-

929 563 972 589 his
983 564 1090 590 duobus
1101 570 1189 591 erunt.

983 601 1044 631 Sed,
1066 606 1095 627 ut
1114 602 1155 628 vir
1171 602 1345 628 doctissimus
1367 602 1428 628 fecit
1446 602 1531 633 Plato,
1554 608 1633 637 atque
1654 603 1725 630 idem

929 640 1108 673 gravissimus
1130 639 1352 674 philosophorum
1376 641 1510 671 omnium,
1536 641 1582 675 qui
1600 641 1725 675 princeps

929 675 962 701 de
972 676 1111 710 republica
1122 678 1294 711 conscripsit,
1317 677 1443 711 idemque
1456 679 1600 712 separatim
1612 678 1644 704 de
1658 678 1725 713 legi-

930 713 981 738 bus
992 714 1059 743 eius,
1069 713 1095 739 id
1109 714 1266 740 mihicrede
1276 723 1335 740 esse
1348 714 1509 745 faciendum,
1519 720 1556 743 ut,
1566 716 1724 749 priusquam

930 751 1016 784 ipsam
1029 750 1114 785 legem
1127 751 1244 781 recitem,
1254 751 1286 777 de
1298 752 1357 777 eius
1370 751 1437 787 legis
1449 751 1631 778 laudedicam.
1647 753 1724 784 Quod

930 787 1001 813 idem
1013 793 1038 814 et
1048 788 1191 814 Zaleucum
1203 788 1611 821 0161131001]οω100155ον111εος
1629 798 1725 824 quam-

905 855 907 861 !
930 834 1011 859 quam
1023 825 1133 859 quidem
1146 825 1186 851 illi
1198 835 1250 851 non
1264 825 1348 852 studii
1359 831 1384 852 et
1396 826 1593 857 delectationis,
1614 827 1660 852 sed
1673 828 1725 853 rei—

906 886 907 889 ,
930 862 1054 896 publicae
1066 871 1160 888 caussa
1173 862 1244 897 leges
1256 863 1412 889 civitatibus
1424 864 1482 889 suis
1496 865 1722 898 conscripserunt.

929 899 1001 931 Quos
1016 900 1136 925 imitatus
1152 899 1224 925 Plato
1240 900 1364 926 videlicet
1380 900 1429 926 hoc
1444 909 1552 935 quoque
1569 901 1636 935 legis
1648 907 1725 935 puta-

930 937 969 963 vit
980 945 1053 967 esse,
1070 936 1232 971 persuadere
1249 937 1366 972 aliquid,
1385 947 1436 964 non
1451 939 1540 964 omnia
1558 940 1583 964 vi
1600 947 1629 963 ac
1645 937 1725 964 n'iinis

1078 975 1116 1000 15.
1138 974 1169 1006 Q.
1189 974 1278 1006 Quid?
1297 975 1369 1009 quod
1386 975 1528 1001 Zaleucum
1551 976 1631 1001 istum
1648 981 1726 1009 negat

930 1011 1018 1037 ullum
1036 1011 1120 1037 luisse
1135 1011 1279 1038 Timaeus?
1312 1013 1348 1038 M.
1369 1013 1403 1038 At
1421 1013 1620 1047 Theophrastus
1636 1010 1726 1039 auctor

930 1048 1003 1075 haud
1014 1048 1136 1080 deterior,
1152 1058 1209 1075 mea
1221 1049 1332 1084 quidem
1343 1051 1486 1081 sententia.
1506 1050 1643 1076 meliorem
1656 1051 1726 1076 mul-

931 1087 950 1113 ti
962 1087 1113 1113 nominant:
1135 1092 1345 1113 commemorant
1360 1096 1421 1113 vero
1434 1088 1520 1121 ipsius
1532 1089 1619 1117 cives,
1644 1089 1726 1113 nostri

930 1123 1051 1154 clientes,
1065 1125 1150 1150 Locri.
1189 1124 1241 1150 Sed
1253 1125 1310 1150 sive
1323 1124 1381 1154 fuit,
1395 1125 1453 1150 sive
1465 1124 1591 1155 nonfuit,
1610 1125 1677 1151 nihil
1693 1125 1725 1151 ad

930 1170 996 1187 rem.
1037 1162 1195 1196 Loquimur,
1206 1161 1277 1196 quod
1291 1161 1416 1188 traditum
1429 1167 1477 1188 est.
1518 1162 1572 1188 Vll.
1593 1162 1633 1188 Sit
1646 1163 1727 1197 igitur

931 1198 980 1225 hoc
1001 1208 1015 1225 a
1036 1199 1170 1233 principio
1190 1208 1350 1233 persuasum
1371 1199 1492 1229 civibus,
1520 1199 1643 1226 dominos
1668 1208 1726 1226 csse

929 1237 1051 1262 omnium
1063 1245 1152 1262 rerum
1165 1245 1194 1262 ae
1206 1236 1383 1262 moderatores
1395 1236 1471 1266 deos,
1486 1245 1583 1271 eaque,
1599 1246 1668 1271 quae
1679 1246 1727 1273 ge-

930 1278 1034 1303 rantur,
1057 1282 1149 1300 eorum
1170 1274 1227 1309 geri
1250 1273 1349 1299 iudicio
1369 1282 1398 1299 ac
1415 1274 1539 1304 numine,
1563 1274 1727 1309 eosdemque

929 1312 1029 1345 optime
1041 1311 1073 1337 de
1085 1320 1181 1346 genere
1195 1312 1334 1337 hominum
1348 1312 1442 1338 mereri
1456 1316 1494 1342 et,
1509 1311 1597 1347 qualis
1609 1312 1726 1347 quisque

931 1349 978 1379 sit,
996 1348 1062 1383 quid
1078 1354 1150 1383 agat,
1171 1349 1238 1383 quid
1250 1349 1276 1374 in
1289 1358 1317 1375 se
1333 1349 1467 1380 admittat,
1485 1359 1537 1384 qua
1554 1355 1654 1380 mente,
1673 1358 1725 1384 qua

931 1386 1028 1420 pietate
1043 1386 1112 1412 colat
1127 1386 1284 1422 religiones,
1302 1387 1398 1413 intueri
1415 1388 1575 1421 piorumque
1592 1388 1726 1421 0111111111)-

931 1432 990 1449 rum
1009 1424 1105 1450 habere
1122 1425 1261 1450 rationem.
1305 1426 1344 1450 16.
1368 1425 1413 1450 1115
1430 1425 1501 1450 enim
1515 1424 1594 1450 rebus
1607 1424 1726 1450 imbutae

931 1466 1033 1487 mentes
1049 1461 1120 1487 haud
1135 1470 1199 1487 sane
1215 1461 1397 1488 abhorrebunt
1412 1462 1445 1487 ab
1458 1462 1516 1488 utili
1529 1467 1553 1487 et
1563 1471 1576 1487 a
1592 1471 1653 1487 vera
1664 1471 1726 1487 sen-

1062 1498 1134 1530 Quid
1149 1504 1189 1525 est
1204 1499 1276 1525 enim
1294 1499 1397 1529 verius,
1420 1508 1500 1533 quam
1518 1500 1652 1525 neminem
1667 1506 1726 1525 esse

930 1541 1050 1571 oportere
1062 1541 1114 1562 tam
1126 1536 1206 1562 stulte
1217 1541 1398 1571 arrogantem,
1422 1542 1450 1562 ut
1466 1538 1492 1562 in
1509 1546 1537 1562 se
1555 1537 1683 1562 rationem
1701 1542 1726 1562 et

931 1579 1047 1600 mentem
1063 1579 1138 1608 putet
1154 1575 1254 1603 inesse,
1279 1574 1304 1600 in
1320 1573 1392 1599 caelo
1405 1574 1559 1608 mundoque
1572 1583 1622 1599 non
1636 1573 1728 1608 putct‘?

931 1616 975 1638 aut
986 1616 1015 1637 ut
1026 1620 1142 1646 ea,quae
1155 1612 1312 1637 vixsumma
1326 1611 1426 1645 ingenii
1440 1612 1538 1637 ratione.
1550 1611 1727 1645 comprehen-

907 1663 908 1668 =
930 1650 983 1679 dat,
998 1648 1070 1675 nulla
1083 1650 1182 1675 ratione
1196 1649 1296 1674 moveri
1309 1648 1401 1683 putet'?
1420 1648 1506 1680 Quem
1522 1658 1583 1674 vero
1595 1654 1725 1674 astrorum

929 1686 1051 1717 ordines,
1079 1695 1160 1721 quem
1187 1686 1293 1712 dierum
1319 1686 1492 1720 noctiumque
1513 1685 1724 1713 vicissitudines,

907 1736 908 1739 ¹
930 1732 1011 1759 quem
1024 1725 1158 1750 mensium
1171 1724 1335 1758 temperatio,
1344 1732 1480 1758 quemque
1487 1732 1525 1752 ea.
1534 1724 1727 1758 quaegignun-

931 1767 973 1788 tur
985 1761 1062 1787 nobis
1073 1761 1106 1787 ad
1120 1761 1272 1789 fruendum,
1282 1770 1333 1787 non
1345 1766 1449 1795 gratum
1462 1769 1521 1786 esse
1533 1766 1640 1796 cogant:
1657 1761 1726 1786 hune

931 1799 1068 1825 hominem
1091 1799 1201 1825 omniuo
1226 1799 1361 1824 numerari
1387 1800 1433 1832 qui
1460 1798 1552 1824 decet'?
1582 1798 1726 1832 Quumque

930 1837 1029 1866 omnia,
1042 1845 1111 1871 quae
1124 1837 1251 1862 rationem
1265 1836 1371 1864 habent,
1386 1841 1519 1869 praestent
1532 1836 1579 1865 iis,
1593 1844 1661 1870 quae
1673 1836 1728 1860 siut

931 1875 1041 1900 rationis
1052 1874 1181 1908 expertia,
1191 1873 1319 1908 nefasque
1331 1874 1366 1899 sit
1377 1873 1475 1903 dicere,
1489 1873 1571 1899 ullam
1585 1881 1639 1898 rem
1652 1881 1728 1906 prae-

930 1917 999 1938 stare
1017 1916 1125 1937 naturae
1140 1911 1262 1937 omnium
1280 1920 1382 1937 rerum:
1407 1912 1534 1936 rationem
1555 1911 1643 1936 inesse
1660 1911 1686 1935 in
1698 1918 1727 1935 ea

930 1948 1112 1976 confitendum
1133 1953 1182 1975 est.
1224 1948 1307 1974 Utiles
1328 1957 1386 1974 esse
1407 1953 1495 1974 mitem
1516 1948 1656 1981 opiniones
1681 1947 1728 1972 has

930 1987 992 2021 quis
1009 1991 1100 2021 neget,
1123 1994 1208 2020 qumn
1226 1985 1370 2019 intelligat,
1391 1994 1472 2020 quam
1491 1985 1572 2011 multa
1591 1984 1729 2010 tirmentur

930 2070 1011 2095 quam
1029 2060 1126 2087 multos
1138 2060 1225 2086 divini
1237 2060 1365 2094 supplicii
1378 2066 1464 2086 metus
1479 2070 1491 2086 a
1509 2060 1607 2085 scelere
1621 2068 1728 2085 revocu-

931 2098 981 2124 rit?
1001 2107 1137 2132 quamque
1158 2102 1248 2123 sanctu
1264 2099 1298 2124 sit
1314 2098 1426 2123 societas
1441 2099 1543 2123 civium
1562 2098 1629 2122 inter
1645 2098 1725 2130 ipsos.

930 2136 983 2161 diis
997 2134 1194 2160 immortalibus
1208 2135 1372 2168 interpositis
1385 2140 1440 2160 tum
1454 2135 1604 2163 iudicibus,
1622 2139 1676 2159 tum
1690 2139 1727 2158 te-

930 2172 1036 2199 stibus-‘3
1058 2172 1143 2197 llubes
1157 2171 1223 2205 legis
1236 2173 1416 2205 prooemium:
1439 2172 1478 2197 sie
1490 2173 1562 2197 enim
1577 2171 1623 2196 hoe
1636 2170 1728 2204 appel-

931 2210 966 2236 lat
982 2209 1062 2235 Plato.
1107 2209 1145 2234 Π.
1167 2210 1198 2240 0.
1222 2208 1310 2235 llabeo
1326 2218 1400 2238 vero.
1419 2208 1511 2234 frater:
1533 2214 1556 2234 et
1574 2209 1598 2234 in
1617 2208 1664 2233 1101·
1680 2208 1727 2233 1111-

931 2246 1040 2273 modum
1053 2246 1182 2275 delector,
1200 2245 1272 2280 quod
1290 2246 1315 2271 111
1328 2245 1389 2271 aliis
1401 2246 1482 2271 rebus
1493 2246 1608 2279 aliisque
1620 2250 1727 2270 seuten—

930 2285 974 2310 tiis
992 2284 1120 2313 versaris,
1143 2288 1223 2317 atque
1240 2282 1294 2308 ille.
1337 2283 1409 2308 Nihil
1426 2284 1497 2308 enim
1516 2288 1566 2309 tum
1581 2282 1725 2309 dissimile.

929 2330 1010 2356 quum
1028 2321 1068 2347 vel
1085 2330 1129 2349 eu,
1147 2329 1216 2354 quae
1233 2325 1291 2345 aute
1308 2319 1416 2348 dixisti.
1436 2320 1475 2345 vel
1494 2320 1541 2345 11111·
1558 2328 1645 2353 ipsum
1660 2319 1726 2352 legis

929 2358 1081 2385 exordium.
1123 2358 1210 2383 Uuum
1234 2356 1300 2382 illud
1317 2357 1383 2382 mihi
1400 2357 1500 2382 videris
1518 2357 1613 2382 imitari
1630 2358 1726 2382 uratio-

930 2397 972 2422 nis
983 2404 1079 2431 genus.
1111 2395 1145 2420 M.
1163 2394 1262 2420 Vellem
1277 2394 1395 2420 sortasse.
1439 2395 1506 2425 Quis
1517 2395 1588 2419 enim
1604 2394 1628 2419 id
1642 2399 1726 2428 potest

929 2438 1114 2468 ι’111111111111111111
1128 2433 1223 2466 poterit
1236 2432 1351 2457 imitari?
1363 2432 1427 2457 Num
1439 2433 1584 2456 sententias
1597 2432 1726 2465 interpre-

929 2471 977 2497 tari
1000 2470 1126 2505 perfacile
1147 2474 1196 2494 est.
1237 2469 1313 2500 Quod
1329 2468 1439 2503 quidem
1455 2478 1504 2502 ego
1522 2468 1649 2497 furerem,
1673 2470 1725 2494 nisi

929 2508 1006 2542 plane
1018 2516 1076 2533 esse
1089 2507 1186 2533 vellem
1200 2515 1285 2532 meus.
1325 2506 1395 2538 011111
1407 2506 1478 2531 euim
1497 2507 1594 2539 negotii
1611 2512 1663 2533 est.
1682 2515 1726 2531 1-11-

928 2545 998 2574 dem,
1013 2554 1094 2579 prope
1108 2543 1198 2571 verbis
1212 2544 1306 2569 iisdem
1318 2552 1456 2570 conversa.
1470 2543 1577 2568 ‹ticon-2¹
1603 2544 1635 2575 0.
1651 2544 1725 2568 Ι“1·111·-

927 2591 974 2608 sus
986 2583 1127 2608 assentior.
1168 2581 1280 2609 Verum,
1300 2586 1327 2606 ut
1343 2580 1419 2606 modo
1432 2586 1486 2606 tute
1501 2580 1609 2608 dixisti,
1628 2586 1651 2606 te
1667 2590 1725 2605 esse

929 2619 998 2645 malo
1011 2624 1096 2646 tuum.
1138 2619 1190 2645 Sed
1205 2619 1255 2644 iam
1267 2627 1408 2652 exprome,
1431 2618 1454 2643 si
1467 2617 1561 2652 placet.
1577 2619 1640 2644 istus
1653 2617 1725 2651 leges

928 2657 960 2684 de
973 2656 1112 2693 religione.
1157 2659 1195 2682 18.
1218 2656 1253 2682 Μ,
1276 2654 1592 2690 Expromamequidem,
1613 2661 1724 2690 utpote—

1392 2697 1436 2722 ¹52
1450 2697 1459 2708 ’
