1941 3052
639 146 842 174 ORATOR.
877 147 972 174 CAP.
1008 148 1140 174 7—14.
1663 153 1708 176 ¹655

72 219 143 245 bore.

71 372 131 394 tone
157 367 293 401 absolut03
315 376 397 402 quern
420 368 510 402 ipsum
534 377 682 402 numquam
706 368 862 403 attigissem,

71 409 188 440 tempora
207 405 304 431 timens
323 405 431 431 inimica
449 405 553 436 virtuti,
574 406 624 431 nisi
644 405 692 431 tihi
712 405 825 431 hortanti
841 408 866 430 et
887 429 888 438 ,

70 442 145 468 illius
168 443 324 469 memoriam
347 443 414 468 mihi
434 451 521 468 caram
540 443 665 469 excitanti
699 451 750 468 non
775 450 866 476 parere
887 441 888 450 ¹

71 479 145 506 nefas
159 488 217 506 esse
231 480 379 506 duxissem.
415 480 468 506 Sed
482 479 607 506 testificor
621 488 663 505 me
677 488 691 505 a
706 484 730 505 te
745 484 866 514 rogatum

71 521 96 543 et
110 521 276 544 recusantem
290 517 354 543 haec
369 518 484 543 scribere
498 526 556 543 esse
570 525 676 543 ausum.
716 516 781 543 Volo
795 517 865 542 enim

71 554 137 580 mihi
161 558 249 581 tecum
267 563 409 581 commune
427 563 486 580 esse
504 555 617 585 crimen,
638 558 675 585 ut,
697 554 719 579 si
734 554 866 579 sustinere

71 595 170 618 tantam
189 593 373 627 quaestionem
392 601 443 619 non
462 596 583 626 potuero,
605 591 699 617 iniusti
713 591 800 617 oneris
815 591 866 616 im-

70 630 150 664 positi
166 634 209 656 tua
224 629 303 664 culpa
317 630 361 660 sit,
378 638 436 656 mea
450 629 563 663 recepti;
585 629 614 654 in
628 637 681 663 quo
696 632 783 654 tamen
793 627 866 653 iudi-

70 667 104 693 cii
120 668 202 693 nostri
217 676 332 693 errorem
347 667 404 693 laus
419 667 466 693 tibi
477 666 530 692 dati
543 666 660 691 muneris
671 665 865 699 compensabit.
887 678 888 688 ι

127 704 174 731 ΧΙ.
197 707 237 731 36.
254 705 307 731 Sed
322 705 349 730 in
363 705 435 730 omni
450 712 478 730 re
492 702 684 729 difficillimum
699 707 739 728 est
753 702 865 728 formam
887 725 888 728 ,

71 741 150 777 (quae
176 742 310 778 χαρακτήρ
338 742 436 768 Graece
462 740 570 775 dicitur)
596 748 728 774 exponere
759 741 862 774 optimi,

71 779 144 814 quod
162 779 236 805 aliud
255 779 313 805 aliis
332 779 439 805 videtur
453 778 598 813 optimum.
637 778 724 803 Ennio
739 777 862 807 delector,

71 818 107 844 ait
120 817 266 852 quispiam,
283 816 355 851 quod
367 825 418 842 non
429 815 542 842 discedit
553 824 567 841 a
576 815 712 841 communi
725 823 796 840 more
807 823 867 840 ver-
894 820 895 825 ¹

70 855 178 886 borum;
200 855 324 885 Pacuvio,
341 854 430 889 inquit
443 853 525 885 alius;
548 861 640 879 omnes
655 852 726 887 apud
742 852 813 878 hunc
823 860 866 878 or—
887 857 895 884 ᾗ

887 886 895 922 '3
917 899 977 916 rum
996 890 1095 916 iudicia
1115 890 1212 916 debere
1230 895 1407 917 contemnere.

302 929 352 955 Fac
379 929 462 955 alium
488 928 581 959 Acci03
604 928 676 954 varia
703 927 775 953 enim
802 931 866 952 sunt
887 924 895 963 '2

71 893 125 918 nati
147 891 328 927 elaboratique
349 896 412 918 sunt
432 899 536 922 versus,
557 889 642 916 multa
661 889 733 924 apud
752 889 865 915 alterum

71 929 260 965 negligentius.

70 967 178 998 iudicia,
204 971 234 993 ut
256 967 283 993 in
307 967 424 997 Graecis,
451 974 498 992 nec
520 965 607 992 facilis
630 964 780 999 explicatio,
797 972 866 998 quae

71 1004 154 1030 forma
177 1004 293 1031 maxime
315 1004 435 1030 excellat.

70 1079 221 1106 collustrata
244 1079 385 1105 delectant.
425 1078 496 1111 Quid
519 1082 571 1109 est,
598 1086 652 1112 quo
669 1077 864 1111 praescriptum

70 1116 179 1151 aliquod
197 1121 242 1143 aut
256 1116 398 1143 formulam
413 1117 556 1151 exprimas,
573 1124 658 1150 quum
674 1115 700 1140 in
715 1123 764 1140 suo
778 1113 866 1149 quod-

69 1162 123 1189 que
145 1162 241 1190 genere
264 1158 379 1189 praestet
397 1158 422 1180 et
439 1162 535 1189 genera
554 1152 631 1188 plura
649 1151 720 1178 sint‘?
740 1152 792 1177 Hac
816 1160 864 1186 ego

70 1191 198 1227 religione
220 1200 272 1218 non
295 1200 356 1218 sum
380 1192 412 1218 ab
430 1191 480 1217 hoc
498 1195 594 1217 conatu
613 1189 751 1224 repulsus,
772 1189 865 1215 existi-

70 1229 196 1264 mavique
222 1229 250 1256 in
272 1230 398 1256 omnihus
421 1229 501 1255 rebus
516 1237 574 1254 esse
593 1227 696 1262 aliquid
720 1227 861 1261 optimum,
886 1225 894 1264 ’ἵ

70 1266 174 1292 etiarnsi
192 1266 295 1298 lateret,
315 1267 398 1302 idque
417 1266 449 1292 ab
464 1275 495 1292 eo
509 1273 595 1300 posse,
612 1265 659 1299 qui
674 1265 732 1290 eius
747 1264 784 1290 rei
798 1272 866 1299 gna-

70 1313 116 1330 rus
134 1308 215 1335 esset,
231 1304 353 1330 iudicari.
376 1305 417 1330 37.
433 1303 484 1329 Sed
498 1303 625 1338 quoniam
639 1301 716 1337 plura
730 1305 794 1327 sunt
807 1310 865 1327 ora-

71 1342 172 1367 tionum
196 1350 301 1377 genera,
323 1350 407 1376 eaque
426 1341 541 1371 diversa,
558 1348 646 1374 neque
665 1340 692 1365 in
711 1348 792 1365 unam
812 1338 866 1365 for-

70 1387 140 1405 mam
168 1379 266 1405 cadunt
288 1379 390 1405 omnia:
422 1378 614 1408 laudationum,
640 1377 817 1411 scriptionum
841 1380 866 1402 et

70 1416 241 1442 historiarum
261 1421 286 1442 et
306 1416 399 1442 talium
423 1416 592 1446 suasionum,
613 1413 721 1449 qualem
740 1414 865 1439 Isocrates
887 1412 895 1449 tl

71 1453 132 1480 lecit
150 1454 343 1489 Panegyricum
365 1453 498 1488 multique
516 1452 573 1483 alii,
594 1452 642 1487 qui
661 1455 724 1477 sunt
738 1451 866 1477 nominati

69 1491 218 1525 sophistae,
243 1490 463 1526 reliquarumque
481 1498 570 1516 rerum
586 1489 712 1519 formam,
731 1496 799 1523 quae
819 1488 866 1514 ab-

69 1565 142 1601 quod
164 1565 263 1592 Graece
281 1565 447 1592 ἐπιδεικτικόν
466 1565 631 1595 nominatur,
652 1563 724 1598 quod
741 1563 819 1598 quasi
834 1562 867 1588 ad

69 1603 267 1638 inspiciendum
290 1602 471 1629 delectationis
494 1610 588 1628 caussa
611 1605 793 1635 comparatum
816 1604 863 1631 est,

70 1649 122 1667 non
144 1640 304 1675 complectar
326 1640 376 1666 hoc
399 1645 530 1675 tempore;
554 1648 605 1665 non
630 1647 684 1673 quo
707 1637 866 1673 negligenda
887 1639 888 1643 ’

70 1678 118 1711 sit3
140 1682 180 1704 est
193 1678 264 1704 enim
278 1677 323 1704 illa
334 1678 412 1712 quasi
423 1678 514 1704 nutrix
524 1677 582 1703 eius
592 1677 711 1706 oratoris,
728 1684 808 1710 quem
825 1676 866 1700 in-

70 1714 182 1742 formare
200 1715 327 1742 volumus
345 1719 371 1741 et
388 1715 421 1741 de
439 1723 493 1750 quo
511 1714 638 1741 molimur
652 1713 755 1748 aliquid
770 1713 866 1747 exqui-

69 1753 148 1779 sitius
162 1752 259 1779 dicere.
292 1753 351 1779 XII.
382 1752 423 1779 Ab
437 1753 486 1779 hac
500 1757 525 1778 et
539 1752 682 1778 verborum
697 1751 771 1785 copia
787 1750 866 1776 alitur
887 1753 888 1785 J

70 1794 96 1817 et
116 1799 207 1817 eorum
229 1790 391 1817 constructio
413 1794 439 1817 et
461 1798 591 1816 numerus
610 1789 731 1815 liberiore
749 1787 864 1823 quadam

71 1827 169 1854 fruitur
191 1828 306 1854 licentia.
341 1829 382 1854 38.
402 1828 483 1854 Datur
501 1827 580 1853 etiam
599 1827 676 1852 venia
694 1825 864 1852 concinnitati

70 1865 270 1896 sententiarum,
297 1869 322 1891 et
351 1866 437 1901 arguti
468 1865 587 1900 certique
618 1868 643 1890 et
669 1863 864 1897 circumscripti

70 1903 213 1930 verborum
247 1902 364 1929 ambitus
397 1902 587 1933 conceduntur,
612 1901 645 1927 de
680 1900 866 1935 industriaque

71 1948 122 1967 non
144 1948 177 1967 ex
194 1940 313 1972 insidiis,
335 1940 383 1966 sed
401 1944 489 1974 aperte.
508 1947 537 1966 ac
555 1938 643 1974 palam
662 1938 820 1968 elaboratur,
837 1942 866 1963 ut

70 1977 150 2004 verba
167 1977 256 2004 verbis
274 1978 351 2012 quasi
369 1977 496 2004 demensa
510 1981 535 2003 et
548 1977 621 2011 paria
635 1975 820 2010 respondeant,
837 1979 866 2000 ut

70 2015 162 2042 crebro
184 2014 354 2042 conferantur
375 2014 522 2050 pugnantia
544 2018 785 2048 comparenturque
803 2021 866 2038 con-

70 2053 149 2079 traria
169 2056 195 2079 et
218 2056 247 2078 ut
269 2053 366 2087 pariter
389 2057 506 2078 extrema
529 2051 705 2077 terminentur
726 2049 866 2076 eumdem—
887 2058 888 2082 j

70 2098 123 2125 que
150 2089 264 2116 referant
289 2089 317 2116 in
342 2089 460 2115 cadendo
483 2097 592 2121 sonum,
615 2096 684 2123 quae
705 2088 733 2114 in
756 2087 866 2114 veritate

70 2135 228 2154 caussarum
247 2130 273 2153 et
294 2127 379 2153 rarius
403 2126 488 2152 multo
511 2125 624 2152 facimus
647 2129 672 2151 et
689 2129 758 2151 certe
776 2124 866 2151 occul-

71 2165 135 2191 tius.

71 2200 125 2228 se*
143 2206 323 2228 consectatum
342 2201 447 2228 fatetur.
488 2201 545 2227 Non
564 2201 635 2226 enim
654 2200 686 2226 ad
704 2200 864 2226 iudiciorum

71 2243 217 2270 certamen,
250 2238 298 2265 sed
332 2238 364 2265 ad
391 2238 554 2273 voluptatem
581 2238 686 2264 aurium
713 2237 864 2271 scripserat.
886 2255 888 2266 ,

72 2277 114 2303 39.
128 2276 198 2303 Haec.
211 2280 335 2303 tractasse
347 2275 576 2311 Thrasymachum
589 2275 798 2301 Calchedonium
811 2275 866 2309 pri-

71 2322 146 2340 mum
177 2318 203 2340 et
227 2314 386 2340 Leontinum
415 2313 502 2339 terunt
529 2312 667 2348 Gorgiam,
696 2312 864 2338 Theodorum
886 2309 888 2317 '

71 2350 134 2377 inde
147 2351 305 2387 Byzantium
321 2351 474 2385 multosque
488 2349 562 2381 alios,
578 2358 647 2384 quos
661 2349 866 2385 λογυδαιδάλου;

72 2388 188 2423 appellat
210 2389 237 2415 in
260 2388 379 2415 Phaedro
397 2388 531 2414 Socrates:
553 2395 669 2422 quorum
687 2387 752 2413 satis
771 2391 864 2422 arguta

71 2425 168 2457 multa,
193 2425 240 2452 sed
260 2430 289 2452 ut
307 2426 386 2452 modo
405 2426 577 2460 primumque
596 2424 742 2455 nascentia,
763 2425 865 2450 minuta

72 2466 98 2489 et
126 2462 320 2490 versiculorum
347 2462 445 2489 similia
468 2462 599 2496 quaedam
628 2461 797 2496 nimiumque
819 2461 866 2487 de—
887 2467 889 2475 ⁴

71 2499 151 2535 picta.
190 2499 249 2532 Quo
274 2501 360 2536 magis
386 2505 449 2527 sunt
472 2499 618 2525 Herodotus
641 2498 866 2534 Thucydidesque

71 2536 221 2570 mirabiles3
243 2546 358 2573 quorum
382 2542 452 2564 aetas
474 2545 560 2572 quum
583 2537 610 2562 in
628 2544 720 2562 eorum
739 2540 863 2571 tempora,

72 2581 140 2609 quos
163 2575 312 2607 nominavi,
333 2575 484 2605 incidisset,
505 2573 661 2609 longissime
680 2577 767 2600 tamen
787 2574 865 2608 ipsiu

73 2610 171 2638 talibus
189 2611 293 2638 deliciis
311 2612 353 2639 vel
372 2613 462 2647 potius
480 2611 587 2646 ineptiis
602 2610 754 2636 abfuerunt.
795 2610 867 2637 Alter

73 2648 144 2675 enim
158 2649 217 2676 sine
230 2649 294 2676 ullis
308 2649 420 2676 salebris
433 2649 511 2684 quasi
526 2648 635 2674 sedatus
649 2648 735 2674 amnis
747 2647 813 2678 fluit,
827 2648 866 2673 at-

73 2688 111 2711 ter
133 2685 265 2713 incitatior
283 2686 366 2713 fertur
383 2691 409 2713 et
426 2687 458 2713 de
477 2685 581 2712 bellicis
600 2685 680 2712 rebus
698 2686 769 2712 canit
786 2685 864 2712 ctiam

183 219 237 245 Iam
255 223 387 253 quantum
404 217 473 244 illud
488 223 535 249 est,
552 218 624 253 quod
639 219 667 244 in
681 219 806 245 maximis
819 227 865 244 oc-
886 219 894 225 '⁴

71 256 259 291 cupationibus
278 264 426 290 numquam
444 256 598 282 intermittis
613 256 701 282 studia
716 256 862 282 doctrinae!
886 258 887 262 ’

71 301 176 328 semper
190 297 235 319 aut
248 294 306 328 ipse
320 293 415 319 scribis
429 293 532 328 aliquid
546 298 592 319 aut
606 302 648 319 me
664 302 741 320 vocas
756 293 788 319 ad
799 293 866 319 scri·
886 295 894 325 ἶ,

71 330 204 357 bendum!
239 332 280 357 35.
300 331 391 365 Itaque
410 330 460 356 hoc
478 339 539 356 sum
555 339 698 366 aggressus
712 331 801 356 statim
817 330 866 357 Ca-
886 347 894 363 Γ

475 1004 505 1030 In
528 1003 640 1038 picturis
664 1002 729 1028 alios
748 1001 862 1031 horrida,
886 1026 888 1032 ,

70 1041 183 1072 inculta,
209 1042 297 1068 abdita
320 1046 345 1068 et
367 1050 457 1076 opaca,
483 1045 572 1067 contra
592 1040 657 1066 alios
673 1039 765 1070 nitida,
788 1039 862 1069 laeta,
886 1037 895 1055 '⁸

887 1498 888 1506 ¹
917 1498 1012 1515 unum.

70 1533 133 1554 sunt
151 1528 184 1554 ab
203 1527 302 1554 forensi
320 1529 487 1554 contentione
513 1528 626 1561 eiusque
649 1526 730 1552 totius
748 1526 863 1561 generis,
887 1518 895 1551 ,¹

175 2165 204 2190 In
227 2164 421 2190 Panathenaico
442 2167 530 2190 autem
554 2163 681 2189 Isocrates
699 2171 728 2188 ea
747 2162 866 2188 studiose
887 2173 888 2180 1

916 218 1113 253 quodammodo
1140 217 1280 249 hellicum;
1311 220 1461 254 primisque
1487 219 1520 246 ab
1546 220 1597 251 his,
1624 226 1653 246 ut
1675 223 1710 247 ait

917 256 1130 290 Theophrastus,
1147 256 1256 282 historia
1269 261 1399 282 commota
1414 261 1462 287 est,
1478 261 1509 283 ut
1522 257 1630 284 auderet
1644 258 1710 284 ube-

917 294 982 323 rius,
999 302 1080 327 quam
1095 294 1254 327 superiores,
1270 298 1295 319 et
1308 294 1427 320 ornatius
1438 294 1535 320 dicere.

972 331 1042 356 XIII.
1065 332 1106 356 40.
1132 331 1231 357 Horum
1256 332 1333 357 aetati
1356 332 1486 357 successit
1503 332 1642 362 Isocrates,
1663 333 1710 366 qui

893 364 894 379 ³
917 373 1019 402 praeter
1043 372 1142 394 ceteros
1166 368 1286 394 eiusdem
1310 369 1415 404 generis
1434 368 1556 395 laudatur
1574 377 1679 403 semper
1697 378 1711 395 a

918 405 1006 436 nohis,
1034 414 1248 439 nonnumquam,
1274 406 1365 437 Brute,
1391 405 1484 432 leniter
1506 410 1531 432 et
1549 406 1651 432 erudite
1670 415 1711 432 re-

918 446 1053 477 pugnante
1067 447 1101 468 te.
1129 442 1179 468 Sed
1193 442 1271 468 cedes
1285 443 1351 469 mihi
1366 443 1489 475 fortasse,
1507 444 1542 474 si,
1559 444 1625 478 quid
1639 444 1667 470 in
1681 452 1711 470 eo

919 479 1033 510 laudem,
1050 479 1215 515 cognoveris.
1238 481 1305 506 Nam
1319 489 1405 515 quum
1419 482 1542 507 concisus
1557 482 1581 507 ei
1595 481 1711 516 Thrasy—

918 517 1028 543 machus
1050 517 1161 543 minutis
1185 518 1303 543 numeris
1323 518 1457 544 videretur
1475 523 1499 544 et
1518 518 1642 553 Gorgias,
1664 519 1711 553 qui

887 563 895 581 η
918 559 1006 580 tamen
1024 554 1104 588 primi
1123 554 1264 580 traduntur
1281 560 1335 581 arte
1353 555 1468 590 quadam
1487 556 1567 581 verba
1582 556 1710 584 vinxisse,

894 590 895 606 ³
918 591 1072 617 Theodorus
1087 595 1175 617 autem
1189 591 1358 626 praefractior
1373 601 1420 619 nec
1435 594 1507 624 satis,
1517 598 1546 619 ut
1560 594 1594 619 ita
1613 593 1709 623 dicam,

894 653 895 659 ,
918 628 1057 659 rotundus,
1074 629 1178 663 primus
1196 629 1313 655 instituit
1331 629 1439 656 dilatare
1458 631 1546 656 verbis
1565 635 1589 656 et
1607 630 1713 656 mollio-

918 666 992 691 ribus
1008 666 1126 691 numeris
1140 665 1247 700 explere
1261 668 1414 693 sententias.
1454 668 1483 694 In
1498 677 1551 703 quo
1565 676 1649 702 quum
1665 668 1712 693 do-

917 707 986 729 ceret
1001 711 1053 734 eOS,
1070 704 1116 737 qui
1132 704 1226 737 partim
1241 704 1268 729 in
1282 704 1402 735 dicendo,
1420 706 1515 739 partim
1530 706 1556 731 in
1572 705 1712 731 scribendo

894 740 895 744 ’
917 741 1051 775 principes
1066 741 1237 771 exstiterunt,
1254 741 1349 767 domus
1364 742 1421 767 eius
1435 742 1539 768 officina
1556 743 1643 768 hahita
1658 742 1712 767 elo-

917 779 1042 812 quentiae
1056 782 1104 803 est.
1128 779 1168 804 44.
1180 779 1271 813 Itaque
1283 783 1311 804 ut
1322 787 1380 813 ego,
1395 788 1479 814 quum
1491 788 1505 805 a
1517 784 1604 805 nostro
1616 780 1711 805 Catone

918 814 1053 846 laudabar,
1079 814 1121 841 vel
1144 816 1302 850 reprehendi
1327 825 1368 842 me
1387 825 1401 842 a
1420 817 1514 842 ceteris
1534 816 1609 842 facile
1629 818 1712 851 patie-

918 853 976 883 bar,
1001 853 1040 878 sic
1063 853 1190 879 Isocrates
1213 853 1320 879 videtur
1342 854 1493 880 testimonio
1511 853 1628 880 Platonis
1647 854 1712 879 alio-

1441 892 1489 917 Est
1503 892 1588 922 enim,
1605 896 1633 917 ut
1648 892 1708 921 scis,

917 927 994 962 quasi
1012 927 1040 953 in
1059 931 1176 953 extrema
1194 928 1290 963 pagina
1306 928 1417 954 Phaedri
1433 929 1474 954 his
1490 929 1556 963 ipsis
1571 929 1659 954 verbis
1675 928 1713 954 Ιο-

893 970 895 978 ’
916 973 1003 1000 quens
1027 965 1161 991 Socrates:
1187 967 1338 991 Adolescens
1360 969 1436 992 etiam
1454 976 1529 995 nnnc,
1555 975 1569 992 o
1591 967 1711 993 Phaedre.

920 1004 1046 1028 Isocrates
1070 1007 1120 1029 est:
1142 1005 1186 1028 sed
1206 1005 1267 1036 quid
1290 1006 1319 1029 de
1334 1005 1378 1029 illo
1396 1013 1517 1037 nuyurer,
1538 1005 1603 1029 lubet
1617 1006 1710 1029 dicere.

919 1040 987 1072 Quid
1007 1038 1127 1066 tandem?
1147 1043 1231 1074 inquit
1249 1042 1299 1066 itte.
1339 1041 1439 1066 Maiore
1453 1043 1514 1067 milti
1532 1043 1632 1074 inqenio
1642 1043 1713 1066 vide—

917 1082 960 1103 tur
978 1086 1038 1107 esse,
1053 1086 1130 1111 quam
1144 1082 1172 1103 ut
1186 1087 1243 1104 cum
1256 1080 1416 1104 orationibus
1430 1079 1521 1111 Lysiae
1541 1083 1711 1111 comparetur.

916 1115 1052 1140 Praeterea
1071 1117 1105 1140 ad
1122 1117 1242 1141 virtutem
1262 1117 1346 1141 maior
1367 1118 1473 1146 indoles,
1493 1120 1521 1142 ut
1545 1118 1647 1142 minime
1665 1118 1713 1140 mi-

915 1161 973 1178 rum
993 1155 1110 1186 futurum
1128 1155 1172 1183 sit,
1195 1155 1227 1183 si,
1252 1162 1330 1186 quum
1346 1158 1429 1179 aetate
1444 1155 1606 1186 processerit,
1623 1157 1668 1178 aul
1688 1155 1713 1178 in

915 1191 961 1216 hoc
979 1192 1125 1216 orationum
1136 1199 1238 1223 yenere,
1260 1193 1302 1217 cui
1315 1199 1383 1217 nunc
1400 1194 1490 1221 studet,
1507 1195 1618 1221 tuntum,
1630 1199 1713 1224 quan-

916 1232 968 1253 tum
990 1230 1089 1260 pueris,
1113 1229 1221 1261 reliquis
1238 1232 1351 1261 praestet
1375 1231 1497 1259 omnibus,
1525 1231 1569 1262 qui
1593 1236 1714 1261 umquam

916 1267 1045 1291 orationes
1067 1267 1221 1299 attigerim&
1242 1270 1295 1295 aut,
1317 1268 1341 1291 si
1360 1271 1490 1292 contentus
1503 1267 1542 1291 Itis
1558 1274 1606 1291 non
1625 1268 1712 1299 suerit.

915 1304 1003 1328 divino
1026 1304 1115 1336 aliquo
1132 1305 1213 1329 animi
1229 1308 1296 1329 motu
1314 1305 1415 1330 maiora
1434 1305 1606 1336 concupiscat.
1647 1303 1713 1328 Inest

916 1342 982 1365 enim
999 1344 1096 1365 natura
1111 1342 1271 1373 philosophia
1290 1343 1317 1366 itt
1334 1342 1410 1367 husus
1422 1343 1474 1367 viri
1488 1345 1567 1366 mente
1579 1342 1712 1373 quaedam.

916 1377 985 1403 Haec
1002 1377 1035 1403 de
1057 1377 1224 1403 adolescente
1243 1377 1362 1404 Socrates
1382 1382 1537 1413 auguratur.
1573 1379 1613 1404 42.
1634 1377 1667 1403 At
1684 1386 1713 1402 ea

916 1414 949 1440 de
967 1415 1071 1441 seniore
1089 1415 1182 1441 scribit
1200 1414 1286 1446 Plato,
1307 1420 1332 1441 et
1349 1416 1443 1442 scribit
1460 1414 1592 1450 aequalis,
1609 1419 1634 1441 et
1652 1415 1714 1449 qui-

917 1451 977 1477 dem
1004 1452 1150 1487 exagitator
1176 1453 1297 1478 omnium
1324 1453 1473 1479 rhetorum:
1505 1453 1576 1478 hunc
1603 1453 1714 1478 miratur

1054 1489 1095 1515 Me
1114 1494 1215 1520 autem,
1231 1490 1278 1524 qui
1294 1490 1433 1516 Isocratem
1449 1499 1500 1516 non
1514 1489 1643 1525 diligunt,
1662 1498 1713 1514 una

916 1535 978 1552 cum
997 1526 1102 1553 Socrate
1121 1531 1146 1553 et
1165 1536 1227 1553 cum
1246 1527 1352 1553 Platone
1366 1536 1451 1553 errare
1466 1527 1608 1562 patiantur.
1649 1526 1713 1552 Dul-

917 1572 947 1590 ce
964 1565 1047 1599 igitur
1065 1565 1190 1590 orationis
1204 1573 1290 1600 genus
1304 1569 1330 1591 et
1343 1564 1460 1591 solutum
1476 1570 1501 1590 et
1514 1563 1635 1595 effluens,
1652 1572 1714 1589 sen-

918 1602 1007 1628 tentiis
1030 1606 1168 1637 argutum,
1196 1602 1283 1628 verbis
1302 1611 1411 1633 sonans,
1433 1607 1472 1628 est
1491 1602 1517 1628 in
1533 1601 1578 1628 illo
1591 1601 1713 1636 epidicti—

917 1647 948 1665 co
973 1647 1082 1674 genere,
1111 1639 1184 1674 quod
1209 1639 1329 1666 diximus
1357 1640 1493 1674 proprium
1520 1639 1710 1673 sophistarum.

918 1685 1031 1711 pompae
1059 1685 1141 1711 quam
1169 1685 1274 1712 pugnae
1297 1678 1394 1711 aptius,
1415 1677 1564 1712 gymnasiis
1582 1681 1605 1702 et
1626 1676 1713 1710 palae-

917 1719 986 1740 strae
1008 1713 1139 1745 dicatum,
1164 1719 1283 1749 spretum
1302 1719 1327 1740 et
1346 1714 1454 1749 pulsum
1473 1714 1536 1740 soro.
1577 1714 1627 1740 Sed
1640 1714 1712 1748 quod

917 1751 1027 1778 educata
1047 1751 1128 1777 huius
1148 1752 1318 1778 nutrimentis
1333 1752 1492 1787 eloquentia,
1511 1751 1566 1786 ipsa
1581 1760 1609 1777 se
1624 1756 1712 1786 postea

917 1789 1015 1815 colorat
1032 1793 1057 1815 et
1076 1789 1193 1820 roborat,
1214 1798 1266 1815 non
1281 1789 1398 1815 alienum
1414 1789 1464 1815 suit
1477 1789 1509 1815 de
1523 1789 1632 1814 oratoris
1647 1797 1712 1823 qua-

917 1827 939 1853 si
964 1826 1135 1853 incunabulis
1154 1827 1250 1852 dicere.
1292 1827 1389 1853 Verum
1409 1827 1472 1853 haec
1492 1826 1615 1852 ludorum
1635 1831 1713 1860 atqu«-

916 1873 1043 1899 pompae,
1066 1872 1113 1890 nos
1137 1869 1224 1890 autem
1243 1864 1295 1890 iam
1314 1865 1340 1890 in
1359 1865 1441 1890 aciem
1461 1864 1713 1897 dimicationvinquc

917 1901 1120 1928 descendamus,

972 1939 1041 1966 XIV.
1059 1940 1099 1965 43.
1115 1939 1246 1971 Quoniam
1263 1940 1309 1965 tria
1326 1939 1438 1965 videnda
1454 1943 1516 1965 sunt
1530 1939 1634 1968 oratori,
1647 1938 1713 1972 quid

887 1988 895 2015 ss
917 1976 987 2003 dicat
1008 1980 1033 2003 et
1055 1985 1110 2011 quo
1132 1976 1254 2012 quidque
1278 1977 1334 2003 loco
1352 1981 1377 2003 et
1399 1976 1546 2011 quomodo:
1569 1976 1713 2002 dicendum

894 2023 895 2026 ¹
917 2014 1026 2040 omnino
1048 2018 1100 2045 est,
1121 2014 1188 2049 quid
1207 2015 1242 2040 sit
1259 2015 1391 2049 optimum
1412 2014 1438 2040 in
1458 2013 1587 2048 singuliS,
1604 2013 1650 2039 sed
1665 2013 1715 2038 ali-

917 2056 1017 2087 quanto
1035 2060 1114 2077 secus
1128 2055 1208 2086 atque
1218 2052 1246 2078 in
1262 2051 1386 2078 tradenda
1402 2056 1455 2077 arte
1469 2051 1521 2077 dici
1536 2050 1611 2076 solet.
1648 2050 1713 2076 Nul-

918 2089 941 2115 la
966 2093 1105 2124 praecepta
1122 2097 1266 2123 ponemuS,
1283 2089 1380 2124 (neque
1395 2089 1465 2114 enim
1481 2088 1508 2114 id
1523 2088 1713 2122 suscepimus}

916 2126 964 2152 sed
987 2126 1142 2153 excellentis
1165 2125 1332 2161 eloquentiae
1355 2127 1471 2160 speciem
1496 2130 1521 2151 ct
1539 2125 1648 2151 sormam
1667 2126 1713 2150 ad-

918 2163 1119 2196 umbrabimus3
1143 2172 1198 2194 nec,
1215 2164 1316 2198 quihus
1331 2164 1410 2189 rchus
1425 2173 1454 2189 ea
1466 2167 1585 2197 pai-etur,
1597 2171 1713 2197 expone*

918 2210 991 2232 mus,
1016 2201 1062 2227 sed
1086 2200 1174 2235 qualis
1198 2201 1274 2227 nohis
1297 2210 1355 2227 esse
1374 2201 1504 2227 videatur.
1540 2201 1580 2226 tt.
1607 2200 1643 2225 Ac
1660 2200 1714 2225 ‹tuo

918 2238 1034 2264 breviter
1053 2239 1151 2272 prima3
1175 2243 1238 2264 sunt
1255 2239 1326 2264 enim
1347 2248 1397 2264 non
1413 2243 1464 2264 tam
1481 2238 1596 2272 insignia
1610 2237 1642 2262 ad
1658 2246 1714 2262 ma-

917 2276 1017 2302 ximam
1033 2275 1151 2306 laudem,
1168 2284 1249 2310 quam
1265 2276 1411 2301 necessaria
1426 2280 1450 2301 et
1466 2280 1552 2300 tamen
1566 2283 1628 2300 cum
1643 2275 1713 2299 mul-

918 2313 951 2338 tis
974 2321 1057 2347 paene
1072 2313 1233 2338 communia.
1275 2313 1340 2338 Nam
1360 2317 1385 2338 et
1403 2313 1522 2338 iuvenire
1542 2317 1566 2337 ct
1585 2311 1710 2339 iudicare.

917 2350 983 2385 quid
997 2350 1079 2380 dicas,
1097 2358 1191 2385 magna
1206 2349 1251 2375 illa
1265 2350 1375 2384 quidem
1390 2355 1453 2375 sunt
1466 2354 1491 2374 ct
1506 2354 1641 2383 tamquam
1656 2350 1713 2374 ani-

918 2388 953 2413 mi
974 2387 1056 2413 instar
1069 2387 1097 2413 in
1115 2396 1233 2421 corpore,
1250 2387 1297 2413 sed
1316 2387 1421 2421 propria
1441 2386 1526 2421 magis
1546 2386 1710 2420 prudentiae.

917 2433 998 2459 quam
1022 2423 1203 2458 eloquentiae:
1226 2433 1279 2458 qua
1303 2429 1390 2450 tamon
1414 2425 1440 2450 in
1458 2432 1552 2449 <atussa
1571 2429 1611 2449 cst
1631 2432 1712 2449 vacua

918 2461 1077 2496 prudentia?
1101 2462 1208 2487 Noverit
1227 2462 1310 2495 igitur
1328 2462 1369 2487 hic
1388 2461 1498 2496 quidem
1517 2465 1616 2490 orator.
1632 2469 1712 2495 quem

917 2507 1055 2525 summum
1074 2507 1132 2524 esse
1151 2498 1290 2527 volumus,
1310 2503 1527 2533 argumentorum
1542 2502 1568 2523 et
1582 2499 1712 2524 rationum

919 2536 998 2562 loc-OS.
1033 2537 1074 2562 155.
1098 2536 1164 2562 Nam
1188 2536 1328 2570 quomam,
1354 2535 1487 2570 quidquid
1511 2540 1564 2566 est,
1589 2535 1662 2571 quod
1687 2537 1712 2561 in

917 2573 1095 2600 controversia
1120 2578 1166 2599 aut
1188 2574 1214 2599 in
1238 2574 1404 2599 contentione
1424 2577 1553 2603 versetur,
1573 2574 1600 2599 in
1620 2581 1650 2599 eo
1669 2578 1713 2598 aut

917 2611 986 2637 sitne
1009 2615 1054 2637 aut
1075 2610 1141 2645 quid
1163 2611 1198 2636 sit
1223 2616 1268 2637 aut
1291 2610 1370 2645 quale
1398 2611 1432 2637 sit
1458 2611 1609 2646 quaeritur3
1632 2611 1710 2638 sitne.

917 2648 1016 2684 signis;
1039 2647 1105 2683 quid
1120 2648 1166 2678 sit,
1183 2648 1399 2680 delinitionibus,
1421 2648 1501 2683 quale
1515 2649 1557 2677 sit,
1575 2648 1636 2674 recti
1653 2656 1713 2682 pra-

918 2685 999 2721 vique
1017 2685 1151 2720 partibus3
1174 2686 1275 2720 quibus
1294 2690 1323 2712 ut
1337 2686 1374 2712 uti
1389 2687 1473 2721 possit
1486 2691 1584 2714 orator,
1602 2694 1652 2712 non
1669 2685 1712 2710 ille
