1941 3052
2 387 3 390 ¹
21 414 25 417 .
56 402 112 420 mes
127 393 212 419 fuisse
226 392 328 419 vinces.

404 135 590 162 ORATIO
623 135 712 162 PRO
745 134 777 162 Α.
811 134 1041 162 CAECINA.
1070 134 1168 161 CAP.

55 216 113 238 eos,
133 207 180 242 qui
199 215 262 233 saxa
281 206 408 238 iacerent,
429 215 498 242 quae
517 207 550 233 de
568 211 635 233 terra
649 207 702 241 ipsi
716 206 846 237 tollerent,

56 253 108 271 non
122 253 181 270 esse
195 252 267 270 arma
281 245 411 278 caespites
426 253 514 279 neque
527 244 633 280 glebas:
651 253 702 270 non
714 243 798 270 fuisse
808 252 850 270 ar-

55 286 140 308 matos
155 290 209 312 eos,
225 282 273 316 qui
287 286 484 315 praetereuntes
499 290 603 308 ramum
618 281 798 317 defringerent
809 290 850 307 ar-

55 319 141 346 boris:
162 327 234 345 arma
249 327 306 344 esse
320 319 378 344 suis
393 319 561 349 nominibus,
582 319 632 345 alia
646 319 678 345 ad
693 318 847 354 tegendum,

55 355 105 383 alia
120 355 153 382 ad
167 355 331 382 nocendum:
347 364 415 391 quae
429 357 476 391 qui
491 365 542 383 non
557 356 707 387 habuerint,
724 365 768 382 eos
779 356 851 382 iner-

368 395 409 419 61.
429 394 527 419 Verum
546 393 682 428 siquidem
701 394 850 420 0111311110-

55 440 115 458 rum
129 430 276 457 iudicium:
293 434 349 457 tum
365 431 414 457 ista
428 431 522 463 dicito,
538 432 605 457 iuris
619 431 750 457 iudicium
764 439 849 466 quum

55 469 105 495 erit
119 472 144 494 et
158 468 313 503 aequitatis:
328 477 391 495 cave
406 468 433 494 in
448 469 496 494 ista
510 473 561 494 tam
574 468 680 503 frigida,
697 473 750 494 tam
761 469 850 494 ieiuna

55 505 189 532 calumnia
207 505 362 537 delitescas,
388 514 441 532 non
460 506 531 532 enim
551 506 666 540 reperies
684 514 850 540 quemquam

55 543 173 570 iudicem
188 547 234 569 aut
252 547 477 577 recuperatorem,
498 543 559 578 qui,
580 548 717 577 tamquam
736 543 759 569 si
778 551 850 568 arma

56 580 150 607 militis
165 580 337 615 inspiciunda
348 581 409 611 sint,
426 581 461 606 ita
471 580 564 615 probet
575 584 715 611 armatum,
732 579 779 606 sed
790 588 851 614 per-

55 618 119 644 inde
132 617 240 648 valebit,
256 618 334 652 quasi
346 618 517 644 armatissimi
529 617 635 648 fuerint,
652 618 675 643 51
685 617 850 652 reperientur

56 656 92 682 ita
110 655 193 690 parati
213 655 311 686 fuisse,
332 659 361 681 ut
379 656 434 681 vim
453 655 522 681 vitae
540 659 585 680 aut
598 655 700 689 corpori
715 654 850 689 potuerint

55 693 157 719 afferre.
192 692 277 719 Xxu.
294 694 334 718 6⁶2.
350 692 446 727 Atque,
463 696 492 718 ut
506 692 592 728 magis
606 691 751 727 intelligas,
768 700 848 727 quam

57 730 137 757 verba
151 729 218 756 nihil
233 729 350 756 valeant:
367 730 389 755 si
401 734 429 756 tu
443 729 526 760 solus,
543 734 588 755 aut
601 730 693 764 quivis
705 738 776 755 unus
787 738 849 755 cum

56 772 140 799 scuto,
156 776 218 794 cum
232 767 321 803 gladio
334 767 465 801 impetum
479 767 506 793 in
521 776 563 792 me
578 766 691 798 fecisset,
709 771 788 801 atque
802 775 850 802 ego

56 806 91 832 ita
105 805 223 831 deiectus
238 813 338 835 essem,
354 804 501 830 auderesne
511 804 608 836 dicere,
624 804 796 830 interdictum
807 812 850 830 es-

55 851 85 869 se
98 842 131 869 de
145 842 252 868 armatis
267 841 436 868 hominibus:
454 841 496 867 1110
510 846 599 868 autem
613 842 750 868 hominem
764 850 851 867 arma-

56 884 113 906 tum
128 887 213 905 unum
228 878 330 905 fuisse?
344 879 410 910 Non,
427 879 528 913 opinor,
546 883 599 905 tam
609 879 753 914 impudens
764 887 848 905 esses.

55 917 137 952 Atqui
155 916 229 947 vide,
251 925 284 942 ne
301 916 386 943 multo
404 925 476 942 nunc
493 917 531 942 sis
550 916 741 951 impudentior.
782 917 849 942 Nam

55 959 112 981 tum
126 953 237 989 quidem
252 962 344 980 omnes
359 953 483 980 mortales
497 953 639 989 implorare
654 963 761 989 posses,
777 954 850 989 quod

55 991 177 1018 homines
195 991 223 1017 in
238 995 284 1018 tuo
297 991 403 1027 negotio
416 991 508 1017 Latine
524 991 596 1027 loqui
609 991 847 1018 obliviscerentur:

54 1028 127 1064 quod
140 1029 256 1055 inermes
271 1029 364 1055 armati
382 1029 576 1055 iudicarentur:
602 1029 688 1064 quod,
708 1038 794 1064 quum
809 1029 851 1055 in-

55 1066 197 1094 terdictum
211 1070 281 1092 esset
297 1066 331 1092 de
349 1066 486 1101 pluribus,
507 1067 651 1093 commissa
670 1075 711 1093 res
729 1071 800 1093 esset
817 1066 850 1092 ab

54 1112 121 1135 uno,
147 1112 219 1130 unus
242 1103 321 1130 homo
343 1103 434 1139 plures
457 1112 516 1130 esse
535 1104 656 1130 homines
675 1104 848 1131 iudicaretur.

55 1143 96 1168 63.
111 1141 210 1169 Verum
229 1141 257 1167 in
275 1141 318 1167 his
331 1141 435 1168 caussis
449 1150 501 1168 non
516 1142 597 1168 verba
611 1142 724 1168 veniunt
736 1142 765 1168 in
779 1141 851 1168 iudi-

54 1180 140 1210 cium,
161 1179 209 1205 sed
227 1187 257 1205 ea
271 1187 326 1210 res,
347 1179 425 1206 cuius
439 1187 533 1205 caussa
548 1179 628 1206 verba
643 1179 708 1206 haec
722 1179 755 1206 ad
768 1180 851 1206 inter-

54 1216 157 1243 dictum
170 1216 288 1243 coniecta
301 1220 374 1243 sunt.
414 1216 484 1248 Vim,
500 1225 570 1252 quae
583 1217 616 1243 ad
629 1221 710 1252 eaput
724 1221 749 1243 et
762 1216 795 1243 ad
809 1216 851 1244 vi-

55 1259 109 1281 tam
123 1254 249 1288 pertinet,
265 1254 371 1280 restitui
384 1254 443 1280 sine
456 1254 512 1280 ulla
525 1255 681 1289 exceptione
696 1254 849 1281 voluerunt.

55 1291 92 1318 Ea
110 1291 139 1318 fit
157 1291 317 1326 plerumque
335 1300 381 1326 per
399 1291 521 1318 homines
539 1296 641 1318 coactos
664 1296 848 1327 armatosque:

55 1337 124 1364 quae
138 1329 160 1355 si
175 1328 227 1355 alio
240 1328 360 1360 consilio,
376 1328 468 1355 eodem
483 1329 602 1364 periculo
617 1329 682 1356 facta
692 1331 740 1356 sit:
757 1330 850 1356 eodem

54 1367 113 1393 iure
126 1374 186 1392 esse
200 1366 352 1393 voluerunt.
392 1366 450 1392 Non
464 1367 535 1392 enim
550 1367 634 1393 maior
647 1371 687 1393 est
700 1367 810 1398 iniuria,
827 1368 850 1394 si

55 1409 100 1431 tua
114 1403 228 1435 familia,
249 1412 330 1438 quam
349 1404 372 1429 si
386 1408 449 1430 tuus
463 1404 586 1430 villicus:
611 1413 663 1430 non
677 1405 700 1431 si
715 1405 754 1431 tui
768 1405 848 1435 servi,

55 1450 136 1477 quam
151 1441 174 1467 si
189 1440 269 1467 alieni
284 1449 313 1467 ac
327 1441 497 1467 mercenarii:
518 1450 584 1472 non,
605 1442 629 1468 si
648 1446 710 1468 tuus
726 1450 851 1477 procura-

55 1484 108 1510 tor,
129 1487 211 1514 quam
225 1478 248 1504 si
263 1479 368 1505 vicinus
382 1482 428 1505 aut
442 1478 554 1505 libertus
568 1483 646 1505 tuus:
667 1487 733 1511 non,
754 1479 777 1506 si
791 1488 852 1506 eoa-

55 1517 105 1543 ctis
124 1516 292 1547 hominibus,
312 1524 394 1551 quam
413 1516 436 1542 si
455 1515 613 1543 voluntariis
631 1517 768 1543 autetiam
783 1517 852 1543 assi-

54 1554 117 1580 duis
132 1562 162 1580 30
175 1553 343 1580 domesticis:
360 1562 421 1584 non,
437 1554 460 1579 si
475 1554 592 1582 armatis.
608 1563 688 1589 quam
704 1555 726 1581 si
741 1555 852 1581 inermi-

55 1591 115 1621 buS,
128 1591 176 1626 qui
188 1591 243 1618 vim
255 1590 383 1617 haberent
392 1595 553 1617 armatorum
564 1591 596 1617 ad
608 1592 771 1618 nocendum:
788 1601 848 1623 non,

56 1629 78 1655 si
93 1628 227 1663 pluribus,
242 1637 324 1663 quam
339 1628 362 1655 si
377 1636 430 1655 uno
441 1633 549 1655 armato.
572 1628 677 1661 Quibus
688 1630 759 1656 enim
770 1629 851 1656 rebus

56 1666 215 1702 plerumque
235 1666 274 1692 vis
294 1666 335 1697 fit,
355 1665 489 1692 eIusmodi
508 1666 557 1692 hae
571 1675 613 1692 res
627 1666 796 1702 appellantur
810 1667 852 1694 111-

55 1703 175 1730 101111010.
216 1702 244 1729 Si
262 1712 310 1738 per
328 1703 392 1729 alias
411 1712 453 1729 res
471 1703 563 1729 eadem
584 1703 649 1730 facta
669 1704 710 1731 vis
728 1708 782 1731 est:
810 1713 849 1736 ea,

57 1741 161 1768 tametsi
175 1740 265 1767 verbis
279 1740 411 1767 interdicti
428 1749 479 1767 non
494 1740 671 1773 concluditur,
688 1745 776 1769 tamen
790 1750 852 1769 sen-

54 1779 136 1806 tentia
149 1778 217 1804 iuris
230 1782 310 1813 atque
323 1778 477 1805 auctoritate
493 1779 629 1805 retinetur.

110 1815 208 1842 XXIII.
225 1817 266 1842 64.
278 1816 362 1843 Venio
375 1824 446 1842 nunc
460 1816 492 1842 ad
503 1815 571 1842 illud
582 1820 673 1843 tuum:
691 1817 748 1843 Non
757 1819 852 1850 deieci;

55 1855 239 1880 nouenimsivi
248 1855 375 1880 accedere.
396 1853 462 1879 Puto
477 1858 501 1880 te
515 1855 614 1888 ipsum,
631 1854 701 1885 Piso,
717 1855 852 1889 perspice-

55 1898 96 1922 re,
121 1894 221 1925 quanto
244 1891 294 1917 ista
316 1891 352 1917 sit
371 1891 509 1926 angustior
531 1891 703 1926 iniquiorque
720 1891 849 1924 defensio,

54 1936 137 1963 quam
147 1928 170 1954 si
181 1927 226 1954 illa
237 1932 353 1955 uterere:
369 1928 427 1955 Non
436 1931 540 1962 suerunt
554 1931 659 1960 armati,
677 1938 734 1955 cum
743 1931 853 1963 fustibus

55 1969 78 1992 et
90 1973 146 1992 cum
155 1967 230 1991 samis
238 1968 350 1999 suerunt.
389 1965 417 1992 Si
431 1965 583 1992 mehercule
598 1966 678 1997 mihi,
696 1975 748 1993 non
762 1967 853 2002 copio-

55 2010 86 2029 so
99 2002 202 2028 homini
216 2002 249 2028 ad
268 2002 426 2033 dicendum,
447 2003 520 2037 optio
538 2003 628 2034 detur,
650 2007 740 2030 utrum
760 2004 851 2031 malim

55 2039 212 2071 defendere,
233 2048 285 2066 non
304 2048 363 2066 esse
380 2039 513 2066 deiectum
532 2048 607 2071 eum,
628 2041 672 2067 cui
692 2041 717 2067 vi
732 2045 758 2067 et
770 2042 852 2068 armis

55 2076 217 2112 ingredienti
231 2077 266 2103 sit
279 2085 434 2104 occursum:
455 2086 487 2104 an
502 2081 615 2104 armatos
630 2086 682 2104 non
697 2077 782 2105 fuisse
796 2087 849 2111 eos,

55 2114 103 2149 qui
118 2114 176 2140 sine
190 2114 273 2140 scutis
287 2122 316 2140 ac
329 2115 388 2141 sine
402 2114 471 2141 ferro
485 2114 598 2148 fuerint,
614 2115 731 2147 omnino,
748 2115 780 2142 ad
791 2125 853 2151 pro-

55 2151 174 2178 bandum
190 2156 331 2186 utramque
345 2160 400 2178 rem
411 2151 516 2178 videam
528 2152 660 2179 infirmam
672 2161 707 2179 nu
729 2154 853 2180 atoriam-

55 2197 108 2224 que
122 2197 194 2220 esse,
215 2188 248 2215 ad
262 2188 406 2215 dicendum
420 2193 522 2220 autem,
544 2190 570 2216 in
585 2189 665 2216 altera
680 2191 706 2217 vi
727 2199 771 2217 ear
785 2192 851 2218 1111111

55 2225 159 2261 aliquid
174 2226 289 2261 reperire
303 2235 395 2261 posse,
415 2235 467 2253 non
487 2226 571 2253 fuisse
588 2232 702 2254 armatos
720 2236 778 2260 eos,
804 2229 851 2264 qui

56 2271 144 2299 neque
162 2263 224 2290 ferri
243 2263 392 2299 quidquam
411 2272 499 2299 neque
516 2268 623 2291 scutum
644 2264 729 2292 ullum
749 2265 852 2293 habue-

56 2301 122 2328 rint:
147 2300 191 2328 hic
213 2309 276 2328 vero
300 2301 434 2332 haeream,
459 2302 482 2327 si
502 2301 568 2328 mihi
587 2301 787 2329 defendendum
805 2305 849 2335 sit,

56 2345 132 2370 eum,
147 2339 195 2374 qui
210 2338 306 2374 pulsus
322 2338 484 2374 fugatusque
498 2339 546 2370 sit,
567 2347 619 2365 non
633 2348 692 2366 esse
707 2340 850 2367 deiectum.

56 2376 98 2402 65.
117 2374 204 2411 Atque
222 2376 291 2403 illud
309 2376 336 2403 in
356 2380 408 2403 tota
426 2376 581 2403 defensione
596 2381 639 2403 tua
654 2377 720 2403 mihi
736 2379 852 2405 maxime

56 2413 155 2439 mirum
169 2413 324 2445 videbatur,
341 2418 365 2440 te
379 2414 480 2445 dicere,
497 2413 747 2441 iurisconsultorum
762 2420 853 2442 aucto-

57 2449 126 2476 ritati
147 2450 324 2486 obtemperari
347 2460 399 2477 non
417 2455 546 2485 oportere.
585 2451 661 2483 Quod
679 2460 728 2487 ego
747 2453 851 2479 tametsi

57 2495 109 2514 non
127 2496 199 2515 nunc
213 2489 331 2523 primum
345 2497 432 2524 neque
447 2488 473 2514 in
489 2488 537 2514 bac
550 2497 645 2515 caussa
658 2489 746 2515 solum
761 2490 849 2521 audio,

57 2527 144 2551 tamen
159 2525 303 2552 admodum
318 2526 446 2557 mirabar,
465 2525 513 2552 abs
528 2530 552 2552 te
566 2535 647 2561 quam
662 2526 695 2552 ob
710 2535 765 2553 rem
779 2527 852 2553 dice-

57 2566 137 2588 retur.
178 2563 244 2589 Nam
262 2564 341 2590 ceteri
356 2568 413 2590 tum
427 2562 460 2589 ad
475 2563 553 2589 istam
569 2563 742 2590 hortationem
758 2564 852 2590 1100111·-

57 2603 130 2630 runt.
153 2608 238 2635 quum
257 2609 286 2627 se
302 2601 330 2627 in
348 2609 442 2627 caussa
461 2605 555 2635 putant
573 2600 670 2627 habere
688 2610 803 2636 aequum
827 2606 853 2628 et

56 2634 166 2668 bonum,
183 2637 255 2672 quod
269 2637 420 2665 defendant.
455 2638 483 2664 Si
497 2643 587 2664 contra
602 2638 692 2664 verbis
705 2643 731 2665 et
746 2639 848 2670 litteris,

57 2677 83 2700 et
95 2672 135 2709 (ut
147 2673 200 2701 dici
211 2674 286 2711 solet)
299 2683 406 2702 summo
417 2676 475 2703 iure
484 2675 666 2702 contenditur:
683 2676 768 2704 solent
779 2677 852 2703 eius-

1204 136 1234 161 19
1255 150 1291 155 -
1312 137 1353 161 215.
1645 138 1689 162 36⁴

901 205 973 231 modi
992 205 1127 240 iniquitati
1145 205 1209 232 honi
1228 210 1253 232 et
1271 206 1349 240 aequi
1368 213 1464 232 nomen
1484 205 1695 241 dignitatemque

900 251 1041 277 opponere.
1075 243 1143 269 Tum
1158 243 1235 274 illud,
1251 244 1323 277 quod
1337 243 1448 269 dicitur:
1464 252 1542 274 siva,
1559 252 1642 273 sive,
1660 244 1696 269 ir-

901 280 997 310 rident,
1014 284 1071 306 tum
1085 281 1200 315 aucupia
1214 281 1357 307 verborum
1372 285 1397 306 et
1412 280 1558 306 litterarum
1574 280 1696 306 tendicu-

902 317 940 343 las
956 318 982 343 in
998 317 1125 343 invidiam
1141 322 1248 344 vocant:
1273 323 1330 344 tum
1349 317 1539 348 vociferantur,
1561 326 1594 344 ex
1612 326 1697 352 aequo

901 359 926 380 et
940 354 1022 385 bono,
1044 363 1095 381 non
1110 363 1143 381 ex
1157 355 1253 381 callido
1268 360 1429 390 versutoque
1443 355 1500 381 iure
1514 363 1569 381 rem
1584 355 1696 381 iudicari

901 396 1034 426 oportere:
1060 393 1189 427 scriptum
1207 393 1298 427 sequi,
1319 392 1518 419 calumniatoris
1537 401 1609 424 esse,
1634 392 1697 418 boni

902 429 1008 460 iudicis,
1025 429 1187 456 voluntatem
1202 431 1339 464 scriptoris
1354 430 1590 465 auctoritatemque
1605 429 1698 455 defen-

902 466 973 492 dere.
1008 468 1049 492 66.
1065 467 1093 492 In
1109 467 1159 492 ista
1174 475 1236 493 vero
1249 476 1352 498 caussa,
1368 476 1454 502 quum
1469 472 1496 493 tu
1511 467 1548 493 sis
1562 467 1595 497 is,
1611 467 1658 502 qui
1674 472 1698 493 te

902 504 983 529 verbo
998 503 1136 538 litteraque
1147 503 1288 537 defendas,
1305 514 1389 539 quum
1401 510 1461 530 tuae
1472 504 1525 530 sint
1536 504 1584 530 hae
1594 509 1695 539 partes:

902 540 974 566 unde
988 540 1106 567 deiectus
1121 540 1168 567 es‘?
1181 550 1214 567 an
1229 541 1300 573 inde,
1316 551 1370 577 quo
1384 542 1536 576 prohibitus
1550 550 1578 568 es
1590 541 1699 568 accede-

902 577 948 604 re‘?
970 578 1071 604 eiectus
1085 587 1122 609 es,
1139 587 1191 604 non
1206 578 1338 612 deiectus,
1355 588 1439 614 quum
1455 584 1499 605 tua
1513 580 1548 605 sit
1562 579 1626 605 haec
1640 587 1698 605 ora-

903 615 952 641 tio:
974 615 1068 646 fateor,
1090 624 1132 641 me
1152 616 1274 642 homines
1293 617 1426 651 coegisse,
1448 616 1543 647 fateor,
1565 624 1695 643 armasse:

902 651 997 683 fateor,
1019 653 1068 678 tibi
1082 656 1194 679 mortem
1209 662 1267 679 esse
1282 654 1447 684 minitatum,
1474 653 1568 685 fateor,
1590 654 1639 680 1100
1657 654 1699 680 111-

902 689 1012 715 terdicto
1031 690 1158 724 praetoris
1178 690 1321 721 vindicari,
1348 691 1370 717 si
1390 691 1511 717 voluntas
1530 696 1556 717 et
1578 691 1698 726 aequitas

902 726 1002 753 valeat:
1027 727 1074 753 sed
1089 736 1137 763 ego
1151 728 1259 753 invenio
1274 728 1300 754 in
1316 728 1455 754 interdicto
1470 728 1582 754 verbum
1603 737 1696 758 unum,

902 764 949 790 ubi
962 764 1131 790 delitescam:
1147 773 1199 790 non
1213 764 1297 791 deieci
1313 770 1337 791 te
1351 774 1384 791 ex
1397 774 1427 791 eo
1443 765 1506 796 loco,
1523 774 1604 800 quem
1619 766 1645 791 in
1662 765 1699 791 lo-

901 810 963 827 cum
974 802 1099 836 prohibui
1110 811 1143 828 ne
1155 802 1273 828 venires:
1286 818 1322 822 ——-
1333 803 1429 829 XXIV.
1442 803 1469 828 in
1481 803 1530 828 ista
1545 802 1699 829 defensione

902 847 1010 865 accusas
1021 847 1075 870 eos,
1086 839 1134 874 qui
1144 839 1330 871 consuluntur,
1342 840 1415 875 quod
1425 841 1565 875 aequitatis
1575 844 1700 866 censeant

902 877 1038 908 rationem,
1055 885 1107 903 non
1122 877 1206 908 verbi,
1223 877 1314 904 haberi
1328 883 1457 912 oportere.
1480 878 1521 904 67.
1534 878 1566 904 Et
1581 877 1630 903 hoc
1645 877 1700 903 1000

902 913 1070 945 Scaevolam,
1091 914 1197 945 dixisti,
1218 923 1340 941 caussam
1359 915 1430 950 apud
1448 915 1629 941 centumviros
1648 923 1699 941 11011

902 952 1033 978 tenuisse:
1053 960 1135 986 quem
1150 960 1198 987 ego
1212 957 1287 978 antea
1301 953 1520 983 commemoravi,
1541 952 1613 987 quod
1628 952 1699 978 idem

903 988 1011 1020 faceret,
1031 989 1103 1024 quod
1123 993 1151 1015 tu
1171 998 1242 1016 nunc
1260 990 1374 1025 (tametsi
1392 990 1437 1016 ille
1456 991 1483 1016 in
1503 989 1592 1025 aliqua
1606 998 1700 1016 caussa

902 1025 1027 1057 faciebat,
1053 1031 1082 1052 tu
1101 1027 1128 1053 in
1147 1026 1220 1053 nulla
1239 1027 1314 1063 facis)
1332 1032 1420 1054 tamen
1439 1028 1565 1062 probasse
1588 1027 1697 1057 nemini,

902 1063 975 1098 quod
989 1063 1117 1095 defendit,
1134 1065 1197 1099 quia
1213 1065 1301 1091 verbis
1316 1074 1471 1101 oppugnare
1485 1066 1644 1100 aequitatem
1660 1065 1701 1090 vi-

902 1101 1024 1127 debatur.
1047 1101 1137 1133 Quum
1151 1102 1178 1128 id
1193 1103 1282 1133 miror,
1301 1107 1324 1129 te
1339 1103 1388 1129 hoc
1402 1104 1429 1129 in
1441 1103 1489 1129 hac
1498 1112 1525 1128 10
1536 1102 1621 1128 alieno
1633 1107 1700 1128 tem-

902 1147 965 1173 pore
979 1143 1004 1165 et
1017 1143 1120 1170 contra,
1140 1148 1222 1174 quam
1237 1140 1286 1166 ista
1300 1149 1394 1166 caussa
1414 1140 1586 1175 postulasset,
1608 1139 1701 1166 defen-

902 1176 988 1202 disse:
1005 1181 1062 1203 tum
1076 1176 1144 1202 illud
1160 1177 1241 1213 vulgo
1255 1177 1280 1203 iu
1297 1178 1404 1204 iudiciis
1418 1182 1443 1204 et
1455 1186 1656 1212 nonnumquam
1668 1176 1701 1203 ab

902 1214 1048 1250 ingeniosis
1063 1214 1219 1241 hominibus
1233 1214 1350 1246 defendi,
1367 1216 1433 1242 mihi
1448 1216 1546 1241 mirum
1562 1215 1646 1241 videri
1658 1223 1702 1240 so-

903 1251 951 1283 let,
972 1260 1020 1278 nec
1034 1252 1232 1279 iurisconsultis
1246 1254 1355 1279 concedi
1370 1262 1417 1279 nec
1432 1253 1474 1279 ius
1488 1253 1567 1279 civile
1581 1253 1608 1278 in
1623 1261 1701 1278 caus-

902 1289 939 1315 sis
953 1297 1059 1324 semper
1074 1289 1161 1316 valere
1174 1294 1304 1325 oportere.
1339 1292 1379 1317 68.
1400 1291 1466 1316 Nam
1480 1291 1528 1325 qui
1543 1290 1591 1317 1100
1606 1290 1702 1324 dispu-

902 1330 970 1357 tant,
986 1327 1009 1353 51
1024 1327 1051 1353 id
1065 1327 1170 1358 dicunt,
1188 1336 1239 1354 non
1254 1333 1323 1354 recte
1337 1328 1440 1363 aliquid
1454 1333 1569 1354 statuere
1583 1336 1636 1358 005,
1653 1328 1701 1362 qui

901 1364 1088 1390 consulantur:
1109 1373 1161 1391 non
1176 1365 1225 1391 1100
1239 1365 1336 1392 debent
1354 1366 1454 1396 dicere,
1477 1366 1527 1392 iuri
1546 1365 1632 1396 civili,
1654 1364 1700 1390 sed

903 1401 1058 1428 hominibus
1073 1402 1162 1428 stultis
1177 1402 1353 1438 obtemperari
1368 1412 1419 1429 non
1430 1408 1559 1437 oportere.
1582 1402 1629 1428 Sin
1640 1402 1700 1428 illos

902 1443 971 1465 recte
990 1439 1150 1474 respondere
1169 1440 1317 1467 concedunt
1335 1445 1360 1467 et
1378 1441 1453 1467 aliter
1471 1440 1583 1466 iudicari
1607 1439 1701 1465 dicunt

902 1480 1035 1511 oportere:
1052 1476 1120 1503 male
1136 1477 1247 1503 iudicari
1263 1482 1382 1512 oportere
1396 1478 1498 1504 dicunt.
1522 1478 1614 1512 Neque
1629 1477 1699 1503 enim

904 1514 959 1541 lieri
974 1518 1069 1549 potest,
1086 1518 1114 1540 ut
1128 1514 1202 1541 aliud
1213 1515 1324 1541 iudicari
1335 1515 1367 1541 de
1378 1517 1444 1546 iure,
1461 1515 1534 1541 aliud
1546 1514 1700 1549 responderi

902 1556 1033 1587 oporteat,
1054 1560 1102 1578 1100
1121 1557 1150 1578 111
1167 1553 1312 1587 quisquam
1333 1554 1399 1579 iuris
1418 1557 1573 1579 numeretur
1588 1552 1698 1587 peritus,

903 1590 950 1624 qui
968 1589 996 1616 id
1014 1593 1112 1616 statuat
1129 1598 1189 1616 csse
1206 1591 1263 1621 ius,
1283 1590 1355 1625 quod
1375 1600 1426 1617 non
1445 1594 1563 1625 oporteat
1577 1589 1699 1616 iudicari.

903 1627 1027 1654 69.—-At
1041 1631 1081 1653 est
1094 1626 1238 1662 aliquando
1251 1633 1340 1654 contra
1355 1628 1513 1654 iudicatum.
1529 1643 1565 1646 —
1580 1627 1700 1653 Primum

904 1669 994 1691 utrum
1009 1668 1087 1695 recte,
1103 1673 1136 1690 an
1151 1665 1308 1699 perperam?
1321 1666 1348 1691 Si
1363 1670 1443 1691 recte:
1461 1665 1487 1691 id
1499 1665 1549 1691 fuit
1561 1665 1611 1694 ius,
1629 1664 1701 1699 quod

902 1702 1051 1728 iudicatum
1065 1706 1118 1735 est;
1134 1703 1177 1728 sin
1190 1702 1279 1729 aliter:
1297 1711 1347 1729 non
1362 1703 1477 1729 dubium
1492 1707 1540 1733 est,
1558 1707 1647 1728 utrum
1660 1703 1702 1728 iu-

903 1739 976 1766 dices
990 1749 1022 1766 an
1037 1739 1221 1766 iurisconsulti
1236 1740 1406 1775 vituperandi
1420 1741 1483 1766 sint.
1506 1739 1614 1771 Deinde,
1631 1740 1654 1765 si
1669 1739 1702 1765 (10

903 1777 962 1804 11110
976 1777 1048 1803 vario
1061 1777 1202 1812 quippiam
1217 1778 1363 1804 iudicatum
1379 1782 1431 1810 est;
1452 1777 1541 1812 potius
1555 1782 1645 1803 contra
1660 1777 1702 1803 iu-

903 1810 1078 1841 risconsultos
1092 1819 1226 1846 statuunt,
1246 1815 1270 1841 si
1284 1815 1360 1842 aliter
1378 1816 1579 1850 pronuntiatum
1598 1819 1650 1844 est,
1672 1823 1702 1840 ac

903 1853 992 1879 Mucio
1006 1852 1115 1887 placuit,
1132 1861 1214 1888 quam
1228 1860 1261 1879 ex
1275 1861 1367 1879 corum
1379 1853 1541 1883 auctoritate,
1557 1853 1589 1883 si,
1607 1856 1635 1878 ut
1648 1852 1702 1877 Ma-

903 1889 986 1916 nilius
1000 1890 1141 1921 statuebat,
1157 1890 1196 1916 sic
1207 1895 1247 1917 est
1258 1891 1416 1917 iudicatum.
1439 1891 1544 1916 Etenim
1557 1890 1614 1924 ipse
1625 1890 1702 1915 Cras-

903 1936 950 1954 sus
965 1936 1017 1954 non
1031 1928 1066 1954 ita
1080 1936 1203 1954 caussam
1218 1928 1288 1963 apud
1300 1928 1481 1955 centumviros
1493 1928 1555 1963 egit,
1572 1931 1600 1953 ut
1612 1931 1701 1953 contra

903 1965 1108 1992 iurisconsultos
1122 1965 1229 1997 diceret,
1246 1965 1293 1992 sed
1309 1970 1336 1992 ut
1350 1966 1399 1992 hoc
1410 1965 1522 1996 doceret,
1540 1964 1616 1995 illud,
1628 1964 1701 1999 quod

904 2002 1030 2029 Scaevola
1049 2002 1222 2033 defendebat.
1244 2012 1295 2030 non
1313 2011 1372 2030 esse
1386 2004 1466 2033 iuris.
1492 2007 1517 2029 et
1531 2003 1558 2028 in
1573 2010 1631 2028 eam
1646 2010 1701 2028 rem

904 2049 956 2067 non
970 2040 1058 2067 solum
1073 2041 1188 2066 rationes
1202 2040 1317 2072 afferret,
1339 2041 1385 2067 sed
1399 2041 1477 2067 etiam
1493 2040 1523 2072 Q.
1537 2040 1637 2070 Mucio,
1658 2047 1701 2065 50-

903 2086 963 2105 cero
980 2086 1042 2109 suo,
1064 2077 1212 2112 multisque
1231 2079 1401 2113 peritissimis
1416 2077 1572 2104 hominibus
1587 2076 1702 2103 auctori-

903 2115 955 2142 bus
974 2120 1102 2142 uteretur.
1143 2115 1228 2142 XXV.
1244 2116 1286 2142 70.
1307 2116 1373 2142 Nam
1393 2116 1440 2150 qui
1460 2115 1501 2141 1115
1519 2113 1598 2141 civile
1612 2119 1702 2140 coute-

904 2153 1051 2179 mnendum
1071 2157 1158 2187 putat,
1179 2153 1202 2179 is
1222 2153 1328 2179 vincula
1347 2153 1451 2179 revellit
1471 2161 1521 2179 non
1539 2152 1617 2178 modo
1631 2151 1702 2177 iudi-

903 2191 1014 2221 ciorum,
1030 2191 1078 2216 sed
1092 2191 1172 2217 etiam
1187 2190 1310 2217 utilitatis
1325 2191 1448 2225 vitaeque
1461 2190 1627 2221 commuuis3
1653 2189 1700 2223 qui

903 2232 992 2255 autem
1011 2228 1168 2262 interpretes
1188 2228 1254 2254 iuris
1273 2228 1418 2262 vituperat,
1439 2228 1461 2253 si
1483 2227 1619 2261 imperitos
1635 2226 1701 2251 iuris

904 2274 962 2292 esse
976 2265 1053 2296 dicit,
1070 2265 1103 2291 de
1118 2265 1283 2296 hominibus,
1300 2274 1350 2292 11011
1365 2265 1398 2291 de
1412 2265 1469 2291 iure
1483 2264 1556 2290 civili
1571 2263 1698 2289 detrabit:

903 2303 944 2329 sin
960 2300 1119 2337 peritis‘non
1139 2307 1214 2337 putat
1232 2311 1290 2328 esse
1308 2301 1560 2336 obtemperandum,
1583 2310 1634 2326 uon
1654 2300 1701 2326 110-

904 2340 989 2366 mines
1006 2339 1093 2370 laedit,
1110 2339 1157 2366 sed
1173 2339 1245 2375 leges
1259 2348 1289 2365 ac
1302 2340 1359 2365 iura
1375 2339 1522 2365 labefactat.
1563 2337 1639 2370 Quod
1655 2346 1702 2364 vo-

904 2377 945 2403 bis
961 2377 1052 2403 vouire
1067 2377 1093 2402 in
1108 2382 1225 2403 mentem
1240 2376 1356 2411 profecto
1370 2385 1477 2403 11000550
1491 2380 1542 2406 est,
1561 2374 1626 2401 1111111
1642 2384 1701 2401 0550

905 2415 930 2440 111
946 2414 1052 2441 civitate
1067 2419 1119 2440 tam
1134 2414 1290 2449 diligenter,
1311 2423 1391 2449 quam
1412 2414 1453 2439 1115
1472 2412 1563 2443 civile,
1585 2413 1700 2439 retinen-

903 2451 979 2478 dum.
1010 2452 1124 2482 Etenim,
1142 2451 1190 2477 hoc
1205 2451 1319 2481 sublato,
1336 2450 1402 2477 1111111
1417 2455 1466 2481 051,
1481 2459 1564 2485 quare
1579 2449 1701 2484 explora-

904 2493 960 2515 tum
975 2489 1102 2524 cuiquam
1117 2489 1201 2523 possit
1214 2498 1285 2519 esse,
1309 2489 1375 2523 quid
1394 2497 1474 2514 suum
1494 2492 1539 2514 aut
1556 2487 1622 2522 quid
1637 2487 1701 2514 alie-

904 2535 968 2553 num
979 2526 1028 2558 sit:
1045 2525 1111 2552 nihil
1127 2531 1174 2556 est,
1191 2526 1263 2561 quod
1277 2525 1417 2561 aequabile
1432 2526 1499 2551 iuter
1513 2534 1606 2551 01111105
1620 2529 1700 2560 atquc

904 2572 988 2590 uuum
1002 2564 1129 2590 omnibus
1143 2573 1202 2590 0550
1217 2564 1310 2598 possit.
1332 2564 1374 2589 7¹.
1391 2564 1481 2598 ltaque
1493 2564 1519 2589 in
1531 2563 1625 2589 ceteris
1636 2571 1700 2589 con-

904 2601 1040 2627 troversiis
1054 2605 1133 2636 atque
1148 2601 1264 2631 iudiciis,
1281 2609 1366 2636 quum
1381 2601 1526 2636 quaeritur,
1544 2600 1646 2635 aliquid
1662 2599 1700 2626 fa-

903 2643 975 2665 ctum
991 2647 1072 2665 necno
1085 2640 1129 2669 511,
1147 2647 1239 2665 verum
1254 2648 1286 2665 au
1302 2638 1399 2664 falsum
1415 2638 1570 2673 proferatur,
1587 2643 1611 2664 et
1623 2638 1699 2663 lictus

904 2677 978 2703 testis
1001 2676 1140 2703 subornari
1164 2676 1244 2707 solet.
1272 2681 1297 2703 et
1319 2676 1451 2712 interponi
1474 2675 1555 2702 falsae
1584 2674 1696 2702 tabulae.

1462 2725 1494 2749 te
