1941 3052
822 117 878 142 tot.
910 116 944 142 M.
975 116 1005 142 T.
1039 115 1058 141 C

254 118 303 144 9:³8

254 185 364 209 invi-ern
385 192 448 211 quum
461 185 496 205 lu·
508 184 590 205 tlt-em·
600 183 718 207 legationi·
729 191 740 203 ι
751 183 868 205 Dolabella
880 187 916 204 ΧΙ.
927 187 993 208 ΧΙΙΙ..
1005 190 1043 204 net
1064 186 1066 192 '

254 228 304 241 veru
315 220 471 248 provini-ialin,
489 223 507 239 rt
520 219 598 243 Syria·-
608 219 706 245 qut-tem.
722 223 745 239 ut
756 219 876 239 Plutarcho
886 218 966 246 placet,
978 218 1042 238 liabe-

254 259 300 280 τοι,
320 255 363 275 tm
377 254 473 281 suscepit
485 254 506 273 in
518 253 631 273 (irat-riam
652 257 708 274 λλι.
724 261 780 280 sqq..
799 260 824 273 eu
834 254 942 278 ton-llio,
958 258 981 274 ut
992 253 1042 273 Kal.

253 290 299 310 tan.
311 290 405 313 ade-net,
417 289 472 315 qnod
484 288 572 307 initium
583 288 674 311 timendi
685 292 775 308 nonatu-
787 288 841 312 sore,
853 288 927 308 llirtlo
938 292 958 306 ot
970 288 1043 307 μανι-ι
1063 301 1066 313 ,

253 324 389 345 eon-ulatum
401 323 541 346 im’untllnua,
556 323 678 343 vinciatur.
703 324 758 344 Dum
770 330 832 347 veru.
849 322 962 343 meliorum
973 329 1043 341 rerum

254 359 346 379 tumulum
363 358 427 384 'at-m·
441 357 527 377 sublata
542 365 592 384 apr,
610 358 689 378 tir-itu·
701 361 721 377 et
732 357 824 378 θυσίη·
834 361 946 385 praetore·
957 356 1043 380 urbani.

253 393 332 419 quil-in
347 393 441 413 ninnium·
457 393 616 419 recuperandae
631 392 685 420 reip.
710 392 766 413 rati-1
779 393 901 416 nitebatur,
917 392 936 412 ai
947 399 988 412 nnn
1000 392 1042 411 Ru-

253 435 311 450 mae.
331 428 353 447 iu
369 427 478 454 proximi·
497 430 568 447 tamen
583 427 651 451 luet..
671 428 799 451 niunebant,
825 434 906 454 perque
921 426 1007 446 tine-r·-
1023 429 1043 445 rt

252 462 323 483 atteia
341 470 387 482 eum
401 462 497 482 Antonio
512 462 636 489 populoque
653 466 667 482 Ι.
681 466 706 483 ΙΙ.
720 466 752 482 tv.
765 463 869 487 agebant:
888 467 992 487 nusquam
1004 460 1043 480 ὶΙΙι·

252 497 333 523 pedem.
359 497 413 517 Ιίιιι
429 496 513 521 longam
523 497 715 522 ‹munti-tionem,
731 498 757 517 ad
768 504 830 524 uiuam
842 496 906 517 etiam
918 496 994 516 cie-:ru
1006 495 1042 515 ad·
1065 521 1066 524 Ἰ

253 531 369 552 hibebatur
383 535 419 552 M.
439 535 459 551 et
480 534 529 557 punt
542 531 614 551 Servii
630 539 698 552 vanus
715 531 876 559 pacificationis
891 535 982 552 can-tu·
998 533 1042 550 itt.

252 566 337 587 tandem
354 565 402 586 illi·
416 565 558 590 cedentibus,
574 565 609 586 liic
623 566 672 593 ipsa
686 566 780 587 abeundi
791 567 909 587 ‹un-ilium
920 565 984 593 cepit.
1009 565 1042 585 Ad

253 601 305 622 liaeo
324 600 402 621 cicero
421 602 447 625 Q.
464 600 531 621 tilium
551 601 576 621 ad
594 602 682 622 llrntum
702 605 723 622 et
738 601 838 622 (tn-inm
851 601 946 621 tran-ira
964 600 1043 625 gaudet

252 639 310 657 ΧΧΙ.
322 642 354 662 aq.
365 639 444 657 ΧΧΙΧ.
470 636 502 656 De
514 636 677 657 lluthrotinrum
689 640 760 657 autem
771 637 859 661 negotio
870 635 982 657 sollicitus
994 641 1043 655 eno
1064 653 1065 660 ,

252 670 323 698 pergit
339 674 364 691 u.
379 674 427 691 ΧΗ.
443 674 487 691 XV.
504 674 561 691 xlx.
576 674 655 693 XXIX.
681 673 713 693 De
724 672 855 699 Cleopatrae
866 672 917 697 fug.
927 675 947 692 et
960 670 1041 697 iniqui·
1064 681 1065 697 1

252 709 298 726 tata
315 709 359 726 xv.
375 708 396 726 et
411 705 438 725 de
453 706 518 726 rebus
534 705 721 733 Hispaniensibus
738 711 796 728 xnt.
814 706 910 727 tantm
924 705 1041 731 nigntfiut.
1064 708 1065 712 ¹

252 740 275 761 ln
292 740 369 768 primia
384 747 464 767 operae
478 740 571 767 pretium
587 744 620 761 est
635 749 766 767 cognoscere
781 742 830 762 eiu·
844 741 927 762 iudicia
937 741 963 761 tle
974 744 1043 761 niorto

252 775 355 796 ene-ui-
371 779 404 796 tv.
419 776 446 795 da
461 775 558 796 Ant-mio
574 779 595 796 et
607 777 674 797 llruto
688 780 703 797 ΙΔ
719 777 746 797 de
758 777 824 797 Bruto
836 780 857 797 et
867 776 946 797 Canio
957 779 1003 796 xit.
1015 776 1042 795 de

253 810 370 831 Dolabella
385 813 444 831 ΧΗΙ.
460 810 486 830 tlt·
497 811 570 831 Pan-a
582 814 652 832 ΧΧΙΙ.
663 812 690 832 (le
700 811 774 832 llirtio
786 815 823 832 ΠΙ.
835 815 870 832 Vt.
882 811 940 831 etde
951 810 1041 831 nemin

252 848 300 866 ΧΠ.
331 846 390 866 llaec
410 844 456 865 fere
470 845 569 872 publica:
587 846 674 873 privata
689 850 759 867 antem
775 851 827 867 sunt
837 846 931 866 maxime
941 846 967 866 tle
977 846 1042 865 rebus

251 879 277 899 nd
292 879 335 899 iter
349 880 505 906 cunipnnenilin
520 884 564 901 XV.
580 884 657 901 xi'tli.
674 885 722 902 xx,
738 881 764 901 de
779 881 872 908 pet-unia
886 881 932 901 {iliu
944 880 1042 900 Attum·-

251 915 393 941 permutnmla
412 917 457 935 xv.
473 918 539 935 xt'tt.
554 916 581 935 «le
591 915 638 940 agri
652 915 777 937 'ru-culmi
791 915 890 942 periculo
907 919 962 936 t'ltl.
974 915 1000 935 de
1009 915 1041 934 vi-

251 949 316 969 tanilu
336 949 397 968 uruit
417 948 516 970 ludorum
531 950 657 977 spectaculo
673 954 750 971 xxvi.
775 952 853 972 Ceter-
868 951 914 970 fert·
928 951 953 970 ad
969 950 1042 970 studia

234 979 238 986 ¹
250 983 371 1010 pertinent:
394 983 471 1011 Dispp.
483 985 624 1005 Tri-eulanan
636 989 668 1005 tv.
680 985 750 1006 libros
760 986 787 1006 «le
797 985 882 1006 Ot'tiriia
892 989 951 1006 xiil.
962 985 1041 1005 librum

250 1018 277 1038 tle
287 1018 365 1038 Gloria
375 1022 464 1039 xxvn.
477 1019 556 1040 librum
567 1021 593 1041 ile
603 1020 656 1041 Silii
667 1027 745 1041 rauua
753 1024 831 1041 XMV.
848 1020 996 1047 philippicam
1008 1027 1041 1040 ιε-

250 1053 341 1074 cundum
360 1056 420 1074 xiil.
445 1054 552 1075 Varroni·
567 1055 676 1080 dialogum
691 1055 745 1075 ibid.
778 1055 857 1075 linunt
865 1055 930 1075 etiam
942 1055 1043 1082 exempt-

250 1087 394 1115 epiatolarum
405 1088 537 1109 Dolabellae
547 1093 603 1110 xlv.
615 1093 635 1110 et
646 1090 716 1110 Hirtii
727 1090 753 1110 ad
764 1090 808 1111 Cic.
821 1093 854 1110 w.
871 1091 988 1111 Praeterea
999 1097 1042 1109 me-

249 1126 320 1143 morat
331 1122 408 1144 cicero
419 1123 528 1149 epistulas
539 1131 590 1144 suaa
601 1125 626 1144 ad
638 1125 726 1145 Brutum
738 1128 771 1144 lv.
782 1125 807 1144 ad
819 1124 915 1144 Hirtium
923 1128 932 1144 t
942 1128 956 1145 1.
964 1125 989 1144 ast
997 1125 1041 1144 An-

250 1157 334 1178 tonium
345 1161 401 1178 vill.
413 1158 439 1178 ail
450 1158 570 1179 Varronem
581 1162 658 1180 XXVI.
669 1159 712 1179 lilii
722 1159 748 1179 ad
759 1166 783 1180 se
793 1159 881 1180 litteras
888 1163 945 1180 ΧΠ.
968 1160 1041 1180 Perlu-

249 1192 297 1213 τιεί
313 1196 358 1213 vn.
379 1192 441 1213 Bruti
456 1196 477 1213 et
493 1193 566 1214 Canii
581 1197 605 1214 V.
625 1197 647 1214 et
655 1197 680 1214 1..
693 1194 786 1214 Antonii
796 1198 846 1215 ΧΗ.
880 1194 981 1222 Seriptae
991 1197 1042 1214 suut

250 1230 320 1248 autem
344 1227 410 1248 huius
434 1226 487 1248 libri
510 1227 619 1254 epistolae
640 1235 668 1248 ex
690 1232 741 1249 ante
760 1232 815 1250 ΧΠ.
836 1228 930 1249 Kalend.
951 1230 995 1250 lan.
1015 1229 1041 1250 ad

250 1262 307 1283 Nun.
323 1262 399 1286 Quint.

303 1322 337 1342 ln.
366 1325 396 1345 (ln
407 1324 517 1344 Puteolana,
528 1324 618 1345 Antonio,
629 1325 728 1343 Dululirlln
738 1332 783 1344 rosa.
796 1328 850 1346 710.)

434 1366 600 1394 CICERO
630 1367 797 1396 ATTICO
827 1369 855 1396 S.

307 1413 330 1438 4.
352 1406 381 1438 O
403 1411 503 1438 sactum
519 1412 588 1439 male
604 1412 637 1439 de
651 1413 792 1440 Alexione!
815 1414 975 1441 Incredibile
989 1420 1039 1446 est,
1063 1419 1064 1436 1

249 1453 348 1483 quanta
369 1457 411 1475 me
432 1449 553 1476 molestia
573 1449 701 1483 affecerit3
730 1460 778 1477 nec
794 1452 946 1478 mehercule
962 1461 996 1479 ex
1011 1461 1041 1478 ea

249 1491 321 1520 parte
334 1487 459 1517 maxime,
473 1487 545 1521 quod
557 1486 678 1522 plerique
690 1497 810 1515 mecum:
833 1499 844 1513 n
851 1489 883 1515 ad
895 1498 976 1524 quem
989 1490 1042 1525 igi-

1063 1213 1065 1232 l

1074 115 1312 142 tCssttoNtS

1095 185 1162 212 mihi
1179 187 1236 211 vina
1251 191 1303 212 eat:
1335 191 1374 215 et,
1390 188 1413 212 ni
1430 186 1488 216 illa,
1504 196 1553 221 ego
1566 193 1637 213 certe
1653 197 1704 214 non
1724 187 1881 216 laborarem.

1095 224 1173 249 letam
1187 232 1257 253 vero,
1270 231 1350 257 (tuam
1364 223 1412 249 tibi
1425 224 1562 251 molestam
1575 225 1671 251 scribis
1682 234 1750 255 ease,
1763 225 1882 253 audium

1095 269 1108 285 a
1125 265 1148 285 te
1163 268 1236 289 case,
1256 261 1366 285 omnino
1380 260 1505 287 demiror.
1547 263 1612 288 Nam
1626 262 1697 296 quod
1710 271 1768 288 eam
1782 263 1884 289 collau-

1095 297 1157 323 davi
1179 297 1249 331 apud
1266 297 1380 327 amicos.
1406 297 1578 324 audientibus
1598 299 1685 324 tribus
1706 300 1769 325 tiliis
1784 301 1844 326 eius
1859 305 1885 326 et

1096 334 1163 365 lilim
1186 334 1217 360 m}
1231 334 1308 360 wilto
1319 337 1345 360 lx
1357 337 1402 361 τοῦ
1413 335 1501 361 αὐτοῦ.
1539 335 1610 367 Quid
1621 341 1660 361 eat
1673 336 1739 362 hoc?
1758 337 1829 368 Quid
1844 342 1885 363 est

1095 376 1193 401 autem,
1210 380 1257 396 cur
1268 380 1318 405 ego
1329 376 1486 405 personatus
1497 372 1650 398 ambulem?
1664 374 1795 399 l'arumne
1808 373 1882 400 foeda

1096 416 1207 443 persona
1228 413 1268 434 est
1285 409 1370 442 ipsius
1389 408 1552 435 senectutis?
1589 410 1614 435 5.
1636 410 1712 441 Quod
1729 411 1825 436 tii-utus
1842 420 1884 437 ro-

1095 450 1148 480 gat,
1163 450 1190 471 ut
1201 449 1260 471 ante
1273 444 1418 475 Rau-udam
1442 446 1474 471 ad
1487 454 1529 471 me
1539 454 1647 480 quoque
1658 448 1779 481 scripsit;
1793 453 1819 473 et
1830 447 1884 474 sor-

1095 488 1164 508 tasse
1186 482 1291 508 taciani.
1332 482 1384 508 Sed
1401 482 1488 517 plane,
1506 482 1572 517 quid
1586 483 1658 512 velit,
1672 485 1771 510 nescio.
1811 484 1883 516 Quid

1094 520 1166 545 enim
1189 519 1227 545 illi
1244 519 1334 545 afferre
1350 520 1456 546 consilii
1473 528 1596 554 possum.
1617 529 1701 554 quum
1719 522 1775 555 ipse
1790 530 1884 557 egeam

1093 557 1249 586 consili0,et
1259 565 1343 590 quim]
1358 556 1402 582 ille
1414 566 1477 583 suae
1490 557 1882 593 immortalitatimelius,quam

1095 599 1184 620 nostro
1199 594 1265 623 otio,
1283 593 1466 620 consuluerit?
1504 594 1538 620 De
1556 594 1645 629 regina
1672 603 1762 621 rumor
1780 596 1883 622 exstin-

1093 636 1203 666 guetur,
1244 631 1280 656 De
1292 630 1419 661 Flamma,
1431 631 1542 657 obsecro
1554 636 1587 660 te,
1598 632 1622 657 si
1633 631 1700 665 quid
1712 637 1796 666 potes.

1148 699 1184 720 ll..
1214 699 1267 720 (ttio-
1280 706 1292 719 ι
1307 699 1710 724 seh-nsi.....nm-inuiumoptant-1·
1721 700 1884 726 mantin-itur.)

1152 746 1174 770 ⁴.
1196 740 1265 770 lleri
1277 744 1402 770 dederam
1415 744 1447 770 ad
1458 749 1482 770 tc
1495 744 1594 770 litteras
1605 745 1699 771 exiens
1708 745 1881 775 el’uteolano.

1070 785 1071 810 ζ
1093 781 1314 816 deverteramque
1329 782 1354 808 in
1367 782 1528 808 Cumanum.
1570 782 1608 807 lbi
1621 782 1687 808 bene
1701 781 1831 808 valentem
1842 783 1884 808 vi-

1070 827 1071 833 *
1093 818 1183 844 deram
1204 819 1308 845 Piliam.
1349 818 1419 851 Quin
1436 820 1515 845 etiam
1532 819 1627 845 Baulos
1638 819 1731 845 Cumis
1744 827 1803 845 eam
1815 819 1882 845 vidi.

1094 856 1205 882 Venerat
1219 856 1290 882 enim
1307 857 1334 882 in
1351 855 1446 882 sunus:
1478 857 1522 882 cui
1538 855 1624 882 funeri
1639 865 1688 891 ego
1701 864 1809 891 quoque
1819 864 1884 891 ope-

1093 902 1148 919 ram
1164 893 1237 919 dedi.
1277 893 1326 920 Cn.
1343 893 1487 924 Lucullus,
1505 892 1646 919 familiaris
1657 898 1758 923 noster,
1772 898 1883 920 matrem

1093 930 1227 957 efferebat.
1268 931 1353 957 Mansi
1370 931 1452 965 igitur
1467 939 1498 957 eo
1511 930 1555 956 die
1567 931 1593 956 in
1605 930 1782 956 Sinuessano:
1804 935 1884 965 atque

1063 965 1065 988 ἵ
1094 967 1155 993 inde
1172 976 1248 994 mane
1265 967 1393 1002 postridie
1405 969 1536 1002 Arpinum
1549 967 1729 1002 proficiscens.
1745 968 1811 994 hanc
1825 968 1885 1002 epi-

1093 1004 1187 1031 stolam
1202 1006 1320 1031 exaravi.
1360 1007 1385 1031 2.
1406 1005 1467 1031 Erat
1482 1010 1570 1031 autem
1587 1005 1654 1031 nihil
1667 1005 1739 1035 novi,
1756 1005 1829 1039 quod
1839 1010 1885 1031 aut

1093 1042 1248 1072 scriberem,
1261 1047 1306 1068 aut
1316 1050 1350 1068 ex
1361 1047 1385 1068 te
1396 1050 1566 1076 quaererem;
1583 1043 1635 1068 nisi
1647 1042 1711 1068 sorte
1723 1042 1772 1068 hoc
1783 1042 1815 1068 ad
1828 1050 1882 1067 rem

1070 1088 1071 1114 j
1094 1083 1171 1113 putas
1191 1080 1338 1114 pertinere:
1370 1080 1467 1105 Brutus
1486 1084 1574 1105 noster
1591 1079 1666 1105 misit
1681 1079 1714 1105 ad
1729 1087 1771 1105 me
1786 1080 1884 1105 oratio-

1094 1125 1154 1142 nem
1170 1125 1261 1147 suam,
1279 1116 1397 1142 habitam
1413 1117 1439 1142 in
1453 1117 1579 1142 concione
1589 1116 1751 1150 Capitolina:
1774 1117 1884 1150 petivit-

1070 1175 1071 1182 ,
1093 1161 1145 1187 que
1166 1162 1180 1179 a
1200 1162 1255 1184 me,
1278 1158 1307 1179 ut
1326 1161 1384 1179 eam
1406 1161 1454 1179 nec
1474 1153 1616 1179 ambitiose
1636 1154 1796 1188 corrigerem
1813 1158 1881 1182 ante.

1070 1183 1072 1226 l
1092 1198 1174 1224 quam
1186 1190 1285 1217 ederet.
1321 1191 1368 1216 Est
1381 1195 1470 1217 autem
1481 1191 1564 1216 oratio
1575 1191 1672 1224 scripta
1683 1190 1884 1225 elegantissime

1092 1228 1246 1258 sententiis,
1265 1227 1364 1257 verbis,
1386 1233 1414 1253 ut
1425 1227 1492 1253 nihil
1504 1227 1587 1262 possit
1600 1227 1677 1253 ultra.
1718 1227 1773 1262 Ego
1785 1232 1882 1257 tamen,

1092 1265 1115 1290 si
1131 1264 1204 1291 illam
1222 1273 1346 1291 caussam
1363 1265 1532 1294 habuissem.
1549 1265 1719 1298 scripsissem
1735 1264 1882 1290 ardentius.

1069 1308 1071 1329 ,¹
1089 1301 1249 1333 Ὕπόθεσις,
1264 1301 1355 1332 vides,
1372 1310 1441 1337 quae
1456 1302 1491 1328 sit
1505 1310 1616 1336 persona
1628 1301 1753 1327 dicentis.
1793 1302 1884 1336 ltaque

1092 1347 1150 1365 eam
1166 1340 1299 1375 corrigere
1314 1348 1365 1365 non
1381 1339 1466 1373 potui.
1506 1338 1564 1371 Quo
1578 1339 1650 1364 enim
1667 1339 1693 1364 in
1706 1347 1803 1373 genere
1818 1339 1885 1364 Bru-

1093 1382 1135 1403 tus
1151 1382 1240 1403 noster
1253 1385 1311 1403 esse
1327 1375 1398 1406 vult,
1416 1380 1442 1402 et
1451 1376 1524 1411 quod
1536 1375 1668 1402 iudicium
1681 1375 1760 1402 habet
1770 1375 1804 1401 de
1813 1376 1884 1410 opti-

1070 1444 1071 1448 *
1093 1422 1136 1440 mo
1155 1422 1253 1449 genere
1268 1413 1390 1444 dicendi,
1413 1413 1441 1439 id
1457 1414 1492 1439 ita
1507 1418 1667 1439 consecutus
1682 1418 1723 1439 est
1737 1413 1764 1439 in
1780 1421 1810 1438 ea
1824 1421 1884 1439 ora-

1070 1464 1071 1469 =
1093 1452 1178 1481 tione,
1201 1456 1230 1477 ut
1248 1450 1398 1486 elegantius
1413 1459 1471 1477 esse
1490 1449 1558 1477 nihil
1575 1452 1670 1484 possit.
1709 1449 1761 1476 Sed
1775 1458 1825 1484 ego
1840 1457 1884 1475 sc»

1094 1488 1136 1514 lus
1148 1487 1217 1514 alius
1231 1497 1306 1519 sum;
1328 1488 1386 1514 sive
1398 1488 1447 1514 boc
1458 1493 1538 1518 recte,
1550 1488 1608 1513 sive
1619 1495 1671 1513 non
1682 1492 1762 1513 recte.
1793 1487 1832 1512 Tu
1844 1491 1884 1513 ta-

250 1529 292 1549 tur
311 1527 334 1549 te
351 1523 487 1549 medicum
502 1524 657 1550 conseres‘hi
678 1524 749 1557 Quid
768 1526 836 1552 mihi
851 1527 905 1552 iam
920 1525 1042 1553 medico?

249 1565 294 1586 aut
309 1560 332 1585 si
347 1568 415 1594 opus
430 1565 483 1592 est,
500 1565 570 1587 tanta
586 1562 676 1596 inopia
691 1562 749 1588 est‘?
768 1563 893 1590 Amorem
909 1572 970 1599 erga
987 1572 1038 1594 me.

249 1597 442 1624 humanitatem
458 1599 672 1634 suavitatemque
683 1599 817 1627 desidero.
857 1601 944 1627 Etiam
957 1601 1038 1627 illud:

248 1633 314 1669 quid
326 1639 374 1665 est,
392 1634 464 1669 quod
479 1644 531 1661 non
543 1637 787 1670 pertimescendum
799 1638 842 1669 sit,
856 1646 942 1673 quum
954 1638 1042 1664 homi·
1063 1644 1071 1666 .’

249 1680 310 1697 nem
322 1676 523 1706 temperantem,
536 1682 674 1699 summum
686 1674 832 1705 medicum,
841 1680 930 1701 tantus
941 1675 1042 1709 impro-

250 1709 307 1734 viso
331 1709 441 1735 morbus
461 1709 641 1744 oppresserit?
669 1711 720 1737 Sed
741 1712 774 1737 ad
797 1712 862 1738 haec
879 1713 969 1738 omnia
988 1720 1041 1738 una
1064 1730 1065 1734 =

249 1745 393 1772 consolatio
404 1751 452 1776 est.
465 1746 537 1781 quod
548 1756 577 1774 ea
589 1747 741 1774 conditione
751 1749 917 1779 natisumus,
926 1748 1038 1779 utnihil,
1063 1757 1065 1774 ᾗ

249 1781 322 1817 quod
347 1782 451 1809 homini
471 1783 592 1810 accidere
616 1785 714 1819 possit,
737 1794 860 1812 recusare
881 1786 1038 1812 debeamus.

248 1820 274 1845 2.
296 1819 331 1845 De
347 1820 461 1846 Antonio
476 1821 528 1846 iam
545 1826 620 1847 antea
633 1822 682 1848 tibi
695 1822 802 1856 scripsi,
820 1831 871 1849 non
882 1831 941 1849 esse
952 1831 1015 1849 eum
1026 1831 1040 1849 a

249 1865 290 1882 me
301 1861 474 1883 conventum.
512 1858 591 1884 Venit
601 1859 673 1884 enim
684 1859 828 1890 Misenum,
841 1868 925 1894 quum
937 1868 986 1895 ego
997 1868 1041 1886 es-

249 1894 344 1919 semin
357 1894 530 1928 Pompeiano;
547 1895 609 1921 inde
620 1900 679 1922 ante
691 1895 825 1930 profectus
837 1901 885 1927 est,
898 1905 980 1931 quam
991 1905 1040 1932 ego

249 1937 310 1956 eum
326 1931 432 1956 venisse
443 1932 567 1966 cognovi.
607 1931 660 1958 Sed
671 1941 744 1963 casu,
758 1941 843 1967 quum
855 1933 970 1969 legerem
981 1938 1040 1960 tuas

250 1966 359 1998 litteras.
380 1968 482 1994 llirtius
497 1973 553 1994 erat
567 1969 639 2003 apud
656 1978 698 1995 me
714 1970 741 1996 in
757 1970 914 2003 Puteolano;
937 1971 962 1997 ei
976 1971 1036 2006 legi,

249 2008 275 2030 et
285 2004 338 2038 egi.
370 2004 490 2030 Primum
505 2005 577 2039 quod
588 2007 688 2037 attinet,
703 2006 771 2032 nihil
783 2007 851 2033 mihi
862 2007 1036 2034 concedebat:

250 2040 346 2067 deinde
363 2041 396 2067 ad
407 2050 555 2072 summam,
573 2043 702 2069 arbitrum
718 2052 759 2069 me
773 2045 905 2071 statuebat
915 2053 967 2071 non
983 2053 1040 2071 mo-

249 2077 283 2104 do
298 2078 380 2104 huius
392 2079 443 2109 rei,
465 2079 512 2105 sed
525 2080 605 2106 totius
615 2080 770 2107 consulatus
781 2082 834 2107 sui.
875 2082 943 2108 Cum
957 2082 1040 2108 Anto-

251 2115 293 2141 nio
309 2119 397 2141 autem
413 2116 452 2141 sic
464 2124 588 2151 agemus,
602 2122 631 2144 ut
641 2118 799 2152 perspiciat,
819 2119 881 2144 siin
892 2127 922 2145 eo
934 2120 1040 2154 negotio

250 2152 327 2178 nobis
343 2151 514 2184 satisfecerit,
533 2158 617 2180 totum
635 2163 677 2180 me
694 2154 814 2181 futurum
831 2164 921 2181 suum.
961 2155 1040 2182 Dola-

251 2188 348 2215 bellam
360 2198 437 2224 spcro
448 2189 520 2216 domi
532 2199 601 2217 esse.
623 2193 647 2217 3.
661 2191 811 2218 Redeamus
822 2193 855 2218 ad
867 2198 983 2219 nostros:
1005 2193 1039 2219 de

249 2226 351 2260 quibus
371 2231 398 2252 tu
415 2227 511 2253 bonam
527 2236 603 2262 spem
624 2233 648 2254 te
663 2229 800 2264 significas
819 2229 916 2256 habere
932 2235 1039 2264 propter

249 2263 396 2289 edictorum
411 2263 614 2291 humanitatem.
637 2266 692 2301 Ego
703 2271 793 2292 autem
804 2268 939 2301 perspexi,
953 2276 1038 2302 quum

249 2309 262 2326 a
277 2309 319 2326 me
333 2309 399 2326 xvu.
417 2301 474 2327 Kal.
491 2301 524 2327 de
536 2301 679 2329 Puteolano
695 2303 843 2338 Neapolim,
860 2304 961 2331 Pansae
974 2313 1039 2331 cou-

250 2337 376 2364 veniendi
388 2346 490 2367 caussa.
509 2339 722 2373 proficisceretur
733 2341 843 2372 Hirtius,
860 2349 968 2367 omnem
979 2342 1038 2367 eius

249 2383 368 2401 sensum.
418 2374 520 2402 Seduxi
537 2384 598 2402 eum
614 2381 640 2402 et
654 2377 687 2403 ad
698 2385 790 2411 pacem
802 2387 863 2404 sum
874 2378 1036 2405 cohortatus.

249 2411 305 2437 Non
321 2416 422 2446 poterat
437 2413 540 2439 scilicet
553 2422 659 2449 negare,
676 2422 705 2440 se
717 2413 786 2440 velle
797 2423 903 2449 pacem3
926 2415 974 2442 sed
985 2424 1037 2442 non

249 2449 339 2474 minus
357 2457 385 2474 se
401 2455 552 2476 nostrorum
567 2458 639 2476 arma
653 2451 756 2482 timere,
773 2460 856 2486 quam
866 2452 988 2485 Antonii;
1012 2457 1038 2478 et

249 2489 336 2511 tamen
352 2490 478 2521 utrosque
498 2496 550 2514 non
564 2488 622 2514 sine
637 2496 732 2514 caussa
744 2489 911 2523 praesidium
923 2489 1034 2521 habere3

249 2529 277 2546 se
288 2526 376 2548 autem
390 2527 502 2558 utraque
514 2533 586 2550 arma
597 2529 725 2551 metuere.
764 2524 835 2557 Quid
846 2526 973 2560 quaeris?
992 2526 1036 2554 οὖ-

1093 1534 1153 1551 men
1166 1525 1247 1551 velim
1259 1526 1406 1551 orationem
1419 1525 1500 1561 legas,
1514 1525 1566 1551 nisi
1579 1523 1644 1551 sorte
1656 1525 1708 1551 iam
1721 1524 1883 1559 legisti,cer-

1093 1563 1242 1597 tioremque
1254 1571 1295 1588 me
1308 1561 1398 1592 facias,
1411 1562 1478 1597 quid
1490 1562 1594 1588 iudices
1605 1562 1674 1596 ipse.
1713 1560 1882 1595 Quamquam

1092 1608 1198 1630 vereor,
1221 1608 1254 1625 ne
1269 1600 1429 1635 cognomine
1444 1604 1490 1625 tuo
1505 1598 1609 1634 lapsus,
1625 1599 1795 1633 ὑπεραιιικός
1805 1598 1843 1624 sis
1855 1598 1882 1623 in

1092 1636 1246 1663 iudicando.
1266 1636 1328 1666 Sed.
1342 1637 1365 1662 si
1376 1636 1549 1663 recordabere
1556 1637 1746 1670 Δημοσθένους
1757 1634 1879 1665 fulmina,

1092 1678 1149 1700 tum
1165 1673 1300 1709 intelliges
1320 1681 1398 1708 posse
1417 1678 1444 1699 et
1458 1673 1617 1699 ἀττικώιαια
1631 1672 1792 1707 gravissime
1815 1671 1881 1698 dici.

1092 1710 1143 1736 Sed
1165 1710 1229 1736 haec
1244 1719 1343 1736 coram.
1385 1710 1461 1736 Nunc
1477 1718 1525 1736 uec
1539 1712 1598 1735 sine
1613 1709 1738 1743 epistola.
1756 1717 1805 1735 nec
1819 1717 1881 1735 cum

1093 1748 1166 1774 inani
1177 1747 1289 1782 epistola
1300 1746 1374 1773 volui
1385 1746 1417 1773 ad
1430 1752 1453 1773 te
1465 1746 1643 1773 Metrodorum
1656 1747 1757 1772 venire.

1144 1815 1172 1836 ll.
1195 1818 1293 1839 (Antonio,
1304 1817 1403 1835 not-bru·
1415 1823 1460 1834 cou-
1472 1818 1525 1838 nu)

1277 1859 1445 1887 CICERO
1475 1859 1642 1886 ATTICO
1671 1859 1700 1886 S.

1062 1910 1064 1931 1
1149 1899 1171 1923 ἱ.
1193 1891 1300 1928 Quinto
1314 1897 1419 1923 decimo
1435 1896 1548 1923 Kalend.
1565 1906 1578 1923 e
1594 1896 1760 1923 Sinuessano
1775 1897 1882 1931 protici-

1069 1938 1071 1948 ¹
1091 1943 1180 1965 scens,
1197 1943 1282 1969 quum
1294 1934 1430 1960 dedissem
1441 1934 1474 1960 ad
1485 1938 1509 1960 te
1525 1933 1638 1965 litteras,
1651 1934 1881 1969 devertissemque

1091 1981 1104 1998 a
1116 1971 1224 2003 Cumis,
1237 1972 1264 1998 in
1276 1972 1406 1997 Vesciano
1417 1972 1507 2005 accepi
1518 1979 1532 1997 a
1544 1970 1683 1997 tabellario
1694 1976 1752 1997 tuas
1764 1970 1877 2002 litteras;

1091 2009 1118 2035 in
1130 2009 1232 2043 quibus
1244 2009 1325 2035 nimis
1337 2008 1420 2035 multa
1431 2008 1465 2035 de
1476 2008 1612 2034 Buthroto.
1638 2009 1695 2034 Non
1706 2008 1779 2034 enim
1790 2008 1840 2035 tibi
1851 2016 1880 2034 ea

1069 2041 1070 2050 ¹
1091 2054 1133 2072 res
1149 2046 1243 2072 maiori
1258 2054 1337 2072 curae
1351 2050 1397 2072 aut
1416 2050 1456 2072 est
1474 2050 1520 2071 aut
1534 2046 1596 2076 erit,
1618 2053 1699 2080 quam
1717 2045 1796 2071 mibi.
1836 2045 1881 2072 Sic

1069 2090 1070 2110 ὲ
1091 2084 1162 2109 enim
1178 2082 1267 2114 decet,
1285 2088 1309 2109 te
1321 2091 1378 2109 mea
1390 2090 1496 2113 curare.
1512 2087 1557 2108 tua
1569 2091 1621 2108 me.
1661 2082 1840 2114 Quamobrem
1853 2082 1880 2108 id

1068 2115 1070 2136 ἶ
1090 2120 1201 2155 quidem
1217 2121 1257 2146 sic
1271 2125 1428 2154 susceptum
1439 2124 1480 2146 est
1490 2119 1571 2149 mihi,
1589 2124 1618 2145 ut
1629 2119 1696 2145 nihil
1708 2119 1760 2145 sim
1772 2119 1880 2145 babitu-

1090 2166 1137 2183 rus
1148 2157 1297 2191 antiquius.
1318 2159 1344 2183 2.
1356 2157 1387 2183 L.
1401 2157 1546 2183 Antonium
1557 2157 1742 2182 concionatum
1753 2164 1821 2186 esse,
1834 2164 1880 2182 co-

1089 2195 1172 2230 gnovi
1182 2195 1237 2220 tuis
1249 2194 1344 2220 litteris
1354 2198 1380 2220 et
1389 2193 1464 2224 aliis,
1480 2193 1602 2220 sordide.-
1622 2192 1683 2223 sed,
1696 2193 1724 2219 id
1735 2192 1814 2228 quale
1821 2192 1880 2219 fue-

1090 2232 1132 2262 rit,
1156 2232 1259 2257 nescio:
1293 2231 1361 2257 nihil
1381 2231 1453 2257 enim
1473 2230 1616 2265 scripsisti.
1656 2230 1692 2256 De
1712 2229 1876 2260 Menedemo,

1089 2268 1182 2303 probe.
1221 2268 1338 2300 Quintus
1351 2273 1422 2294 certe
1436 2276 1466 2294 ea
1477 2267 1589 2297 dictitat,
1601 2275 1670 2302 quae
1681 2266 1788 2293 scribis.
1809 2267 1879 2293 Con-

1089 2305 1182 2331 silium
1193 2313 1284 2331 meum
1295 2315 1309 2331 a
1321 2310 1345 2331 te
1356 2304 1472 2340 probari,
1483 2304 1556 2339 quod
1567 2313 1597 2330 ea
1608 2312 1660 2330 non
1670 2303 1796 2334 scribam,
1809 2312 1879 2338 quae

1089 2347 1117 2368 tu
1132 2351 1146 2368 a
1156 2351 1199 2368 me
1210 2342 1368 2377 postularis,
1382 2341 1459 2368 facile
1470 2342 1567 2376 patior-3
1603 2340 1740 2375 multoque
1752 2342 1839 2376 magis
1850 2341 1877 2367 id

1088 2379 1226 2414 probabis,
1239 2379 1263 2405 si
1273 2380 1420 2406 orationem
1430 2387 1498 2409 eam,
1510 2378 1544 2404 de
1553 2386 1606 2413 qua
1614 2376 1692 2403 bodie
1698 2377 1731 2403 ad
1738 2382 1762 2403 te
1768 2379 1876 2412 scripsi,

1089 2416 1196 2452 legeris⁴
1235 2416 1309 2448 Quae
1329 2416 1362 2442 de
1386 2415 1538 2451 legionibus
1552 2414 1663 2444 scribis,
1679 2422 1709 2440 ea
1726 2423 1788 2441 vera
1803 2420 1876 2441 sunt.

1087 2453 1139 2479 Sed
1155 2462 1206 2480 non
1218 2454 1283 2480 satis
1294 2453 1344 2480 hoc
1357 2453 1426 2479 mihi
1436 2452 1536 2479 videris
1547 2451 1596 2477 tibi
1614 2452 1793 2485 persuasisse,
1811 2452 1877 2487 quid

1087 2490 1120 2516 de
1149 2491 1296 2517 Buthrotiis
1324 2490 1422 2517 nostris
1449 2498 1497 2524 per
1519 2493 1640 2515 senatum
1664 2497 1756 2522 speres
1781 2488 1877 2515 confici

1087 2536 1174 2562 posse,
1196 2527 1269 2562 quod
1283 2532 1357 2562 puto.
1398 2527 1532 2553 ”tantum
1547 2526 1619 2551 enim
1634 2525 1722 2555 video,
1736 2534 1789 2552 non
1800 2526 1878 2552 vide-

1088 2573 1148 2590 mur
1161 2573 1220 2591 esse
1234 2565 1342 2591 victuri.
1363 2563 1425 2594 Sed,
1438 2563 1462 2589 si
1472 2563 1552 2589 etiam
1564 2570 1612 2588 nos
1623 2562 1672 2588 hoc
1684 2562 1766 2594 fallat,
1779 2562 1813 2589 de
1823 2563 1877 2589 Bu—

249 2557 291 2584 ὄὲν
305 2557 399 2600 ὑγιές..
415 2561 439 2586 4.
459 2562 495 2587 De
509 2561 540 2594 Q.
554 2561 608 2588 filio
619 2561 668 2588 tibi
679 2562 822 2588 assentior:
844 2564 913 2597 patri
925 2563 1036 2598 quidem

249 2599 318 2620 certe
333 2598 500 2630 gratissimae
516 2603 542 2624 et
556 2598 721 2625 bellissimae
732 2603 792 2625 tuae
804 2599 905 2626 litterae
917 2600 1034 2627 fuerunt.

249 2630 393 2658 Caerelliae
413 2642 475 2660 vero
496 2634 572 2662 t'acile
595 2635 727 2663 satisfeci;
749 2644 799 2662 nec
821 2636 898 2664 valde
917 2637 1036 2665 laborare

1087 2601 1173 2628 throto
1184 2606 1208 2628 te
1220 2610 1272 2628 non
1283 2600 1366 2627 fallet.
1391 2602 1416 2626 3.
1434 2600 1469 2625 De
1478 2599 1583 2626 Octavii
1591 2600 1718 2625 concione
1730 2599 1802 2626 idem
1813 2608 1876 2626 sen-

1086 2639 1136 2669 tio,
1153 2637 1226 2674 quod
1243 2643 1286 2665 tu:
1318 2637 1496 2672 ludorumque
1509 2637 1569 2662 eius
1583 2641 1726 2671 apparatus
1739 2641 1765 2664 et
1778 2637 1876 2664 Matius
