1941 3052
221 180 269 203 Iino
797 176 836 201 2³.
872 174 905 201 M.
941 174 970 200 T.

1001 172 1274 200 mentiost-5

217 248 299 274 andins
314 249 392 274 Avito
405 248 437 274 ab
451 248 598 282 Oppianico
612 256 657 281 per
668 247 799 272 Fabricio-1
816 246 916 272 fuctss‘!
929 245 1005 274 nihil,
1029 246 1039 286 ll
1061 245 1207 271 acrioribus
1226 245 1304 271 saluti
1324 254 1387 271 suae
1406 245 1532 272 remediis
1546 246 1761 274 subveniendum
1776 252 1854 282 puta-

218 286 294 314 niliil.
312 286 430 320 inquam,
446 285 527 314 uliud,
546 284 655 313 iudici-s,
673 284 819 317 reperit-tis.
846 284 937 308 Exstat
953 291 1008 308 me-
1029 300 1031 311 a

218 323 311 348 moria.
329 328 391 348 nunt
407 322 510 348 tabulm·
526 321 660 356 publii-ne:
682 320 810 352 redargue
825 328 879 350 me,
895 320 918 345 si
934 328 1008 345 men-

217 361 278 385 tior:
305 361 410 385 testium
426 360 494 384 «licta
510 358 602 384 recita:
626 357 704 387 ‹ltu-c,
726 358 751 382 in
768 357 873 383 illorum
890 356 1006 386 iudiciis,
1028 369 1030 373 ·

215 397 280 431 quid
297 401 397 430 prm-tvr
413 396 460 420 lio(-
473 403 602 420 vencnum
614 394 753 428 Oppianici
767 403 818 420 non
831 394 909 420 niodo
919 394 945 420 in
957 394 1008 419 cri-

217 435 305 462 minis,
323 433 368 458 scd
385 434 409 458 in
426 432 558 457 unuln-dicti
575 431 630 457 loco
644 432 678 456 sit
692 431 835 457 obiectum.
866 433 908 457 63.
925 430 1007 457 Multa

215 471 265 496 dii-i
278 474 398 504 possunt,
414 478 496 503 quare
507 469 540 494 ita
553 477 660 494 necesse
671 467 750 494 fuerit
761 468 881 499 iudicari,
897 468 944 494 scd
959 477 1008 503 ego

214 516 348 532 ‹ua-urrani
365 506 553 539 omn-veniunt
569 510 680 535 vestrae,
697 505 809 531 iudices.
837 506 912 535 Num,
929 506 978 531 etsi
993 514 1006 531 n

217 544 290 569 vobis
305 544 343 568 sic
362 543 466 573 nudior,
488 547 516 568 ut
535 551 681 577 numquam
703 543 845 577 benignius
864 551 951 577 neque
969 547 1008 568 at-

216 583 313 607 tentius
327 589 490 614 quemquam
505 580 626 606 auditum
647 584 752 614 putem,
774 586 860 606 tamen
877 585 951 606 vocat
965 588 1007 606 me

213 618 264 644 :ilio
282 617 439 643 iamdudum
459 617 535 643 tacita
554 622 639 643 vestra
658 618 832 652 exspectatio,
853 626 921 652 quac
941 617 1006 643 mihi

212 655 320 689 obloqui
337 655 451 680 videtur.
491 654 561 687 Quid
576 654 656 690 ergo‘?
670 663 786 689 negasne
797 655 864 681 illud
877 655 1006 681 iudicium

212 701 270 718 esso
289 691 462 726 corruptum?
488 692 545 718 Non
565 701 645 725 nego,
666 692 712 718 sed
732 692 765 718 ab
785 692 833 719 hoc
851 697 1006 727 corruptum

213 739 263 756 non
279 738 338 755 esse
351 729 488 755 confirmo.
511 729 531 755 Α
546 738 600 764 quo
615 730 696 764 igitur
706 734 746 756 est
756 729 930 764 corruptum?
942 729 1007 764 Opi-

212 776 267 797 nor,
285 767 411 800 primum,
427 766 450 792 si
466 767 596 793 incertum
612 766 716 797 fuisset,
732 767 858 802 quisnam
873 768 962 793 exitus
974 767 1007 793 il-

212 804 264 830 lius
284 803 375 830 iudicii
396 803 503 830 futurus
521 809 604 834 esset,
626 804 800 830 verisimilius
819 809 906 831 tamen
925 809 1004 834 esset,

211 850 273 867 cum
289 841 377 875 potius
391 842 552 876 corrupisse,
568 842 615 876 qui
631 842 779 873 metuisset,
796 843 896 876 neipse
909 841 1007 868 conde-

212 883 356 909 mnaretur,
372 887 453 913 quam
468 878 554 909 illum,
571 879 617 914 qui
633 879 734 905 veritus
745 884 824 909 esset,
842 888 873 905 ne
883 879 949 906 alter
959 879 1006 905 ab-
1027 894 1029 912 1

211 915 373 942 solveretur:
389 916 495 947 deinde,
511 925 596 951 quum
610 920 680 942 esset
691 917 790 943 nemini
801 917 925 947 dubium,
939 916 1004 951 quid
1027 919 1035 945 Υ,

212 953 323 979 iudicari
339 962 447 980 necesse
461 958 540 984 esset,
556 962 618 980 eum
633 958 702 980 certe
717 955 815 989 potius.
831 955 878 989 qui
893 954 945 980 sibi
957 954 1006 979 ali-
1027 974 1029 990 ,

210 999 264 1025 qua
279 991 378 1017 ratione
392 990 539 1022 diffideret,
559 1000 640 1026 quam
660 1000 736 1022 eum,
755 992 803 1026 qui
817 992 890 1017 omni
906 993 1005 1018 ratione

211 1028 367 1054 confideret:
385 1033 526 1062 postremo,
542 1033 612 1055 certe
623 1029 710 1063 potius
722 1028 808 1058 illum.
824 1029 924 1064 quibis
935 1028 1005 1063 apud
1027 1029 1028 1050 l

211 1074 256 1091 eos
271 1065 371 1091 iudices
386 1065 552 1093 offendisset.
572 1075 653 1101 quam
668 1075 743 1097 eum,
764 1066 810 1101 qui
827 1067 867 1092 bis
881 1075 1004 1093 caussam

210 1102 244 1128 iis
263 1103 439 1137 probavisset.
481 1104 521 1129 6⁴5.
542 1103 630 1130 Unum
649 1103 759 1138 quidem
778 1108 846 1130 certe
866 1112 943 1130 nemo
957 1104 1006 1130 erit

211 1145 263 1166 tam
279 1140 389 1175 iniquus
406 1139 528 1166 Cluentio
541 1141 587 1175 qui
604 1141 669 1167 milii
685 1150 736 1168 nou
751 1141 891 1168 concedat:
907 1142 930 1167 si
942 1149 1006 1167 con-

211 1181 262 1203 stet
276 1182 429 1212 corruptum
445 1177 512 1203 illud
527 1186 586 1204 esse
601 1178 746 1210 iudicium,
762 1183 807 1205 aut
821 1178 854 1204 ab
867 1178 945 1205 Avito
960 1182 1005 1204 aut

210 1214 243 1239 ab
257 1214 404 1249 Oppianico
418 1223 476 1241 esse
490 1220 655 1250 corruptum.
689 1216 715 1241 Si
731 1215 812 1242 doceo
827 1224 878 1242 non
892 1216 926 1242 ab
939 1215 1005 1242 Avi-

211 1257 244 1281 to,
263 1252 340 1278 vinco
350 1252 382 1278 ab
393 1251 553 1286 Oppianico:
570 1253 592 1279 si
603 1253 714 1279 ostendo
724 1253 756 1279 ab
767 1253 923 1288 Oppianico,
940 1262 1005 1288 pur·
1025 1259 1033 1287 μ’

209 1298 243 1322 με)
257 1290 376 1315 Avitum.
405 1290 504 1321 Quare,
521 1291 570 1316 etsi
585 1291 650 1316 satis
664 1290 742 1317 docui
758 1291 884 1317 rationem
901 1291 1003 1317 nullam
1025 1293 1027 1324 ξ

210 1326 273 1352 huic
286 1326 474 1361 corrumpendi
490 1327 587 1358 fuisse,
603 1328 646 1362 (ex
656 1336 710 1362 quo
721 1328 889 1363 intelligitur,
906 1328 939 1354 ab
949 1327 1005 1362 Op-
1025 1357 1026 1360 Ἰ

210 1363 314 1397 pianico
333 1372 391 1389 esse
409 1365 590 1399 corruptum.)
609 1369 695 1391 tamen
714 1365 746 1391 de
765 1365 811 1391 illo
825 1366 883 1400 ipso
897 1374 1005 1400 separa·
1025 1375 1026 1391 l

209 1401 256 1426 tim
270 1402 430 1436 cognoscite.
458 1401 553 1428 XXIV.
569 1402 656 1437 Atque
671 1411 720 1438 ego
733 1402 778 1429 illa
793 1411 844 1429 non
859 1411 1004 1438 argumen-

209 1438 296 1468 tabor,
316 1447 385 1473 (μιειο
399 1443 462 1465 sunt
475 1440 566 1475 gravia
582 1440 767 1466 vehementer:
792 1449 854 1466 eum
868 1440 1004 1475 corrupis-

208 1483 249 1505 se,
271 1476 318 1510 qui
333 1476 359 1502 in
375 1476 493 1510 periculo
508 1476 601 1510 fuerit3
622 1486 694 1508 eum,
709 1478 756 1512 qui
772 1478 908 1510 metuerit;
929 1486 1001 1509 eum,

207 1513 254 1547 qui
273 1521 348 1547 spem
368 1513 463 1540 salutis
481 1514 508 1540 in
523 1514 573 1540 alia
588 1515 687 1541 ratione
702 1523 754 1542 non
769 1515 905 1547 babuerit3
929 1523 1001 1546 eum,

207 1550 253 1585 qui
268 1559 374 1585 semper
387 1551 518 1586 singulari
533 1551 613 1578 fuerit
623 1552 742 1579 audacia.
764 1552 847 1579 Multa
857 1557 921 1579 sunt
931 1553 1004 1579 eius-

207 1587 293 1614 modi:
319 1596 412 1614 verum
430 1597 515 1623 quum
534 1589 646 1616 habeam
666 1599 721 1616 rem
740 1598 792 1616 non
811 1589 935 1621 dubiam,
955 1589 1004 1616 sed

207 1629 324 1659 apertam
343 1630 422 1660 atque
442 1626 625 1658 manifestam,
649 1631 815 1654 enumeratio
832 1627 1002 1663 singulorum

207 1667 424 1697 argumentorum
441 1672 491 1690 non
506 1668 546 1690 est
559 1665 717 1691 necessaria.
749 1665 790 1690 65.
806 1665 869 1691 Dico
882 1665 911 1692 C.
927 1664 1003 1691 Aelio

206 1700 311 1726 Staieno
324 1700 407 1726 iudici
423 1701 563 1735 pecuniam
577 1701 706 1737 grandem
720 1701 834 1728 Statium
845 1701 954 1728 Albium
969 1701 1002 1728 ad

206 1737 432 1772 corrumpendum
447 1738 579 1765 iudicium
593 1738 711 1765 dedisse.
744 1739 815 1765 Num
829 1739 892 1774 quis
907 1738 1003 1774 negat?
1023 1767 1024 1770 Ἴ

207 1774 243 1800 Te
256 1774 371 1809 appelle,
387 1774 548 1809 Oppianice;
565 1780 598 1806 te,
612 1777 642 1802 T.
656 1776 724 1802 Atti:
740 1784 856 1810 quorum
871 1776 937 1802 alter
947 1772 1002 1803 elo-

205 1812 315 1846 quentia
329 1811 526 1839 damnationem
538 1812 622 1844 illam,
638 1813 703 1839 alter
714 1814 790 1840 tacita
803 1814 899 1848 pietate
909 1813 1002 1848 deplo-

206 1853 255 1874 rat.
290 1848 392 1875 Audete
407 1858 511 1885 negare,
528 1850 560 1876 ab
575 1850 723 1885 Oppianico
737 1850 844 1877 Staieno
858 1851 940 1877 iudici
955 1859 1002 1885 pe-

205 1886 313 1912 cuniam
327 1885 429 1913 datam:
455 1891 562 1923 negate,
579 1892 685 1923 negate,
702 1888 827 1922 inquam,
847 1888 875 1914 in
889 1897 919 1915 eo
934 1887 999 1915 Ioco.

205 1923 277 1955 Quid
292 1923 424 1950 reticetis?
449 1924 482 1950 At
497 1933 592 1960 negare
607 1933 657 1951 non
672 1925 796 1960 potestis,
817 1925 890 1960 quod
904 1926 1002 1960 repeti-

206 1961 263 1990 stis,
280 1960 353 1995 quod
366 1960 483 1987 confessi
497 1962 574 1993 estis,
590 1962 662 1997 quod
677 1962 836 1989 abstulistis.
871 1962 929 1995 Quo
943 1967 1002 1989 tan-

205 1997 266 2024 dem
288 1998 371 2034 igitur
393 2007 437 2025 ore
459 1999 622 2026 mentionem
645 2000 762 2034 corrupti
785 1999 879 2026 iudicii
903 1999 998 2031 facitis.

204 2043 290 2069 quum
309 2035 342 2061 ab
361 2035 410 2062 ista
429 2040 502 2070 parte
520 2036 602 2063 iudici
626 2037 767 2071 pecuniam
790 2041 850 2064 ante
869 2037 1000 2064 iudicium

204 2072 306 2103 datam,
327 2077 388 2107 post
405 2073 537 2100 iudicium
555 2078 673 2109 ereptam
692 2083 752 2101 esse
770 2074 925 2101 fateamini?
957 2076 998 2101 66.

204 2109 326 2142 Quonam
342 2110 424 2146 igitur
438 2110 502 2137 haec
516 2111 595 2138 modo
603 2116 678 2147 gesta
689 2111 770 2138 sunt?
782 2112 910 2147 Repetam
922 2111 1001 2147 paul-

205 2146 230 2174 lo
243 2146 333 2178 altius,
349 2147 463 2179 iudices,
480 2153 506 2174 et
519 2149 621 2179 omnia,
637 2157 706 2184 quae
719 2149 747 2175 in
761 2148 889 2175 diuturna
902 2149 1001 2176 obscu-
1022 2158 1030 2178 ω

204 2185 280 2210 ritate
295 2184 441 2216 latuerunt,
457 2185 497 2211 sio
510 2186 636 2221 aperiam,
653 2191 683 2212 ut
696 2195 725 2212 ea
739 2195 846 2213 cernere
859 2186 945 2213 oculis
960 2187 1001 2212 vi-
1020 2187 1023 2227 [

203 2221 330 2248 deamini.
365 2222 417 2249 Vos
432 2231 545 2257 quaeso,
562 2228 592 2250 ut
605 2223 694 2250 adhuc
707 2232 750 2251 me
763 2228 861 2250 attente
874 2223 998 2254 audistis,

202 2259 276 2290 item,
291 2267 360 2294 quae
375 2259 478 2295 reliqua
488 2265 560 2292 sunt,
576 2260 701 2287 audiatis.
723 2260 842 2288 Profecto
854 2261 921 2288 nihil
933 2270 946 2287 a
957 2270 1000 2288 me

202 2295 318 2328 dicetur,
339 2297 411 2332 quod
431 2306 482 2324 non
500 2298 614 2334 dignum
633 2298 682 2325 boc
695 2303 828 2325 conventu
842 2303 867 2325 et
881 2298 997 2330 silentio,

202 2333 316 2369 dignum
330 2335 428 2361 vestris
442 2335 540 2361 studiis
555 2341 634 2370 atque
648 2335 760 2362 auribus
774 2344 834 2362 esse
848 2335 978 2362 videatur.

258 2371 334 2402 Nam,
351 2376 380 2398 ut
390 2372 508 2407 primum
520 2372 685 2408 Oppianicus
695 2382 729 2400 ex
738 2382 778 2404 eo,
791 2373 864 2408 quod
873 2372 1000 2399 Scaman-

202 2407 249 2434 der
262 2417 324 2435 reus
338 2413 393 2435 erat
408 2409 502 2441 factus,
518 2410 585 2445 quid
599 2410 652 2436 sibi
662 2410 837 2445 impenderet,
853 2411 941 2445 coepit
951 2419 999 2437 su-

203 2445 312 2478 spicari:
328 2447 419 2473 statim
433 2455 462 2473 se
476 2447 509 2473 ad
523 2448 639 2474 hominis
654 2448 766 2483 egentis,
782 2448 901 2479 audacis,
917 2448 945 2474 in
954 2448 999 2474 iu—

202 2481 280 2507 diciis
302 2484 504 2518 corrumpendis
527 2485 677 2516 exercitati,
701 2489 758 2511 tum
776 2489 865 2511 autem
887 2485 996 2516 iudicis,

203 2517 302 2545 Staieni
322 2519 528 2548 familiaritatem
546 2522 700 2557 applicavit.
739 2522 778 2548 Ao
796 2522 914 2556 primum
933 2521 997 2548 Sca-

203 2555 313 2582 mandro
332 2565 375 2583 reo
389 2561 491 2585 tantum
505 2559 584 2586 donis
597 2559 667 2586 datis
681 2559 896 2594 muneribusque
909 2559 998 2594 perfe-

202 2596 285 2623 cerat,
307 2597 337 2619 ut
353 2602 385 2619 eo
402 2599 507 2622 auctore
526 2601 643 2622 uteretur
660 2596 812 2631 cupidiore,
832 2605 914 2631 quam
929 2596 996 2623 fides

203 2629 300 2656 iudicis
314 2630 474 2664 postulabat.
501 2634 542 2659 67.
558 2634 621 2659 Post
634 2638 732 2664 autem,
748 2641 833 2668 quum
848 2638 920 2660 esset
932 2633 997 2660 Sca-

202 2666 313 2693 mander
332 2668 412 2694 unius
427 2668 527 2696 Staieni
545 2671 676 2697 sententia
694 2670 847 2700 absolutus,
868 2675 996 2705 patronus

202 2708 290 2730 autem
305 2704 460 2732 Scamandri
479 2715 511 2733 ne
525 2716 573 2734 sua
586 2707 697 2742 quidem
711 2708 842 2734 sententia
857 2707 994 2740 liberatus,

1063 283 1108 308 vit.
1149 283 1216 308 'sum
1232 292 1245 308 a
1259 283 1377 313 Staieno,
1402 283 1471 309 sicut
1485 283 1518 309 ab
1534 283 1641 310 homine
1654 283 1686 310 ad
1700 286 1854 320 excogitan-

1060 319 1124 345 dum
1140 320 1308 349 acutissimo,
1328 320 1360 345 ad
1378 319 1532 347 audendum
1552 321 1799 355 impudentissimo,
1820 322 1853 349 ad

1060 356 1231 382 efficiendum
1255 357 1396 387 acerrimo,
1421 357 1496 391 (baec
1519 359 1589 384 enim
1610 358 1655 384 ille
1673 364 1699 385 et
1715 358 1805 394 alique
1820 368 1853 386 ex

1061 398 1132 427 parte
1152 394 1279 425 habebnt,
1299 399 1326 420 et
1344 395 1441 420 maiore
1455 403 1487 421 ex
1502 400 1575 430 parte
1588 404 1617 421 se
1631 395 1728 422 habere
1741 396 1853 423 simuls-

1036 447 1037 451 =
1060 431 1125 463 bat.)
1147 431 1279 457 auxilium
1298 432 1378 466 capiti
1397 437 1422 458 et
1441 431 1554 458 fortunis
1572 433 1629 459 suis
1649 438 1736 467 [uetere
1754 434 1851 469 coepit.

1036 471 1037 478 ¹
1061 468 1144 493 XXV.
1161 469 1213 494 lam
1228 468 1277 494 boc
1292 478 1343 495 non
1362 469 1502 504 ignoratis,
1524 469 1640 500 iudices,
1662 475 1690 496 ut
1707 471 1787 497 etism
1806 471 1854 497 be-

1059 505 1124 531 stiae
1139 505 1208 531 fame
1221 505 1374 532 dominante
1388 505 1547 542 plerumque
1560 507 1592 533 ad
1607 515 1668 534 eum
1685 507 1785 538 locum.
1806 508 1853 535 ubi

1060 547 1149 577 pastae
1163 543 1308 578 aliquando
1321 543 1383 574 sint,
1400 548 1574 570 revertantur.
1608 546 1651 571 58.
1667 544 1792 572 Staienus
1807 545 1853 572 ille

1059 580 1168 606 biennio
1181 585 1250 611 ente,
1266 589 1347 615 quarn
1361 589 1484 607 caussam
1500 581 1630 608 bonorum
1645 581 1737 609 Safinii
1751 582 1853 609 Atellae

1059 618 1215 652 recepisset,
1236 618 1369 644 sexcentis
1388 618 1509 644 millibus
1523 621 1664 645 nummum
1678 628 1707 646 se
1720 619 1851 647 iudicium

1058 660 1247 689 corrupturum
1267 664 1326 681 esse
1343 655 1458 682 dixerat:
1483 664 1552 690 quae
1569 665 1655 691 quum
1674 657 1820 692 accepisset
1837 666 1851 684 e

1060 692 1172 727 pupillo,
1188 693 1354 727 suppressit:
1378 692 1533 728 iudicioque
1547 693 1615 720 facto
1629 702 1676 720 nec
1690 693 1790 721 Sufinio
1803 703 1852 721 nec

1059 730 1188 756 bonorum
1209 730 1374 764 emptoribus
1392 730 1517 756 reddidit.
1558 730 1643 763 Quam
1661 739 1747 766 quum
1770 740 1853 767 pecu-

1059 767 1129 793 niam
1145 766 1321 802 profudisset,
1341 771 1367 793 et
1384 767 1436 794 sibi
1455 767 1522 794 nihil
1542 776 1592 794 non
1608 769 1686 795 modo
1699 768 1731 795 sd
1745 769 1853 804 cupidi-

1059 809 1124 830 tates
1142 813 1219 835 suus,
1240 804 1286 830 sed
1307 813 1339 831 ne
1354 804 1386 831 ad
1401 805 1585 832 necessitatem
1600 806 1709 841 quidem
1725 806 1853 842 reliquis-

1058 846 1111 873 set,
1131 842 1224 868 statuit
1242 842 1274 868 ad
1289 842 1395 868 easdem
1409 842 1462 868 sibi
1477 842 1588 877 praedas
1602 852 1631 869 ac
1645 844 1851 878 suppressiones

1059 879 1198 905 iudiciales
1221 879 1418 905 revertendum.
1459 880 1550 914 ltaque
1567 889 1652 915 quum
1671 880 1850 916 Oppianicum

1058 917 1109 942 iam
1129 916 1264 951 perditum
1283 921 1308 943 et
1325 916 1431 943 duobus
1450 917 1601 952 iugulatum
1621 918 1792 952 praeiudiciis
1810 918 1852 945 vi-

1057 954 1143 984 deret,
1165 954 1305 989 promissis
1319 963 1381 980 eum
1400 955 1458 981 suis
1476 954 1602 981 excitavit
1619 956 1751 982 abiectum
1770 961 1796 982 et
1813 956 1852 982 si-

1058 991 1113 1017 mul
1128 991 1208 1017 saluti
1222 991 1363 1026 desperare
1377 992 1471 1018 vetuit.
1497 991 1662 1027 Oppianicus
1676 1001 1750 1019 orare
1764 993 1852 1019 homi-

1058 1037 1117 1055 nem
1135 1029 1234 1063 coepit.
1255 1034 1284 1055 ut
1302 1029 1354 1055 sibi
1373 1029 1500 1056 rationem
1519 1029 1670 1056 ostenderet
1687 1029 1780 1057 iudicii
1793 1039 1852 1057 oor-

1057 1066 1210 1100 rumpendi.
1251 1067 1292 1092 69.
1312 1066 1360 1092 Ille
1378 1070 1466 1093 autem
1485 1067 1722 1102 (quemadmodum
1741 1076 1774 1094 ex
1791 1067 1852 1102 ipso

1057 1103 1204 1138 Oppianico
1222 1108 1313 1138 postea
1332 1108 1373 1130 est
1391 1104 1522 1139 auditum)
1541 1104 1661 1140 negavit,
1685 1113 1850 1140 quemquam

1057 1150 1116 1167 csse
1134 1141 1160 1167 in
1180 1141 1287 1167 civitate
1309 1145 1412 1176 praeter
1434 1150 1476 1172 se,
1501 1142 1549 1176 qui
1572 1141 1598 1168 id
1621 1141 1726 1169 efficere
1748 1147 1849 1177 posset.

1057 1178 1109 1204 Sed
1124 1179 1210 1213 primo
1222 1179 1326 1214 gravari
1341 1179 1440 1213 coepit.
1456 1179 1529 1214 quod
1542 1179 1705 1206 aedilitatem
1719 1188 1748 1205 se
1762 1184 1851 1214 petere

1033 1221 1034 1233 ³
1055 1224 1116 1242 cum
1133 1216 1288 1242 hominibus
1307 1215 1498 1247 nobilissimis,
1523 1221 1549 1242 et
1566 1216 1695 1243 invidiam
1713 1222 1793 1252 atque
1810 1216 1852 1243 of-

1057 1253 1204 1280 fensionem
1219 1253 1311 1280 timere
1324 1253 1439 1280 dicebat.
1479 1253 1541 1280 Post
1557 1258 1682 1280 exoratus
1701 1254 1777 1280 initio
1790 1262 1852 1289 per-

1056 1299 1180 1326 magnam
1194 1291 1335 1325 pecuniam
1350 1291 1484 1325 poposcit:
1509 1290 1607 1318 deinde
1625 1291 1658 1317 ad
1676 1291 1703 1317 id
1718 1291 1848 1326 pervenit,

1055 1327 1127 1362 quod
1145 1328 1238 1354 confici
1257 1329 1356 1362 potuit,
1381 1332 1407 1355 et
1423 1328 1576 1355 sestertium
1594 1333 1717 1355 sexcenta
1735 1328 1852 1364 quadra-

1054 1366 1128 1401 ginta
1143 1365 1227 1391 millia
1241 1365 1337 1391 deferri
1352 1364 1385 1392 ad
1398 1373 1428 1392 se
1441 1365 1551 1392 domum
1566 1366 1655 1392 iussit.
1681 1365 1754 1398 Quae
1768 1374 1852 1401 pecu-

1055 1403 1098 1429 nia
1113 1402 1195 1429 simul
1209 1407 1289 1438 atque
1303 1402 1335 1429 ad
1350 1411 1412 1429 eum
1426 1402 1512 1429 delata
1526 1405 1579 1434 est,
1599 1402 1680 1430 homo
1696 1403 1852 1438 impurissi-

1055 1448 1117 1466 mus
1135 1440 1225 1466 statim
1243 1440 1332 1475 coepit
1347 1440 1375 1466 in
1394 1440 1527 1467 eiusmodi
1545 1445 1633 1467 mente
1650 1445 1677 1467 et
1693 1441 1851 1477 cogitatione

1055 1478 1169 1504 versari:
1190 1477 1258 1504 nihil
1272 1486 1332 1504 esse
1345 1478 1404 1504 suis
1418 1477 1566 1504 rationibus
1580 1477 1684 1509 utilius,
1699 1486 1781 1513 quam
1795 1478 1852 1513 Op-

1054 1515 1190 1550 pianicum
1205 1514 1391 1542 condemnari:
1412 1514 1459 1542 illo
1471 1515 1603 1546 absoluto,
1619 1516 1761 1550 pecuniam
1775 1514 1850 1542 illam

1054 1557 1100 1579 aut
1118 1552 1255 1579 iudicibus
1273 1552 1499 1587 dispertiendam,
1525 1557 1570 1579 aut
1587 1553 1641 1588 ipsi
1659 1560 1718 1580 esse
1736 1552 1851 1579 redden-

1053 1589 1130 1616 dam:
1151 1589 1283 1620 damnato.
1299 1589 1476 1624 repetiturum
1489 1598 1549 1617 esse
1563 1590 1708 1617 nemiuem.
1741 1591 1784 1616 7⁰.
1799 1590 1852 1617 lte-

1053 1635 1107 1662 que
1121 1635 1176 1653 rem
1191 1627 1323 1662 excogitat
1335 1626 1511 1662 singularem.
1545 1628 1632 1662 Atque
1645 1627 1719 1658 haec,
1734 1627 1848 1658 iudices,

1053 1672 1122 1699 quae
1136 1672 1197 1690 vere
1211 1663 1338 1691 dicuntur
1351 1672 1366 1690 a
1379 1664 1470 1695 nobis,
1487 1663 1594 1691 facilius
1606 1663 1734 1695 credetis,
1749 1665 1773 1691 si
1786 1672 1850 1691 cum

1053 1701 1151 1728 animis
1170 1701 1266 1728 vestris
1286 1700 1366 1737 longo
1382 1700 1522 1728 intervallo
1544 1701 1675 1728 recordari
1698 1701 1728 1729 C.
1747 1701 1850 1728 Staieni

1053 1739 1135 1765 vitam
1149 1743 1175 1765 et
1189 1743 1308 1765 naturam
1324 1737 1473 1766 volueritis.
1506 1739 1573 1765 Nam
1592 1738 1702 1774 perinde
1716 1743 1746 1765 ut
1759 1739 1850 1774 opinio

1053 1780 1093 1802 est
1106 1775 1139 1802 de
1152 1776 1286 1811 cuiusque
1299 1775 1433 1807 moribus,
1453 1776 1503 1807 ita,
1523 1776 1590 1811 quid
1607 1775 1641 1802 ab
1658 1784 1690 1803 eo
1707 1775 1806 1803 factum
1823 1780 1851 1803 et

1053 1822 1105 1840 non
1120 1813 1219 1839 factum
1233 1814 1276 1844 sit,
1293 1813 1442 1840 existimari
1455 1818 1552 1848 potest.
1585 1813 1684 1840 XXVI.
1703 1812 1793 1846 Quum
1806 1821 1850 1840 es-

1052 1855 1093 1877 set
1106 1859 1201 1886 egens,
1218 1855 1409 1885 sumptuosus,
1425 1850 1521 1882 audax,
1537 1850 1661 1882 callidus,
1677 1850 1847 1886 perfidiosus.

1052 1892 1078 1914 et
1091 1896 1177 1923 quum
1192 1887 1264 1914 domi
1278 1897 1356 1919 suae.
1377 1888 1536 1915 miserrimis
1553 1888 1581 1914 in
1596 1887 1660 1915 locis
1679 1892 1705 1915 et
1721 1888 1850 1915 inanissi-

1053 1925 1113 1956 mis,
1130 1930 1233 1952 tantum
1249 1934 1421 1952 nummorum
1434 1926 1554 1960 positum
1568 1924 1683 1958 videi-en
1698 1924 1732 1952 ad
1741 1933 1848 1952 omnem

1053 1962 1183 1989 malitiam
1202 1967 1228 1989 et
1245 1962 1366 1990 fraudem
1385 1971 1492 1990 versare
1510 1967 1627 1990 mentem
1645 1971 1723 1989 suam
1744 1962 1846 1998 eoepit:

1052 2000 1151 2026 Demne
1165 1999 1320 2026 iudicibus?
1337 2000 1405 2027 mihi
1418 2001 1502 2036 igitur
1514 2000 1567 2035 ipsi
1581 2004 1684 2035 praeter
1696 1999 1848 2035 periculum

1052 2042 1077 2064 et
1090 2037 1228 2064 infamiam
1241 2037 1308 2072 quid
1321 2036 1483 2073 quaeretur?
1495 2036 1568 2064 Nihil
1579 2037 1736 2073 excogitem.
1751 2045 1849 2072 quam-

1051 2074 1142 2101 obrem
1157 2074 1304 2109 Oppianico
1317 2075 1438 2101 damnari
1452 2083 1561 2102 necesse
1574 2073 1627 2101 sit?
1643 2074 1710 2110 quid
1724 2073 1849 2101 tandem?

1053 2112 1119 2138 nihil
1135 2112 1207 2138 enim
1221 2116 1274 2143 est,
1294 2112 1367 2147 quod
1386 2111 1442 2138 fieri
1460 2121 1513 2139 non
1531 2112 1624 2147 possit.
1665 2111 1693 2138 Si
1707 2111 1771 2147 quis
1784 2120 1847 2138 eurn

1052 2149 1118 2176 forte
1131 2158 1210 2175 casus
1224 2158 1258 2176 ex
1276 2148 1396 2184 periculo
1413 2149 1554 2184 eripuerit,
1575 2157 1662 2176 nonne
1679 2148 1847 2176 reddendum

1051 2186 1109 2213 est‘?
1122 2187 1342 2222 Praecipitantem
1353 2186 1436 2222 igitur
1446 2186 1628 2222 impellamus,
1641 2186 1737 2221 inquit,
1750 2190 1777 2212 et
1786 2194 1849 2221 per-

1051 2224 1138 2250 ditum
1152 2228 1363 2259 prosternamus.
1384 2224 1427 2250 74.
1439 2224 1515 2259 Capit
1528 2223 1579 2250 hoc
1591 2223 1706 2255 consilii,
1722 2228 1752 2250 ut
1764 2231 1848 2258 pecu-

1051 2261 1123 2287 niam
1149 2261 1314 2296 quibusdam
1340 2260 1477 2287 iudicibus
1504 2260 1650 2287 levissimis
1675 2259 1845 2295 polliceatur3

1051 2298 1148 2325 deinde
1165 2307 1224 2325 eam
1243 2303 1335 2334 postea
1352 2299 1517 2334 supprimat:
1543 2302 1586 2329 ut,
1605 2298 1734 2332 quoniam
1750 2305 1847 2334 graves

1051 2335 1173 2362 homines
1187 2344 1237 2362 sua
1250 2340 1345 2371 sponte
1357 2344 1450 2362 severe
1463 2335 1627 2362 iudicaturos
1641 2335 1765 2369 putabat,
1785 2335 1843 2366 hos,

1049 2373 1097 2407 qui
1113 2372 1226 2399 leviores
1240 2377 1328 2404 erant,
1343 2372 1518 2399 destitutione
1531 2372 1611 2398 iratos
1625 2371 1773 2407 Oppianico
1786 2371 1848 2398 red-

1049 2410 1132 2436 deret.
1154 2411 1254 2445 Itaque,
1271 2415 1301 2437 ut
1313 2414 1369 2436 erat
1381 2418 1488 2444 semper
1498 2413 1684 2444 praeposterus
1695 2414 1775 2444 atque
1784 2417 1848 2444 per-

1050 2456 1158 2478 versuS‚
1178 2448 1286 2474 initium
1301 2447 1389 2474 facita
1403 2447 1501 2477 Bulbo,
1521 2451 1547 2473 et
1559 2455 1636 2477 eum,
1656 2445 1730 2482 quod
1742 2445 1844 2475 iamdiu

1049 2484 1116 2511 nihil
1131 2485 1289 2520 quaesierat,
1306 2485 1410 2511 tristem
1423 2489 1503 2518 atque
1515 2484 1672 2510 oscitantem
1689 2483 1781 2510 leviter
1793 2483 1847 2509 im-

1048 2521 1134 2556 pellit.
1174 2521 1245 2554 Quid
1259 2521 1306 2548 tu?
1323 2521 1424 2556 inquit:
1444 2520 1542 2556 ecquid
1556 2529 1599 2547 me
1612 2520 1734 2550 adiuvas,
1748 2519 1843 2552 Bulbe,

1048 2567 1081 2585 ne
1093 2559 1176 2595 gratis
1190 2558 1354 2594 reipublicae
1367 2557 1536 2585 serviamus?
1560 2557 1607 2584 Ille
1621 2566 1692 2588 vero,
1708 2556 1790 2584 simul
1804 2561 1846 2584 at-

1047 2604 1101 2631 que
1115 2596 1165 2623 hoe
1178 2596 1295 2623 audivit:
1320 2596 1359 2622 Ne
1375 2596 1472 2631 gratis:
1496 2594 1555 2627 Quo
1571 2594 1659 2625 voles,
1678 2595 1780 2630 inquit,
1799 2602 1845 2620 se-

1046 2641 1128 2668 quar:
1143 2633 1192 2659 sed
1205 2633 1272 2668 quid
1285 2632 1381 2659 affers?
1397 2633 1466 2659 Tum
1480 2633 1504 2659 ei
1518 2632 1695 2668 quadraginta
1708 2631 1804 2662 millia.
1818 2631 1842 2658 si

1047 2675 1118 2696 esset
1128 2670 1268 2697 absolutus
1278 2670 1452 2705 Oppianicus,
1469 2669 1618 2704 pollicetur.
1634 2673 1660 2696 et
1672 2677 1744 2700 eum.
1761 2672 1844 2695 utce-

1047 2712 1116 2734 teros
1134 2707 1264 2742 appellet,
1286 2707 1452 2743 quibuscum
1471 2706 1545 2742 loqui
1562 2710 1732 2738 consuesset,
1757 2710 1840 2742 rogat,

1911 2270 1920 2307 l

1917 2314 1919 2333 ¹.

1914 2334 1919 2346 ι

1910 2348 1919 2373 ἒ

1914 2373 1919 2386 v
