1941 3052
211 166 258 190 :582

210 235 258 265 tio,
280 242 329 260 non
349 233 426 260 modo
439 233 472 259 nt,
487 233 533 262 iis.
553 240 666 266 quorum
687 230 815 256 iudicium
835 238 863 255 ac
883 233 997 263 potestas

208 276 260 301 est.
277 270 324 296 sed
338 271 416 297 ctiam
431 270 464 296 ab
478 269 545 298 illis.
561 277 675 302 quorum
691 272 792 293 tantum
807 271 847 292 cst
861 267 998 292 existima-

209 309 254 335 tio.
296 308 327 334 Λι
343 313 397 334 tum
411 308 434 333 si
449 307 574 335 dicerem.
591 314 641 331 non
656 304 774 333 audirer.
796 312 847 330 non
861 302 933 337 quod
947 302 998 328 alia
1018 318 1027 339 ¹]

209 355 251 372 res
265 349 347 371 exuet:
364 345 446 370 immo
459 343 565 373 endem.
581 341 628 367 sod
643 346 749 375 tempus
763 340 846 366 aliud.
869 340 957 366 XXX.
970 339 998 366 ld
1018 341 1020 377 Ι

209 382 274 408 adeo
287 382 325 408 sic
339 381 498 414 cognoscite.
520 379 585 410 Quis
601 383 656 404 tum
672 378 779 404 auderet
789 377 885 407 dicere.
903 385 999 403 nocen-
1018 381 1021 415 t

210 424 261 446 tem
280 418 483 444 condemnatum
503 425 562 442 esse
580 414 776 450 Oppianicum?
801 414 864 449 quis
883 423 954 440 nunc
972 413 998 440 id
1019 419 1021 442 ξ

209 456 288 482 nudet
303 454 416 488 negare?
428 454 494 485 Quis
509 458 565 479 tum
581 457 668 487 posset
678 460 798 487 urguere,
810 452 843 477 ab
853 451 1000 486 Oppianico
1019 446 1021 480 l

209 493 338 519 iudicium
354 495 480 518 tentatum
494 499 553 516 csse
568 490 698 524 pecunia?
710 490 772 524 quis
785 489 810 515 id
824 489 871 515 hoc
883 493 1000 523 tempore
1019 484 1021 529 4

210 530 315 556 inlitiari
330 528 433 563 potest?
459 528 507 554 Cui
523 532 579 553 tum
596 527 684 553 liceret
698 526 804 557 docere.
821 525 998 561 Oppianicum
1020 550 1021 561 ,

209 576 282 593 reum
299 566 395 592 fuctum
411 574 470 591 csso
485 569 540 591 tum
559 564 690 599 denique,
709 572 795 599 quum
813 563 920 589 duobus
939 571 1001 598 pro·
1020 568 1022 592 Ι

210 604 288 630 ximis
307 602 477 638 praeiudiciis
491 601 683 628 condemnatus
697 600 786 627 csset‘?
802 601 865 636 quis
879 605 933 631 est.
952 600 1000 635 qui
1020 594 1022 615 l

209 641 234 667 id
255 641 302 667 lioc
320 645 437 675 tempore
456 639 590 666 infirmare
608 638 736 665 conetur?
761 640 803 664 8¹.
818 638 914 670 Quare.
930 637 1001 664 invi·
1021 660 1023 670 ‚

207 678 250 704 diu
266 682 373 708 remota,
389 685 470 712 quam
485 676 543 703 dics
558 677 699 711 mitigavit.
715 675 797 703 oratio
807 684 864 701 mea
875 675 1002 710 dcpreca·
1021 687 1022 696 ι

209 720 232 742 ta
250 719 302 745 est,
324 718 410 741 vestra
429 714 496 740 tides
514 718 593 749 utque
612 714 731 748 aequitas
749 722 764 740 a
782 713 901 739 veritatis
915 712 1002 739 disce-

209 753 322 787 ptatione
341 752 442 778 reiecit:
467 751 533 787 quid
551 755 592 778 est
609 756 755 786 praeterea.
776 750 849 786 quod
866 750 893 777 in
907 757 1001 776 caussa

208 788 392 824 relinquatur?

264 827 399 853 Versatum
418 834 476 852 esse
489 826 517 852 in
531 825 632 852 iudicio
650 825 804 860 pecuniam,
824 828 940 852 constat:
960 832 999 855 ea.

207 864 354 899 quaeritur.
371 863 442 890 unde
456 862 570 898 profecta
581 864 624 894 sit.
640 863 673 889 ab
683 867 844 893 accusatore,
860 871 892 889 an
903 862 936 888 ab
947 870 999 888 reo.

208 903 351 928 Accusator
365 901 430 927 dicit
447 901 525 927 haec:
545 901 679 931 Primum.
698 900 868 935 gravissimis
882 899 1002 926 crimini—

209 939 259 965 bus
273 938 441 969 accusabam,
458 943 487 964 ut
501 938 568 964 nihil
581 947 650 973 opus
665 942 735 964 esset
751 938 877 972 pecunia:
893 936 999 967 deinde,

207 975 413 1003 condemnatum
427 975 606 1006 adducebam.
627 980 655 1001 ut
670 983 702 1001 ne
715 975 782 1009 eripi
795 974 905 1010 quidem
920 982 1002 1009 pecu-

209 1014 251 1040 nia
267 1017 369 1049 posset:
396 1018 542 1048 postremo,
557 1013 661 1039 etiamsi
676 1012 816 1039 absolutus
830 1016 914 1042 esset.
930 1020 1002 1038 mea-
1022 1010 1031 1026 ³¹

209 1059 268 1085 rupi
283 1056 370 1077 tamen
384 1050 505 1077 omnium
518 1049 683 1076 fortunarum
696 1054 782 1076 status
792 1048 934 1076 incolumis
946 1058 1002 1075 ma-

206 1091 291 1115 neret.
321 1087 391 1120 Quid
405 1092 494 1114 contra
509 1086 588 1114 reus?
601 1088 731 1118 Primum,
748 1087 834 1122 ipsam
849 1086 1002 1113 multitudi-

208 1134 269 1152 nem
283 1125 426 1152 criminum
437 1129 462 1151 et
471 1125 631 1151 atrocitatem
642 1124 878 1159 pertimescebam:
894 1123 999 1154 deinde,

209 1163 339 1190 Fabriciis
358 1167 465 1198 propter
483 1163 674 1189 conscientiam
697 1163 750 1188 mei
773 1161 882 1188 sceleris
904 1161 1002 1188 conde—

209 1201 320 1231 mnatis,
340 1208 382 1226 me
396 1208 455 1226 esse
468 1199 689 1231 condemnatum,
709 1199 871 1226 sentiebam:
900 1203 1002 1234 postre-

208 1246 265 1269 mo,
285 1238 313 1264 in
327 1246 388 1264 eum
402 1246 495 1264 casum
510 1246 647 1268 veneram,
667 1241 697 1264 ut
713 1238 801 1263 omnis
815 1245 935 1263 mearum
949 1235 1002 1262 for—

208 1280 334 1302 tunarum
348 1279 434 1301 status
448 1276 529 1301 unius
543 1274 635 1301 iudicii
651 1274 770 1309 periculo
784 1274 973 1301 contineretur.

264 1314 306 1339 82.
331 1312 400 1348 Age,
423 1313 552 1347 quoniam
570 1311 758 1346 corrumpendi
776 1311 870 1338 iudicii
893 1319 1002 1337 caussas

207 1349 253 1377 ille
271 1349 369 1376 multas
387 1354 413 1376 et
430 1358 524 1385 graves
544 1349 651 1380 habuit,
672 1349 715 1375 hic
734 1348 850 1375 nullam:
875 1348 1003 1383 profectio

208 1387 295 1422 ipsius
310 1387 439 1422 pecuniae
453 1387 612 1422 requiratur.
636 1385 754 1413 Consecit
768 1385 873 1413 tabulas
887 1385 1003 1422 diligen-

208 1425 312 1452 tissime
326 1424 474 1451 Cluentius.
516 1424 584 1450 Haec
602 1428 691 1451 autem
710 1432 752 1450 res
767 1424 846 1450 habet
859 1423 909 1450 hoc
922 1427 1000 1454 certe.

208 1466 237 1489 ut
251 1461 318 1488 nihil
333 1462 418 1497 possit
432 1470 518 1497 neque
532 1461 653 1488 additum
667 1470 756 1496 neque
769 1461 917 1488 detractum
931 1461 964 1487 de
976 1469 1003 1487 re

208 1499 333 1526 familiari
349 1499 437 1526 latere.
459 1499 528 1526 Anni
543 1503 607 1526 sunt
619 1504 686 1530 octo,
702 1507 788 1534 quum
802 1499 853 1525 ista
866 1507 961 1525 caussa
975 1499 1003 1525 in

208 1537 258 1563 ista
272 1536 444 1563 meditatione
457 1540 587 1567 versatur,
603 1545 689 1572 quum
703 1537 802 1567 omnia.
817 1544 886 1571 quae
900 1536 933 1562 ad
944 1544 1002 1562 eam

208 1583 263 1601 rem
282 1575 429 1609 pertinent,
451 1579 477 1600 et
494 1582 527 1600 ex
546 1574 642 1605 huius,
666 1578 692 1600 et
709 1582 742 1601 ex
760 1574 874 1600 aliorum
892 1573 1001 1604 tabulis,

208 1612 321 1648 agitatiS.
337 1612 467 1642 tractatis,
483 1612 635 1646 inquiritis:
655 1620 740 1646 quum
754 1611 854 1638 interea
867 1611 1004 1638 Cluentia-

208 1658 256 1676 nae
271 1649 399 1684 pecuniae
413 1649 557 1684 vestigium
571 1648 677 1675 nullum
691 1649 829 1675 invenitis.
855 1647 944 1681 Quid?
956 1647 1005 1675 At-

209 1687 285 1713 biana
301 1687 414 1721 pecunia
428 1686 586 1722 vestigiisne
601 1686 678 1713 nobis
691 1685 825 1713 odoranda
844 1690 897 1717 est.
918 1694 951 1712 an
970 1684 1003 1712 ad

208 1725 299 1759 ipsum
317 1723 406 1750 cubile
425 1723 501 1750 vobis
520 1723 636 1750 ducibus
655 1723 746 1750 venire
764 1722 930 1758 possumus?
954 1723 1005 1749 Te-

209 1765 305 1788 nentur
320 1769 372 1787 uno
385 1761 413 1787 in
428 1760 484 1788 loco
497 1760 553 1787 tt-S
567 1769 660 1787 loen:
685 1765 809 1787 tenentur
827 1760 899 1796 apud
917 1760 1006 1787 homi-

210 1807 270 1825 nem
280 1798 505 1825 audacissimum:
518 1802 642 1825 tenentur
650 1798 722 1833 apud
732 1798 860 1825 iudicem.
879 1800 921 1824 83.
932 1796 1004 1830 Quid

210 1835 293 1862 vultis
307 1835 443 1870 amplius?
455 1836 489 1862 At
502 1836 575 1862 enim
589 1834 714 1862 Staienus
729 1844 781 1862 non
795 1835 848 1862 fuit
860 1835 893 1861 ab
903 1835 1005 1870 Oppia-

210 1873 277 1904 nico,
293 1873 341 1900 sed
355 1881 369 1899 a
379 1872 503 1900 Cluentio
517 1873 550 1899 ad
559 1872 691 1899 iudicium
701 1872 927 1907 corrumpendum
941 1881 1004 1900 con-

208 1911 330 1937 stitutus.
352 1910 406 1937 Cur
418 1919 490 1941 eum.
505 1919 591 1945 quum
604 1910 632 1936 in
646 1909 790 1937 consilium
801 1911 894 1941 iretur,
906 1909 1005 1937 Cluen-

209 1948 264 1974 tius
281 1951 307 1974 et
321 1947 450 1974 Canutius
470 1947 566 1974 abesse
582 1947 771 1982 patiebantur?
791 1955 852 1978 cur,
871 1956 957 1983 quum
975 1948 1005 1974 in

209 1984 353 2012 consilium
373 1985 526 2016 mittebant,
547 1984 685 2011 Staienum
704 1984 835 2016 iudicem,
859 1985 903 2011 cui
922 1993 1002 2020 pecu-

211 2023 281 2049 niam
295 2021 431 2053 dederant,
447 2031 500 2049 non
513 2021 703 2057 requirebant?
716 2021 882 2057 Oppianicus
893 2031 1006 2057 quaere-
1032 2030 1034 2036 ’

210 2060 267 2087 bat:
283 2059 410 2092 Quintius
424 2058 572 2095 flagitabat:
588 2060 646 2086 sine
661 2059 768 2086 Staieno
778 2069 810 2086 ne
821 2060 848 2086 in
859 2059 1004 2087 consilium

210 2098 301 2127 iretur.
318 2097 461 2123 tribunicia
475 2100 604 2132 potestate
619 2096 766 2131 perfectum
781 2101 830 2124 est.
859 2098 895 2124 At
907 2097 1006 2124 conde-

210 2135 321 2161 mnavit.
361 2134 434 2160 Hanc
451 2134 523 2160 enim
541 2133 739 2166 damnationem
758 2134 866 2161 dederat
883 2134 1004 2161 obsidem

210 2171 296 2198 Bulbo
309 2175 335 2198 et
347 2172 456 2202 ceteris,
477 2176 507 2198 ut
523 2171 670 2198 destitutus
688 2172 721 2198 ab
735 2171 883 2206 Oppianico
900 2172 1006 2198 videre-

210 2214 262 2236 tur.
284 2208 370 2242 Quare
381 2209 404 2235 si
414 2209 494 2235 istinc
502 2217 596 2236 caussa
608 2209 796 2244 corrumpendi
808 2209 912 2241 iudicii,
925 2210 1006 2236 istinc

210 2247 336 2282 pecunia,
351 2247 433 2273 istinc-
446 2246 584 2277 Staienus,
605 2247 686 2273 istinc
699 2246 816 2281 denique
829 2247 918 2273 omnis
932 2246 1005 2274 fraus

209 2288 235 2310 et
248 2283 358 2310 audacia
371 2288 425 2310 est:
441 2284 505 2310 hinc
519 2283 613 2318 pudor.
629 2283 741 2310 honesta
755 2285 818 2314 vita,
835 2288 861 2311 et
871 2283 945 2311 nulla
959 2293 1006 2311 su-

209 2321 294 2356 spicio
312 2321 454 2356 pecuniae,
480 2321 553 2348 nulla
574 2321 763 2356 corrumpendi
781 2321 876 2348 iudicii
893 2330 1004 2349 caussa:

211 2359 347 2393 patimini,
367 2359 477 2385 veritate
490 2358 619 2393 patefacta
633 2363 713 2394 atque
726 2360 800 2386 omni
812 2367 900 2386 errore
913 2359 1008 2386 subla-

210 2400 245 2424 to.
260 2404 291 2422 eo
305 2396 417 2422 transire
431 2395 506 2422 illius
520 2396 696 2431 turpitudinis
710 2396 858 2427 infamiam.
875 2396 922 2423 ubi
935 2401 1007 2423 cete-

211 2441 238 2458 ra
252 2433 380 2459 maleficia
394 2433 557 2460 consistunt:
573 2433 607 2460 ab
621 2442 651 2460 eo
666 2433 795 2460 invidiam
809 2433 948 2460 discedere
957 2433 1007 2460 ali-

210 2470 326 2504 quando,
334 2470 368 2496 ad
377 2479 457 2505 quem
469 2479 616 2506 numquam
627 2472 772 2497 accessisse
781 2470 889 2506 culpam
899 2471 1005 2498 videtis.

267 2506 366 2533 XXXI.
382 2508 424 2534 84.
448 2508 482 2534 At
499 2508 572 2534 enim
590 2508 732 2542 pecuniam
745 2508 851 2535 Staieno
864 2508 939 2535 dedit
951 2508 1007 2543 Op-

213 2543 334 2578 pianicus
358 2552 410 2570 non
432 2544 465 2570 ad
483 2545 710 2579 corrumpendum
728 2545 874 2577 iudicium.
902 2545 950 2572 sed
971 2545 1006 2572 ad

211 2580 422 2607 conciliationem
436 2582 546 2616 gratiae.
585 2582 656 2608 Tene
670 2582 732 2613 hoc.
747 2582 816 2613 Atti,
836 2583 938 2613 dicere,
960 2582 1005 2610 tali

214 2617 366 2651 prudentia,
382 2618 462 2644 etiam
477 2627 528 2645 usu
542 2623 622 2654 atque
635 2620 823 2646 exercitatione
837 2619 1006 2654 praeditum?

213 2654 449 2689 Sapientissimum
463 2664 522 2682 esse
535 2655 629 2682 dicunt
641 2665 714 2688 eum,
729 2657 782 2687 cui,
799 2656 872 2691 quod
880 2665 948 2691 opus
959 2658 1004 2688 sit,

214 2691 265 2725 ipsi
280 2693 368 2718 veniat
381 2692 409 2719 in
422 2697 552 2719 mentem:
573 2694 694 2728 proxime
707 2694 831 2720 accedere
845 2693 937 2726 illum,
957 2695 1006 2729 qui

1028 817 1031 831 t

1029 902 1031 930 ζ
1051 900 1210 934 accepisset,
1230 898 1375 934 confiteriz)

1022 961 1031 969 ,,
1052 936 1283 972 prehendendum.

780 160 823 185 2⁸.
858 158 892 184 Μ.
926 157 956 184 Τ.
991 155 1268 184 CICERONIS

1018 228 1027 263 ’ᾖ
1049 228 1158 254 alterius
1172 227 1239 254 bene
1254 226 1370 254 inventis
1383 226 1554 261 obtemperet.
1585 226 1613 253 ln
1627 225 1740 254 stultitia
1753 231 1843 254 contra

1049 270 1098 291 cst.
1140 265 1230 291 Minus
1244 265 1315 291 enim
1330 263 1430 290 stultus
1443 268 1482 290 est
1496 265 1529 294 is.
1545 264 1589 290 cui
1604 263 1670 290 nihil
1685 264 1712 291 in
1726 269 1843 291 mentem

1051 303 1131 331 venit.
1147 310 1229 336 qutun
1244 301 1297 332 ille.
1313 301 1370 336 qui,
1385 300 1458 336 quod
1472 300 1552 327 stulte
1562 300 1636 327 alteri
1648 301 1720 328 venit
1731 301 1758 328 in
1769 310 1846 328 rnen-

1050 344 1117 369 tem.
1132 338 1296 374 comprobat.
1327 338 1406 365 istam
1419 338 1631 365 conciliationem
1645 339 1745 374 gratiae
1758 338 1846 365 Staie-

1051 385 1101 402 nus
1117 381 1172 402 tum
1188 376 1286 402 recenti
1302 384 1342 406 re.
1362 384 1447 411 quum
1463 375 1586 402 faucibus
1600 380 1778 410 premeretur.
1798 384 1846 403 ex-

1050 414 1184 448 cogitavit.
1201 413 1267 443 sive,
1284 417 1313 439 ut
1327 413 1448 439 homines
1458 417 1515 439 tum
1526 412 1712 447 loquebantur,
1728 421 1742 439 a
1753 413 1782 439 P.
1797 412 1847 440 Ce-

1051 451 1129 485 thego
1142 450 1308 481 admonitus.
1325 450 1402 476 istam
1416 450 1490 477 dedit
1502 449 1695 477 conciliationis
1708 455 1734 477 et
1745 450 1847 486 gratiae

1052 487 1179 514 fabulam.
1201 489 1242 514 ³5.
1256 488 1321 514 Nam
1337 487 1420 514 fuisse
1435 487 1506 514 hunc
1520 492 1576 513 tum
1592 487 1730 514 hominum
1744 496 1848 514 aermo-

1052 533 1126 555 nem,
1147 524 1278 551 recordari
1297 525 1421 559 potestis:
1441 524 1603 559 Cethegum.
1623 524 1696 559 quod
1711 524 1846 551 hominem

1051 562 1151 589 odisset
1165 567 1190 588 et
1202 562 1274 597 quod
1289 562 1348 588 eius
1363 562 1559 597 improbitatem
1574 562 1672 588 versari
1687 562 1715 588 in
1726 561 1847 597 republi-

1051 609 1080 626 ca
1095 599 1188 630 nollet.
1205 604 1230 626 et
1243 599 1315 634 quod
1331 598 1443 630 videret,
1459 607 1535 628 eum,
1553 599 1602 634 qui
1616 607 1646 625 ee
1658 598 1693 625 ab
1705 607 1750 626 reo
1766 607 1847 634 pecu-

1053 638 1137 667 niam.
1157 645 1243 672 quum
1257 636 1339 663 iudex
1352 641 1435 667 esset.
1455 636 1524 663 clam
1541 640 1622 671 etque
1639 641 1712 663 extra
1725 635 1847 664 ordinem

1053 675 1186 709 accepisse
1208 673 1348 701 confessus
1371 679 1455 705 esset,
1483 672 1589 700 salvum
1608 681 1668 700 esse
1686 682 1738 700 non
1757 682 1845 709 posse.

1053 713 1144 738 minus
1157 712 1181 738 ei
1195 711 1272 738 lidele
1285 711 1428 739 consilium
1442 710 1559 738 dedisse.
1600 711 1628 737 ln
1647 710 1697 738 hoc
1709 711 1732 737 si
1747 711 1848 746 impro-

1053 749 1104 776 bus
1119 749 1252 785 Cethegus
1267 748 1330 780 l'uit,
1351 749 1457 775 videtur
1474 748 1541 775 mihi
1560 747 1743 775 adversarium
1761 756 1849 775 remo-

1054 795 1115 814 vere
1130 786 1257 813 voluisse.
1284 786 1331 813 Sin
1345 790 1401 813 erat
1413 785 1546 813 eiusmodi
1560 794 1663 817 caussa,
1679 789 1709 812 ut
1722 785 1848 813 Staienus

1053 833 1177 851 nummos
1190 832 1219 851 se
1232 825 1367 859 accepisse
1381 832 1477 859 negare
1486 832 1537 850 non
1549 827 1653 858 posset:
1668 822 1746 858 (nihil
1758 827 1847 850 autem

1052 867 1107 888 erat
1120 861 1298 896 periculosius
1312 870 1360 888 nec
1379 861 1497 896 turpius.
1521 869 1616 896 quam.
1641 860 1674 887 ad
1691 868 1773 895 quam
1791 868 1848 887 rem

1401 907 1453 925 non
1471 902 1512 925 est
1524 897 1668 924 consilium
1683 897 1792 933 Cethegi
1806 905 1850 924 re-

1323 937 1365 963 86.
1385 935 1483 962 Verum
1502 935 1553 962 alia
1566 943 1661 962 caussa
1675 939 1732 962 tum
1747 934 1849 962 Staieni

1029 987 1030 990 =
1053 974 1112 1005 fuit,
1128 974 1179 1001 alia
1193 982 1273 1005 nunc.
1290 973 1352 1004 Atti.
1369 978 1414 1000 tua
1427 978 1476 1000 est.
1502 972 1558 1003 llle,
1573 981 1659 1008 quum
1674 981 1701 999 re
1716 980 1849 1007 premere-

1053 1016 1105 1042 tur,
1120 1011 1311 1047 quodcumque
1325 1010 1433 1041 diceret,
1450 1010 1588 1037 honestius
1598 1009 1706 1040 diceret,
1721 1017 1802 1045 quam
1813 1009 1847 1040 si,

1052 1049 1124 1084 quod
1139 1054 1193 1075 erat
1208 1048 1316 1079 sactum,
1333 1048 1471 1074 fateretur:
1488 1052 1512 1074 te
1527 1056 1589 1074 vero
1600 1046 1667 1074 illud
1679 1046 1760 1078 idem,
1775 1046 1850 1082 quod

1053 1091 1110 1113 tum
1129 1086 1269 1121 explosum
1289 1090 1314 1112 et
1331 1086 1445 1112 eiectum
1463 1089 1516 1116 est.
1537 1093 1609 1112 nunc
1626 1083 1750 1111 retulisse
1762 1083 1850 1110 demi-

1053 1133 1103 1150 ror.
1142 1123 1194 1156 Qui
1217 1124 1289 1150 enim
1313 1127 1414 1158 poterat
1431 1127 1488 1149 tum
1507 1123 1534 1149 in
1552 1122 1664 1158 gratiam
1683 1121 1769 1148 redire
1786 1129 1848 1148 cum

1053 1161 1201 1196 Oppianico
1215 1159 1373 1188 Cluentius?
1389 1161 1437 1195 qui
1451 1168 1513 1187 cum
1528 1164 1611 1186 matre
1624 1159 1739 1186 habebat
1752 1158 1850 1186 simul-

1053 1203 1134 1230 tates,
1159 1198 1283 1225 haerebat
1297 1199 1324 1225 in
1339 1197 1438 1224 tabulis
1452 1197 1569 1233 publicis
1583 1205 1645 1224 reus
1659 1201 1685 1223 et
1698 1200 1848 1223 accusator:

1053 1235 1222 1263 condemnati
1240 1240 1314 1262 erant
1327 1235 1455 1262 Fabricii:
1476 1243 1524 1261 nec
1542 1234 1612 1261 elabi
1630 1233 1682 1260 alio
1699 1238 1851 1260 accusatore

1053 1278 1155 1309 poterat
1167 1273 1278 1304 Albius.
1299 1281 1347 1300 nec
1365 1273 1423 1299 sine
1442 1272 1587 1308 ignominia
1605 1271 1755 1298 calumniae
1769 1269 1851 1297 relin-

1053 1319 1135 1346 quere
1153 1311 1349 1337 accusationem
1367 1309 1518 1337 Cluentius.
1559 1308 1672 1336 XXXII.
1691 1309 1734 1335 87.
1757 1308 1799 1335 An
1821 1312 1851 1334 ut

1053 1347 1297 1383 praevaricaretur?
1321 1348 1376 1374 lam
1394 1347 1422 1374 id
1439 1355 1548 1382 quoque
1569 1345 1603 1373 ad
1624 1344 1851 1381 corrumpendum

1053 1385 1185 1413 iudicium
1203 1385 1326 1420 pertinet.
1367 1384 1420 1412 Sed
1437 1384 1504 1420 quid
1522 1392 1590 1419 opus
1608 1388 1663 1410 erat
1675 1382 1709 1410 ad
1721 1391 1781 1410 eam
1794 1391 1852 1410 rem

1053 1423 1143 1450 iudice
1165 1421 1322 1458 sequestre?
1347 1426 1373 1449 et
1389 1423 1511 1453 omnino.
1535 1421 1712 1457 quamobrem
1731 1425 1784 1448 tota
1800 1420 1852 1447 ista

1054 1469 1096 1488 res
1110 1469 1157 1496 per
1171 1460 1310 1487 Staienum
1325 1460 1428 1495 potius,
1448 1459 1584 1486 hominem
1603 1458 1636 1486 ab
1654 1463 1769 1494 utroque
1785 1456 1852 1484 alie—

1054 1499 1212 1529 nissimum,
1233 1497 1465 1528 sordidissimum,
1486 1497 1688 1531 turpissimum,
1708 1503 1790 1531 quam
1803 1502 1852 1530 per

1054 1536 1155 1563 bonum
1173 1535 1290 1570 aliquem
1310 1536 1398 1562 virum
1416 1539 1539 1570 ageretur
1556 1538 1582 1560 et
1598 1534 1715 1560 amicum
1729 1540 1853 1560 necessa-

1054 1574 1181 1608 riumque
1194 1571 1384 1600 communem?
1408 1571 1462 1599 Sed
1479 1571 1547 1607 quid
1565 1579 1615 1607 ego
1631 1571 1698 1598 haec
1714 1569 1849 1606 pluribus,

1054 1611 1133 1646 quasi
1143 1610 1176 1637 de
1187 1619 1215 1637 re
1224 1610 1337 1637 obscura
1347 1609 1465 1644 disputo,
1480 1617 1565 1644 quum
1576 1609 1635 1643 ipsa
1644 1608 1768 1643 pecunia,
1782 1615 1853 1642 quae

1055 1648 1162 1675 Staieno
1179 1647 1239 1674 data
1257 1652 1310 1678 est,
1330 1655 1442 1674 numero
1459 1655 1490 1673 ac
1507 1654 1614 1673 summa
1632 1653 1690 1676 sua.
1706 1653 1759 1672 non
1773 1644 1852 1671 modo

1054 1690 1155 1721 quanta
1174 1684 1266 1716 fuerit.
1291 1684 1340 1711 sed
1358 1684 1437 1710 etiam
1455 1683 1488 1710 ad
1506 1692 1588 1719 quam
1606 1691 1663 1710 rem
1681 1682 1743 1709 data
1760 1681 1850 1712 fuerit,

1054 1722 1193 1750 ostendat?
1217 1721 1359 1749 Sexdecim
1372 1721 1432 1748 dico
1445 1720 1562 1752 iudices,
1582 1725 1613 1747 ut
1625 1719 1791 1755 Oppianicus
1804 1718 1853 1746 ab-

1054 1760 1215 1791 solveretur,
1235 1758 1445 1794 corrumpendos
1463 1758 1561 1785 fuisse:
1582 1757 1615 1784 ad
1634 1757 1773 1784 Staienum
1790 1764 1854 1783 sex-

1054 1803 1130 1824 centa
1143 1802 1169 1824 et
1181 1796 1357 1832 quadraginta
1372 1795 1457 1823 millia
1471 1797 1614 1822 nummssm
1627 1803 1686 1822 esse
1695 1793 1792 1821 delata.
1811 1793 1850 1825 Si.

1055 1840 1085 1862 ut
1099 1840 1128 1862 tu
1140 1835 1223 1866 dicis,
1243 1835 1342 1870 gratiae
1356 1833 1537 1861 conciliandae
1550 1841 1658 1863 caussa.
1674 1831 1853 1867 quadraginta

1054 1873 1166 1899 istorum
1181 1872 1298 1898 accessio
1311 1871 1428 1898 millium
1442 1870 1509 1906 quid
1523 1869 1612 1897 valet?
1631 1870 1665 1901 si.
1681 1874 1711 1896 ut
1724 1877 1773 1896 nos
1785 1868 1854 1895 diei-

1055 1918 1130 1941 mus,
1148 1914 1177 1936 ut
1189 1909 1360 1945 quadragena
1374 1908 1458 1935 millia
1474 1910 1616 1935 nummum
1629 1906 1767 1934 sexdecim
1780 1905 1854 1932 iudi-

1055 1947 1133 1974 cibus
1151 1946 1291 1979 darentur;
1316 1954 1370 1973 non
1387 1944 1563 1973 Archimedes
1581 1944 1680 1972 melius
1697 1943 1783 1979 potuit
1805 1942 1854 1970 de-

1055 1985 1181 2011 scribere.

1111 2023 1153 2048 88.
1168 2022 1203 2048 At
1215 2022 1287 2048 enim
1301 2020 1401 2048 iudicia
1414 2019 1482 2047 facta
1495 2018 1628 2055 permulta
1640 2022 1712 2050 sunt,
1728 2026 1742 2044 a
1753 2017 1854 2045 Cluen-

1056 2060 1092 2086 tio
1110 2059 1242 2086 iudicium
1260 2067 1320 2085 esse
1337 2062 1503 2093 corruptum.
1543 2057 1628 2084 Immo
1645 2064 1708 2083 vero
1725 2059 1785 2082 ante
1803 2054 1854 2082 hoc

1058 2102 1165 2132 tempus
1179 2096 1288 2123 omnino
1301 2096 1352 2122 ista
1365 2096 1423 2131 ipsa
1437 2104 1480 2122 res
1493 2102 1544 2122 suo
1557 2094 1666 2121 nomine
1678 2093 1706 2120 in
1720 2092 1853 2119 iudicium

1056 2143 1205 2169 numquam
1224 2138 1265 2160 est
1282 2137 1383 2160 vocata.
1423 2132 1460 2159 lta
1479 2131 1596 2159 multum
1614 2131 1724 2167 agitata.
1748 2130 1784 2157 ita
1805 2128 1853 2156 diu

1032 2187 1034 2196 1
1056 2172 1150 2198 iactata
1167 2172 1218 2198 ista
1236 2179 1278 2197 res
1297 2175 1350 2201 est,
1371 2174 1402 2197 ut
1419 2169 1549 2197 hodierno
1565 2168 1609 2195 die
1627 2168 1747 2203 primum
1758 2174 1853 2194 caussa

1056 2209 1102 2236 illa
1120 2208 1230 2235 defensa
1248 2209 1296 2239 sit,
1316 2207 1446 2234 hodierno
1457 2207 1502 2233 die
1516 2207 1635 2241 primum
1648 2205 1747 2232 veritas
1760 2211 1852 2231 vocem

1056 2251 1147 2273 contra
1159 2245 1300 2277 invidiam,
1316 2245 1360 2272 his
1369 2244 1506 2271 iudicibus
1515 2243 1589 2274 freta,
1606 2243 1719 2270 miserit.
1740 2241 1854 2268 Verum-

1057 2288 1146 2310 tamen
1160 2283 1244 2310 multa
1258 2283 1309 2309 ista
1322 2282 1422 2309 iudicia
1435 2290 1504 2317 quae
1517 2280 1598 2308 sunt?
1610 2281 1667 2316 Ego
1677 2279 1749 2306 enim
1763 2287 1807 2305 me
1819 2277 1855 2304 ad

1057 2322 1147 2348 omnia
1159 2320 1316 2348 confirmavi
1329 2324 1354 2346 et
1367 2320 1408 2346 sic
1422 2319 1526 2354 paravi.
1542 2323 1572 2344 ut
1585 2317 1715 2347 docerem,
1731 2324 1802 2351 quae
1814 2314 1855 2342 fa·

1057 2363 1097 2385 cta
1112 2363 1204 2394 postea
1221 2357 1322 2384 iudicia
1338 2357 1372 2383 de
1389 2356 1436 2383 illo
1454 2356 1554 2383 iudicio
1571 2355 1736 2384 dicerentur,
1755 2353 1853 2388 partim

1057 2397 1150 2422 ruinae
1163 2395 1294 2422 similiora
1308 2399 1354 2421 aut
1367 2393 1532 2429 tempestati.
1547 2401 1631 2427 quam
1644 2391 1745 2418 iudicio
1758 2395 1784 2417 et
1796 2389 1854 2416 dis-

1056 2433 1200 2468 ceptationi
1214 2432 1310 2463 fuisse,
1332 2431 1428 2466 partim
1442 2429 1510 2457 nihil
1524 2434 1614 2456 contra
1627 2429 1739 2455 Avitum
1751 2426 1851 2458 valere,

1056 2471 1154 2506 partim
1167 2471 1246 2496 etiam
1261 2477 1308 2504 pro
1322 2469 1372 2496 hoc
1385 2476 1457 2498 esse,
1477 2467 1574 2502 partim
1589 2475 1648 2493 esse
1661 2463 1807 2495 eiusmodi.
1823 2468 1855 2491 ut

1057 2517 1144 2543 neque
1157 2507 1289 2542 appellata
1303 2514 1432 2541 umquam
1450 2504 1551 2531 iudicia
1567 2504 1634 2535 sint.
1655 2510 1744 2538 neque
1760 2501 1855 2528 existi·-

1056 2550 1136 2571 mata.
1167 2546 1209 2571 89.
1224 2544 1272 2571 Hic
1285 2552 1343 2580 ego,
1359 2543 1445 2578 magis
1458 2546 1489 2568 ut
1500 2540 1723 2568 consuetudinem
1736 2547 1851 2570 servem,

1056 2591 1137 2617 quam
1151 2581 1225 2617 quod
1239 2589 1287 2608 vos
1301 2589 1354 2608 non
1367 2584 1456 2606 vestra
1469 2579 1519 2605 hoc
1530 2582 1626 2613 sponte
1635 2577 1748 2607 faciatis,
1763 2580 1852 2611 petam

1056 2628 1070 2645 a
1084 2620 1170 2650 vobis,
1186 2624 1216 2645 ut
1230 2627 1281 2649 me,
1297 2618 1362 2644 dum
1377 2617 1410 2643 de
1423 2616 1466 2643 his
1479 2615 1597 2651 singulis
1609 2615 1719 2650 disputo
1731 2613 1850 2644 iudiciis.

1056 2661 1154 2683 attente
1164 2656 1289 2682 audiatis.
1310 2654 1436 2681 XXXIII.
1447 2653 1645 2680 Condemnatus
1655 2656 1695 2678 est
1705 2650 1734 2678 C.
1746 2650 1850 2680 Iunius,

1056 2694 1104 2729 qui
1118 2694 1143 2720 ei
1156 2693 1306 2728 quaestioni
1321 2691 1484 2727 praefuerat:
1500 2690 1568 2716 adde
1578 2687 1745 2719 etiamillud,
1761 2685 1853 2722 sipla-
