1941 3052
228 134 274 159 4¹:35
798 132 839 156 35.

225 204 316 233 detur,
331 208 358 229 ut
371 211 457 238 neque
469 202 555 228 bonus
567 202 711 236 quisquam
724 201 841 230 intereat,
860 209 1019 235 paucorum-

225 250 277 276 que
291 250 372 275 poeno
386 250 431 266 vos
445 240 494 265 ium
506 248 598 264 ‹mini-n
609 238 674 264 solvi
687 246 744 262 euim
756 238 874 272 possitis.
898 238 1018 269 29.Quae

225 279 335 313 quide-m
357 287 404 310 ego
426 286 512 310 m·qu‹·
533 284 589 301 men
612 275 761 309 prudentia,
785 283 871 309 neque
893 274 1018 300 liuiuanin

225 315 346 341 consiliis
360 314 441 339 fretus
454 313 578 347 polliceor
591 313 679 342 vobis,
702 312 832 343 Quirites,
855 311 901 337 sod
915 311 1016 343 multis,

225 358 249 378 et
267 362 316 378 nnn
333 351 423 377 dubiis
439 351 549 375 ‹li-orum
563 349 752 375 immortalium
765 349 1016 381 significationibus,

225 390 325 424 quibus
341 398 389 423 ego
400 388 515 413 ‹tm-ibus
529 387 554 412 in
568 386 634 412 hanc.
645 395 720 420 spem
733 386 946 420 sententiamque
957 395 1017 412 sum

227 427 376 460 ingressus:
398 425 444 459 qui
458 425 509 450 inm
522 432 572 449 non
586 423 686 458 procul,
701 423 874 458 utquondam
887 423 1016 454 solebant,

225 463 258 489 ub
270 467 378 489 externo
390 462 463 488 hoste
479 465 558 496 atque
575 460 733 497 longinquo,
752 460 797 486 sed
812 461 854 487 liic
865 466 1018 496 praesentes

876 131 909 156 M.
944 130 973 156 T.
1009 130 1285 156 Clctznoxts

1068 210 1118 226 suo
1134 201 1244 226 numine
1259 205 1339 236 utque
1354 199 1456 227 auxilio
1470 209 1517 227 nun
1534 200 1631 236 templ·
1643 206 1722 237 utque
1734 201 1813 228 Urbis
1824 207 1862 229 to-

1068 243 1108 263 rta
1120 237 1280 264 defendunt:
1304 246 1372 272 quos
1385 247 1445 268 vos,
1457 237 1588 270 Quirites.
1609 239 1724 274 precari,
1742 239 1862 266 venerari

1069 280 1148 309 atque
1160 275 1302 309 implorare
1316 274 1433 306 debetis.
1452 280 1492 306 ut,
1510 284 1591 310 quun
1608 276 1700 302 urbem
1713 276 1863 311 pulcherri-

1070 321 1154 342 mam.
1177 311 1392 338 florentissimam
1415 313 1682 348 potentissimamque
1697 322 1755 339 esse
1772 313 1864 340 volue-

1070 354 1140 379 runt.
1155 349 1231 380 hanc,
1243 350 1370 376 omnibus
1383 349 1499 375 hostium
1510 351 1594 385 copiis
1606 355 1672 377 terra
1685 351 1806 386 merique
1817 360 1864 378 su-

1070 387 1180 421 peratis,
1198 395 1212 413 ο
1228 387 1471 422 perditissimorum
1482 387 1584 415 civium
1595 387 1695 415 net-rio
1705 388 1806 415 scelere
1816 388 1865 416 do-

1070 424 1187 451 fundent.

933 539 1154 551 ψ

735 746 768 774 Μ.
799 746 991 775 TULLII
1023 745 1350 776 CICERONlS

348 901 390 949 L.
539 901 569 950 C
684 902 722 950 A
836 903 874 951 T
989 903 1004 951 l

1117 901 1743 952 LINAM

845 1003 1032 1029 ORATIO
1064 1003 1245 1029 TERTIA

1016 1079 1072 1100 AD

277 1321 296 1348 ῐ.
318 1323 338 1348 l.
362 1316 579 1358 Rempublicam,
597 1322 728 1356 Quirites.
747 1323 885 1360 vitamque
896 1323 1017 1351 omnium
1046 1330 1048 1362 l
1070 1326 1110 1351 tos
1121 1322 1248 1355 sciebam,
1261 1331 1306 1351 eos
1319 1323 1459 1351 nobiseum
1471 1331 1531 1351 esse
1541 1326 1567 1350 et
1577 1322 1675 1350 Romae
1685 1321 1862 1350 remansisse·

223 1364 351 1391 vestrum,
366 1360 442 1391 bona,
457 1361 584 1391 fortunas,
598 1363 726 1397 coniuges
740 1362 892 1397 liberosque
905 1367 1015 1393 vestros,

1068 1363 1096 1388 in
1108 1370 1139 1388 eo
1149 1371 1242 1389 omnes
1253 1362 1311 1388 dies
1323 1367 1468 1397 noctesque
1479 1362 1648 1396 consumpsi,
1665 1365 1707 1391 ut,
1724 1360 1791 1396 quid
1801 1368 1865 1396 age-

222 1401 301 1432 atque
313 1397 362 1424 hoc
373 1398 540 1425 domicilium
552 1398 695 1425 clarissimi
708 1400 823 1434 imperii,
837 1400 1018 1426 fortunatissi—
1045 1394 1047 1440 l
1068 1405 1139 1431 rent,
1153 1399 1219 1435 quid
1231 1399 1401 1431 molirentur,
1414 1400 1540 1426 sentirem
1553 1407 1582 1425 ac
1594 1398 1725 1428 viderem,
1739 1402 1780 1428 ut,
1796 1406 1865 1433 quo-

221 1443 292 1460 mam
308 1435 571 1471 pulcherrimamque
588 1437 682 1463 urbem
698 1437 826 1464 hodierno
842 1437 885 1463 die
905 1437 1016 1464 deorum

221 1472 414 1498 immortalium
426 1482 534 1499 summo
545 1482 605 1509 erga
618 1483 665 1500 vos
676 1483 779 1505 amore,
794 1474 940 1506 laboribus,
953 1483 1017 1501 con-

221 1509 305 1540 siliis,
329 1510 511 1546 periculisque
532 1512 599 1537 meis
621 1520 654 1537 ex
670 1511 774 1538 flamma
797 1516 876 1547 atque
898 1512 966 1538 ferro
986 1520 1016 1538 ac

220 1555 304 1581 paene
319 1556 352 1573 ex
368 1547 492 1574 faucibus
508 1548 553 1575 fati
569 1553 687 1583 ereptam
703 1554 728 1576 et
744 1549 821 1576 vobis
832 1554 1014 1576 conservatam
1044 1547 1046 1576 Ῐ

220 1592 250 1610 ac
261 1585 410 1611 restitutam
424 1585 530 1612 videtis.
571 1588 596 1613 2.
619 1587 664 1617 Et,
682 1587 705 1612 si
718 1595 769 1613 non
781 1587 872 1613 minus
885 1587 962 1613 nobis
973 1588 1017 1613 iu-

221 1622 303 1648 cundi
318 1627 397 1657 atque
414 1622 533 1649 illustres
548 1628 611 1650 sunt
628 1624 646 1649 ii
662 1623 733 1655 dies,
755 1624 857 1659 quibus
873 1633 1018 1650 conserva-

221 1667 294 1690 mur,
308 1668 389 1694 quam
400 1659 455 1691 illi,
471 1661 573 1695 quibus
585 1661 733 1693 nascimur,
756 1661 828 1696 quod
841 1661 935 1687 salutis
947 1665 1016 1687 certa

222 1696 320 1723 laetitia
334 1701 388 1728 est,
411 1697 538 1724 nascendi
553 1699 651 1724 incerta
667 1698 797 1729 conditio,
820 1703 846 1724 et
865 1698 937 1734 quod
958 1699 1016 1724 sine

220 1742 302 1760 sensu
320 1735 468 1766 nascimur,
486 1744 547 1761 cum
565 1735 700 1769 voluptate
711 1744 864 1762 servamur:
888 1735 1014 1770 profecto,

220 1771 347 1805 quoniam
360 1771 446 1803 illum,
460 1773 507 1807 qui
519 1773 587 1799 hanc
598 1773 692 1799 urbem
704 1773 832 1804 condidit,
845 1773 878 1799 ad
889 1773 954 1799 deos
966 1773 1017 1799 im-

221 1807 345 1835 mortales
357 1808 542 1836 benevolentia
553 1809 677 1844 famaque
688 1810 861 1841 sustulimus,
874 1818 933 1836 esse
945 1809 1017 1845 apud

221 1854 269 1872 vos
281 1849 454 1881 posterosque
466 1851 568 1873 vestros
579 1847 605 1873 in
618 1847 716 1873 honore
727 1847 836 1874 debebit
845 1848 878 1878 is,
886 1848 933 1882 qui
944 1856 1018 1873 eam-

221 1882 282 1909 dem
299 1883 367 1909 hanc
382 1884 475 1910 urbem
487 1884 620 1910 conditam
633 1884 876 1920 amplificatamque
887 1885 1014 1911 servavit.

222 1921 287 1946 Nam
300 1921 346 1946 toti
357 1920 437 1952 Urbi,
456 1921 577 1956 templis,
595 1921 729 1952 delubris,
747 1923 823 1948 tectis
835 1930 864 1948 ac
875 1922 1016 1948 moenibus

221 1957 355 1984 subiectos
376 1966 458 1993 prope
478 1959 530 1985 iam
552 1959 628 1994 ignes
643 1959 876 1994 circumdatosque
890 1960 1017 1986 restinxi-

222 2004 296 2025 mus,
313 1995 450 2030 iidemque
464 1995 568 2031 gladios
580 1996 606 2022 in
618 1996 813 2031 rempublicam
825 1997 964 2023 destrictos
976 2005 1017 2023 re-

221 2032 343 2059 tudimus
360 2041 554 2068 mucronesque
566 2042 656 2060 eorum
669 2043 683 2060 a
694 2034 797 2069 iugulis
810 2035 906 2060 vestris
917 2034 1017 2061 deieci·

221 2079 294 2096 mus.
315 2071 339 2096 3.
352 2069 425 2102 Quae
436 2071 563 2105 quoniam
575 2071 602 2097 in
614 2075 707 2098 senatu
719 2071 861 2103 illustrata,
875 2071 1013 2106 patefacta,

221 2111 354 2142 comperta
370 2112 433 2134 sunt
449 2116 495 2143 per
510 2117 566 2139 me,
584 2108 661 2135 vobis
677 2109 729 2135 iam
745 2117 876 2143 exponam
889 2109 1013 2141 breviter,

221 2144 352 2178 Quirites;
374 2150 416 2176 ut,
433 2149 460 2172 et
473 2150 573 2180 quanta
589 2150 615 2172 et
629 2155 710 2181 quam
722 2146 862 2173 manifesta
874 2151 899 2173 et
909 2156 962 2182 qua
975 2156 1016 2173 ra-

221 2183 292 2208 tione
303 2182 461 2219 investigata
473 2187 499 2209 et
509 2183 700 2218 comprehensa
715 2184 783 2215 sint,
802 2193 863 2216 vos,
880 2185 928 2219 qui
940 2185 1016 2220 iguo-

221 2220 294 2250 ratis,
308 2228 341 2246 ex
351 2221 417 2246 actis
428 2221 496 2247 scire
507 2221 627 2255 possitis.

275 2257 423 2292 Principio,
437 2262 466 2284 ut
477 2258 588 2285 Catilina
601 2258 694 2293 paucis
705 2262 765 2285 ante
775 2258 873 2285 diebus
884 2259 973 2293 erupit
983 2268 1017 2286 ex

222 2294 305 2325 Urbe,
322 2303 409 2330 quum
425 2295 533 2322 sceleris
549 2296 591 2322 sui
602 2297 703 2326 socios,
722 2296 834 2322 huiusce
846 2296 940 2323 nefarii
952 2296 1015 2323 belli

221 2332 363 2359 acerrimos
374 2332 470 2363 duces,
487 2333 585 2359 Romae
602 2333 768 2368 reliquisset,
787 2342 894 2368 semper
904 2334 1015 2370 vigilavi

221 2373 247 2395 et
257 2369 377 2403 providi,
395 2369 526 2402 Quirites,
543 2370 772 2405 quemadmodum
787 2371 815 2397 in
831 2371 910 2397 tantis
925 2376 951 2397 et
962 2376 1015 2398 tam

221 2405 384 2433 absconditis
404 2407 512 2434 insidiis
533 2408 601 2434 salvi
622 2416 682 2434 esse
702 2416 854 2443 possemus.
894 2409 926 2435 11.
948 2409 1015 2435 Nam

222 2447 293 2473 tum,
315 2452 400 2478 quum
412 2453 445 2471 ex
456 2445 525 2472 Urbe
536 2445 677 2472 Catilinam
689 2445 842 2476 eiiciebam,
864 2445 927 2480 (non
943 2446 1015 2472 enim

222 2480 275 2506 iam
285 2489 378 2508 vereor
387 2481 470 2509 huius
482 2482 558 2509 verbi
569 2482 698 2509 invidiam
706 2503 712 2513 ,
729 2491 815 2517 quum
827 2482 873 2508 illa
885 2483 970 2519 magis
981 2483 1016 2509 sit

223 2517 352 2548 timenda,
375 2519 446 2553 quod
458 2519 537 2546 vivus
548 2519 664 2554 exierit.)
683 2519 731 2546 sed
742 2525 813 2550 tum,
835 2528 922 2555 quum
937 2520 1014 2546 illum

223 2555 392 2581 exterminari
404 2555 536 2587 volebam,
549 2561 595 2583 aut
605 2556 736 2592 reliquam
748 2557 947 2584 coniuratorum
958 2566 1016 2583 ma-

223 2599 288 2616 num
299 2591 381 2617 simul
392 2593 536 2624 exituram,
553 2598 599 2620 aut
614 2602 672 2625 eos,
689 2595 738 2629 qui
749 2594 922 2626 restitissent,
940 2594 1016 2621 infir-

223 2636 280 2653 mos
296 2628 354 2654 sine
370 2628 416 2655 illo
431 2638 460 2656 ac
469 2630 573 2656 debiles
584 2630 639 2657 sore
650 2631 788 2666 putabam.
820 2632 844 2657 Δ.
857 2631 944 2666 Atque
955 2640 1013 2667 ego,

224 2669 251 2690 ut
264 2664 331 2696 vidi,
344 2674 412 2700 quos
423 2668 540 2694 maximo
551 2667 639 2694 furore
650 2673 676 2695 et
686 2668 786 2695 scelere
796 2676 856 2695 esse
867 2668 1016 2695 inflamma-

1069 1437 1140 1463 niam
1153 1437 1265 1463 auribus
1276 1438 1373 1463 vestris
1385 1442 1492 1472 propter
1502 1436 1687 1464 incredibilem
1700 1434 1866 1471 magnitudi-

1045 1483 1046 1494 2
1068 1483 1129 1501 nem
1142 1474 1251 1501 sceleris
1263 1475 1393 1501 minorem
1410 1474 1489 1500 fidem
1506 1473 1603 1500 faceret
1616 1474 1699 1500 oratio
1714 1481 1785 1503 mea,
1807 1481 1864 1499 rem

1044 1521 1045 1528 ¹
1067 1513 1102 1538 ita
1124 1512 1392 1546 comprehenderem,
1416 1517 1445 1538 ut
1467 1516 1522 1538 tum
1543 1511 1653 1537 demum
1669 1510 1768 1536 animis
1783 1509 1864 1536 saluti

1068 1553 1172 1575 vestrae
1184 1549 1376 1583 provideretis,
1393 1557 1478 1584 quum
1494 1548 1580 1575 oculis
1597 1547 1758 1574 maleficium
1773 1547 1863 1582 ipsum

1068 1586 1205 1612 videretis.
1246 1587 1337 1621 Itaque
1358 1591 1388 1612 ut
1407 1586 1538 1621 comperi,
1562 1585 1661 1621 legatos
1677 1584 1861 1620 Allobrogum,

1044 1621 1046 1635 ³
1068 1623 1131 1650 belli
1145 1623 1313 1658 Transalpini
1325 1628 1350 1650 et
1362 1623 1494 1650 tumultus
1506 1622 1602 1650 Gallici
1613 1621 1746 1649 excitandi
1757 1630 1862 1652 caussa,

1068 1669 1081 1687 a
1097 1661 1126 1686 P.
1144 1661 1257 1687 Lentulo
1277 1669 1336 1687 esse
1351 1660 1520 1692 sollicitatos,
1543 1668 1642 1694 eosque
1657 1660 1683 1685 in
1700 1658 1815 1686 Galliam
1831 1658 1863 1685 ad

1068 1706 1132 1724 suos
1142 1698 1224 1728 cives,
1233 1697 1380 1733 eodemque
1392 1698 1485 1724 itinere
1496 1706 1557 1724 cum
1571 1697 1665 1723 litteris
1677 1695 1864 1731 mandatisque

1045 1741 1046 1750 ¹
1068 1735 1100 1761 ad
1113 1735 1253 1762 Catilinam
1269 1743 1328 1761 esse
1344 1736 1454 1765 missos,
1471 1735 1651 1769 comitemque
1662 1734 1695 1760 iis
1707 1733 1864 1760 adiunctum

1068 1773 1098 1799 T.
1112 1772 1290 1803 Vulturcium,
1304 1777 1384 1808 atque
1396 1772 1458 1799 huic
1468 1772 1543 1798 datas
1553 1780 1613 1798 esse
1624 1771 1657 1797 ad
1668 1771 1808 1798 Catilinam
1821 1771 1866 1797 lit-

1068 1815 1151 1836 teras:
1171 1809 1323 1836 facultatem
1335 1809 1401 1836 mihi
1413 1809 1528 1836 oblatam
1541 1809 1646 1844 putavi,
1665 1814 1707 1839 ut,
1725 1808 1798 1844 quod
1809 1813 1865 1835 erat

1045 1858 1046 1881 3
1067 1846 1268 1878 difficillimum,
1277 1847 1404 1882 quodque
1414 1856 1463 1882 ego
1473 1855 1579 1881 semper
1589 1846 1712 1881 optabam
1723 1855 1737 1872 a
1748 1845 1802 1872 diis
1812 1846 1866 1872 im-

1044 1915 1046 1917 ,
1069 1884 1239 1914 mortalibus,
1257 1889 1309 1911 tota
1321 1893 1363 1910 res
1375 1893 1426 1911 non
1439 1884 1526 1911 solum
1538 1893 1552 1910 a
1564 1892 1619 1914 me,
1636 1883 1683 1910 sed
1698 1884 1778 1910 etiam
1793 1891 1807 1910 a
1821 1891 1865 1910 se-

1068 1926 1132 1948 natu
1144 1927 1193 1948 eta
1206 1922 1283 1948 vobis
1294 1921 1436 1948 manifesto
1446 1921 1701 1956 deprehenderetur.
1734 1922 1759 1947 5.
1773 1921 1865 1956 Itaque

1045 1966 1046 1987 ξ
1068 1959 1192 1986 hesterno
1208 1959 1252 1986 die
1264 1960 1292 1986 L.
1306 1959 1431 1986 Flaccum
1447 1964 1473 1985 et
1484 1959 1512 1986 C.
1526 1959 1712 1993 Pomptinum.
1729 1962 1864 1993 praetores

1045 1994 1046 2007 ³
1069 1996 1229 2023 fortissimos
1241 2001 1321 2032 atque
1332 1997 1532 2023 amantissimos
1548 1995 1712 2031 reipublicae
1727 1996 1812 2026 viros,
1829 1995 1864 2022 ad

1044 2029 1047 2071 ξ
1068 2043 1110 2060 me
1122 2034 1229 2061 vocavi:
1252 2043 1308 2060 rem
1323 2042 1430 2060 omnem
1442 2034 1569 2069 exposui:
1591 2033 1657 2068 quid
1670 2032 1726 2059 lieri
1737 2033 1861 2068 placeret,

1067 2071 1182 2098 ostendi.
1213 2071 1256 2098 Illi
1267 2077 1366 2103 autem,
1379 2072 1427 2106 qui
1438 2071 1526 2098 omnia
1537 2071 1571 2097 de
1582 2070 1718 2105 republica
1730 2069 1864 2105 praeclara

1044 2119 1046 2140 3
1067 2114 1148 2144 atque
1158 2109 1264 2145 egregia
1275 2109 1418 2140 sentirent,
1440 2109 1499 2135 sine
1514 2109 1679 2135 recusatione
1694 2116 1724 2134 ac
1738 2107 1797 2134 sine
1808 2107 1864 2134 ulla

1044 2157 1045 2174 1
1067 2155 1140 2173 mora
1151 2147 1290 2182 negotium
1302 2151 1492 2181 susceperunt,
1505 2151 1544 2177 et,
1561 2154 1646 2181 quum
1657 2144 1864 2180 advesperasce-

1044 2211 1045 2215 ,
1067 2189 1115 2215 ret,
1128 2184 1232 2210 occulte
1242 2184 1275 2210 ad
1287 2189 1394 2219 pontem
1401 2183 1534 2210 Mulw‘um
1545 2187 1724 2218 pervenerunt
1734 2187 1814 2217 atque
1823 2182 1864 2208 ibi

1044 2220 1046 2237 '¹
1066 2221 1095 2248 in
1106 2221 1237 2256 proximis
1249 2221 1322 2248 villis
1333 2222 1367 2248 ita
1382 2221 1507 2256 bipartito
1523 2220 1643 2251 suerunt,
1661 2224 1691 2246 ut
1701 2219 1805 2246 Tiberis
1820 2220 1864 2246 in-

1067 2264 1107 2285 ter
1118 2267 1162 2285 eos
1174 2263 1199 2285 et
1210 2267 1278 2293 pons
1289 2259 1441 2285 interesset.
1481 2258 1582 2285 Eodem
1597 2262 1685 2284 autem
1701 2262 1727 2283 et
1740 2257 1793 2292 ipsi
1804 2257 1864 2283 siue

1067 2297 1229 2331 cuiusquam
1244 2297 1398 2331 suspicione
1414 2295 1514 2322 multos
1525 2295 1606 2322 fortes
1617 2295 1688 2321 viros
1699 2293 1861 2326 eduxerunt,

1067 2338 1093 2359 et
1104 2341 1153 2369 ego
1163 2342 1197 2360 ex
1207 2333 1373 2369 praefectura
1384 2334 1493 2360 Reatina
1503 2331 1655 2367 complures
1670 2331 1788 2358 delectos
1799 2331 1863 2358 ado-

1068 2370 1210 2402 lescentes,
1231 2379 1348 2406 quorum
1368 2379 1447 2406 opera
1467 2370 1495 2397 in
1515 2369 1653 2405 republica
1669 2368 1777 2396 assidue
1791 2373 1860 2400 utor,

1067 2408 1202 2443 praesidio
1211 2417 1273 2435 cum
1284 2408 1382 2444 gladiis
1393 2408 1530 2434 miseram.
1565 2408 1588 2433 6.
1600 2407 1708 2432 Interim
1721 2406 1796 2433 tertia
1806 2405 1862 2432 fere

1067 2445 1159 2481 vigilia
1170 2450 1274 2477 exacta,
1287 2454 1373 2480 quum
1384 2446 1437 2471 iam
1448 2449 1555 2480 pontem
1567 2443 1700 2470 Mulvium
1710 2451 1808 2479 magno
1817 2451 1863 2470 oo-

1066 2483 1162 2509 mitatu
1183 2483 1262 2519 legati
1277 2482 1451 2518 Allobrogum
1466 2481 1571 2517 ingredi
1586 2481 1734 2515 inciperent
1755 2488 1863 2515 unaque

1066 2519 1235 2552 Vulturcius,
1253 2519 1282 2546 fit
1298 2520 1327 2546 iu
1341 2528 1387 2546 eos
1401 2520 1533 2554 impetus:
1555 2517 1708 2544 educuntur
1722 2522 1748 2544 et
1761 2517 1862 2544 abillis

1066 2556 1150 2592 gladii
1166 2562 1192 2583 et
1207 2566 1221 2583 a
1236 2557 1345 2583 nostris.
1385 2557 1437 2582 Res
1451 2560 1506 2582 erat
1522 2555 1689 2590 praetoribus
1704 2559 1764 2581 nota
1783 2554 1859 2585 solis,

1066 2594 1238 2630 ignorabatur
1248 2603 1263 2620 a
1273 2594 1378 2621 ceteris.
1408 2594 1452 2620 111.
1469 2593 1547 2624 Tum,
1563 2593 1715 2619 interventu
1726 2592 1861 2626 Pomptini

1065 2636 1146 2666 atque
1161 2631 1262 2662 Flacci,
1284 2639 1388 2667 pugna,
1409 2638 1479 2665 quae
1494 2635 1549 2656 erat
1562 2630 1719 2660 commissa.
1740 2629 1860 2656 sedatur.

1067 2668 1192 2700 Litterae,
1215 2676 1403 2704 quaecumque
1417 2672 1493 2694 erant
1506 2667 1534 2694 in
1545 2675 1576 2694 eo
1585 2667 1727 2698 comitatu,
1747 2666 1860 2702 integris
