1941 3052
227 130 289 155 ¹0¹2
790 126 846 152 ΗΞ.
878 125 913 151 M.

225 197 339 224 vixerit‘?
359 198 416 232 lpse
429 202 515 231 negat,
530 201 627 222 utante
639 195 706 225 dixi.
721 195 920 221 luxuriosorum
935 195 1015 220 vitam
1036 194 1045 200 '¹

224 234 480 270 reproberidendum‚
495 234 546 259 nisi
560 233 637 267 plane
653 232 717 258 latui
729 233 792 262 sint,
807 232 832 258 i‹l
845 238 893 262 cst,
908 233 959 258 nisi
972 237 1017 258 aut
1036 249 1037 254 .

222 274 332 307 (eupiunt
343 276 387 298 out
399 275 526 297 metuunt,
547 272 665 301 Quarum
678 269 817 295 multarum
831 278 919 295 rerum
931 278 1015 304 quum
1036 302 1038 307 Ι

223 309 383 335 medicinam
401 307 554 342 pollicetur.
574 306 696 333 luxuriae
713 306 847 333 licentium
864 306 1014 341 pollicetur.
1036 303 1045 340 r}

223 347 268 372 llis
284 347 355 371 enim
373 345 452 371 rebus
468 344 606 373 detractis,
631 348 709 379 negat
723 352 752 369 sc
764 345 879 378 reperire
893 344 918 370 in
930 349 1017 370 asoto-

222 392 279 410 rum
295 384 356 411 vitu,
370 381 441 416 quod
454 381 640 415 reprehendat.
671 382 713 406 Ἥ.
731 381 787 407 Non
801 382 883 416 igitur
895 382 1014 415 potestis,

222 419 356 454 voluptate
366 419 455 444 omniu
467 418 628 452 dirigentes,
643 423 688 444 aut
700 419 767 444 tueri
779 423 825 444 aut
836 418 949 444 retinere
962 419 1016 444 vir-

221 462 314 483 tutem.
355 456 421 481 Nam
438 464 486 481 nec
503 455 544 481 vir
560 455 646 481 bonus
662 464 691 481 ac
709 456 795 482 iustus
812 455 904 481 baberi
926 455 1014 484 debet.

219 494 281 528 qui,
299 502 330 519 ne
343 492 443 519 malum
456 492 564 523 habeat,
581 492 696 519 abstinet
707 501 735 518 se
747 493 780 518 ab
793 493 900 519 iniuria.

219 530 299 557 credo
312 529 393 556 illud:

295 567 372 593 Nemo
381 569 440 600 pitia
451 572 494 598 est,
506 569 552 600 qui
558 569 677 600 pietatem
687 582 723 586 —
735 582 770 586 —
781 582 815 586 -

219 605 289 631 Cave
305 604 456 639 quidquam
473 609 552 639 putes
567 612 625 630 esse
639 605 741 630 verius.
783 604 836 630 Nec
847 604 933 633 enim.
950 603 1015 629 dum

221 642 324 672 metuit,
341 642 428 668 iustus
439 646 492 668 cst:
506 646 531 667 et
542 645 625 672 certe,
639 642 662 667 si
675 646 793 667 metuere
805 641 949 671 destiterit,
963 649 1014 667 non

218 680 278 705 erit.
319 679 376 705 Non
393 682 493 705 metuet
507 682 609 709 autem,
631 679 688 704 sive
703 678 789 704 celare
807 679 935 713 potuerit,
957 679 1015 704 sive

218 716 317 751 opibus
332 716 450 751 magnis,
469 715 604 750 quidquid
617 715 720 746 fecerit.
734 715 867 747 obtinere3
890 720 1015 750 certeque

220 753 301 779 malet
311 753 461 780 existimari
473 753 559 779 bonus
572 753 625 784 vir,
639 758 731 779 utnon
743 753 791 783 sit,
808 761 890 788 quam
901 761 972 782 esse,
987 757 1016 778 ut

219 799 271 817 non
293 795 410 825 putetur.
452 791 488 816 Ita
513 790 594 824 (quod
616 791 798 817 certissimum
817 790 866 824 est)
887 799 934 825 pro
953 798 1014 816 vera

219 832 344 862 certaque
356 827 457 854 iustitia
469 827 669 853 simulationem
682 827 759 854 nobis
772 827 1012 859 iustitiaetraditis;

218 865 428 900 praecipitisque
449 864 565 899 quodam
586 864 678 896 modo.
701 870 731 891 ut
751 869 867 891 nostram
890 864 1014 891 stabilem

218 903 409 929 conscientiam
420 906 634 933 contemnamus,
642 902 755 928 aliorum
767 907 899 929 errantem
910 902 1016 936 opinio-

219 948 280 966 nem
303 947 479 974 aucupemur.
520 940 561 966 72.
583 940 656 971 Quae
677 939 731 966 dici
752 939 845 966 cadem
866 940 899 966 de
919 940 1015 966 ceteris

218 977 367 1003 virtutibus
377 981 503 1011 possunt:
518 985 633 1011 quarum
649 977 770 1003 omnium
784 977 956 1004 fundamenta
968 986 1015 1003 vos

218 1015 247 1041 in
259 1013 404 1049 voluptate,
417 1018 553 1048 tamquam
567 1015 592 1040 in
605 1022 683 1049 aqua,
697 1015 806 1049 ponitis.
842 1015 912 1047 Quid
925 1014 1016 1041 enim?

218 1052 359 1078 Fortemne
379 1059 526 1086 possumus
546 1050 635 1077 dicere
653 1051 779 1078 eumdem
801 1051 878 1078 illum
895 1053 1015 1087 Torqua-

218 1088 294 1116 tum‘?
314 1088 433 1115 Delector
443 1089 529 1119 enim.
545 1088 721 1124 (quamquam
738 1093 763 1115 te
778 1098 828 1115 non
845 1098 969 1124 possum,
986 1093 1016 1115 ut

218 1126 267 1156 ais,
281 1126 478 1160 corrumperc:)
489 1125 618 1156 delector,
637 1127 762 1161 inquam,
780 1132 805 1152 et
814 1126 916 1153 familia
928 1131 1014 1152 vestra

217 1168 244 1189 et
264 1164 382 1189 nomine.
422 1163 455 1190 Et
475 1162 584 1189 hercule
600 1164 668 1189 milii
684 1164 725 1190 vir
742 1165 861 1197 optimus
877 1164 1014 1198 nostrique

218 1201 435 1230 amantissimus,
455 1200 487 1227 A.
505 1200 668 1234 Torquatus,
690 1206 812 1227 versatur
826 1206 886 1227 ante
906 1200 1012 1228 oculos:

218 1238 297 1264 cuius
308 1242 438 1272 quantum
451 1237 572 1263 studium
585 1237 678 1269 suerit,
696 1242 721 1264 et
735 1247 817 1274 quam
833 1239 940 1274 insigne
952 1246 1014 1273 erga

219 1283 261 1301 me
278 1274 445 1309 temporibus
461 1274 530 1306 illis,
547 1283 616 1309 quae
632 1280 692 1302 nota
708 1280 771 1302 sunt
786 1276 927 1306 omnibus,
945 1276 1014 1301 scire

218 1320 328 1338 necesse
339 1316 379 1338 est
390 1316 536 1346 utrumque
547 1316 677 1339 vestrum.
717 1312 791 1345 Quae
803 1313 870 1339 mihi
882 1313 948 1348 ipsi,
966 1313 1014 1347 qui

219 1349 279 1375 volo
295 1353 320 1375 et
335 1357 394 1375 esse
409 1353 435 1375 et
450 1348 544 1375 haberi
558 1354 665 1385 gratus,
687 1355 761 1386 grata
778 1359 829 1377 non
840 1355 942 1380 essent,
961 1350 1014 1377 nisi

218 1395 281 1413 eum
301 1386 482 1421 perspicerem
503 1395 561 1413 mea
580 1395 674 1413 caussa
697 1387 765 1414 mihi
784 1388 902 1414 amicum
918 1387 1012 1419 fuisse,

218 1432 271 1450 non
287 1432 348 1450 sua:
367 1424 420 1450 nisi
437 1423 486 1449 hoc
500 1423 583 1455 dicis,
601 1433 662 1456 sua,
680 1424 753 1459 quod
769 1425 879 1452 interest
892 1426 1014 1452 omnium

219 1465 287 1487 recte
300 1460 395 1488 facere.
454 1460 484 1487 Si
502 1461 528 1487 id
540 1461 623 1492 dicis,
642 1463 770 1489 vicimuS.
811 1462 839 1489 Id
851 1463 924 1489 enim
938 1462 1016 1489 volu-

219 1507 289 1530 mus,
303 1498 330 1524 id
342 1497 545 1529 contendimus,
558 1503 588 1525 ut
598 1498 680 1525 offleii
692 1499 795 1526 fructus
806 1500 842 1526 sit
853 1501 944 1535 ipsum
955 1499 1016 1527 offi-

217 1536 301 1562 cium.
341 1536 383 1562 73.
405 1536 459 1561 Hoc
475 1535 520 1562 ille
536 1540 599 1562 tuus
615 1545 666 1563 non
684 1536 755 1568 vult,
777 1537 961 1572 omnibusque
981 1545 1015 1564 ex

218 1572 300 1599 rebus
311 1572 490 1607 voluptatem,
509 1574 588 1608 quasi
599 1573 763 1605 mercedem.
781 1575 877 1610 exigit.
917 1574 970 1601 Sed
981 1574 1014 1601 ad

218 1609 296 1636 illum
318 1609 407 1637 redeo.
447 1610 476 1636 Si
496 1610 641 1645 voluptatis
660 1619 755 1638 caussa
769 1620 833 1638 cum
850 1611 927 1638 Gallo
942 1612 1015 1646 apud

218 1647 349 1674 Anienem
360 1647 528 1683 depugnavit
537 1653 706 1682 provocatus,
719 1653 745 1675 et
755 1657 789 1675 ex
799 1650 859 1675 eius
870 1648 965 1684 spoliis
976 1650 1015 1676 si-

217 1684 246 1711 bi
266 1689 292 1711 et
311 1689 433 1720 torquem
454 1689 480 1711 et
494 1693 642 1720 cognomen
659 1685 760 1716 induit¹
783 1685 868 1712 ullam
883 1686 963 1712 aliam
980 1686 1014 1713 ob

217 1730 355 1752 caussam,
373 1722 427 1748 nisi
441 1722 515 1756 quod
530 1723 555 1748 ei
570 1722 632 1749 talia
645 1722 711 1750 facta
722 1723 804 1758 digna
814 1724 872 1749 viro
882 1723 1015 1750 videban-

217 1763 274 1791 tur;
292 1758 387 1785 fortem
402 1767 453 1785 non
465 1764 539 1793 puto.
580 1760 634 1786 Iam
646 1761 669 1786 si
680 1761 780 1795 pudor,
797 1761 821 1786 si
833 1760 977 1791 modestia,
991 1761 1014 1787 si

217 1796 363 1831 pudicitia,
377 1797 414 1827 si,
428 1804 481 1822 uno
492 1796 589 1828 verbo,
610 1798 784 1832 temperantia
799 1806 900 1832 poenae
915 1802 961 1824 aut
972 1798 1015 1824 in-

218 1833 316 1859 famiae
330 1838 403 1860 metu
417 1833 625 1865 coercebuntur,
642 1843 694 1861 non
706 1835 845 1861 sanctitate
856 1843 904 1861 sua
915 1843 944 1861 se
955 1839 1015 1862 tue-

218 1870 333 1897 buntur:
345 1879 400 1905 quo
410 1869 583 1902 adulterium,
591 1879 645 1906 quo
656 1876 791 1906 stuprum,
800 1880 854 1907 quo
866 1871 951 1898 libido
962 1880 1014 1898 non

218 1916 248 1933 se
262 1908 392 1942 proripiet
406 1916 436 1934 ac
452 1908 588 1943 proiiciet,
611 1913 656 1935 aut
671 1908 847 1936 occultatione
867 1910 1012 1944 proposita,

217 1949 264 1971 aut
276 1945 436 1979 impunitate
447 1950 493 1971 aut
504 1945 625 1972 licentia!

273 1982 316 2008 74.
331 1980 421 2013 Quid‘?
432 1981 510 2013 illud,
524 1982 656 2017 Torquate
679 1982 760 2018 quale
770 1982 878 2009 tandem
889 1982 1015 2010 videtur?

217 2023 242 2046 te
254 2018 305 2045 isto
317 2019 434 2049 nomine,
447 2019 565 2054 ingenio,
578 2019 673 2055 gloria,
686 2028 755 2054 quae
767 2019 846 2051 facis,
859 2029 929 2055 quae
940 2021 1015 2056 cogi-

217 2061 266 2086 tas,
280 2064 349 2091 quae
360 2056 508 2087 contendis.
522 2065 575 2091 quo
587 2056 695 2087 reseras,
708 2058 786 2083 cuius
798 2058 836 2083 rei
846 2066 942 2084 caussa
953 2066 1015 2092 per-

217 2093 310 2123 ficere,
323 2101 393 2127 quae
404 2094 508 2120 conaris
517 2114 523 2124 ,
536 2093 604 2120 velis
613 2115 620 2125 ,
635 2093 701 2129 quid
713 2095 844 2129 optimum
856 2095 974 2130 denique
986 2096 1014 2121 in

217 2131 273 2157 vita
289 2130 407 2161 iudices,
430 2139 482 2157 non
498 2130 597 2157 audere
618 2131 646 2158 in
666 2136 800 2158 conventu
815 2131 923 2158 dicere?
942 2132 1014 2164 Quid

217 2169 290 2194 enim
302 2168 399 2194 mereri
411 2167 480 2194 velis
495 2169 562 2198 iam,
586 2177 671 2203 quum
687 2170 872 2204 magistratum
885 2170 978 2195 inieris
989 2174 1016 2196 et

216 2206 246 2231 in
257 2205 413 2231 concionem
429 2205 596 2236 ascenderis,
618 2206 668 2240 (est
683 2207 755 2232 enim
772 2206 822 2232 tibi
841 2206 1011 2238 edicendum,

217 2250 287 2277 quae
307 2242 346 2268 sis
365 2242 558 2269 observaturus
580 2243 607 2269 in
627 2244 685 2269 iure
705 2243 833 2270 dicendo:
857 2249 883 2270 et
904 2243 1014 2271 fortasse

217 2280 312 2310 etiam,
325 2280 349 2305 si
360 2279 410 2305 tibi
421 2280 472 2306 erit
483 2281 573 2306 visum
581 2301 587 2311 ,
605 2280 709 2315 aliquid
720 2280 754 2307 de
765 2281 913 2307 maioribus
924 2282 978 2308 tuis
989 2285 1016 2307 et

217 2316 251 2343 de
262 2321 287 2343 te
299 2317 358 2351 ipso
369 2316 457 2348 dices,
474 2326 547 2344 more
563 2318 721 2352 maiorumz)
740 2318 808 2352 quid
823 2319 950 2344 merearis
962 2319 1016 2354 igi-

218 2358 269 2384 tur,
283 2358 313 2380 ut
323 2358 347 2380 te
359 2353 433 2380 dicas
444 2355 471 2380 in
483 2363 513 2381 eo
524 2355 779 2391 magistratuomnia
785 2355 930 2390 voluptatis
936 2364 1015 2382 caus—

217 2399 246 2416 sa
259 2390 391 2417 facturum
402 2391 479 2417 esse‘?
489 2396 567 2427 teque
579 2392 647 2418 nihil
659 2392 755 2418 fecisse
767 2393 794 2418 in
806 2393 860 2419 vita
872 2393 925 2419 nisi
936 2392 1015 2419 volu-

219 2428 299 2461 ptatis
309 2428 423 2454 caussa‘?
435 2429 477 2456 An
487 2437 539 2460 me,
554 2430 655 2464 inquis,
668 2434 722 2455 tam
735 2434 868 2456 amentem
879 2435 972 2464 putas,
985 2434 1015 2456 ut

218 2464 291 2498 apud
303 2465 441 2499 imperitos
452 2467 503 2493 isto
514 2465 711 2501 modoloquar‘?
722 2466 754 2492 At
764 2471 792 2492 tu
803 2467 897 2493 eadem
909 2467 959 2493 ista
970 2466 1015 2492 dic

219 2501 247 2526 in
260 2500 369 2532 iudicio,
377 2508 431 2534 aut,
439 2504 462 2529 si
474 2512 597 2530 eoronam
608 2504 696 2534 times,
704 2503 748 2529 dic
759 2503 787 2529 in
798 2509 903 2530 senatu.
928 2505 1015 2530 Num-

219 2545 302 2571 quam
314 2538 405 2565 facies.
445 2540 507 2571 Cur,
524 2541 578 2567 nisi
588 2540 661 2575 quod
672 2541 759 2575 turpis
769 2545 810 2567 est
823 2540 924 2567 oratio?
937 2541 1013 2567 Mene

220 2582 283 2609 ergo
294 2575 462 2602 etTriarium
473 2577 569 2613 dignos
585 2578 738 2608 existimas,
756 2578 828 2612 apud
843 2586 911 2613 quos
926 2578 1014 2612 turpi-

220 2615 260 2637 ter
272 2610 397 2645 loquare‘?
422 2613 519 2640 XXIII.
534 2615 575 2640 75.
592 2615 688 2642 Verum
699 2618 766 2641 esto.
793 2615 911 2641 Verbum
922 2615 1013 2649 ipsum

220 2646 366 2682 voluptatis
378 2657 429 2676 non
442 2650 521 2678 habet
530 2651 703 2687 dignitatem;
721 2659 770 2678 nec
785 2660 833 2679 nos
848 2651 959 2679 fortasse
970 2652 1014 2679 in-

942 493 1016 519 Nosti

944 125 974 150 T.
1005 124 1279 150 tjttjssltoxts

1069 194 1229 226 telligimus:
1253 194 1385 220 hoec-nim
1402 194 1556 222 idemtidem
1572 194 1676 223 dicitis,
1694 203 1745 220 non
1762 195 1861 220 tnta-lli-

1067 241 1129 264 gere
1142 241 1198 261 nos,
1215 240 1295 266 quam
1308 231 1403 257 dicatis
1416 231 1588 266 voluptatem.
1623 232 1686 257 lli-m
1700 231 1775 257 vides
1787 231 1861 257 dilli-

1067 268 1146 294 vilem
1158 273 1183 294 et
1193 269 1345 294 obscuram.
1378 268 1519 294 lntlividua
1532 277 1616 303 quum
1629 269 1728 297 dic-itin,
1742 273 1766 294 et
1780 269 1861 295 inu-r-

1069 306 1178 331 mumlia
1187 326 1192 335 ,
1209 314 1278 340 quae
1290 314 1338 331 uec
1349 311 1412 331 nunt
1424 305 1476 331 ulla
1489 314 1536 331 nec
1548 311 1660 340 posmmt
1670 315 1741 333 enne.
1761 305 1860 331 intelli-

1067 344 1171 376 gimus:
1188 343 1318 377 voluptas,
1332 351 1400 377 quae
1412 342 1568 377 passeribus
1580 348 1638 368 nota
1650 348 1689 368 est
1700 343 1836 371 omnitaus,
1846 352 1860 368 a

1069 380 1146 406 uobis
1159 380 1272 413 intelligi
1285 389 1335 405 non
1349 379 1451 413 [mu-st?
1465 379 1550 411 Quid,
1563 380 1586 405 si
1598 379 1685 406 ertit-io
1694 401 1699 409 ,
1713 385 1740 405 ut
1753 379 1858 409 fateare.

1068 426 1109 443 me
1122 426 1172 443 non
1185 417 1276 446 modu,
1293 417 1359 451 quid
1371 417 1406 443 sit
1418 416 1539 451 voluptas
1548 437 1553 445 ,
1571 417 1638 443 scire
1647 438 1652 446 ,
1669 418 1719 446 (est
1734 418 1805 443 enim
1819 418 1860 442 iu-

1066 454 1172 480 cundus
1185 459 1272 480 motus
1286 455 1310 480 in
1323 454 1426 488 sensu.)
1438 453 1484 479 sed
1496 455 1590 484 etiam.
1605 454 1672 488 quid
1683 462 1740 479 eam
1753 459 1779 480 tu
1794 453 1860 479 velis

1067 491 1144 517 esse?
1163 491 1231 517 Tum
1247 492 1319 517 enim
1335 500 1393 517 cam
1407 491 1491 525 ipsam
1505 491 1559 521 vis,
1575 499 1656 525 quam
1670 490 1748 517 modo
1758 500 1807 525 ego
1818 491 1860 517 di-

1069 530 1108 560 xi;
1122 533 1147 555 et
1159 537 1254 555 nomen
1267 529 1428 563 irnponiS,in
1441 533 1513 554 motu
1526 533 1554 554 ut
1564 528 1642 557 sinet
1653 527 1731 554 saciat
1741 528 1859 563 aliquam

1068 567 1236 592 varietatem:
1257 571 1313 592 tum
1330 565 1409 591 aliam
1426 564 1571 600 quamdam
1587 573 1720 591 summam
1738 565 1861 600 volupta-

1069 609 1130 634 tem,
1143 604 1187 629 cui
1199 602 1261 629 addi
1274 602 1341 629 nibil
1355 603 1452 637 possit:
1465 611 1522 629 cam
1536 607 1591 628 tum
1603 602 1800 637 adesse.quum
1812 602 1860 628 do-

1068 640 1106 666 lor
1119 641 1207 667 omnis
1223 640 1307 670 absit,
1329 648 1442 674 eamque
1453 639 1577 666 stabilem
1589 639 1718 674 appellas.
1758 640 1800 665 70.
1822 639 1862 666 Sit

1067 686 1130 704 sane
1142 678 1191 704 ista
1203 677 1336 712 voluptas.
1375 678 1421 703 Dic
1433 678 1459 703 in
1471 678 1568 712 quovis
1579 681 1722 706 conventu,
1737 681 1760 702 te
1771 676 1860 702 omnia

1068 715 1162 745 lacere,
1177 724 1209 741 ne
1223 715 1324 741 doleas.
1363 714 1390 740 Si
1403 723 1435 741 ne
1448 714 1497 741 hoc
1507 714 1618 749 quidem
1631 715 1695 740 satis
1707 713 1804 748 ample,
1817 722 1862 739 sa-

1067 753 1100 778 tis
1114 753 1222 779 honeste
1237 751 1291 778 dici
1308 756 1399 786 putas3
1417 751 1475 782 dic,
1492 757 1516 778 te
1531 752 1620 777 omnia
1637 751 1699 777 etin
1713 752 1763 777 isto
1774 751 1861 786 magi-

1067 795 1149 816 stratu
1161 794 1186 816 et
1198 791 1223 816 in
1235 790 1308 816 omui
1322 790 1374 815 vita
1391 788 1513 815 utilitatis
1530 794 1590 815 tuae
1605 797 1699 815 caussa
1717 787 1859 818 tat-turum,

1068 826 1135 853 nibil
1148 827 1200 853 nisi
1212 826 1284 862 quod
1296 826 1435 861 expediat,
1453 825 1520 852 nihil
1533 825 1650 860 denique
1662 826 1715 851 nisi
1727 830 1771 851 tua
1782 833 1861 851 caus-

1066 873 1109 890 sa:
1124 872 1205 899 quem
1217 863 1360 890 clamorem
1371 864 1517 893 concionis,
1526 868 1571 890 aut
1581 872 1663 898 quam
1675 871 1751 897 spem
1762 871 1861 888 consu-

1043 906 1045 925 l
1068 901 1137 928 latus
1148 902 1220 931 eius,
1243 902 1290 936 qui
1304 901 1352 927 tibi
1368 901 1555 935 paratissimus
1566 905 1619 931 est,
1638 899 1753 926 futuram
1766 899 1862 934 putes?

1067 939 1167 965 Eamne
1187 939 1316 965 rationem
1338 939 1420 973 igitur
1440 946 1566 972 sequare,
1589 946 1642 972 qua
1658 942 1745 963 tecum
1762 938 1820 971 ipse
1835 941 1862 962 et

1066 985 1128 1002 cum
1140 976 1194 1002 tuis
1205 980 1292 1006 utare,
1306 976 1423 1010 profiteri
1435 980 1524 1001 autem
1536 980 1561 1001 et
1573 975 1599 1001 in
1611 974 1731 1000 medium
1744 974 1862 1009 prolerre

1067 1022 1118 1040 non
1129 1012 1246 1039 audeas?
1257 1013 1289 1039 At
1300 1021 1362 1039 vero
1374 1012 1428 1043 illa,
1442 1021 1511 1047 quae
1523 1012 1701 1047 Peripatetici,
1714 1020 1783 1046 quae
1790 1011 1861 1037 Stoi-

1065 1051 1090 1076 ci
1101 1050 1208 1081 dicunt,
1224 1058 1330 1085 semper
1341 1050 1390 1076 tibi
1402 1051 1428 1076 in
1440 1058 1484 1076 ore
1496 1054 1571 1076 sunt:
1591 1050 1617 1076 in
1634 1048 1757 1078 iudiciis,
1776 1049 1802 1075 in
1819 1056 1861 1074 se-

1067 1093 1144 1114 natu:
1157 1089 1277 1121 officium,
1287 1090 1450 1121 aequitatem,
1461 1089 1620 1120 diynitatem.
1633 1088 1714 1119 fidem,
1726 1091 1805 1116 recta,
1817 1087 1861 1111 Λο-

1066 1130 1136 1151 ncsln
1145 1145 1150 1155 ,
1166 1127 1245 1158 (liqna
1256 1127 1374 1158 imperio,
1390 1126 1468 1158 di‘qna
1477 1125 1571 1157 populo
1582 1124 1706 1153 Romano,
1722 1126 1806 1149 omni'a
1817 1132 1862 1156 pe-

1065 1163 1151 1188 ricula
1160 1170 1209 1194 pro
1219 1163 1360 1195 republica,
1372 1164 1438 1187 mor-i
1446 1170 1494 1194 pro
1503 1163 1602 1194 palrt'ss.
1641 1161 1684 1186 77.
1697 1161 1765 1186 Haec
1775 1168 1861 1194 quum

1068 1199 1199 1234 loqueris,
1218 1207 1265 1225 nos
1281 1199 1394 1225 barones
1409 1203 1564 1233 stupemus:
1588 1203 1615 1224 tu
1631 1197 1757 1223 videlicet
1773 1202 1861 1223 tecum

1066 1237 1124 1271 ipse
1135 1236 1218 1262 rides.
1259 1237 1326 1262 Nam
1342 1237 1410 1262 inter
1421 1236 1470 1262 ista
1482 1240 1535 1262 tam
1547 1234 1689 1271 magnilica
1701 1234 1782 1260 verba
1794 1239 1863 1260 tam-

1066 1282 1118 1309 que
1135 1273 1269 1308 praeclara
1285 1282 1336 1300 non
1353 1273 1434 1299 habet
1449 1272 1535 1299 ullum
1553 1272 1677 1307 voluptas
1690 1271 1792 1302 locum,
1810 1279 1861 1298 non

1066 1311 1145 1338 modo
1157 1310 1211 1342 illa,
1224 1319 1306 1346 quam
1318 1312 1344 1337 in
1357 1315 1429 1337 motu
1441 1318 1500 1336 esse
1512 1310 1611 1340 dicitis,
1620 1318 1701 1344 quam
1712 1317 1805 1335 omnes
1817 1317 1863 1335 ur-

1066 1349 1143 1379 bani,
1157 1349 1264 1379 rustici,
1277 1357 1384 1379 omnes,
1398 1349 1523 1382 inquam,
1540 1347 1589 1382 qui
1601 1347 1692 1373 Latine
1704 1345 1859 1381 loquuntur,

1066 1386 1230 1421 voluptatem
1238 1390 1346 1412 vocant:
1359 1385 1407 1411 sed
1415 1393 1447 1411 ne
1459 1385 1524 1411 haec
1535 1384 1646 1419 quidem
1657 1383 1771 1414 stabilis,
1779 1391 1861 1419 quam

1066 1429 1170 1460 praeter
1184 1432 1231 1450 vos
1243 1431 1321 1449 nemo
1332 1422 1449 1458 appellat
1460 1422 1635 1456 voluptatem.
1675 1420 1772 1447 XXIV.
1794 1419 1862 1447 vide

1066 1462 1158 1498 igitur,
1168 1469 1200 1487 nc
1212 1469 1263 1487 non
1275 1460 1375 1486 debeas
1386 1459 1477 1486 verbis
1488 1459 1586 1485 nostris
1592 1459 1641 1489 uti,
1649 1459 1790 1484 sententiis
1796 1459 1860 1484 tuis.

1065 1498 1142 1532 Quod
1154 1499 1178 1524 si
1189 1497 1295 1524 vultum
1307 1497 1365 1528 tibi,
1374 1498 1397 1523 si
1409 1498 1546 1523 incessum
1559 1496 1744 1531 fingeres‚quo
1754 1495 1863 1531 «ἐι-πίοι·

1066 1536 1202 1565 viderere,
1216 1544 1268 1562 non
1279 1543 1353 1561 esses
1364 1535 1402 1561 tui
1414 1533 1528 1561 similis:
1547 1533 1628 1559 verba
1640 1538 1668 1559 tu
1680 1532 1778 1568 fingas,
1795 1537 1821 1558 et
1831 1540 1861 1558 ea

1066 1573 1154 1604 dicas.
1172 1580 1241 1608 quae
1257 1581 1308 1599 non
1324 1572 1438 1602 sentias,
1455 1572 1605 1601 autetiam,
1624 1575 1652 1596 ut
1663 1571 1804 1600 vestitum,
1822 1569 1862 1595 sic

1065 1611 1226 1637 sententiam
1238 1609 1338 1636 habeas
1348 1608 1428 1635 aliam
1438 1608 1622 1637 domesticam,
1631 1607 1710 1633 aliam
1717 1606 1859 1636 sorensem.

1065 1653 1095 1675 ut
1106 1649 1133 1674 in
1146 1647 1230 1674 fronte
1239 1647 1380 1673 ostentatio
1391 1646 1434 1676 sit,
1447 1646 1521 1672 intus
1531 1645 1629 1671 veritas
1639 1643 1804 1670 occultetur?
1815 1643 1863 1670 vi-

1065 1685 1108 1716 de,
1121 1693 1231 1720 quaeso,
1248 1689 1384 1710 rectumne
1398 1683 1443 1709 sit.
1473 1682 1540 1708 Mihi
1551 1681 1662 1716 quidem
1673 1689 1719 1707 eae
1731 1689 1808 1707 verae
1820 1680 1862 1706 vi-

1065 1722 1163 1748 dentur
1181 1721 1337 1756 opiniones,
1360 1728 1430 1755 quae
1445 1719 1586 1747 honestae,
1609 1726 1684 1753 quaev
1699 1717 1859 1748 laudabiles,

1065 1768 1134 1794 quae
1145 1758 1277 1794 gloriosae
1285 1778 1291 1788 ,
1308 1765 1377 1792 quae
1389 1758 1416 1783 in
1427 1761 1536 1786 senatu,
1554 1763 1624 1791 quae
1635 1754 1706 1790 apud
1718 1754 1859 1790 populum,

1065 1805 1134 1831 quae
1150 1797 1178 1822 in
1191 1795 1265 1822 omni
1275 1800 1351 1821 coetu
1369 1793 1537 1828 concilioque
1552 1791 1728 1828 proferendae
1743 1793 1810 1819 sint:
1828 1800 1861 1818 ne

1066 1833 1093 1860 id
1104 1842 1156 1860 non
1168 1832 1268 1868 pudeat
1278 1832 1386 1861 sentire,
1399 1830 1472 1866 quod
1483 1830 1583 1865 pudeat
1592 1829 1691 1856 dicere.

1120 1871 1163 1897 78.
1185 1870 1326 1896 Amicitiae
1337 1877 1400 1895 vero
1413 1869 1486 1894 locus
1496 1867 1545 1894 ubi
1556 1875 1615 1894 esse
1625 1871 1724 1902 potest,
1742 1871 1788 1892 aut
1798 1866 1861 1901 quis

1065 1908 1169 1934 amicus
1181 1915 1239 1934 esse
1251 1907 1392 1941 cuiquam,
1410 1914 1492 1940 quem
1507 1913 1560 1931 non
1572 1904 1664 1939 ipsum
1674 1908 1744 1930 amet
1754 1908 1862 1938 propter

1066 1944 1174 1980 ipsum?
1193 1943 1264 1977 Quid
1279 1949 1368 1970 autem
1379 1947 1419 1969 est
1430 1950 1532 1972 amare,
1550 1950 1564 1967 e
1575 1950 1629 1976 quo
1641 1949 1737 1967 nornen
1749 1940 1861 1967 ductum

1065 1983 1198 2009 amicitiae
1210 1986 1258 2012 est,
1268 1982 1320 2008 uisi
1330 1979 1400 2007 velle
1411 1980 1490 2006 bonis
1501 1979 1619 2014 aliquem
1630 1978 1701 2004 affici
1711 1986 1793 2012 quam
1804 1985 1862 2004 ma-

1065 2020 1160 2050 ximis,
1183 2020 1264 2046 etiam
1280 2019 1303 2045 si
1319 2017 1352 2045 ad
1367 2026 1396 2044 se
1409 2017 1479 2043 nihil
1490 2025 1525 2043 ex
1535 2017 1569 2043 iis
1580 2015 1687 2042 redeat?
1706 2015 1739 2042 Et
1749 2014 1861 2050 quidem

1065 2057 1187 2092 prodest,
1207 2057 1314 2091 inquis,
1333 2054 1402 2081 mihi
1417 2063 1448 2081 eo
1461 2062 1520 2081 esse
1535 2054 1635 2080 animo.
1675 2053 1759 2079 Immo
1773 2051 1860 2078 videri

1066 2094 1191 2121 fortasse:
1203 2102 1264 2120 esse
1274 2093 1361 2123 enim,
1375 2092 1429 2119 nisi
1439 2092 1506 2122 eris,
1520 2099 1571 2117 non
1582 2095 1668 2125 potes.
1708 2088 1760 2122 Qui
1771 2094 1860 2115 autem

1065 2140 1124 2158 esse
1135 2132 1244 2166 poteria
1258 2131 1311 2157 nisi
1321 2135 1346 2156 te
1357 2138 1431 2156 amor
1441 2130 1499 2163 ipse
1510 2127 1628 2163 ceperit?
1647 2126 1719 2162 quod
1731 2135 1783 2153 non
1794 2125 1861 2152 sub-

1066 2169 1146 2195 ducta
1157 2168 1281 2195 utilitatis
1293 2168 1393 2194 ratione
1404 2166 1475 2193 effici
1485 2165 1565 2196 solet,
1581 2164 1629 2191 sed
1641 2165 1731 2199 ipsum
1743 2172 1757 2190 a
1768 2172 1796 2189 se
1806 2163 1861 2189 ori-

1066 2211 1109 2232 tur
1119 2211 1145 2232 et
1155 2214 1204 2232 sua
1215 2210 1309 2240 sponte
1321 2204 1450 2231 nascitur.
1470 2203 1504 2229 At
1514 2203 1587 2229 enim
1597 2210 1696 2237 sequor
1706 2199 1858 2227 utilitatem.

1066 2243 1185 2270 Manebit
1207 2251 1270 2278 ergo
1286 2242 1404 2268 amicitia
1420 2246 1473 2267 tam
1488 2240 1550 2270 diu,
1570 2248 1653 2274 quam
1669 2237 1718 2264 diu
1732 2242 1861 2272 sequetur

1043 2283 1044 2286 ’
1065 2280 1183 2307 utilitas:
1201 2285 1239 2311 et,
1256 2280 1280 2305 si
1292 2279 1395 2305 utilitas
1406 2278 1553 2304 amicitiam
1563 2277 1719 2305 constituet,
1731 2274 1804 2300 tollet
1815 2282 1860 2300 ea-

1065 2317 1138 2344 dem.
1178 2318 1221 2343 79.
1242 2316 1294 2343 Sed
1305 2315 1373 2351 quid
1384 2324 1447 2351 ages
1458 2314 1579 2344 tandem,
1596 2314 1621 2339 si
1633 2311 1736 2339 utilitas
1746 2311 1780 2337 ab
1791 2311 1860 2337 ami-

1065 2355 1127 2381 citia
1138 2354 1178 2389 (ut
1193 2354 1221 2381 fit
1234 2354 1324 2388 saepe)
1338 2351 1484 2379 defecerit?
1502 2348 1700 2385 Relinquesne?
1719 2348 1792 2380 Quae
1810 2348 1860 2374 ista

1065 2392 1183 2418 amicitia
1197 2391 1254 2418 est‘?
1268 2389 1426 2417 Retinebis?
1439 2388 1493 2421 Qui
1502 2386 1644 2415 convenit‘?
1656 2385 1727 2418 Quid
1743 2386 1815 2411 enim
1826 2385 1860 2411 de

1065 2429 1183 2455 amicitia
1193 2428 1319 2455 statueris
1327 2448 1333 2458 ,
1351 2427 1475 2453 utilitatis
1484 2432 1579 2452 caussa
1589 2422 1737 2458 expetenda
1745 2443 1751 2453 ,
1769 2421 1858 2448 vides.

1065 2467 1117 2492 »Ne
1126 2467 1154 2492 in
1165 2465 1259 2492 odium
1270 2465 1387 2495 veniam,
1395 2465 1419 2490 si
1429 2463 1548 2490 amicum
1557 2461 1683 2487 destitero
1692 2459 1787 2486 tueri«
1801 2459 1860 2486 Pri-

1064 2512 1140 2530 mum
1151 2511 1200 2529 cur
1210 2503 1260 2529 ista
1272 2511 1314 2528 res
1324 2501 1406 2537 digna
1417 2500 1479 2527 odio
1491 2503 1540 2529 est,
1557 2498 1610 2524 nisi
1620 2496 1692 2532 quod
1703 2501 1743 2523 est
1755 2495 1860 2531 turpis?

1064 2540 1140 2572 Quod
1152 2541 1189 2571 si,
1207 2548 1240 2566 ne
1254 2548 1308 2574 quo
1324 2537 1492 2565 incommodo
1505 2535 1634 2564 afficiare,
1652 2543 1704 2560 non
1719 2533 1858 2568 relinques

1064 2579 1195 2604 amicum:
1216 2581 1318 2606 tamen,
1336 2583 1370 2601 ne
1382 2575 1441 2601 sine
1451 2573 1539 2600 fructu
1550 2571 1676 2607 alligatus
1686 2571 1725 2596 sis
1733 2591 1739 2601 ,
1759 2575 1790 2596 ut
1799 2579 1858 2596 mo-

1064 2615 1160 2645 riatur,
1182 2613 1299 2648 optabis.
1338 2610 1428 2644 Quid‘?
1446 2611 1471 2637 si
1485 2618 1539 2636 non
1553 2608 1633 2635 modo
1648 2607 1791 2635 utilitatem
1806 2607 1857 2634 tibi

1064 2651 1166 2678 nullam
1172 2651 1271 2682 afferet,
1279 2649 1328 2677 sed
1338 2649 1454 2676 iacturae
1464 2648 1503 2674 rei
1513 2645 1654 2674 familiaris
1664 2649 1743 2672 erunt
1753 2644 1858 2671 t'aciun-
