1941 3052
374 158 464 185 PRO
496 158 526 184 L.
562 158 816 185 CORNELIO
847 158 1015 186 BALBO.

43 229 193 256 facultatem
204 228 408 255 commendandi
419 229 445 255 in
459 229 508 255 hac
518 230 624 255 civitate
638 229 757 255 versari?
769 229 835 262 Quis

42 268 114 294 enim
125 271 245 293 nostrum
257 270 305 297 est,
318 267 362 292 cui
373 275 424 292 non
436 266 480 292 illa
492 267 585 293 civitas
595 267 631 292 sit
642 267 724 293 huius
735 267 833 298 studio,

42 313 114 335 cura,
126 303 273 339 diligentia,
286 303 512 330 commendatior?
525 304 597 330 th.
606 304 714 335 Omitto,
728 305 835 339 quantis

42 342 204 368 ornamentis
221 340 348 375 populum
365 341 446 367 istum
463 341 492 367 C.
510 341 614 372 Caesar,
626 350 712 376 quum
724 346 794 368 esset
808 343 836 368 in

41 379 168 413 Hispania
184 383 300 413 praetor,
317 378 439 409 affecerit,
452 380 645 405 controversias
656 379 764 409 sedarit,
777 380 835 405 iura

41 417 161 451 ipsorum
173 416 306 450 permissu
318 416 454 448 statuerit,
477 417 649 442 inveteratam
660 415 673 429 *
691 416 835 451 quamdam

41 453 191 480 barbariam
202 461 236 479 ex
247 452 438 479 Gaditanorum
450 454 570 480 moribus
582 453 778 488 disciplinaque
789 454 836 480 de-

42 490 114 522 lerit,
137 499 242 517 summa
258 491 285 516 in
296 499 354 516 eam
369 491 503 517 civitatem
515 491 596 517 huius
608 496 700 526 rogatu
711 491 799 517 studia
811 495 836 517 et

41 527 169 555 beneficia
188 527 339 554 contulerit.
370 528 453 554 Multa
469 533 616 563 praetereo,
632 537 701 562 quae
715 528 835 562 quotidie

41 564 130 592 labore
145 565 228 591 huius
243 569 269 591 et
284 565 373 592 studio
387 570 432 591 aut
446 566 567 596 omnino,
585 570 631 591 aut
645 570 714 591 certe
730 565 835 591 facilius

40 607 248 637 consequantur.
289 603 380 638 ltaque
394 607 419 629 et
429 603 528 629 adsunt
539 604 674 637 principes
684 603 800 629 civitatis
811 607 836 629 et

40 640 201 667 defendunt:
224 648 325 671 amore,
348 644 377 666 ut
396 649 477 666 suum
499 641 599 666 civem:
623 640 788 671 testimonio,
807 645 836 666 ut

41 682 176 704 nostrum.-
197 677 292 708 officio,
306 681 336 704 ut
346 686 379 704 ex
391 677 559 704 nobilissimo
569 678 621 703 civi
633 678 834 703 sanctissimum

40 714 189 749 hospitem:
215 714 318 745 studio,
348 719 377 741 ut
403 714 642 750 diligentissimum
667 714 834 741 defensorem

41 752 242 778 commodorum
253 760 374 778 suorum.
397 753 439 778 44.
455 752 492 778 Ac
508 760 540 778 ne
556 752 609 786 ipsi
625 752 749 778 Gaditani
764 752 835 778 arbi-

40 794 156 820 trentur,
179 798 342 824 quamquam
359 788 433 815 nullo
448 789 616 815 incommodo
631 789 793 820 afficiantur,
811 790 834 815 si

42 826 126 858 liceat,
134 835 225 853 eorum
237 827 309 853 cives
321 827 427 852 virtutis
433 827 560 853 caussain
572 830 688 852 nostram
699 827 834 852 civitatem

40 864 144 895 venire,
169 868 256 890 tamen
277 864 327 890 hoc
346 863 406 898 ipso
425 863 538 890 inferius
556 872 615 890 esse
630 873 711 890 suum
728 863 831 895 foedus,

40 910 122 936 quam
137 905 298 927 ceterorum:
320 900 476 927 consolabor
490 906 516 927 et
531 901 578 928 hos
595 906 747 936 praesentes
763 903 834 928 viros

39 939 153 973 optimos
168 942 193 964 et
209 938 282 964 illam
299 937 482 964 fidelissimam
494 943 573 973 atque
585 939 775 964 amicissimam
787 948 834 966 no-

39 975 82 1002 bis
92 976 240 1008 civitatem3
262 975 343 1002 simul
360 980 385 1002 et
400 984 461 1007 vos,
479 985 530 1002 non
542 977 706 1011 ignorantes,
720 977 832 1007 iudices,

40 1012 201 1043 admonebo,
218 1021 272 1048 quo
287 1013 320 1039 de
331 1014 388 1039 iure
399 1013 449 1040 hoc
459 1013 590 1040 iudicium
602 1014 777 1040 constitutum
788 1015 832 1045 sit,

39 1050 73 1077 de
83 1059 114 1077 eo
128 1059 275 1085 numquam
286 1051 395 1077 omnino
406 1059 464 1077 esse
474 1051 637 1077 dubitatum.

95 1088 137 1114 45.
158 1087 230 1120 Quos
246 1088 328 1123 igitur
339 1088 563 1123 prudentissimos
575 1089 734 1123 interpretes
745 1088 836 1115 foede-

39 1133 112 1157 rum,
129 1134 197 1160 quos
217 1126 394 1160 peritissimos
413 1126 502 1152 bellici
514 1126 590 1157 iuris,
603 1135 672 1161 quos
682 1126 836 1162 diligentis-

39 1163 122 1189 simos
144 1163 171 1189 in
191 1163 365 1198 exquirendis
384 1163 584 1190 conditionibus
600 1164 738 1190 civitatum
756 1168 835 1199 atque

39 1200 142 1227 caussis
158 1208 216 1227 esse
228 1200 405 1227 arbitramur?
424 1201 476 1227 Eos
488 1201 612 1235 profecto,
625 1202 672 1236 qui
685 1202 737 1228 iam
749 1202 836 1236 impe-

39 1238 78 1264 ria
93 1246 123 1264 ac
138 1237 206 1264 bella
221 1242 371 1274 gesserunt.
402 1238 465 1265 XX.
485 1239 604 1269 Etenim,
621 1239 644 1265 si
659 1238 690 1271 Q.
709 1239 835 1265 Scaevola

39 1274 86 1301 ille
106 1283 205 1310 augur,
223 1284 309 1310 quum
324 1275 357 1302 de
373 1276 431 1302 iure
450 1276 625 1311 praediatorio
640 1276 832 1307 consuleretur,

39 1311 119 1339 homo
138 1313 204 1339 iuris
224 1313 417 1347 peritissimus,
438 1313 602 1340 consultores
622 1323 686 1340 suos
701 1323 836 1340 nonnum-

39 1357 121 1384 quam
131 1350 163 1376 ad
172 1350 281 1376 Furium
293 1350 483 1377 etCascellium
496 1351 673 1386 praediatores
685 1352 834 1384 reiiciebat;

39 1387 63 1414 si
79 1396 126 1413 nos
138 1387 171 1413 de
185 1396 253 1422 aqua
265 1392 352 1414 nostra
364 1388 514 1414 Tusculana
525 1389 560 1414 Μ.
574 1389 722 1423 Tugionem
735 1389 833 1423 potius,

40 1432 122 1459 quam
147 1424 176 1451 C.
198 1425 349 1459 Aquillium
369 1425 590 1457 consulebamuS,
614 1426 686 1460 quod
707 1426 836 1452 assiduus

39 1469 106 1488 usus
118 1463 164 1488 uni
179 1462 329 1489 reidcditus
341 1467 366 1489 et
376 1463 513 1499 ingenium
525 1468 551 1489 et
560 1468 641 1489 artem
649 1472 728 1498 saepe
739 1464 833 1490 vincit:

39 1500 102 1534 quis
113 1499 226 1529 dubitet,
235 1500 268 1526 de
280 1500 432 1527 foederibus
448 1500 511 1527 etde
523 1505 576 1527 toto
587 1501 644 1527 iure
652 1502 724 1536 pacis
735 1506 761 1527 et
771 1501 833 1527 belli

39 1536 165 1563 omnibus
185 1538 252 1563 iuris
268 1538 438 1572 peritissimis
454 1538 626 1573 imperatores
643 1543 747 1565 nostros
762 1543 836 1565 ante-

39 1573 125 1600 ferre?
145 1575 186 1601 156.
202 1575 385 1601 Possumusne
406 1575 488 1611 igitur
510 1576 557 1602 tibi
574 1576 684 1610 probare
699 1580 834 1602 auctorem

38 1611 155 1646 exempli
169 1616 249 1647 atque
264 1612 325 1639 facti
337 1612 420 1644 illius,
433 1613 505 1647 quod
517 1617 566 1639 ate
578 1613 790 1648 reprelienditur,
804 1613 832 1640 C.

38 1647 172 1675 Marium?
184 1650 291 1684 quaeris
302 1649 419 1685 aliquem
430 1650 598 1686 graviorem?
611 1650 836 1677 constantiorem?

39 1687 256 1721 praestantiorem
273 1687 385 1718 virtute,
399 1687 550 1722 prudentia,
563 1688 700 1723 religione,
713 1689 835 1723 aequita-

39 1722 82 1750 te‘?
101 1724 125 1750 Is
141 1724 223 1760 igitur
235 1724 269 1751 M.
282 1724 400 1751 Annium
412 1725 528 1760 Appium
538 1746 544 1757 ,
557 1725 733 1752 fortissimum
745 1726 834 1752 virum

39 1769 144 1787 summa
157 1761 253 1788 virtute
266 1762 424 1796 praeditum,
438 1763 545 1789 civitate
556 1763 674 1794 donavit,
687 1772 772 1798 quum
785 1763 835 1790 Ca-

39 1799 182 1825 mertinum
199 1799 305 1831 foedus,
322 1800 523 1826 sanctissimum
544 1805 623 1835 atque
638 1801 834 1836 aequissimum

39 1835 118 1862 sciret
127 1844 195 1862 esse.
235 1836 324 1863 Potest
340 1837 434 1873 igitur,
448 1838 563 1869 iudices,
578 1839 606 1864 L.
620 1838 759 1865 Cornelius
771 1847 835 1865 con-

38 1871 168 1905 demnari,
182 1877 212 1900 ut
222 1874 310 1901 nonC.
318 1875 392 1901 Marii
401 1875 499 1901 factum
509 1875 720 1902 condemnetur?
730 1877 771 1902 47.
779 1876 835 1902 Ex-

38 1910 115 1937 sistat
129 1919 192 1946 ergo
208 1911 252 1937 ille
268 1912 308 1938 vir
323 1920 466 1947 parumper
480 1913 638 1948 cogitatione
654 1918 753 1944 vestra,
767 1922 836 1948 quo—

39 1947 111 1973 niam
130 1956 158 1974 re
178 1956 230 1974 non
251 1953 349 1983 potest,
373 1954 402 1976 ut
417 1951 588 1984 conspiciatis
606 1959 668 1977 eum
685 1951 832 1981 mentibus,

37 1992 119 2019 quem
130 1985 215 2011 oculis
228 1994 278 2012 non
290 1987 413 2020 potestis:
429 1986 499 2013 dicat
510 1996 538 2014 se
550 1996 601 2014 non
613 1988 768 2022 imperitum
780 1987 835 2015 foe-

37 2021 119 2053 deris,
128 2030 179 2048 non
191 2022 284 2048 rudem
299 2023 492 2058 exemplorum,
501 2033 552 2051 non
565 2025 687 2060 ignarum
695 2025 758 2052 belli
767 2025 835 2052 fuis-

22 2067 23 2070 *
38 2067 81 2085 se:
103 2067 132 2086 se
147 2059 177 2085 P.
194 2059 310 2086 Africani
326 2060 492 2095 discipulum
503 2069 532 2087 ac
544 2062 670 2088 militem:
692 2071 721 2089 se
732 2063 835 2097 stipen-

37 2095 105 2127 diis,
127 2104 156 2123 se
177 2095 354 2132 legationibus
374 2097 478 2124 bellicis
493 2098 643 2126 eruditum:
665 2107 706 2130 se,
723 2100 746 2126 si
763 2105 833 2126 tanta

37 2132 108 2160 bella
119 2133 227 2169 egisset,
240 2139 338 2169 quanta
349 2135 589 2170 gessitetconfecit,
598 2136 620 2162 si
634 2137 833 2163 totconsulibus

38 2171 303 2206 meruisset‚quoties
314 2172 372 2206 ipse
382 2172 475 2199 consul
488 2172 591 2204 fuisset,
600 2175 688 2200 onmia
700 2175 757 2200 iura
770 2174 833 2201 belli

37 2207 190 2243 perdiscere
203 2217 232 2235 ac
243 2218 321 2235 nosse
333 2210 465 2244 potuisse:
483 2210 534 2237 sibi
548 2219 598 2237 non
611 2210 695 2237 fuisse
706 2211 830 2242 dubium.

37 2245 105 2280 quin
116 2246 191 2273 nullo
203 2245 306 2272 foedere
317 2255 331 2272 a
343 2247 479 2281 republica
491 2247 557 2274 bene
563 2249 678 2283 gerenda
690 2249 834 2284 impedire—

38 2285 94 2309 tur:
115 2291 130 2309 a
144 2292 174 2310 se
189 2292 223 2310 ex
233 2284 451 2311 coniunctissima
463 2288 542 2319 atque
552 2286 715 2312 amicissima
727 2287 833 2313 civitate

38 2318 215 2347 fortissimum
222 2329 359 2356 quemque
369 2330 428 2348 esse
438 2321 586 2349 delectum:
610 2331 697 2358 neque
707 2324 834 2359 lguvina-

38 2356 107 2384 tium
125 2365 213 2393 neque
228 2359 390 2385 Camertium
408 2358 512 2385 foedere
527 2368 586 2386 esse
601 2365 756 2395 exceptum,
779 2369 834 2395 quo

38 2393 128 2421 minus
138 2403 229 2422 eorum
240 2396 347 2422 civibus
358 2405 371 2422 a
383 2396 482 2431 populo
493 2397 609 2423 Romano
621 2398 736 2432 praemia
748 2399 833 2424 virtu-

38 2430 73 2458 tis
83 2431 272 2460 tribuerentur.
304 2433 378 2460 xxi.
395 2435 435 2460 ta.
453 2435 543 2469 ltaque
553 2442 639 2469 quum
652 2436 744 2469 paucis
755 2436 832 2461 annis

38 2472 99 2503 post
118 2468 186 2496 hanc
204 2470 320 2497 civitatis
341 2471 511 2498 donationem
532 2472 659 2498 acerrima
678 2472 711 2498 de
725 2473 832 2498 civitate

37 2507 159 2540 quaestio
169 2507 269 2534 Licinia
279 2512 306 2534 et
316 2508 401 2535 Mucia
415 2508 472 2544 lege
485 2509 614 2535 venisset:
638 2518 702 2535 num
713 2510 776 2544 quis
787 2518 832 2536 eo-

38 2550 112 2574 rum.
128 2544 220 2579 quide
235 2544 376 2572 foederatis
387 2546 541 2573 civitatibus
552 2551 622 2572 esset
633 2547 740 2573 civitate
750 2546 832 2573 dona—

38 2582 92 2611 tus,
108 2580 136 2607 in
146 2580 276 2609 iudicium
287 2588 329 2610 est
340 2583 467 2610 vocatus?
487 2584 553 2610 Nam
565 2583 720 2618 Spoletinus
732 2584 762 2610 T.
777 2584 833 2610 Ma-

39 2616 136 2658 trinius
151 2626 222 2645 unus
236 2627 270 2647 ex
284 2621 330 2652 iis,
347 2629 415 2656 quos
427 2620 455 2648 C.
470 2621 569 2648 Marius
580 2621 686 2647 civitate
697 2621 831 2652 donasset,

38 2653 108 2680 dixit
117 2662 238 2682 caussam
249 2665 283 2684 ex
292 2657 394 2684 colonia
401 2658 492 2685 Latina
504 2659 530 2684 in
543 2658 637 2692 primis
649 2658 724 2685 firma
735 2663 760 2685 ct
771 2658 833 2685 illu-

38 2691 96 2718 stri.
136 2690 221 2724 Quem
231 2701 316 2728 quum
327 2695 444 2722 disertus
457 2695 535 2722 homo
546 2696 575 2722 L.
583 2696 715 2723 Antistius
725 2705 834 2723 accusa-

1067 159 1086 186 C
1101 159 1166 186 ΑΡ,
1202 162 1232 186 15
1252 176 1288 180 -
1310 162 1349 186 23.
1630 164 1677 189 553

887 229 955 261 ret,*
966 239 1018 256 non
1029 230 1105 261 dixit,
1119 230 1233 258 fundum
1245 231 1374 266 populum
1382 230 1551 266 Spoletinum
1563 242 1614 259 non
1621 242 1680 260 esse

888 266 1005 294 factum?
1025 267 1137 294 Videbat
1152 269 1236 299 enim,
1258 269 1371 303 populos
1388 269 1420 295 de
1434 278 1483 295 suo
1500 270 1569 300 iure,
1584 279 1634 297 uon
1647 271 1679 297 de

888 309 989 336 nostro,
1008 304 1105 331 fundos
1121 305 1176 331 fieri
1192 305 1289 338 solere,
1312 306 1369 336 sed,
1381 315 1467 341 quum
1480 306 1537 342 lege
1549 308 1680 342 Appuleia

887 342 1005 368 coloniae
1020 351 1071 368 non
1088 347 1177 369 essent
1193 343 1330 374 deductae,
1344 352 1396 378 qua
1409 344 1465 379 lege
1478 344 1638 371 Saturninus
1650 345 1679 372 C.

888 380 969 406 Mario
986 380 1093 411 tulerat,
1107 385 1137 406 ut
1147 381 1174 406 in
1186 380 1307 416 singulas
1319 381 1436 407 colonias
1448 386 1535 408 ternos
1546 383 1618 408 cives
1631 383 1682 409 Ro-

888 425 980 443 manos
997 416 1080 443 facere
1097 422 1198 452 posset,
1213 418 1324 453 negabat
1337 418 1385 444 hoc
1396 418 1569 449 beneficium.
1585 428 1612 446 re
1623 420 1682 454 ipsa

887 454 1005 485 sublata,
1024 454 1111 480 valere
1125 455 1231 481 debere.
1265 457 1305 481 49.
1321 456 1393 482 Nihil
1407 456 1484 482 babet
1495 456 1682 483 similitudinis

888 492 937 517 ista
953 492 1099 518 accusatio:
1121 492 1168 518 sed
1185 497 1270 518 tamen
1284 498 1353 519 tanta
1366 494 1507 519 auctoritas
1520 494 1546 520 in
1559 494 1587 520 C.
1600 495 1683 521 Mario

888 527 951 559 fuit,
965 534 1055 555 utnon
1068 537 1114 563 per
1125 530 1155 555 L.
1172 530 1307 560 Crassum,
1320 530 1426 556 affinem
1437 539 1532 561 suum,
1546 531 1682 558 bominem

887 566 1037 592 incredibili
1048 566 1213 601 eloquentia,
1227 568 1272 593 sed
1286 569 1376 601 paucis
1391 569 1448 602 ipse
1460 569 1548 594 verbis
1560 578 1683 595 caussam

887 603 960 629 illam
972 604 1101 639 gravitate
1115 613 1163 630 sua
1173 604 1322 630 defenderit
1333 610 1357 631 et
1370 606 1493 639 probarit.
1533 605 1598 638 Quis
1610 607 1682 632 enim

887 645 970 671 esset,
986 641 1103 672 iudices,
1121 641 1168 676 qui
1184 642 1390 676 imperatoribus
1403 644 1508 673 nostris,
1523 644 1548 669 in
1562 644 1641 675 bello,
1655 645 1683 670 in

887 678 954 708 acie,
977 679 1004 704 in
1021 679 1152 709 exercitu,
1170 678 1303 705 delectum
1320 680 1438 708 virtutis:
1461 681 1508 714 qui
1525 682 1618 712 sociis,
1635 682 1683 716 qui

887 715 1040 746 foederatis,
1054 716 1080 741 in
1092 715 1257 742 defendenda
1271 717 1406 751 republica
1419 723 1505 743 nostra
1519 726 1593 752 spem
1608 727 1684 753 prae-

887 753 1000 778 miorum
1017 753 1084 787 eripi
1103 753 1199 779 vellet?
1217 753 1293 785 Quod
1305 755 1327 779 si
1341 754 1432 780 vultus
1444 754 1472 780 C.
1486 756 1570 785 Marii,
1584 756 1607 781 si
1620 765 1680 787 vox,

886 790 907 815 si
921 789 966 816 ille
978 790 1165 824 imperatorius
1177 790 1253 816 ardor
1264 791 1411 822 oculorum,
1425 793 1447 818 si
1461 798 1577 818 recentes
1589 794 1684 819 trium-

886 827 947 861 phi,
969 827 992 853 si
1013 836 1140 861 praesens
1161 828 1245 854 valuit
1265 833 1404 863 aspectus:
1427 829 1512 855 valeat
1530 831 1681 861 auctoritas,

887 864 991 890 valeant
1002 873 1044 890 res
1055 869 1153 900 gestae,
1168 865 1253 891 valeat
1265 867 1401 897 memoria,
1411 866 1496 892 valeat
1508 866 1646 893 fortissimi
1658 872 1684 894 et

885 901 1029 928 clarissimi
1050 903 1099 928 viri
1121 911 1216 929 nomen
1232 908 1378 929 aeternum.
1420 904 1459 929 Sit
1477 904 1524 930 hoc
1539 904 1684 931 discrimen

886 940 954 965 inter
969 940 1098 974 gratiosos
1113 941 1185 966 cives
1202 945 1280 975 atque
1298 940 1389 971 fortes,
1404 946 1433 967 ut
1445 941 1482 967 illi
1496 942 1550 968 vivi
1563 942 1685 968 fruantur

886 977 983 1011 opibus
998 977 1069 1009 suis,
1093 977 1201 1008 borum,
1215 979 1293 1004 etiam
1305 984 1480 1008 mortuorum,
1496 979 1527 1013 (si
1539 980 1684 1014 quisquam

888 1014 969 1040 huius
984 1015 1090 1049 imperii
1106 1014 1230 1041 defensor
1246 1017 1311 1042 mori
1329 1016 1439 1050 potest,)
1456 1017 1527 1042 vivat
1542 1018 1684 1043 auctoritas

887 1052 1056 1078 immortalis.
1097 1052 1184 1078 XXll.
1211 1054 1252 1078 50.
1269 1052 1358 1085 Quid?
1378 1053 1425 1080 Cn.
1447 1054 1590 1088 Pompeius
1612 1059 1685 1089 pater

888 1090 968 1116 rebus
980 1089 1069 1115 Italico
1076 1089 1145 1115 bello
1157 1090 1282 1116 maximis
1293 1091 1384 1126 gestis,
1395 1092 1422 1117 P.
1431 1091 1553 1117 Caesium
1566 1093 1684 1126 equitem

890 1127 1050 1157 Romanum,
1069 1127 1158 1153 virum
1171 1127 1281 1157 bonum,
1294 1129 1340 1163 qui
1354 1129 1419 1155 vivit
1431 1129 1580 1160 Ravennae,
1595 1129 1685 1155 foede-

888 1169 942 1191 rato
953 1173 986 1191 ex
999 1164 1105 1199 populo,
1120 1173 1206 1191 nonne
1217 1166 1323 1192 civitate
1335 1165 1462 1192 donavit?
1482 1166 1567 1200 quid?
1591 1167 1685 1193 cohor-

888 1207 926 1228 tes
941 1202 1008 1228 duas
1022 1203 1161 1229 universas
1177 1202 1358 1229 Camertium?
1378 1203 1462 1238 quid?
1482 1204 1684 1231 Heracleensem

887 1239 997 1266 Alexam
1014 1240 1042 1266 P.
1061 1239 1186 1271 Crassus,
1205 1241 1246 1267 vir
1261 1240 1460 1275 amplissimus,
1478 1250 1511 1268 ex
1525 1250 1554 1267 ea
1566 1242 1682 1272 civitate,

887 1286 1003 1312 quacum
1021 1286 1101 1312 prope
1117 1277 1253 1313 singulare
1264 1278 1357 1304 foedus
1370 1279 1463 1314 Pyrrhi
1477 1280 1641 1314 temporibus
1653 1279 1683 1306 C.

888 1315 1009 1341 Fabricio
1019 1315 1129 1341 consule
1141 1316 1222 1341 ictum
1240 1316 1366 1349 putatur?
1385 1316 1471 1351 quid‘?
1488 1316 1682 1343 Massiliensem

887 1352 1038 1379 Aristonem
1058 1352 1151 1379 Sulla?
1170 1352 1255 1387 quid?
1274 1354 1400 1387 quoniam
1422 1354 1454 1380 de
1470 1354 1609 1380 Gaditanis
1627 1355 1686 1389 agi-

888 1399 962 1420 muS,
979 1390 1051 1416 idem
1069 1390 1145 1417 heros
1161 1399 1255 1416 novem
1276 1390 1439 1417 Gaditanos?
1463 1391 1547 1425 quid‘?
1567 1392 1607 1417 vir
1623 1400 1685 1417 san-

887 1427 1025 1453 ctissimus
1037 1432 1062 1453 et
1072 1436 1178 1454 summa
1190 1427 1317 1463 religione
1329 1437 1358 1454 ac
1370 1428 1507 1459 modestia,
1516 1429 1546 1460 Q.
1559 1428 1683 1455 Metellus

889 1466 964 1495 Pius,
977 1464 1008 1496 Q.
1023 1465 1134 1491 Fabium
1146 1464 1346 1500 Saguntinum?
1365 1465 1450 1500 quid?
1472 1466 1527 1496 liic,
1540 1467 1587 1500 qui
1598 1466 1682 1496 adest.

887 1511 900 1528 a
911 1511 965 1537 quo
977 1502 1048 1532 haec,
1062 1511 1131 1537 quae
1142 1511 1191 1537 ego
1203 1511 1274 1529 nunc
1286 1512 1418 1537 percurro,
1431 1503 1610 1529 subtilissime
1621 1508 1685 1530 sunt

887 1540 974 1566 omnia
988 1540 1124 1574 perpolita,
1139 1540 1174 1566 M.
1188 1540 1310 1571 Crassus,
1325 1549 1375 1567 non
1387 1541 1582 1567 Aletrinensem
1596 1540 1684 1567 foede-

887 1582 972 1604 ratum
989 1578 1095 1603 civitate
1110 1577 1227 1608 donavit,
1247 1578 1325 1603 liomo
1340 1586 1425 1612 quum
1441 1579 1569 1613 gravitate
1581 1583 1607 1604 et
1621 1587 1684 1612 pru-

886 1615 974 1641 dentia
988 1620 1137 1649 praestans,
1152 1619 1207 1641 tum
1221 1615 1261 1640 vel
1275 1615 1388 1641 nimium
1402 1624 1497 1650 parcus
1510 1616 1535 1642 iu
1550 1615 1683 1651 largienda

886 1651 1011 1678 eivitate‘?
1031 1653 1072 1678 51.
1100 1652 1146 1678 llic
1163 1657 1190 1678 tu
1207 1652 1254 1679 Cu.
1272 1653 1391 1687 Pompeii
1408 1653 1567 1679 beneficium
1584 1653 1624 1679 vel
1638 1662 1685 1687 po-

887 1690 940 1716 tius
960 1689 1092 1716 iudicium
1107 1694 1133 1716 et
1150 1689 1247 1716 factum
1265 1690 1398 1716 infirmare
1413 1691 1529 1718 conaris.
1547 1691 1594 1725 qui
1613 1690 1682 1721 fecit,

886 1727 958 1762 quod
970 1727 999 1754 C.
1013 1727 1126 1753 Marium
1140 1726 1235 1753 fecisse
1246 1727 1378 1759 audierat,
1403 1727 1472 1758 fecit,
1485 1728 1557 1762 quod
1570 1728 1597 1754 P.
1607 1728 1685 1754 Cras-

886 1774 961 1796 sum,
974 1764 1047 1799 quod
1063 1765 1092 1790 L.
1110 1764 1222 1795 Sullam,
1237 1765 1308 1799 quod
1319 1764 1350 1797 Q.
1364 1765 1511 1796 Metellum,
1524 1765 1596 1800 quod
1608 1765 1685 1791 deni-

886 1811 938 1837 que
954 1802 1131 1829 domesticum
1147 1807 1294 1833 auctorem,
1318 1807 1418 1837 patrem
1434 1812 1530 1833 suum,
1547 1802 1632 1829 facere
1644 1803 1685 1829 vi-

886 1839 978 1866 derat‘?
998 1840 1090 1874 Neque
1107 1848 1169 1866 vero
1186 1840 1212 1866 in
1229 1848 1282 1866 uno
1298 1840 1419 1866 Cornelio
1431 1840 1456 1866 id
1469 1840 1539 1866 fecit.
1581 1841 1646 1866 Nam
1659 1845 1684 1866 et

887 1877 1049 1904 Gaditanum
1063 1877 1256 1903 Hasdrubalem
1269 1886 1302 1903 ex
1314 1877 1384 1904 bello
1395 1877 1441 1904 illo
1450 1877 1584 1907 Africano,
1593 1882 1617 1904 et
1630 1878 1685 1903 Ma-

887 1916 1014 1941 mertinos
1029 1915 1137 1945 obvios,
1155 1919 1181 1941 et
1191 1915 1322 1949 quosdam
1336 1915 1472 1941 Uticenses
1485 1920 1510 1941 et
1521 1915 1684 1950 Saguntinos

887 1952 982 1979 Fabios
993 1953 1100 1978 civitate
1112 1952 1230 1978 donavit.
1272 1953 1390 1983 Etenim,
1405 1961 1489 1987 quum
1502 1953 1595 1979 ceteris
1609 1961 1684 1987 prae-

887 1990 948 2016 miis
968 1990 1044 2025 digni
1060 1994 1137 2019 sunt,
1159 1991 1206 2024 qui
1221 1998 1271 2016 suo
1288 1990 1376 2016 labore
1391 1995 1416 2016 et
1433 1990 1551 2025 periculo
1567 1995 1683 2016 nostram

887 2027 1080 2061 rempublicam
1096 2026 1258 2057 defendunt,
1282 2032 1338 2053 tum
1354 2032 1424 2053 certe
1439 2028 1592 2063 dignissimi
1609 2032 1682 2058 sunt,

886 2065 933 2099 qui
948 2065 1055 2091 civitate
1069 2073 1098 2090 ea
1111 2065 1251 2095 donentur,
1265 2073 1312 2099 pro
1322 2074 1374 2099 qua
1388 2065 1504 2099 pericula
1515 2073 1545 2091 ac
1557 2064 1607 2090 tela
1618 2064 1684 2091 sub-

887 2102 984 2128 ierunt.
1033 2102 1121 2136 Atque
1137 2103 1253 2132 utinam.
1270 2102 1316 2137 qui
1334 2103 1435 2137 ubique
1450 2107 1513 2129 sunt
1531 2110 1683 2137 propugna-

886 2143 955 2165 tores
972 2139 1053 2165 liuius
1070 2140 1189 2174 imperii,
1208 2144 1316 2174 possent
1327 2140 1353 2165 in
1367 2139 1434 2166 lianc
1444 2140 1580 2166 civitatem
1594 2140 1684 2165 venire

885 2181 911 2202 et
924 2181 1014 2203 contra
1029 2191 1066 2196 —
1080 2181 1277 2211 oppugnatores
1293 2176 1455 2211 reipublicae
1471 2177 1504 2203 de
1519 2177 1626 2203 cit-itate
1637 2185 1684 2202 ex-

886 2214 1035 2240 terminari!
1055 2214 1147 2248 Neque
1158 2214 1229 2240 enim
1238 2213 1283 2239 ille
1294 2223 1419 2240 summus
1432 2220 1506 2248 poeta
1519 2214 1684 2240 nostcrllan-

886 2250 984 2276 nibalis
996 2251 1070 2276 illam
1083 2251 1170 2284 magis
1180 2251 1403 2282 cohortationem,
1415 2260 1497 2286 quum
1511 2259 1682 2277 communem

885 2288 1091 2322 imperatoriam,
1109 2287 1193 2314 voluit
1203 2296 1275 2314 esse:

960 2325 1060 2351 Hostem
1071 2328 1115 2357 (μα’
1125 2327 1206 2358 seriel.
1219 2325 1316 2359 inquit,
1325 2326 1386 2350 mihi
1391 2327 1440 2350 erit
1448 2325 1680 2358 Ifizrthuqma‘ensis.

960 2365 1077 2395 quisquis
1087 2365 1145 2390 erit.
1161 2365 1269 2388 cuiatis:

884 2399 934 2425 etsi
948 2399 972 2425 id
981 2399 1079 2425 liabent
1089 2407 1182 2425 onmes
1194 2398 1251 2424 leve
1262 2403 1287 2424 et
1296 2398 1569 2433 semperhnbuerunt.
1592 2398 1683 2432 ltaque

885 2441 910 2462 et
924 2437 997 2462 cives
1015 2436 1134 2471 undique
1151 2435 1232 2462 fortes
1250 2436 1320 2461 viros
1336 2437 1488 2461 asciverunt
1501 2440 1525 2461 et
1539 2435 1680 2461 bominum

885 2473 1045 2508 ignobilium
1059 2474 1183 2500 virtutem
1197 2482 1323 2508 persaepe
1331 2473 1476 2499 nobilitatis
1489 2473 1598 2499 inertiae
1605 2481 1682 2507 prat*

885 2510 1013 2537 tulerunt.

939 2548 1035 2574 XXlll.
1067 2549 1109 2574 52.
1138 2548 1246 2574 llubctis
1265 2547 1453 2581 imperatorum
1470 2555 1639 2573 summorum
1655 2552 1681 2573 et

884 2585 1145 2619 sapientissimorum
1164 2585 1313 2615 bominum,
1325 2584 1536 2611 clarissimorum
1551 2585 1678 2615 virorum,

885 2623 1127 2657 interpretationem
1145 2623 1210 2648 iuris
1225 2631 1254 2648 ac
1266 2621 1416 2648 foederum:
1438 2621 1507 2648 dabo
1517 2622 1596 2648 etiam
1609 2621 1681 2648 iudi—

884 2668 944 2685 cum
953 2680 959 2690 ,
976 2660 1024 2694 qui
1037 2659 1100 2686 huic
1110 2660 1260 2694 quaestioni
1273 2658 1458 2694 praefuerunt,
1479 2658 1548 2686 dabo
1561 2659 1679 2685 universi

884 2697 1108 2732 populiltomani.
1121 2697 1190 2724 dabo
1200 2697 1400 2724 sanctissimum
1412 2701 1437 2724 et
1447 2697 1679 2732 sapientissimum
