1941 3052
209 155 255 180 'dli

208 229 333 250 noeturna
350 229 406 251 vota
421 224 596 259 cupiditatum
612 232 731 249 suarum.

206 261 272 296 quid
291 271 340 295 ego
363 262 395 287 tle
416 263 510 287 ceteris
533 262 632 287 civium
653 261 829 286 Romanorum
853 261 996 295 suppliciis

773 224 824 249 LV.
851 225 905 250 tta.
929 224 994 249 Nam
1023 225 1026 234 '

206 298 363 331 singillatim
383 299 483 332 potius,
507 307 586 332 quam
610 298 753 330 generatim
773 302 852 331 atque
873 299 996 324 universe
1017 326 1019 336 ³

208 335 318 370 loquar?
343 337 435 361 (larci-r
454 335 510 364 illc¹
531 335 576 368 qui
596 338 635 359 est
653 343 666 359 a
685 334 872 361 cruilelissimo
886 339 996 370 tyranno

208 373 332 400 bionvsio
347 372 430 398 fai-tus
445 372 597 401 Svracusis,
617 379 686 405 quim
701 370 844 397 lautumiae
860 376 994 401 vocantur,

208 410 233 435 in
249 402 326 435 iulius
338 409 448 443 imperio
458 400 622 433 domicilium
634 408 733 433 civium
747 409 923 435 Romanorum
935 408 994 435 fuit.

208 446 239 471 llt
256 446 372 480 quisquo
391 446 468 471 istius
487 445 605 470 animum
625 449 670 470 aut
687 445 778 471 oculos
792 445 947 477 offenderat.
968 447 995 472 in

209 483 349 508 lautumias
364 482 452 507 statim
467 482 664 507 coniiciebatur.
706 482 848 518 Indignum
861 483 908 509 hoc
919 483 996 509 video

209 519 289 544 vnn-ri
309 519 446 548 omnibus.
472 518 587 544 iudices:
615 523 641 545 et
659 518 684 544 id
704 520 755 545 iam
779 520 864 555 priore
884 521 994 550 actione,

205 565 289 591 quum
306 555 367 581 baec
382 560 461 581 testes
474 555 604 586 dicerent,
625 555 754 583 intellexi.

207 629 304 656 tribuni
321 629 406 663 plebis
421 634 496 660 sunt.
517 630 563 657 ubi
577 631 656 657 ceteri
672 631 857 666 magistratus,
879 632 923 658 ubi
939 631 996 666 plc-

206 675 269 693 num
286 666 370 692 forum
387 667 559 698 iudiciorum,
579 667 625 694 uhi
644 673 753 694 senatus
771 669 927 700 auctoritas,
950 669 995 695 ubi

205 703 366 730 existimatio
384 703 476 738 populi
495 705 605 731 Romani
623 710 649 731 et
667 705 829 740 frequentia:
854 706 914 737 sed,
936 707 996 732 ubi-

205 749 321 775 cumque
344 745 471 767 terrarum
494 746 519 768 et
541 742 660 776 gentium
683 743 810 769 violatum
835 744 877 770 ius
895 744 995 770 civium

206 778 382 804 Romanorum
397 779 445 809 sit,
466 779 581 805 statuitis
595 779 621 805 id
637 781 766 814 pertinere
781 780 813 806 ad
827 789 995 807 communem

204 823 327 841 caussam
343 814 470 841 libertatis
485 820 509 842 et
523 816 670 852 dignitatis.
712 818 768 844 itt.
784 819 812 844 ln
826 823 995 844 externorum

205 851 344 878 hominum
363 852 542 879 maleficorum
561 853 818 890 sceleratorumque.
838 856 866 882 in
885 855 996 890 praedo-
1017 882 1019 893 Ι

206 897 270 915 num
289 889 460 925 hostiumque
478 891 612 917 custodias
631 896 659 918 tu
678 896 779 918 tantum
799 901 939 919 numerum
958 893 997 919 ci-

206 927 280 952 vium
295 927 471 953 Romanorum
487 928 622 954 includere
640 938 723 955 ausus
742 929 789 955 es?
815 938 995 965 numquamne

205 963 252 990 tibi
272 963 378 995 iudicii,
403 973 550 1000 numquam
569 966 716 997 concionis,
743 975 890 1002 numquam
914 967 994 993 liuius

205 1005 292 1027 tantae
311 1000 488 1036 frequentiae,
508 1011 576 1037 quae
595 1012 666 1029 nunc
683 1004 771 1030 animo
787 1009 810 1030 te
825 1005 996 1039 iniquissimo

205 1037 434 1073 infestissimoque
445 1039 571 1070 intuetur.
584 1041 657 1066 venit
667 1041 693 1067 in
705 1041 838 1067 mentem?
848 1050 994 1077 numquam

205 1075 253 1101 tibi
267 1075 360 1110 populi
375 1076 484 1103 Romani
499 1077 616 1103 absentis
630 1077 756 1113 dignitas,
773 1087 919 1113 numquam
935 1088 996 1113 spe-

203 1113 258 1138 cies
272 1112 331 1147 ipsa
345 1112 530 1140 huiuscemodi
546 1114 726 1141 multitudinis
745 1117 772 1142 in
791 1116 876 1142 oculis
894 1117 996 1142 animo-

202 1158 256 1184 que
270 1154 373 1176 versata
386 1150 444 1177 est?
470 1160 616 1186 numquam
637 1157 660 1178 te
673 1153 700 1178 in
716 1152 809 1179 horum
824 1158 995 1188 conspectum

203 1228 307 1255 turum,
329 1233 477 1260 numquam
495 1226 546 1252 sub
565 1226 654 1261 legum
669 1232 693 1253 et
707 1227 867 1254 iudiciorum
881 1232 996 1263 potesta-

204 1265 256 1288 tem
271 1270 396 1288 casurum
411 1271 469 1289 esse
483 1256 604 1290 duxisti?

258 1298 322 1325 LVI.
346 1300 403 1326 ⁴⁴5.
424 1300 458 1326 At
479 1309 547 1335 quae
569 1306 623 1327 erat
645 1302 694 1328 ista
722 1301 805 1329 libido
830 1301 995 1328 crudelitatis

203 1335 384 1362 exercendae?
396 1345 465 1371 quae
480 1342 515 1364 tot
529 1338 660 1365 scelerum
675 1339 907 1374 suscipiendorum
918 1348 996 1365 caus-
1017 1337 1019 1343 ⁴

203 1372 251 1399 sa‘?
263 1372 346 1404 nulla,
363 1373 474 1406 iudices,
490 1380 593 1409 praeter
606 1376 751 1411 praedandi
765 1385 860 1403 novam
875 1376 997 1412 singula-

203 1418 314 1445 remque
331 1411 469 1438 rationem.
510 1413 575 1439 Nam
592 1418 620 1439 ut
638 1413 691 1444 illi,
712 1422 780 1448 quos
794 1422 807 1440 a
822 1414 907 1448 poetis
922 1422 996 1440 acce-

203 1447 293 1482 pimus
307 1448 383 1474 sinus
397 1449 528 1483 quosdam
546 1450 684 1477 obsedisse
703 1451 863 1482 maritimos,
884 1455 929 1477 aut
947 1450 996 1477 ali·
1025 1448 1026 1490 J

202 1493 256 1519 qua
273 1486 450 1520 promontoria
469 1491 515 1513 aut
532 1492 672 1522 praerupta
691 1497 754 1514 saxa
768 1489 887 1515 tenuisse
900 1488 997 1515 dicun-

203 1526 258 1553 tur,
279 1526 308 1548 ut
325 1530 383 1554 eos,
403 1523 450 1558 qui
469 1529 559 1551 essent
577 1525 684 1560 appulsi
699 1525 828 1561 navigiis,
849 1525 996 1552 interficere

202 1563 324 1593 possent:
341 1560 380 1586 sic
393 1560 443 1587 iste
457 1561 484 1587 in
497 1562 586 1588 omnia
599 1563 680 1589 maria
694 1562 809 1589 infestus
822 1571 856 1590 ex
869 1563 995 1590 omnibus

203 1596 308 1623 Siciliae
322 1597 443 1631 partibus
457 1599 623 1626 imminebat.
663 1599 854 1635 Quaecumque
872 1600 948 1627 navis
963 1609 996 1627 ex

201 1634 274 1665 Asia,
290 1642 359 1669 quae
373 1643 406 1661 ex
419 1634 503 1670 Syria,
519 1644 588 1671 quae
602 1637 679 1672 Tyro,
695 1645 764 1672 quae
774 1637 934 1664 Alexandria
950 1646 996 1664 ve-

203 1675 289 1702 nerat,
309 1671 400 1698 statim
418 1673 496 1699 certis
515 1673 650 1700 indicibus
669 1678 694 1700 et
711 1674 868 1702 custodibus
887 1675 996 1702 teneba—

202 1712 258 1734 tur:
287 1713 405 1735 vectores
431 1718 523 1737 omnes
549 1712 577 1738 in
604 1710 748 1738 lautumias
770 1713 993 1740 coniiciebantur:

202 1753 281 1772 onera
295 1750 374 1781 atque
387 1755 489 1774 merces
502 1748 530 1774 in
544 1749 701 1783 praetoriam
715 1749 824 1776 domum
839 1749 997 1777 defereban-

202 1787 254 1809 tur.
294 1783 491 1811 Versabaturin
503 1785 593 1812 Sicilia
608 1786 686 1822 longo
699 1787 839 1813 intervallo
853 1787 927 1818 alter,
943 1796 995 1814 non

202 1819 346 1856 Dionysius
360 1820 405 1847 ille
420 1830 468 1848 nec
481 1822 614 1854 Phalaris,
630 1823 701 1859 (tulit
714 1824 785 1850 enim
800 1824 846 1850 illa
859 1824 994 1859 quondam
1025 1829 1026 1832 ’

201 1857 290 1883 insula
301 1857 400 1884 multos
411 1863 436 1885 et
445 1859 567 1886 crudeles
579 1860 724 1896 tyrannos‚)
734 1861 782 1887 sed
796 1870 895 1888 novum
909 1862 996 1897 quod-

202 1893 263 1920 dam
282 1899 444 1927 monstrum,
465 1905 498 1923 ex
516 1902 604 1924 vetere
622 1897 668 1924 illa
685 1899 864 1929 immanitate,
884 1907 953 1934 quae
968 1900 995 1926 in

201 1931 298 1958 iisdem
321 1931 385 1959 locis
407 1938 511 1960 ¹versata
533 1943 592 1961 esse
614 1935 719 1962 dicitur.
760 1937 817 1962 ⁴46.
839 1936 897 1963 Non
923 1937 994 1963 enim

202 1968 365 2004 Charybdim
376 1974 428 1997 tam
439 1971 562 1998 infestam
574 1981 661 2007 neque
671 1972 788 2009 Scyllam
799 1974 897 2005 nautis.
913 1982 994 2008 quam

201 2006 284 2032 istum
298 2007 326 2033 in
340 2007 433 2034 eodem
447 2007 514 2035 freto
527 2008 612 2036 fuisse
629 2009 755 2036 arbitror:
780 2010 830 2037 hoc
847 2011 927 2037 etiam
944 2011 995 2037 iste

201 2042 335 2075 infestior,
361 2044 433 2079 quod
451 2045 536 2073 multo
553 2055 582 2073 se
600 2046 725 2081 pluribus
743 2051 770 2074 et
790 2048 994 2074 immanioribus

202 2080 314 2106 canibus
327 2083 508 2110 succinxerat:
536 2083 650 2119 Cyclops
668 2084 747 2116 alter,
766 2085 852 2112 multo
864 2086 996 2120 importu-

203 2117 274 2150 nior3
290 2117 333 2144 hic
347 2119 417 2145 enim
432 2124 511 2146 totam
527 2121 642 2148 insulam
655 2121 804 2148 obtinebat:
824 2121 870 2148 ille
883 2122 995 2149 Aetnam

202 2153 287 2180 solam
305 2159 330 2181 et
347 2164 405 2182 eam
423 2156 527 2184 Siciliae
550 2163 651 2193 partem
674 2159 793 2186 tenuisse
815 2159 923 2186 dicitur.
962 2159 996 2186 At

202 2199 272 2226 quae
285 2200 378 2219 caussa
388 2197 444 2220 tum
456 2195 648 2222 subiiciebatur
658 2195 691 2222 ab
701 2197 768 2231 ipso.
783 2196 896 2228 iudices,
913 2197 996 2223 huius

202 2232 256 2254 tam
271 2228 385 2256 nefariae
397 2231 579 2258 crudelitatis?
603 2233 715 2264 Eadem,
735 2242 805 2268 quae
822 2242 894 2260 nunc
907 2234 935 2260 in
948 2234 996 2260 de-

203 2264 323 2292 fensione
339 2269 599 2296 commemorabitur.
639 2270 810 2306 Quicumque
831 2275 996 2297 accesserant

204 2302 237 2328 ad
251 2302 369 2330 Siciliam
384 2305 474 2339 paullo
487 2305 633 2340 pleniores,
653 2315 698 2334 eos
713 2307 877 2335 Sertorianos
895 2307 994 2334 milites

204 2347 262 2366 esse
276 2344 355 2375 atque
369 2350 382 2367 a
396 2342 489 2369 Dianio
503 2342 594 2379 fugere
608 2344 722 2371 dicebat.
748 2344 790 2371 Illi
803 2345 837 2372 ad
850 2345 996 2380 deprecan-

203 2375 268 2403 dum
287 2378 436 2412 periculum
456 2379 634 2414 proferebant,
657 2381 701 2408 alii
716 2390 863 2417 purpuram
876 2383 992 2418 Tyriam,

205 2417 248 2439 tus
261 2413 306 2440 alii
320 2419 399 2450 atque
412 2416 505 2443 odores
519 2422 675 2453 vestemque
686 2419 803 2450 linteam.
819 2428 940 2456 gemmas
949 2419 995 2446 alii

205 2454 230 2476 et
243 2453 406 2486 margaritas,
423 2454 485 2480 vina
499 2455 620 2481 nonnulli
633 2456 732 2482 Graeca
746 2456 909 2492 venalesque
918 2457 996 2483 Asia-

204 2487 283 2513 ticos:
312 2493 341 2514 ut
355 2489 547 2526 intelligeretur
559 2500 593 2518 ex
606 2493 753 2524 mercibus,
769 2493 870 2528 quibus
884 2503 918 2520 ex
931 2493 995 2521 locis

205 2524 370 2559 navigarent.
411 2528 468 2554 Non
486 2529 657 2562 providerant
674 2538 719 2556 eas
732 2530 805 2565 ipsas
819 2531 872 2557 sibi
886 2539 995 2557 caussas

205 2568 264 2586 esse
281 2562 406 2595 periculi,
425 2565 526 2598 quibus
543 2565 705 2593 adiumentis
722 2575 751 2593 se
769 2567 802 2593 ad
820 2567 935 2594 salutem
955 2569 995 2594 uti

205 2597 408 2626 arbitrabantur.
448 2601 499 2627 Iste
517 2603 588 2629 enim
606 2603 670 2630 haee
688 2612 732 2630 eos
746 2612 780 2630 ex
794 2605 938 2639 piratarum
952 2613 996 2632 so-

205 2634 298 2661 cietate
311 2636 420 2671 adeptos
433 2646 493 2664 esse
509 2638 626 2666 dicebat:
649 2641 724 2675 ipsos
744 2641 772 2667 in
791 2641 934 2668 lautumias
948 2642 996 2669 ab-

795 557 909 584 Retineri
925 558 995 583 enim
1018 582 1019 587 ,

207 593 304 627 putatis
322 597 440 626 oportere
464 593 519 618 iura
544 592 671 619 libertatis
695 602 745 620 non
769 594 848 621 modo
870 595 925 625 hic,
951 595 995 621 ubi
1017 594 1019 613 ἕ

775 151 1260 180 24.M.T.(21CERON¹S

1047 223 1205 249 asservando
1220 222 1338 249 curabat.
1378 223 1454 250 Lvtt.
1471 225 1526 251 tt'1.
1549 224 1595 251 llis
1610 226 1737 252 institutis
1750 234 1837 261 quum

1046 260 1195 295 conquetas
1210 260 1260 285 iam
1276 265 1450 287 mercatorum
1464 270 1552 288 carcer
1564 267 1643 292 esset.
1659 267 1716 289 tum
1730 263 1776 290 illa
1791 263 1838 290 fie-

1048 298 1122 327 bam,
1139 306 1207 331 (quae
1222 297 1250 323 L.
1267 296 1399 327 Suetium.
1414 299 1531 333 equitem
1546 299 1708 330 Romanum.
1725 299 1839 328 lectissi-

1048 343 1122 360 mum
1143 335 1244 364 virum.
1263 333 1351 360 dicere
1369 335 1496 366 audistis.
1515 345 1584 371 quse
1598 341 1699 363 ceteros
1712 337 1836 364 audietis.

1048 371 1170 397 Cervices
1185 372 1211 397 in
1225 379 1328 398 carcere
1340 371 1530 407 frangebantur
1540 374 1728 409 indignissime
1736 375 1838 401 civium

1024 419 1026 427 ·
1049 409 1235 438 Romanorum,
1253 413 1281 434 ut
1295 408 1346 434 iam
1362 408 1406 435 illa
1421 418 1472 436 vox
1486 415 1512 436 et
1525 411 1683 446 imploratio.
1698 420 1778 438 civis
1791 421 1840 438 ιο-

1018 462 1026 479 „
1048 454 1142 471 uisus
1155 454 1222 476 sun,
1237 453 1306 480 quae
1320 454 1399 480 saepe
1413 447 1506 473 multis
1520 448 1547 474 in
1562 447 1664 475 ultimis
1675 449 1751 475 terris
1760 457 1838 484 opem

1025 1983 1026 1986 ¹
1046 1982 1170 2001 concessa
1181 1973 1312 2000 videatur.

1025 2032 1027 2034 ,
1047 2010 1102 2038 lum
1118 2010 1271 2047 perfugium
1285 2015 1391 2045 putem,
1410 2019 1496 2046 quum
1515 2015 1540 2037 te
1557 2010 1724 2045 implicatum
1737 2009 1840 2036 severi—
1885 2039 1887 2042 ⁸
1913 2038 1916 2046 ⁴

1024 2445 1026 2456 ‚
1045 2421 1183 2454 excepisse
1200 2424 1226 2446 et
1243 2419 1378 2454 supplicio
1395 2418 1512 2445 affecisse
1534 2417 1609 2443 dicit.
1671 2453 1676 2458 Π
1828 2453 1835 2458 ι

1024 2457 1026 2466 “
1046 2456 1186 2492 permisit?
1206 2465 1261 2492 quo
1273 2457 1332 2483 iure
1345 2455 1450 2482 fecisti?
1465 2455 1529 2490 quis
1542 2454 1614 2481 idem
1627 2452 1708 2480 fecit?
1726 2453 1774 2489 qui
1786 2453 1838 2480 citu

1049 483 1115 508 inter
1129 482 1254 509 barbaros
1267 487 1294 508 et
1306 482 1419 510 salutem
1434 483 1507 515 tulit,
1529 492 1558 510 ea
1573 490 1682 512 mortem
1698 485 1752 512 illis
1766 494 1840 512 seer·

1048 520 1147 545 biorem
1171 524 1196 545 et
1218 520 1382 554 supplicium
1407 522 1538 548 maturius
1565 521 1652 548 ferret.
1691 522 1760 555 Quid
1787 528 1837 553 est.

1048 555 1160 582 Verres?
1172 557 1237 592 quid
1252 557 1285 583 ad
1300 557 1363 583 baec
1375 559 1477 591 cogitas
1491 558 1668 593 respondere?
1685 568 1749 586 num
1764 568 1839 587 men-

1048 594 1089 620 tiri
1105 593 1166 619 me‘?
1192 602 1255 620 num
1270 594 1369 630 fingere
1382 594 1503 630 aliquid?
1528 604 1592 622 num
1612 604 1708 632 augere
1720 596 1841 624 crimen?

1048 639 1112 657 num
1127 630 1192 665 quid
1207 630 1302 657 horum
1313 631 1400 658 dicere
1411 633 1469 658 istis
1479 632 1665 660 defensoribus
1675 634 1728 660 tuis
1739 634 1841 661 audes?

1047 668 1118 694 Cedo
1131 668 1210 698 mihi.
1230 677 1342 704 quaeso,
1358 678 1390 696 ex
1405 670 1490 704 ipsius
1504 670 1566 696 sinu
1582 670 1680 697 litteras
1694 671 1840 707 Syracusa-

1048 714 1154 735 norum,
1175 714 1242 740 quas
1261 706 1310 732 iste
1328 706 1360 732 ad
1379 706 1518 733 arbitrium
1536 715 1616 734 suum
1634 707 1766 734 confectas
1779 716 1840 735 esse

1047 743 1201 768 arbitratur:
1213 742 1278 769 cedo
1287 744 1413 770 rationem
1423 745 1544 775 carceris,
1555 753 1623 780 quae
1633 745 1840 779 diligentissime

1047 779 1198 811 conficitur,
1218 788 1272 815 quo
1285 781 1402 816 quisque
1415 781 1458 808 die
1471 781 1549 808 datus
1563 782 1590 808 in
1603 783 1765 813 custodiam.
1784 790 1840 818 quo

1048 821 1178 847 mortuus.
1194 826 1248 852 quo
1262 822 1370 844 necatus
1383 818 1427 844 sit.
1468 819 1525 845 ⁴⁴8.
1549 819 1698 846 Lmen:
1713 828 1839 847 uncu-

1047 863 1189 881 snsonnu.
1231 854 1332 881 Videtis
1354 855 1427 881 cives
1449 856 1580 882 Romanos
1602 857 1730 892 gregatim
1749 857 1839 884 conie-

1046 896 1102 918 ctos
1121 892 1147 918 in
1170 891 1326 918 lautumias:
1355 892 1452 919 videtis
1466 893 1655 929 indignissimo
1669 895 1695 920 in
1710 894 1766 921 loco
1778 902 1839 921 ωι-

1046 933 1177 955 cervatam
1193 929 1393 956 multitudinem
1408 934 1556 957 vestrorum
1570 931 1681 957 civium.
1714 931 1839 963 Quaerite

1047 975 1117 992 nunc
1141 967 1266 1002 vestigia,
1294 967 1395 1002 quibus
1417 968 1506 994 exitus
1528 967 1634 994 illorum
1657 976 1691 994 ex
1713 968 1760 995 illo
1783 968 1840 995 loco

1046 1008 1224 1038 compareant.
1264 1003 1342 1030 Nulla
1356 1008 1429 1031 sunt.
1469 1004 1603 1032 Omnesne
1616 1005 1732 1032 mortui?
1756 1005 1786 1032 Si
1802 1006 1838 1032 ita

1047 1045 1138 1075 posset
1154 1040 1310 1073 defendere,
1336 1046 1423 1068 tamen
1447 1041 1512 1068 fides
1535 1042 1598 1069 huic
1619 1042 1767 1069 defensioni
1786 1051 1838 1069 non

1048 1078 1198 1104 haberetur.
1238 1078 1291 1105 Sed
1309 1079 1439 1113 scriptum
1457 1084 1544 1106 exstat
1566 1079 1593 1106 in
1615 1079 1710 1106 iisdem
1734 1080 1837 1111 litteris.

1024 1130 1025 1147 3
1047 1115 1119 1150 quod
1138 1116 1187 1142 iste
1205 1115 1284 1142 homo
1302 1115 1430 1143 barbarus
1448 1125 1478 1142 ac
1491 1116 1640 1143 dissolutus
1654 1125 1741 1153 neque
1754 1121 1840 1144 atten-

1024 1171 1026 1188 ἓ
1047 1152 1109 1179 dere
1124 1161 1262 1188 umquam.
1279 1161 1366 1188 neque
1380 1153 1527 1189 intelligere
1540 1154 1635 1188 potuit.
1670 1157 1839 1181 ΕΔΙΚΑΙΩ-

204 1186 366 1218 rediturum,
386 1196 533 1223 numquam
553 1189 580 1215 in
600 1189 684 1216 forum
701 1190 792 1224 populi
807 1191 916 1217 Romani
932 1199 997 1217 ven·
1024 1189 1026 1197 '

1049 1193 1188 1221 θΙΙΣΑΝ,
1204 1190 1305 1225 inquit.
1322 1195 1351 1216 ut
1365 1190 1448 1217 Siculi
1464 1191 1624 1225 loquuntur,
1640 1191 1690 1217 hoc
1703 1196 1756 1222 est,
1772 1200 1839 1226 sup-

1048 1226 1128 1262 plicio
1142 1227 1226 1254 affecti
1240 1236 1270 1253 ac
1283 1228 1367 1254 necati
1381 1233 1454 1254 sunt.
1494 1229 1582 1254 LVlll.
1599 1229 1656 1255 ⁴49.
1677 1228 1704 1254 Si
1718 1229 1766 1263 qui
1780 1236 1836 1259 rex.

1047 1264 1070 1291 si
1084 1273 1137 1299 qua
1151 1265 1244 1291 civitas
1258 1269 1408 1291 exterarum
1421 1266 1556 1301 gentium.
1572 1266 1595 1291 si
1608 1274 1661 1300 qua
1676 1266 1746 1292 natio
1760 1265 1839 1292 fecis-

1024 1310 1025 1315 ¹
1047 1306 1086 1328 set
1100 1301 1202 1336 aliquid
1217 1302 1244 1328 in
1257 1302 1342 1328 civem
1358 1303 1506 1328 Romanurn
1521 1302 1666 1333 eiusmodi.
1687 1311 1774 1329 nonne
1787 1311 1839 1338 pu·

1047 1339 1116 1365 blice
1130 1338 1344 1365 vindicaremus?
1366 1348 1418 1365 non
1433 1339 1503 1366 bello
1516 1339 1755 1375 persequeremur?
1776 1348 1840 1375 pos-

1024 1380 1026 1400 ὲ
1047 1384 1139 1402 semus
1150 1375 1217 1402 hanc
1228 1376 1353 1402 iniuriam
1364 1377 1592 1412 ignominiamque
1602 1378 1718 1404 nominis
1728 1377 1838 1404 Romani

1047 1413 1159 1440 inultam
1175 1414 1388 1448 impunitamque
1401 1413 1554 1440 dimittere?
1565 1414 1634 1447 Quot
1648 1414 1716 1441 bella
1726 1415 1839 1442 maiores

1048 1455 1151 1477 nostros
1164 1455 1190 1477 et
1203 1455 1301 1486 quanta
1315 1451 1468 1486 suscepisse
1481 1451 1659 1482 arbitramini.
1679 1451 1752 1487 quod
1764 1452 1839 1479 cives

1047 1489 1158 1515 Romani
1172 1488 1270 1514 iniuria
1283 1487 1378 1519 allecti,
1393 1488 1466 1524 quod
1479 1488 1636 1516 navicularii
1647 1489 1751 1520 retenti.
1765 1488 1840 1525 quod

1047 1530 1205 1552 mercatores
1223 1524 1329 1560 spoliati
1347 1525 1516 1552 dicerentur?
1540 1526 1573 1553 At
1591 1535 1640 1562 ego
1657 1530 1772 1553 retentos
1786 1534 1839 1553 non

1047 1571 1156 1599 queror:
1185 1562 1311 1597 spoliatos
1326 1562 1464 1589 ferendum
1483 1568 1562 1598 puto:
1590 1563 1718 1595 navibus,
1738 1564 1840 1590 manci-

1048 1601 1113 1635 piis,
1134 1600 1270 1627 mercibus
1287 1599 1420 1635 ademptis
1438 1601 1465 1627 in
1485 1600 1590 1628 vincula
1609 1605 1766 1628 mercatores
1779 1608 1840 1628 ωδε

1045 1638 1179 1665 coniectos
1198 1643 1223 1664 et
1241 1638 1269 1664 ia
1287 1638 1403 1664 vinculis
1421 1638 1494 1664 cives
1509 1639 1639 1665 Romanos
1657 1643 1763 1665 necatos
1779 1646 1840 1665 esse

1047 1684 1139 1712 arguo.
1181 1677 1238 1702 ⁴50.
1260 1675 1288 1702 Si
1303 1675 1367 1701 haec
1380 1675 1452 1710 apud
1463 1675 1575 1711 Scythas
1587 1675 1713 1707 dicerem.
1729 1684 1781 1702 non
1794 1675 1840 1702 hic

1046 1714 1074 1740 in
1089 1717 1159 1739 tanta
1177 1711 1350 1739 multitudine
1366 1713 1467 1739 civium
1481 1713 1673 1743 Romanorum.
1695 1721 1748 1739 non
1765 1712 1839 1748 apud

1047 1755 1181 1777 senatores
1205 1749 1364 1776 lectissimos
1386 1750 1515 1781 civitatis,
1541 1758 1593 1776 non
1616 1750 1644 1776 in
1667 1749 1723 1776 foro
1745 1749 1839 1785 populi

1047 1788 1170 1818 Romani.
1191 1786 1224 1813 de
1242 1791 1280 1814 tot
1296 1791 1322 1813 et
1335 1791 1387 1813 tam
1402 1787 1504 1813 acerbis
1518 1787 1660 1822 suppliciis
1672 1787 1773 1814 civium
1787 1787 1840 1814 lto-

1046 1833 1201 1851 manorum:
1215 1829 1301 1851 tamen
1312 1825 1415 1850 animos
1425 1825 1504 1850 etiam
1516 1824 1688 1851 barbarorum
1698 1823 1839 1851 bominum

1047 1870 1240 1897 permoverem.
1281 1862 1363 1888 Tanta
1377 1862 1448 1888 enim
1463 1861 1545 1888 huius
1559 1862 1664 1896 imperii
1678 1861 1837 1896 amplitudo.

1048 1904 1117 1926 tanta
1132 1899 1248 1926 nominis
1257 1899 1369 1925 Romani
1382 1898 1499 1934 dignitas
1513 1903 1554 1925 est
1566 1899 1637 1934 apud
1651 1907 1744 1925 omnes
1755 1898 1840 1925 natio-

1047 1945 1108 1967 nes,
1133 1941 1163 1963 ut
1184 1937 1234 1962 ista
1257 1937 1285 1962 in
1308 1940 1411 1963 nostros
1434 1935 1555 1962 homines
1576 1935 1720 1962 crudelitas
1737 1935 1839 1962 nemini

1352 1973 1423 1999 Num
1437 1981 1486 2009 ego
1499 1973 1547 2000 tibi
1562 1973 1644 2000 ullam
1657 1972 1780 2004 salutem,
1794 1971 1839 1999 ul·

1047 2053 1098 2075 tate
1112 2048 1242 2079 iudicum,
1258 2048 1468 2074 circumretitum
1483 2047 1630 2082 frequentia
1640 2047 1733 2082 populi
1742 2047 1840 2074 noma-

1026 2110 1027 2115 ,
1047 2086 1075 2112 ni
1092 2094 1151 2112 esse
1169 2084 1294 2112 videam?
1332 2086 1390 2111 ⁴5⁴.
1411 2084 1440 2111 Si
1458 2084 1610 2111 mehercule
1627 2084 1664 2120 (id
1686 2083 1759 2120 quod
1781 2083 1839 2110 fieri

1047 2131 1099 2149 non
1118 2131 1196 2158 posse
1213 2121 1344 2158 intelligo)
1360 2130 1394 2148 ex
1412 2121 1454 2148 his
1474 2121 1576 2157 laqueis
1594 2126 1620 2148 te
1637 2121 1744 2148 exueris
1761 2129 1792 2148 ac
1811 2125 1839 2147 te

1025 2174 1027 2186 ⁴.
1047 2159 1137 2195 aliqua
1151 2160 1193 2186 via
1207 2168 1237 2186 ac
1250 2160 1351 2186 ratione
1363 2159 1519 2194 explicaris:
1546 2159 1574 2185 in
1588 2158 1649 2185 illas
1662 2158 1712 2185 tibi
1725 2158 1838 2184 maiores

1047 2197 1139 2233 plagas
1157 2196 1331 2224 incidendum
1349 2201 1402 2227 est,
1424 2197 1452 2222 in
1469 2195 1570 2231 quibus
1587 2200 1614 2222 te
1630 2195 1664 2222 ab
1677 2194 1769 2222 eodem
1783 2202 1836 2226 me.

1047 2235 1184 2269 superiore
1197 2243 1231 2261 ex
1245 2233 1302 2260 loco
1314 2233 1408 2260 confici
1421 2237 1447 2259 et
1459 2233 1563 2259 concidi
1577 2240 1685 2259 necesse
1697 2236 1748 2259 ost.
1787 2231 1838 2259 Cui

1046 2272 1070 2297 si
1083 2272 1163 2298 etiam
1177 2271 1218 2303 id,
1237 2271 1310 2306 quod
1322 2270 1454 2302 defendit,
1474 2269 1556 2296 velim
1569 2269 1725 2296 concedere:
1749 2273 1838 2295 tamen

1045 2309 1104 2343 ipsa
1117 2308 1162 2335 illa
1177 2308 1243 2335 falsa
1256 2307 1377 2334 defensio
1390 2316 1442 2334 non
1455 2307 1547 2333 minus
1560 2315 1618 2333 esse
1636 2307 1660 2333 ei
1677 2306 1835 2342 perniciosa,

1045 2354 1126 2381 quam
1140 2354 1199 2372 mea
1212 2353 1274 2371 vera
1287 2345 1419 2371 accusatio
1432 2344 1535 2370 debeat.

1101 2382 1172 2415 Quid
1190 2383 1262 2409 enim
1283 2381 1421 2409 defendit?
1444 2381 1486 2408 Ex
1501 2380 1628 2415 Hispania
1648 2378 1786 2449 gig-ient?
1806 2387 1838 2443 ⁸3

1673 2425 1716 2443 uis
1737 2421 1758 2443 u
1776 2425 1787 2442 ι
1808 2425 1817 2443 ι

1045 2494 1074 2520 id
1096 2494 1182 2521 facere
1205 2493 1298 2520 licuit?
1337 2494 1394 2519 ⁴52.
1416 2492 1513 2519 Forum
1535 2491 1645 2526 plenum
1668 2495 1694 2517 et
1710 2489 1836 2517 basilicas

1046 2532 1158 2558 istorum
1172 2531 1312 2558 hominum
1323 2529 1456 2560 videmus,
1471 2533 1498 2555 et
1506 2529 1596 2555 animo
1606 2535 1692 2563 aequo
1700 2527 1836 2554 videmus.

1046 2568 1141 2599 Civilis
1158 2568 1230 2595 enim
1249 2567 1426 2594 dissensionis
1443 2570 1469 2593 et
1486 2566 1544 2592 sive
1566 2565 1697 2592 amentiae
1716 2572 1766 2591 seu
1787 2563 1836 2591 fati

1046 2614 1095 2632 seu
1107 2605 1266 2632 calamitatis
1279 2613 1332 2631 non
1346 2608 1387 2630 est
1399 2604 1449 2630 iste
1467 2602 1597 2630 molestus
1614 2602 1716 2634 exitus,
1734 2602 1764 2628 in
1780 2609 1836 2637 quo

1045 2642 1163 2677 reliquos
1189 2641 1284 2669 saltem
1308 2642 1381 2668 cives
1406 2640 1555 2667 incolumes
1581 2639 1642 2666 licet
1667 2646 1835 2666 conservare-

205 2671 266 2698 duci
281 2673 441 2708 imperabat:
469 2683 550 2702 naves
563 2685 655 2704 eorum
669 2682 748 2713 atque
761 2686 840 2705 onera
853 2678 996 2715 diligenter
1023 2685 1026 2706 ι
1045 2679 1140 2706 Verres
1157 2678 1217 2711 ille,
1241 2683 1319 2706 vetus
1336 2677 1455 2714 proditor
1471 2676 1604 2708 consulis¹
1628 2675 1736 2704 tralatnr
1751 2683 1835 2712 quae-
