1941 3052
423 133 478 159 AD
511 131 807 159 HERENNIUM
842 133 927 159 LlB.
962 134 992 159 ΙΙ.

34 204 172 240 praeterito
193 207 310 238 tempore
332 207 433 237 oportet
453 203 632 234 considerare,
656 203 703 229 ubi
726 202 818 235 suerit,

33 242 80 268 ubi
94 242 170 267 visus
183 242 225 271 sit,
241 241 352 275 quicum
366 241 441 266 visus
455 241 502 271 sit,
519 249 583 266 num
598 240 664 275 quid
678 241 818 275 appararit,

34 287 99 305 num
112 287 193 313 quem
207 278 366 308 convenerit,
384 286 448 303 num
462 277 528 312 quid
542 277 647 308 dixerit,
664 286 729 303 num
739 286 820 312 quem

33 316 156 342 habuerit
173 315 205 341 de
223 315 345 345 consciis,
361 314 393 340 de
407 314 581 345 adiutoribus,
598 314 630 340 de
644 315 818 346 adiumentis,

34 362 99 380 num
110 352 200 379 fecerit
212 351 279 387 quid
296 352 324 378 in
343 351 399 377 loco
417 356 520 386 praeter
537 351 758 378 consuetudinem
776 356 821 378 aut

33 390 119 417 alieno
133 394 259 424 tempore.
293 390 321 414 In
335 389 443 415 instanti
458 393 575 423 tempore
588 393 738 423 quaeretur,
755 398 820 415 num

34 428 109 454 visus
123 427 165 458 sit,
181 435 266 461 quum
280 425 404 459 faciebat,
427 435 492 453 num
506 427 554 461 qui
564 426 698 460 strepitus,
711 425 817 457 clamor,

33 465 150 499 crepitus
164 463 307 490 exauditus
321 464 363 494 sit,
380 467 426 489 aut
438 463 563 498 denique,
580 471 644 489 num
655 462 721 497 quid
731 463 821 497 aliquo

33 510 114 528 sensu
129 505 282 536 perceptum
297 501 340 531 sit,
356 505 473 535 aspectu,
490 500 591 531 auditu,
607 504 687 531 tactu,
699 500 818 532 odoratu,

33 543 155 575 gustatu,
182 547 243 564 nam
265 538 356 572 quivis
378 538 473 564 horum
491 546 587 563 sensus
605 541 691 572 potest
708 537 820 564 conflare

33 576 223 610 suspicionem.
263 575 292 601 In
318 575 489 609 consequenti
511 578 628 609 tempore
647 575 818 609 spectabitur,

33 622 98 639 num
112 612 179 648 quid
192 621 220 638 re
234 616 362 638 transacta
376 612 497 638 relictum
512 612 554 643 sit,
571 612 643 647 quod
656 612 763 642 indicet,
776 616 821 638 aut

0 650 1 653 ’
33 650 132 677 factum
146 658 204 676 esse
214 649 382 680 maleficium,
395 653 440 675 aut
449 658 463 675 a
473 658 527 684 quo
536 650 570 675 sit
580 649 688 675 factum.
711 649 820 675 Factum

33 696 104 718 esse,
125 687 174 713 hoc
188 686 279 712 modo:
301 686 324 712 si
339 690 440 713 tumore
454 691 479 713 et
494 686 575 713 livore
589 686 767 712 decoloratum
781 691 821 712 est

33 733 129 759 corpus
139 724 244 755 mortui,
257 724 388 759 significat
397 733 459 750 eum
470 732 571 750 veneno
581 728 713 750 necatum.
735 723 757 750 A
767 732 821 758 quo

33 761 131 788 factum
150 761 192 792 sit,
212 760 262 786 hoc
279 761 369 788 modo:
392 762 415 787 si
433 761 529 792 telum,
545 762 568 787 si
583 761 780 791 vestimentum,
797 762 820 787 si

32 799 99 833 quid
116 798 247 824 eiusmodi
266 797 388 824 relictum
410 803 455 824 aut
474 799 619 834 vestigium
634 799 671 824 rei
685 803 819 832 repertum

33 835 124 866 suerit,
141 836 164 861 si
177 844 254 862 cruor
272 835 299 861 in
313 836 489 867 vestimentis,
505 837 528 862 si
543 837 570 862 in
584 844 614 862 eo
629 835 684 861 loco
699 844 820 870 compre-

31 872 133 899 hensus
155 877 201 898 aut
222 873 298 898 visus
317 877 446 899 transacto
465 874 582 908 negotio,
598 873 693 907 quoin
708 873 764 899 loco
778 882 819 899 res

31 914 105 946 gesta
119 909 225 936 dicitur.
256 909 413 936 Consecutio
426 915 474 942 est,
490 919 576 945 quum
590 911 735 945 quaeritur,
752 919 819 945 quae

31 947 107 983 signa
125 947 243 973 nocentis
262 952 286 973 et
299 948 447 974 innocentis
461 948 588 982 consequi
603 948 712 974 soleant.
734 948 820 974 Accu-

31 989 101 1011 sator
121 984 205 1014 dicet,
224 985 247 1010 si
269 986 372 1019 poterit,
392 985 583 1016 adversarium,
603 994 689 1020 quum
707 985 739 1011 ad
758 994 819 1011 eum

31 1026 141 1048 ventum
160 1022 202 1053 sit,
219 1022 368 1053 erubuisse,
385 1022 557 1057 expalluisse,
573 1023 711 1053 titubasse,
728 1023 820 1049 incon-

31 1063 129 1085 stanter
148 1059 264 1085 locutum
279 1068 345 1090 esse,
362 1060 518 1090 concidisse,
535 1060 684 1094 pollicitum
699 1069 757 1086 esse
771 1060 820 1086 ali-

30 1096 110 1131 quid,
132 1105 200 1131 quae
214 1097 290 1132 signa
303 1098 479 1123 conscientiae
493 1102 564 1123 sunt.
606 1097 634 1124 Si
648 1106 709 1123 reus
724 1097 819 1124 horum

30 1133 96 1160 nihil
109 1133 207 1165 fecerit,
220 1138 355 1160 accusator
364 1134 434 1161 dicet
455 1143 517 1160 eum
528 1143 615 1169 usque
625 1134 689 1161 adeo
700 1143 820 1169 praeme-

30 1171 143 1197 ditatum
157 1170 249 1203 fuisse,
266 1171 332 1206 quid
347 1172 398 1198 sibi
409 1176 479 1198 esset
490 1181 541 1198 usu
553 1176 704 1203 venturum,
718 1176 748 1198 ut
757 1181 820 1198 con-

30 1208 205 1235 fidentissime
222 1209 348 1235 resistens
366 1209 549 1244 responderet,
565 1218 634 1244 quae
648 1210 724 1245 signa
738 1210 820 1236 conli-

29 1246 141 1277 dentiae,
158 1254 210 1272 non
220 1246 384 1272 innocentiae
394 1251 466 1273 sunt.
492 1246 626 1277 Defensor,
640 1247 662 1273 si
673 1248 820 1281 pertimue-

29 1284 71 1314 rit,
99 1283 284 1319 magnitudine
309 1283 430 1318 periculi,
459 1293 511 1310 non
537 1285 696 1310 conscientia
719 1285 819 1319 peccati

29 1325 191 1347 commotum
205 1329 263 1347 esse
277 1321 354 1347 dicet.
378 1321 406 1347 Si
421 1330 471 1347 non
483 1322 656 1356 pertimuerit,
670 1321 767 1348 fretum
778 1323 820 1348 in-

29 1358 148 1384 nocentia
162 1358 269 1393 negabit
282 1367 340 1384 esse
353 1363 525 1385 commotum.
560 1359 602 1385 vl.
619 1361 642 1384 9.
658 1359 819 1393 Approbatio

28 1400 76 1426 est,
93 1403 146 1430 qua
160 1396 262 1421 utimur
275 1395 308 1421 ad
322 1399 479 1427 extremum,
492 1396 643 1422 confirmata
655 1397 816 1431 suspicione.

29 1432 65 1458 Ea
92 1432 172 1458 habet
194 1432 264 1459 locos
283 1433 403 1467 proprios
421 1437 500 1467 atque
517 1442 682 1459 communes.
717 1434 817 1468 Propi-ii

28 1474 99 1500 sunt,
116 1470 216 1504 quibus
243 1470 295 1495 nisi
309 1474 452 1501 accusator,
465 1470 599 1505 etquibus
622 1471 673 1496 nisi
696 1470 819 1497 defensor

29 1515 106 1533 nemo
123 1511 209 1541 potest
223 1508 271 1533 uti.
294 1507 455 1533 Communes
469 1511 540 1538 sunt,
557 1508 603 1542 qui
619 1508 667 1533 alia
683 1509 709 1534 in
724 1517 817 1534 caussa

27 1544 60 1570 ab
74 1552 126 1575 reo,
139 1543 190 1570 alia
204 1544 236 1570 ab
251 1548 400 1570 accusatore
411 1548 562 1570 tractantur.
586 1546 613 1571 ln
627 1554 720 1571 caussa
731 1546 819 1571 conie-

28 1580 121 1607 cturali
135 1581 259 1615 proprius
275 1581 348 1607 locus
362 1582 521 1608 accusatoris
532 1586 579 1612 cst,
592 1591 677 1616 quum
688 1583 752 1608 dicit
763 1592 819 1608 ma-

29 1618 114 1645 lorum
133 1619 251 1644 misereri
271 1627 323 1644 non
340 1623 472 1653 oportere,
489 1624 514 1644 et
527 1628 612 1654 quum
627 1624 705 1655 auget
719 1621 818 1654 peccati

28 1656 198 1682 atrocitatem.
238 1655 389 1682 Defensoris
412 1657 536 1691 proprius
560 1656 633 1683 locus
656 1661 707 1688 est,
732 1666 817 1692 quum

28 1693 235 1720 misericordiam
249 1697 336 1728 captat
360 1697 386 1720 et
399 1702 484 1728 quum
499 1698 675 1720 accusatorem
687 1694 819 1720 calumni-

27 1731 66 1757 ari
79 1731 244 1757 criminatur.
285 1730 446 1757 Communes
462 1731 511 1757 loci
525 1735 589 1757 sunt
606 1740 692 1766 quum
711 1740 819 1758 accusa-

28 1768 92 1794 toris
118 1772 175 1794 tum
189 1767 345 1799 defensoris,
362 1777 375 1794 a
390 1768 503 1795 testibus
514 1773 602 1794 contra
613 1773 700 1799 testes,
713 1778 726 1795 a
737 1778 819 1804 quae-

28 1805 160 1832 stionibus
182 1809 271 1832 contra
294 1806 471 1840 quaestiones,
496 1806 529 1832 ab
552 1807 715 1841 argumentis
729 1811 818 1833 contra

29 1846 192 1878 argumenta,
208 1851 222 1869 a
237 1843 389 1869 rumoribus
403 1847 492 1869 contra
507 1852 636 1870 rumores.
670 1843 691 1870 Α
706 1844 818 1870 testibus

28 1879 148 1906 dicemus
166 1880 314 1907 secundum
333 1881 514 1907 auctoritatem
533 1885 559 1907 et
572 1881 653 1907 vitam
672 1882 780 1907 testium
795 1886 820 1908 et

28 1917 202 1944 constantiam
217 1918 437 1944 testimoniorum.
476 1917 571 1945 Contra
585 1922 665 1944 testes
679 1919 748 1944 vitae
763 1923 819 1945 tur-

30 1954 186 1989 pitudinem,
203 1955 415 1981 testimoniorum
429 1955 646 1989 inconstantiam;
666 1956 689 1982 si
703 1961 749 1982 aut
763 1956 818 1983 lieri

30 2000 81 2018 non
99 1992 217 2026 potuisse
235 1991 365 2023 dicemus,
382 1997 427 2018 aut
441 2001 492 2019 non
507 1992 605 2019 factum
620 2002 678 2019 esse
692 1993 764 2028 quod
778 1993 820 2020 di-

28 2032 96 2060 cant,
112 2033 157 2056 aut
170 2029 237 2055 scire
251 2029 311 2056 illos
326 2038 377 2056 non
393 2030 520 2064 potuisse,
533 2035 578 2057 aut
589 2030 687 2065 cupide
696 2031 783 2057 dicere
794 2035 819 2057 et

28 2066 214 2102 argumentari.
236 2067 304 2093 llaec
317 2071 342 2093 et
355 2067 387 2093 ad
402 2067 622 2101 improbationem
633 2073 658 2094 et
669 2068 820 2102 approbati—

28 2111 105 2130 onem
120 2104 226 2130 testium
242 2103 420 2138 pertinebunt.
455 2104 506 2131 Vll.
524 2106 561 2132 ⁴0.
581 2105 602 2131 A
617 2106 819 2140 quaestionibus

29 2140 157 2171 dicemus,
174 2149 259 2175 quum
274 2140 525 2173 demonstrabimus,
547 2143 659 2169 maiores
674 2144 729 2170 veri
744 2144 820 2169 inve-

30 2178 118 2204 niendi
133 2186 226 2204 caussa
241 2179 377 2204 tormentis
388 2182 413 2204 et
423 2179 542 2205 cruciatu
555 2179 672 2206 voluisse
681 2181 782 2215 quaeri,
796 2184 820 2206 et

29 2223 135 2242 summo
148 2214 237 2242 dolore
251 2214 372 2241 homines
385 2215 452 2250 cogi,
469 2220 499 2242 ut
523 2217 657 2251 quidquid
671 2218 756 2244 sciunt
778 2218 820 2244 di-

30 2256 97 2279 cant.
131 2252 164 2279 Et
182 2256 314 2287 praeterea
328 2252 506 2280 confirmatior
522 2254 586 2280 haec
600 2255 649 2281 erit
662 2255 816 2289 disputatio,

29 2290 62 2321 si,
77 2298 146 2325 quae
159 2289 228 2316 dicta
243 2293 321 2315 erunt
334 2291 553 2325 argumentando,
570 2292 664 2318 iisdem
680 2293 741 2323 viis,
757 2293 820 2327 qui-

31 2327 81 2353 bus
99 2327 188 2354 omnis
198 2327 348 2353 coniectura
363 2331 494 2359 tractatur,
516 2328 652 2355 trahemus
667 2329 699 2355 ad
714 2330 768 2355 veri
783 2330 821 2356 si-

30 2363 120 2390 milem
134 2364 328 2399 suspicionem,
360 2364 485 2399 idemque
504 2365 554 2391 hoc
567 2366 593 2392 in
608 2367 767 2393 testimoniis
782 2366 821 2393 sa-

29 2409 87 2427 cere
105 2401 244 2436 oportebit.
285 2401 379 2428 Contra
397 2402 567 2436 quaestiones
585 2403 635 2430 hoc
653 2403 731 2430 modo
749 2404 820 2430 dicc-

31 2446 104 2464 mus:
121 2439 238 2473 primum
253 2439 364 2465 maiores
379 2439 496 2466 voluisse
510 2440 589 2466 certis
602 2440 630 2467 in
645 2441 725 2467 rebus
739 2441 820 2467 inter-

30 2475 92 2510 poni
105 2476 282 2510 quaestiones,
298 2485 384 2511 quum
410 2484 479 2511 quae
493 2485 553 2503 vere
566 2477 718 2504 dicerentur
747 2478 818 2509 sciri,

30 2520 98 2547 quae
112 2512 178 2539 falso
191 2513 217 2539 in
232 2513 386 2547 quaestione
399 2515 634 2548 pronuntiarentur
659 2514 744 2542 refelli
759 2524 820 2550 pos-

31 2553 97 2581 sent,
119 2549 168 2576 boc
186 2550 276 2577 modo:
303 2550 362 2582 Quo
375 2551 402 2577 in
418 2550 474 2577 loco
487 2551 552 2586 quid
568 2552 684 2585 positum
699 2552 742 2583 sit,
758 2556 784 2578 et
797 2553 819 2579 si

30 2586 97 2621 quid
110 2591 180 2613 esset
193 2587 289 2618 simile,
305 2587 377 2622 quod
389 2587 472 2615 videri
495 2593 540 2614 aut
550 2588 641 2623 aliquo
650 2589 732 2615 simili
743 2590 820 2625 signo

30 2624 130 2658 percipi
142 2628 243 2658 posset3
255 2624 359 2656 deinde,
371 2624 455 2651 dolori
465 2626 536 2652 credi
548 2635 598 2652 non
608 2631 736 2660 oportere,
747 2627 819 2662 quod

31 2659 99 2687 alius
113 2661 164 2687 alio
177 2662 305 2689 recentior
322 2662 356 2689 sit
369 2662 397 2690 in
411 2662 508 2694 dolore,
525 2663 597 2698 quod
612 2663 773 2699 ingeniosior
787 2664 820 2691 ad

1028 133 1124 159 CAP.
1160 136 1274 160 2—9.
1646 138 1660 161 9

872 203 1137 234 comminiscendum,
1145 204 1217 238 quod
1228 204 1343 238 denique
1353 213 1431 239 saepe
1441 206 1508 231 scire
1518 211 1562 231 aut
1572 208 1662 241 suspi-

872 241 924 266 cari
943 241 1035 275 possit,
1056 241 1123 275 quid
1136 241 1271 276 quaesitor
1285 241 1348 267 velit
1362 242 1466 274 audire,
1490 243 1561 277 quod
1575 252 1660 278 quum

872 277 976 308 dixerit,
997 278 1127 313 intelligat
1144 279 1197 304 sibi
1216 278 1295 304 linem
1309 278 1407 304 doloris
1422 279 1553 306 futurum.
1594 281 1661 306 llaec

871 314 1016 349 disputatio
1027 315 1250 350 comprobabitur,
1259 316 1281 341 si
1294 315 1454 347 refellemus,
1464 325 1531 351 quae
1543 318 1570 343 in
1580 326 1662 352 quae-

872 352 1004 378 stionibus
1019 357 1096 378 erunt
1109 352 1187 384 dicta,
1204 352 1335 387 probabili
1350 354 1592 388 argumentatione,
1620 355 1662 380 id-

871 398 924 423 que
938 390 1058 423 partibus
1072 390 1246 420 coniecturae,
1267 399 1334 424 quas
1349 395 1408 416 ante
1422 392 1606 425 exposuimus,
1624 392 1662 417 sa-

871 435 929 452 cere
943 427 1081 461 oportebit.
1106 428 1145 453 ti.
1161 427 1201 453 Ab
1216 428 1379 463 argumentis
1405 432 1430 454 et
1444 429 1529 463 signis
1556 433 1580 454 et
1594 434 1663 454 cete-

872 464 907 488 ris
928 463 1000 494 locis,
1021 464 1122 498 quibus
1142 469 1254 500 augetur
1272 466 1399 499 suspicio,
1420 465 1506 491 dicere
1521 466 1570 492 hoc
1584 466 1662 492 modo

871 502 1006 527 convenit:
1029 500 1118 533 Quum
1142 501 1225 528 multa
1243 507 1399 528 concurrant
1418 508 1572 538 argumenta
1586 508 1611 529 et
1625 504 1662 529 si-

871 546 932 572 gna,
949 547 1017 572 quae
1031 539 1099 564 inter
1113 547 1141 564 se
1155 540 1328 569 consentiant,
1345 548 1400 565 rem
1415 541 1592 574 perspicuam,
1610 550 1660 567 non

871 576 1047 609 suspiciosam
1060 575 1143 601 videri
1155 581 1285 610 oportere:
1302 577 1364 602 item
1376 577 1437 611 plus
1447 582 1565 612 oportere
1577 579 1661 613 signis

872 616 896 637 et
906 613 1069 647 argumentis
1083 613 1163 643 credi,
1178 622 1258 647 quam
1270 614 1394 646 testibus,
1411 614 1474 640 haec
1484 615 1555 640 enim
1566 624 1596 641 eo
1606 624 1662 641 mo—

871 649 905 675 do
915 650 1020 684 exponi,
1034 650 1167 684 quomodo
1177 659 1203 675 re
1215 659 1275 676 vera
1286 652 1338 676 sint
1348 656 1434 686 gesta;
1452 656 1531 678 testes
1543 661 1662 679 corrum-

872 687 898 720 pi
918 695 995 720 posse
1014 686 1054 712 vel
1073 688 1157 721 pretio
1188 687 1229 713 vel
1243 689 1327 722 gratia
1355 688 1395 714 vel
1411 694 1482 715 ructu
1510 689 1550 715 vel
1566 690 1662 716 simul-

872 728 929 749 tate.
958 724 1052 750 Contra
1071 729 1226 759 argnmenta
1246 730 1270 750 et
1288 725 1364 760 signa
1379 730 1403 751 et
1416 731 1515 752 ceteras
1530 728 1662 761 suspicio—

872 769 918 786 nes
937 761 1056 787 dicemus
1076 761 1125 787 hoc
1139 761 1228 792 modo,
1255 763 1278 787 si
1292 762 1542 794 demonstrabimus,
1560 764 1660 790 nnllam

872 807 926 824 rem
946 807 1013 829 csse,
1029 807 1110 833 quam
1126 807 1176 824 non
1193 799 1394 833 suspicionibus
1408 801 1498 834 quivis
1513 803 1595 835 possit
1610 803 1662 828 cri-

871 836 980 868 minari,
1000 836 1096 861 deinde
1111 844 1191 862 unam
1206 845 1341 870 quamque
1356 838 1535 871 suspicionem
1551 844 1662 865 extenu-

871 872 977 898 abimus
1000 878 1025 899 et
1047 873 1172 899 dabimus
1190 882 1305 907 operam,
1327 879 1355 900 ut
1373 874 1556 906 ostendamus,
1579 877 1662 902 nihilo

872 910 956 945 magis
974 911 1002 936 in
1017 919 1063 936 nos
1078 919 1144 941 eam,
1161 919 1241 945 quam
1256 911 1283 936 in
1297 911 1379 937 alium
1395 913 1549 947 quempiam
1565 922 1663 940 conve-

848 953 849 959 *
872 948 940 979 nire,
963 947 1103 983 indignum
1119 947 1222 973 facinus
1236 957 1304 979 esse,
1330 949 1387 975 sine
1402 950 1515 975 testibus
1529 952 1663 977 coniectu-

871 993 926 1010 ram
941 989 966 1010 et
979 985 1158 1019 suspicionem
1175 985 1333 1012 firmamenti
1345 987 1409 1012 satis
1420 987 1526 1013 habere.
1542 988 1606 1014 Ylll.
1623 991 1660 1014 ¹2.

870 1021 892 1047 A
908 1022 1061 1048 rumoribus
1080 1022 1209 1053 dicemus,
1231 1023 1253 1049 si
1273 1024 1431 1058 negabimus
1450 1029 1546 1051 temere
1565 1025 1662 1052 faniam

871 1060 943 1085 nasci
958 1059 1051 1090 solere,
1067 1060 1133 1094 quin
1148 1060 1236 1086 subsit
1250 1060 1366 1095 aliquid:
1383 1066 1408 1087 et
1421 1062 1444 1087 si
1454 1062 1575 1089 dicemus
1585 1073 1663 1089 cans-

871 1105 927 1122 sani
945 1106 997 1122 non
1016 1096 1108 1128 fuisse,
1129 1106 1211 1131 quare
1229 1098 1364 1132 quispiam
1379 1099 1539 1134 confingeret
1553 1104 1577 1126 ct
1591 1110 1663 1127 com-

871 1134 1068 1166 minisceretur,
1095 1139 1120 1160 et
1134 1140 1275 1169 praeterea,
1288 1136 1309 1161 si
1321 1136 1400 1162 ceteri
1411 1136 1471 1163 falsi
1482 1137 1582 1163 soleant
1594 1147 1660 1169 esse,

871 1172 1118 1206 argumentabimur
1132 1172 1204 1198 hunc
1218 1181 1276 1198 esse
1291 1182 1394 1199 verum.
1434 1174 1528 1200 Contra
1542 1184 1662 1202 rumores

870 1208 991 1234 dicemus
1014 1210 1141 1243 primum,
1167 1210 1189 1235 si
1203 1209 1360 1236 docebimus
1383 1211 1482 1237 multos
1505 1221 1563 1238 esse
1583 1212 1663 1239 falsos

847 1271 848 1276 ,
871 1255 999 1277 rumores,
1021 1251 1045 1272 et
1064 1246 1195 1281 exemplis
1214 1251 1328 1278 utemur,
1349 1248 1381 1274 de
1399 1249 1500 1283 quibus
1515 1249 1579 1276 salsa
1594 1250 1662 1276 sama

871 1283 962 1315 luerit,
985 1288 1010 1309 et
1028 1288 1073 1309 aut
1091 1285 1214 1310 inimicos
1234 1290 1335 1311 nostros
1358 1290 1404 1311 aut
1422 1286 1543 1313 homines
1570 1293 1662 1314 natur-1

870 1320 1014 1347 malevolos
1032 1326 1057 1347 et
1076 1321 1219 1348 maledicos
1238 1322 1398 1349 confinxisse
1417 1324 1551 1356 dicemus;
1580 1330 1663 1352 etant

870 1358 987 1393 aliquam
1011 1358 1096 1384 {ictam
1120 1358 1239 1385 fabulam
1262 1360 1289 1386 in
1313 1360 1478 1387 adversarios
1509 1362 1658 1390 afferemus,

846 1422 848 1429 <
869 1404 950 1430 quam
969 1396 1090 1422 dicamus
1108 1397 1234 1422 omnibus
1254 1398 1279 1423 in
1295 1406 1338 1423 ore
1353 1407 1424 1429 esse,
1450 1403 1495 1425 aut
1510 1408 1602 1426 verum
1618 1410 1663 1426 ru-

870 1441 969 1459 morem
985 1432 1215 1468 proferemus,qui
1230 1434 1283 1460 illis
1298 1435 1401 1470 aliquid
1417 1437 1590 1470 turpitudinis
1601 1438 1663 1463 assi·-

870 1474 916 1500 rat,
942 1478 1028 1504 neque
1051 1474 1138 1497 tamen
1157 1472 1180 1497 ei
1199 1473 1298 1498 rumori
1318 1481 1365 1498 nos
1387 1472 1465 1499 fidem
1481 1474 1577 1501 babere
1591 1475 1663 1501 ‹licc-

846 1504 848 1526 'i
870 1515 944 1537 mus,
965 1507 1024 1533 ideo
1037 1507 1110 1542 quod
1123 1509 1214 1542 quivis
1229 1508 1308 1535 homo
1322 1510 1405 1543 possit
1419 1512 1543 1545 quemvis
1559 1516 1662 1546 turpem

846 1543 847 1562 ἶ
869 1544 902 1570 de
919 1544 1041 1579 quolibet
1060 1553 1192 1571 rumorem
1208 1546 1324 1580 proferre
1350 1552 1375 1572 et
1392 1548 1529 1574 confictam
1545 1548 1661 1575 fabulam

846 1601 848 1604 ,
869 1581 1010 1616 dissipare.
1041 1582 1228 1609 Verumtamen
1243 1584 1265 1609 si
1281 1593 1371 1610 rumor
1386 1585 1554 1612 vehementer
1569 1587 1663 1621 probu—

847 1626 848 1634 ¹
870 1618 932 1644 bilis
947 1627 1005 1644 esse
1020 1619 1163 1651 videbitur,
1180 1621 1390 1655 argumentando
1405 1621 1488 1648 famae
1501 1623 1578 1649 lidcin
1591 1630 1663 1658 potc-

846 1673 848 1679 <
870 1657 955 1682 rimus
970 1656 1105 1691 abrogare.
1127 1657 1203 1689 Quod
1218 1662 1243 1684 et
1257 1658 1415 1685 diflicillima
1431 1664 1540 1686 tractatu
1551 1667 1589 1687 cst
1600 1670 1662 1687 con-

870 1694 972 1719 stitutio
990 1694 1185 1725 coniecturalis.
1207 1700 1232 1721 et
1251 1696 1277 1721 in
1297 1696 1366 1722 veris
1384 1698 1487 1723 caussis
1506 1699 1662 1733 saepissinn·

870 1730 1003 1757 tractanda
1022 1736 1069 1762 est,
1091 1740 1122 1758 eo
1139 1731 1297 1767 diligentius
1316 1742 1408 1760 omnes
1428 1735 1485 1760 eius
1501 1741 1587 1769 partes
1603 1745 1662 1771 per-

869 1769 978 1794 scrutati
993 1777 1102 1801 sumus;
1120 1774 1148 1795 ut
1163 1778 1195 1795 ne
1209 1770 1320 1804 parvula
1330 1771 1440 1806 quidem
1452 1773 1607 1799 titubatione
1618 1780 1662 1800 aut

870 1805 1012 1832 offensione
1026 1806 1228 1841 impediremur,
1249 1809 1271 1834 si
1286 1808 1319 1834 ad
1333 1808 1401 1835 hanc
1416 1810 1542 1836 rationem
1558 1820 1663 1845 praeve—

870 1843 968 1877 ptionis
979 1843 1163 1870 assiduitatem
1171 1846 1365 1872 exercitationis
1375 1848 1660 1874 acconunodassomu.-.

870 1880 916 1906 lX.
931 1882 970 1907 43.
983 1881 1060 1907 Nunc
1073 1881 1106 1907 ad
1122 1881 1254 1917 legitimae
1266 1884 1464 1910 constitutionis
1479 1891 1566 1919 partes·
1579 1891 1662 1912 traus-

870 1926 972 1944 eamus.
999 1918 1089 1950 Quum
1104 1919 1226 1945 voluntas
1241 1921 1377 1955 scriptoris
1391 1930 1451 1948 cum
1472 1923 1570 1957 scripto
1583 1924 1663 1949 dissi-

870 1955 932 1981 dere
955 1955 1099 1987 videbitur,
1124 1957 1146 1982 si
1165 1965 1179 1982 a
1197 1958 1295 1992 scripto
1314 1958 1444 1989 dicemus,
1470 1960 1511 1986 liis
1527 1960 1590 1986 locis
1606 1966 1662 1987 utc-

870 2001 938 2023 mur,
955 1993 1104 2020 secundum
1120 1995 1308 2021 narrationem:
1326 1997 1442 2030 primum
1457 1998 1594 2032 scriptoris
1609 1998 1662 2024 col-

871 2029 1034 2063 laudatione,
1048 2031 1144 2057 deinde
1158 2033 1250 2067 scripti
1265 2034 1430 2065 recitatione,
1445 2034 1542 2060 deinde
1554 2044 1662 2069 percon-

871 2068 975 2099 tatione,
992 2069 1124 2095 scirentne
1138 2069 1281 2096 adversarii
1296 2070 1321 2096 id
1333 2071 1462 2105 scriptum
1475 2071 1557 2098 suissc
1568 2074 1594 2099 in
1606 2073 1662 2108 lege

871 2109 916 2131 aut
934 2105 961 2131 in
981 2110 1137 2132 testamento
1155 2112 1200 2133 unt
1218 2107 1244 2133 in
1259 2107 1430 2142 stipulatione
1444 2114 1488 2135 aut
1502 2110 1529 2135 in
1543 2110 1663 2144 quolibet

870 2143 977 2177 scripto,
994 2143 1066 2177 quod
1081 2143 1113 2169 ad
1127 2152 1184 2170 eam
1200 2153 1254 2170 rcin
1270 2145 1411 2179 pertineat,
1436 2146 1531 2172 deinde
1545 2148 1663 2174 collatio-

872 2188 912 2211 ne,
933 2180 999 2214 quid
1018 2181 1148 2214 scriptum
1163 2181 1205 2212 sit,
1227 2182 1292 2216 quid
1311 2182 1455 2209 adversarii
1470 2193 1498 2209 se
1513 2183 1607 2210 secisse
1621 2185 1663 2211 di·-

870 2221 943 2248 cant,
964 2217 1030 2251 quid
1046 2217 1161 2244 iudicem
1176 2220 1252 2253 sequi
1268 2221 1415 2250 conveniat,
1433 2226 1523 2247 utrum
1538 2222 1563 2247 id
1590 2223 1662 2257 quod

870 2253 1013 2289 diligenter
1033 2256 1209 2290 perscriptum
1228 2257 1271 2287 sit,
1292 2266 1324 2282 an
1340 2256 1365 2282 id
1392 2258 1463 2292 quod
1478 2264 1554 2284 acute
1568 2260 1601 2285 sit
1616 2268 1662 2286 cx-

870 2292 1028 2326 cogitatum,
1053 2292 1149 2318 deiude
1167 2302 1196 2319 cn
1215 2295 1353 2324 sententia,
1374 2304 1442 2329 (lunc
1456 2295 1489 2321 ab
1503 2295 1662 2323 adversariis

871 2328 905 2354 sit
919 2329 1064 2364 excogitata
1083 2334 1108 2355 ct
1125 2331 1224 2365 scripto
1237 2331 1370 2361 attributa,
1391 2337 1573 2359 contemnetur
1586 2339 1610 2360 ct
1622 2335 1663 2360 iu-

872 2365 1029 2392 lirmabitur.
1060 2367 1158 2393 Deinde
1172 2373 1323 2402 qiiacrctur,
1340 2369 1405 2403 quid
1420 2370 1442 2395 ‹·i
1457 2369 1581 2401 obfuerit,
1598 2373 1620 2398 si
1636 2372 1662 2398 id

872 2402 1002 2429 voluisset
1023 2403 1185 2430 adscribere:
1219 2414 1282 2431 num
1311 2415 1361 2431 uon
1385 2407 1499 2440 potnerit
1522 2409 1660 2442 perscribi.

872 2440 970 2466 Deinde
984 2449 998 2466 a
1013 2441 1089 2467 nobis
1103 2443 1232 2468 sententia
1248 2443 1394 2477 reperietur
1404 2448 1429 2470 et
1439 2452 1533 2470 caussa
1546 2445 1662 2480 puisun·-

871 2481 922 2508 tur,
943 2486 996 2512 qua
1015 2487 1042 2503 re
1056 2478 1082 2504 id
1097 2479 1209 2513 scriptor
1222 2480 1343 2510 senserit,
1359 2481 1431 2515 quod
1447 2483 1613 2517 perscripsiu
1638 2491 1660 2509 ci

871 2513 1096 2541 demonstrabitur
1109 2516 1238 2550 scriptum
1254 2516 1321 2543 illud
1332 2526 1391 2543 csse
1401 2517 1527 2549 dilucide,
1537 2520 1594 2546 brcx
1603 2521 1659 2549 itcr.

871 2551 1017 2583 commode,
1034 2551 1156 2586 perfecte,
1173 2558 1241 2579 certa
1255 2562 1318 2581 cum
1332 2555 1440 2582 ratione.
1462 2556 1561 2583 Deinde
1572 2567 1662 2584 exciu-

849 2623 851 2628 ,
872 2587 914 2623 pla
933 2589 1107 2623 proferentur,
1128 2599 1196 2625 quae
1211 2600 1260 2621 res,
1281 2600 1365 2626 (pium
1380 2592 1413 2618 ub
1427 2593 1586 2620 adversariis
1601 2605 1662 2621 scu-

872 2627 950 2652 tentiu
969 2631 994 2652 ct
1009 2626 1130 2653 voluntas
1149 2628 1293 2659 afferretur,
1313 2638 1326 2654 a
1345 2630 1444 2664 scripto
1459 2632 1546 2665 potins
1561 2632 1662 2659 ludii-a-

848 2692 850 2699 Ι
873 2667 911 2690 [uc
925 2668 995 2691 suut.
1018 2664 1116 2693 Deinde
1130 2665 1291 2696 ostendetur,
1308 2675 1390 2702 quami
1405 2668 1585 2702 periculos-uin
1600 2671 1633 2697 sit
1648 2680 1661 2696 ,ι

1444 2718 1457 2741 2
