1941 3052
241 141 290 166 502
708 137 749 161 5352.
785 136 818 161 M.

239 211 311 247 quod
327 214 351 236 ot
368 209 487 238 fecimus,
505 212 538 237 et,
557 212 585 233 ιιι
600 215 685 241 spero,
699 215 749 232 non
763 205 857 231 frustra
870 205 990 234 fecimus,
1005 210 1031 231 ιιι

853 134 1186 161 T.‹;1t:13n(›Nts
1219 135 1403 162 ORATIO

1060 206 1062 240 J
1084 206 1193 238 Cognita
1211 213 1272 231 vero
1288 204 1426 232 clementia
1443 210 1499 233 tua.
1518 207 1579 241 quis
1595 214 1646 233 non
1662 214 1719 232 eam
1737 207 1872 234 victoriam

239 249 381 282 derepente
408 246 551 279 irrupisses
570 249 594 269 et
614 244 726 269 clamare
745 243 893 276 coepisses:
926 242 1029 272 (jar-sar,
1060 254 1061 275 ῃ
1084 242 1184 276 probet.
1199 242 1288 276 inqua
1300 242 1425 269 occiderit
1439 252 1524 273 nemo,
1538 244 1589 269 iniri
1601 243 1736 269 armatus?

240 295 304 311 envi-
316 286 446 317 ignosms,
463 290 525 307 cave
538 286 562 307 tc
574 281 692 309 fratrum,
707 288 753 314 pro
765 279 851 305 fratris
862 279 1032 305 suluteobse-

239 323 380 350 crantium,
404 320 573 345 miscreatur:
606 326 691 343 nonne
710 325 816 342 erinnem
839 316 1030 342 humanitatem

1140 279 1192 305 vil.
1216 281 1256 305 20.
1279 279 1344 309 Sed,
1369 284 1396 305 ut
1416 281 1535 306 omittam
1553 289 1722 307 communem
1738 289 1870 312 camum,

1084 316 1222 342 veniamus
1243 316 1274 341 ad
1292 321 1418 342 nostram.
1460 317 1551 343 Utrum
1569 318 1673 344 tande-m
1685 319 1822 344 existimas
1834 317 1873 345 f·-

239 357 379 385 cxuissvs‘?
397 358 500 388 Quanto
512 355 559 380 hoc
571 354 674 384 durius,
688 353 891 388 quodnosdomi
903 354 1028 388 petimus,
1051 349 1061 370 ⁴³
1081 353 1160 379 cilius
1182 353 1274 382 fuisse.
1297 354 1409 384 Tubero,
1433 354 1566 389 Ligarium
1586 363 1619 381 ex
1634 355 1720 381 Africa
1736 357 1822 383 exire.
1840 364 1872 382 an

241 396 266 422 id
284 400 306 421 tc
319 396 344 420 in
358 394 412 420 foro
422 392 614 427 oppugnare‘?
633 396 657 417 ct
670 392 695 416 in
708 391 751 416 tali
767 391 871 416 miseria
885 391 1029 417 multorum
1051 385 1059 402 '¹

240 432 392 467 perfugium
419 428 614 455 misericordiae
639 428 748 454 tollere?
781 428 868 453 Dicam
890 427 976 462 plane,
1000 428 1028 454 C.
1050 438 1052 463 ,¹

577 467 617 491 45.
635 466 662 491 Si
680 466 705 491 in
722 465 769 491 liac
785 469 854 490 tanta
871 469 914 491 tua
927 464 1029 491 fortuna
1050 487 1059 507 Γ

240 507 332 532 lenitas
349 509 417 530 tanta
435 512 484 530 non
501 507 579 533 esset,
597 507 723 537 quantam
737 507 763 528 tu
777 510 823 536 per
837 506 871 531 te.
885 511 931 536 per
943 507 975 532 te,
989 503 1030 528 in-
1050 510 1051 517 ¹

239 470 341 498 Caesar,
359 467 430 502 quod
446 466 540 492 sentio.

237 552 328 577 quam.
351 542 463 572 obtines,
485 539 624 575 (intelligo,
647 539 712 574 quid
730 538 842 574 loquar.)
858 539 1030 565 acerbissimo

239 581 311 606 luctu
330 578 489 605 redundaret
504 578 552 603 ista
569 577 686 603 victoria.
718 576 802 608 Quam
815 576 892 602 multi
904 578 974 604 enirn
987 585 1030 602 es—

237 621 296 643 sent
307 616 339 642 de
351 616 506 645 victoribus,
518 615 565 649 qui
578 619 602 640 te
611 613 746 640 crudelem
759 622 818 640 csse
829 613 934 645 vellent,
943 623 1028 650 quum

237 656 316 681 etiam
330 653 363 679 de
379 653 456 679 victis
468 651 650 686 reperiantur?
677 660 759 685 quam
771 651 857 682 multi,
873 653 930 686 qui,
943 660 1028 686 quum

236 700 250 717 a
272 696 295 718 te
316 690 416 717 nemini
438 690 539 725 ignosci
561 689 668 719 vellent,
686 688 846 723 impedirent
860 689 1028 715 clementiam

237 733 319 759 tuam,
341 736 426 763 quum
442 728 522 753 etiam
534 727 562 757 ii,
575 726 676 760 quibus
689 726 746 760 ipse
758 726 894 759 ignovisti.
909 726 993 752 nolint
1006 731 1029 752 te
1048 743 1051 770 κ’,
1095 761 1111 788 d
1175 767 1183 788 ι
1278 763 1312 788 bo
1347 764 1363 789 t.
1433 764 1438 768 ἡ
1470 764 1530 798 βω,
1563 769 1571 790 t
1661 769 1696 790 ut
1763 769 1772 790 ι

1080 771 1092 787 a
1114 771 1195 793 esse,
1219 771 1276 788 mor
1330 772 1409 789 eiam
1430 772 1467 789 im
1524 772 1561 790 ire
1575 773 1619 796 ur;
1645 773 1658 790 s
1699 772 1759 790 uera
1790 772 1873 790 excu-

236 766 264 792 in
280 766 345 792 alios
362 773 420 791 esse
437 762 653 790 misericordem?
669 764 708 789 ⁴6.
721 762 796 795 Quod
807 763 830 789 si
843 763 953 798 probare
965 764 1029 789 Cae-

235 804 287 829 sari
305 810 445 838 possemus
461 802 487 828 in
503 800 589 827 Africa
601 801 736 835 Ligarium
747 801 855 826 omnino
866 809 916 827 non
929 800 1026 832 fuisse;
1048 811 1050 820 ι

235 841 258 867 ai
276 840 385 866 honesto
400 844 426 865 et
437 838 602 864 misericordi
614 837 751 864 mendacio
762 837 841 864 saluti
853 838 904 865 civi
916 838 1026 864 calami-

236 882 292 904 toso
303 886 362 903 esse
374 876 518 903 vellemus:
541 880 629 902 tamen
641 875 758 901 hominis
769 883 820 901 non
832 879 910 906 esset.
924 876 1028 902 intanto

235 915 390 941 discrimine
405 918 431 940 et
442 913 560 948 periculo
570 913 647 943 civis,
661 911 780 938 refellere
792 916 817 938 et
827 920 970 948 coarguere
982 921 1029 939 no-

208 967 212 974 =
235 957 320 978 strum
342 951 524 982 mendacium;
557 954 590 980 et.
611 950 634 976 si
655 954 725 975 esset
745 949 868 980 alicuius,
886 951 944 976 eius
960 954 1028 976 certe

236 997 287 1016 non
302 993 379 1019 esset,
392 989 439 1023 qui
451 988 477 1014 in
492 987 582 1014 eadem
593 995 687 1013 caussa
698 991 723 1012 et
735 986 838 1012 fortuna
850 986 953 1014 fuisset.
976 987 1028 1013 Sed

235 1031 322 1053 tamen
339 1026 411 1052 aliud
422 1030 462 1051 cst
472 1033 558 1051 errare
570 1024 707 1051 Caesarem
720 1023 798 1054 nolle,
812 1023 885 1050 aliud
897 1024 967 1051 nolle
979 1025 1030 1050 mi-
1049 1045 1050 1058 ,

366 1063 434 1089 Tum
450 1062 565 1088 diceres:
587 1069 664 1092 cave,
682 1060 790 1091 Caesar.
807 1061 913 1094 credas;
936 1061 986 1088 fuit
1002 1062 1028 1088 in
1049 1091 1050 1094 Ἴ

234 1101 321 1128 Africa
329 1101 465 1136 Ligarius3
479 1099 539 1126 tulit
554 1107 624 1125 arma
640 1102 727 1124 contra
738 1103 772 1124 te.
785 1099 862 1125 Nunc
871 1098 1030 1134 quiddicis?
1048 1120 1050 1126 .

233 1064 326 1090 sereri.

233 1147 298 1165 cave
318 1138 449 1173 ignoscas.
482 1137 549 1163 llaec
569 1144 617 1162 nec
633 1135 762 1166 hominis,
781 1143 828 1161 nec
844 1136 876 1162 ad
893 1136 1028 1163 hominem

235 1184 286 1202 vox
303 1180 355 1202 est:
378 1183 430 1210 qua
451 1175 498 1209 qui
515 1173 586 1209 apud
603 1178 641 1203 te,
659 1172 687 1199 C.
705 1172 813 1203 Caesar,
831 1177 933 1204 utetur,
951 1182 1027 1200 suam

233 1213 313 1240 citius
329 1212 436 1239 abiiciet
451 1211 642 1238 humanitatem
651 1230 657 1241 ,
670 1218 751 1245 quam
763 1211 932 1246 extorquebit
943 1215 1026 1238 tuam.

287 1287 330 1314 VI.
354 1288 392 1312 Π.
413 1285 450 1312 Ac
466 1286 569 1321 primus
583 1285 671 1313 aditus
687 1290 712 1312 et
727 1286 869 1321 postulatio
879 1285 1027 1312 Tuberonis

233 1325 306 1355 haec,
329 1329 358 1350 ut
377 1324 479 1358 opinor,
498 1322 560 1355 fuit3
591 1324 661 1350 velle
676 1332 704 1350 se
718 1324 750 1349 ‹le
765 1324 796 1356 Q.
814 1323 912 1359 Ligarii
928 1322 1027 1349 scelere

232 1361 329 1388 dicere.
370 1361 426 1387 Non
439 1360 540 1391 dubito,
554 1360 619 1395 quin
631 1361 778 1387 admiratus
793 1361 840 1392 sis,
859 1360 901 1387 vel
911 1360 983 1395 quod
994 1360 1026 1386 de

233 1398 308 1425 nullo
319 1398 370 1425 alio
380 1399 534 1433 quisquam,
548 1397 588 1424 vel
601 1398 673 1433 quod
685 1399 718 1429 is,
730 1399 816 1433 quiin
829 1397 921 1424 eadem
931 1406 1025 1424 caussa

233 1436 336 1466 fuisset.
361 1435 402 1461 vel
419 1435 548 1470 quidnam
565 1436 627 1461 novi
644 1435 767 1462 facinoris
779 1435 891 1462 afferret.
931 1434 1026 1461 Scelus

233 1478 261 1500 tu
281 1473 348 1499 illud
365 1481 451 1504 vocas,
469 1472 591 1499 Tubero?
616 1472 687 1499 Cur‘?
711 1473 763 1499 Isto
778 1473 849 1499 enim
862 1472 968 1499 nomine
978 1472 1024 1498 illa

231 1510 319 1537 adhuc
338 1518 433 1537 caussa
453 1510 547 1536 caruit.
591 1509 644 1536 Alii
663 1518 778 1536 errorem
799 1509 948 1545 appellant:
979 1509 1024 1536 alii

230 1548 366 1580 timorem3
397 1547 444 1582 qui
464 1546 574 1577 durius,
597 1555 686 1582 spem,
708 1547 895 1582 cupiditatem,
921 1546 1022 1577 odium,

231 1585 416 1620 pertinaciam:
447 1584 495 1619 qui
515 1585 687 1620 gravissime,
710 1585 898 1617 temeritatem;
925 1583 1022 1615 scelus,

231 1626 333 1657 praeter
344 1626 377 1653 te,
386 1621 474 1648 adhuc
485 1629 572 1648 nemo.
593 1622 630 1648 Ac
642 1621 708 1648 mihi
720 1621 839 1656 quidem,
852 1622 875 1647 si
887 1622 1023 1656 proprium

230 1664 257 1686 et
276 1668 370 1686 verum
386 1667 482 1685 nomen
497 1659 580 1685 nostri
596 1659 658 1685 mali
674 1663 824 1694 quaeratur,
843 1658 931 1685 fatalis
941 1666 1025 1693 quae-

230 1696 292 1724 dam
312 1696 447 1723 calamitas
462 1695 589 1722 incidisse
604 1696 710 1722 videtur
723 1700 749 1722 et
763 1695 927 1731 improvidas
938 1695 1026 1722 homi-

230 1742 296 1760 num
317 1737 419 1760 mentes
439 1733 626 1767 occupavisse:
659 1738 689 1759 ut
709 1741 786 1760 nemo
809 1733 898 1759 mirari
918 1732 1022 1763 debeat,
1052 1750 1054 1760 >

1052 1784 1053 1789 =
1076 1774 1109 1800 te,
1132 1769 1210 1796 cuius
1230 1769 1257 1795 id
1272 1777 1333 1795 eum
1350 1768 1434 1795 facere
1448 1768 1577 1799 interfuit,
1593 1769 1762 1805 gravissimis
1780 1769 1868 1796 verbis

230 1770 348 1797 humana
372 1770 483 1797 consilia
508 1770 599 1796 divina
624 1771 781 1796 necessitate
805 1778 864 1796 esse
889 1774 1022 1804 superata.

232 1809 273 1834 ⁴8.
290 1808 378 1834 Liceat
392 1816 450 1834 esse
466 1808 591 1833 miseros:
612 1815 777 1842 quamquam
794 1807 843 1834 hoc
857 1807 954 1834 victore
965 1815 1024 1833 esse

230 1853 283 1872 non
303 1853 461 1880 possumus3
483 1843 530 1870 sed
544 1853 597 1871 non
613 1844 706 1879 loquor
716 1844 749 1871 de
762 1844 853 1871 nobis:
875 1844 908 1871 de
919 1844 974 1871 illis
986 1843 1025 1870 lo-

229 1890 306 1917 quor,
328 1882 376 1917 qui
391 1880 553 1908 occiderunt.
593 1881 704 1908 Fuerint
720 1881 821 1916 cupidi,
840 1881 938 1908 fuerint
953 1881 1021 1912 irati,

230 1919 329 1946 fuerint
349 1919 511 1953 pertinaces:
546 1918 655 1945 sceleris
680 1927 743 1945 vero
762 1919 886 1949 crimine,
914 1918 1020 1949 furoris.

229 1955 376 1992 parricidii,
398 1955 475 1982 liceat
494 1955 542 1982 Cn.
559 1956 685 1991 Pompeio
700 1961 816 1986 mortuo,
839 1955 915 1983 liceat
930 1955 1023 1982 multis

229 1993 289 2020 aliis
310 2001 408 2019 carere.
448 1992 560 2025 Quando
579 1993 628 2020 hoc
647 1993 792 2028 quisquam
808 2001 842 2020 ex
857 1997 894 2024 te,
917 1993 1021 2024 Caesar,

229 2031 341 2061 audivit,
364 2035 409 2057 aut
428 2034 474 2057 tua
489 2029 556 2065 quid
570 2029 644 2056 aliud
659 2039 730 2056 arma
747 2030 897 2062 voluerunt,
911 2031 963 2057 nisi
973 2039 987 2057 a
998 2035 1023 2057 te

228 2067 417 2095 contumeliam
433 2066 607 2102 propulsare?
625 2067 697 2099 Quid
711 2068 838 2103 egittuus
849 2067 895 2094 ille
905 2068 1022 2094 invictus

229 2106 376 2136 exercitus,
399 2105 450 2131 nisi
471 2109 501 2131 ut
521 2113 602 2130 suum
623 2105 666 2131 ius
686 2109 806 2131 tueretur
825 2110 851 2131 et
865 2105 1022 2141 dignitatem

229 2141 322 2169 tuam‘?
349 2141 438 2174 Quid?
467 2142 516 2172 Tu,
533 2150 617 2177 quum
634 2150 726 2177 pacem
741 2151 800 2168 esse
810 2142 946 2177 cupiebas,
960 2142 1023 2169 idne

228 2179 335 2216 agebas,
358 2184 387 2206 ut
406 2179 455 2206 tibi
470 2187 532 2205 cum
547 2178 692 2210 sceleratis,
710 2187 743 2206 an
754 2184 854 2206 utcum
866 2179 944 2206 bonis
955 2180 1022 2206 civi-

228 2216 280 2243 bus
300 2216 470 2244 conveniret?
500 2218 540 2242 ⁴9.
562 2216 628 2242 Mihi
648 2224 724 2247 vero,
748 2216 856 2248 Cacsar,
873 2221 917 2243 tua
935 2217 964 2243 in
979 2225 1022 2243 me

228 2254 343 2281 maxima
365 2254 459 2280 merita
475 2258 544 2280 tanta
558 2258 629 2280 certe
643 2262 696 2280 non
712 2253 875 2285 viderentur,
891 2255 916 2280 si
926 2262 978 2285 me,
992 2258 1022 2280 ut

227 2291 400 2322 sceleratum,
422 2299 436 2317 a
457 2295 482 2317 te
502 2295 688 2317 conservatum
703 2295 834 2326 putarem.
883 2291 1022 2324 Quomodo

227 2333 316 2355 autem
327 2333 356 2355 tu
367 2328 400 2355 de
411 2328 547 2363 republica
559 2328 626 2354 bene
637 2329 749 2354 meritus
760 2337 842 2359 esses,
855 2329 877 2355 si
890 2333 927 2355 tot
937 2328 1022 2355 scele-

226 2370 297 2392 ratos
313 2365 442 2392 incolumi
456 2365 584 2401 dignitate
595 2373 654 2392 esse
665 2365 817 2392 voluisses?
836 2365 1020 2392 Secessionem

227 2407 255 2429 tu
267 2403 341 2429 illam
353 2403 550 2433 existimavisti,
564 2402 668 2433 Caesar,
680 2402 765 2434 initio,
778 2411 831 2429 non
842 2402 953 2434 bellum,
967 2411 1019 2429 non

227 2439 323 2466 hostile
333 2440 435 2471 odium,
449 2439 497 2466 sed
507 2439 586 2466 civile
596 2439 754 2472 dissidium;
776 2440 899 2475 utrisque
909 2440 1020 2475 cupien-

227 2476 300 2503 tibus
312 2477 506 2512 rempublicam
516 2476 627 2506 salvam.
649 2476 697 2502 sed
708 2477 804 2511 partim
815 2477 944 2508 consiliis.
958 2485 1020 2512 par-

227 2513 276 2538 tim
295 2514 393 2540 studiis
408 2523 423 2540 a
437 2514 574 2540 communi
585 2513 699 2540 utilitate
709 2513 903 2541 aberrantibus.
943 2514 1020 2541 Prin-

227 2549 318 2584 cipum
328 2550 444 2585 dignitas
455 2555 510 2577 erat
520 2559 603 2586 paene
613 2559 669 2585 par,
683 2558 734 2577 non
746 2559 793 2585 par
799 2550 1016 2582 fortasseeorum,

226 2586 275 2621 qui
286 2587 478 2621 sequebantur3
499 2596 593 2614 caussa
606 2593 664 2614 tum
675 2587 766 2618 dubia,
774 2588 907 2622 quoderat
916 2588 1019 2623 aliquid

226 2623 255 2649 in
277 2627 390 2658 utraque
405 2629 490 2658 parte,
508 2624 580 2660 quod
595 2625 701 2660 probari
715 2628 818 2659 posset:
840 2633 912 2652 nunc
926 2625 1020 2652 melior

226 2664 297 2687 certe
316 2668 346 2687 ea
367 2660 508 2688 iudicanda
529 2666 582 2693 est,
601 2669 684 2697 quam
699 2662 778 2688 etiam
793 2661 831 2688 dii
847 2662 1017 2690 adiuverunt.

1085 399 1129 414 vos
1154 391 1180 416 in
1202 389 1317 416 Africam
1338 400 1389 417 non
1411 391 1518 417 venire?
1538 392 1736 422 Ιόιιειίιιιιιιιιιι·Ι
1755 393 1871 427 inquiet.

1081 436 1166 461 (μιιιιιι
1177 432 1286 453 senatus
1297 428 1464 454 censuisset?
1482 429 1508 454 Si
1522 429 1871 459 rnecomutis.nul10modo.

1082 464 1134 490 Sed
1151 469 1237 490 tamen
1255 465 1389 499 Ligarium
1402 470 1510 492 senatus
1523 465 1593 492 idem
1605 466 1745 501 legaverat.
1785 468 1874 502 Atque

1082 502 1126 527 ille
1147 510 1178 528 eo
1194 506 1310 536 tempore
1326 503 1421 537 paruit.
1439 511 1524 538 quum
1541 511 1632 537 parere
1646 505 1749 530 senatui
1765 511 1873 530 necessa

1057 542 1059 552 ¹
1081 543 1149 565 erat:
1183 547 1229 565 vos
1246 544 1301 565 turn
1319 540 1456 574 paruistis,
1472 548 1557 575 quum
1570 541 1657 575 paruit
1668 549 1753 570 nemo.
1766 542 1812 576 qui
1825 550 1873 568 no-

1083 575 1140 602 luit.
1182 576 1354 611 Repu-hendo
1366 577 1466 612 igitur?
1485 578 1594 604 Minime
1606 586 1676 604 vero.
1698 579 1789 613 Neque
1799 579 1871 605 enim

1056 609 1059 619 ¹
1082 613 1155 639 licuit
1167 613 1243 639 aliter
1249 615 1441 649 vestrogeneri.
1450 615 1560 645 nomini.
1570 614 1694 643 familiae.
1702 615 1870 650 disciplinae.

1081 650 1132 676 Sed
1154 650 1202 677 hoc
1217 659 1268 677 non
1284 651 1408 682 concedo,
1426 656 1463 682 ιιι,
1479 652 1579 687 quibus
1591 652 1671 678 rebus
1682 652 1831 687 gloriemini
1844 653 1872 679 in

1081 688 1166 717 vobis,
1189 688 1294 714 easdem
1316 689 1342 715 in
1359 688 1418 715 aliis
1433 689 1643 724 reprehendatis.
1669 691 1710 716 21.
1724 690 1872 716 Tuberonis

1080 734 1136 751 sors
1156 726 1271 752 coniecta
1287 730 1327 752 est
1342 734 1374 752 ex
1390 726 1633 758 senatusconsulto,
1650 735 1734 762 quum
1751 727 1808 761 ipse
1819 735 1872 754 non

1079 808 1146 826 sare.
1187 800 1255 826 llaec
1274 809 1324 835 ego
1343 801 1405 826 novi
1420 806 1526 835 propter
1540 809 1632 828 omnes
1649 801 1870 833 necessitudines,

1079 845 1148 872 quac
1160 837 1225 863 mihi
1237 842 1300 863 sunt
1310 846 1371 863 cum
1384 838 1413 864 L.
1426 838 1574 865 Tuberone.
1613 839 1687 865 Domi
1700 847 1751 865 una
1762 838 1870 869 eruditi,

1081 874 1191 900 militiae
1211 874 1423 906 contubernales,
1441 879 1500 910 post
1515 875 1617 906 affines,
1633 876 1660 902 in
1672 876 1743 902 omni
1755 875 1873 911 denique

1081 912 1132 938 vita
1145 911 1298 938 familiares.
1321 912 1533 948 Magnumetiam
1541 912 1871 947 vinculum.quodiisdem

1080 949 1177 975 studiis
1197 957 1303 983 semper
1323 950 1364 975 usi
1380 958 1486 976 sumus.
1525 949 1584 976 Scio
1605 951 1686 982 igitur
1704 950 1871 977 Tuberonem

1056 999 1057 1008 ι
1079 986 1151 1013 domi
1168 994 1273 1012 manere
1286 986 1418 1019 voluisse;
1440 987 1487 1013 sed
1499 987 1534 1013 ita
1545 982 1655 1022 quidam
1666 987 1760 1016 aiebat.
1774 988 1808 1013 ita
1819 988 1873 1014 rei-

1080 1023 1203 1058 publicae
1222 1024 1422 1050 sanctissimum
1437 1032 1532 1050 nomen
1544 1024 1701 1059 opponebat.
1715 1029 1753 1055 ut.
1766 1025 1872 1051 etiamsi

1080 1061 1155 1087 aliter
1165 1061 1283 1091 sentiret.
1296 1061 1437 1088 verborum
1449 1065 1536 1088 tamen
1547 1062 1666 1096 ipsorum
1679 1061 1874 1096 pondussusti-

1080 1106 1142 1125 nere
1164 1106 1216 1124 non
1237 1103 1336 1133 posset.
1371 1100 1413 1125 22.
1436 1098 1523 1126 Cessit
1543 1099 1690 1125 auctoritati
1710 1098 1872 1134 amplissimi

1080 1136 1139 1166 viri,
1162 1135 1203 1162 vel
1224 1136 1314 1170 potius
1334 1136 1430 1170 paruit.
1471 1135 1526 1162 Una
1543 1141 1582 1162 est
1598 1135 1732 1170 profectus
1749 1144 1811 1163 cum
1824 1137 1868 1167 iis.

1079 1181 1193 1208 quorum
1215 1177 1270 1199 erat
1288 1181 1340 1199 una
1356 1181 1465 1199 caussa:
1488 1173 1589 1199 tardius
1604 1174 1653 1200 iter
1669 1173 1741 1200 fecit.
1781 1174 1872 1209 ltaque

1079 1210 1106 1236 in
1126 1209 1242 1237 Africam
1258 1210 1332 1236 venit
1346 1210 1399 1236 iam
1414 1215 1578 1245 occupatam.
1618 1210 1685 1237 Hinc
1695 1211 1722 1237 in
1734 1211 1870 1246 Ligarium

1078 1248 1179 1274 crimen
1199 1248 1292 1278 oritur,
1310 1247 1352 1273 vel
1368 1248 1406 1274 ira
1421 1248 1520 1282 potius.
1559 1247 1639 1278 Nam,
1662 1249 1685 1274 si
1704 1249 1804 1274 crimen
1818 1253 1870 1279 eat.

1079 1284 1155 1311 illum
1177 1284 1304 1316 voluisse,
1322 1293 1374 1311 non
1386 1285 1476 1311 minus
1487 1293 1614 1321 magnum
1625 1290 1673 1315 est.
1686 1294 1733 1311 vos
1744 1284 1869 1318 Africam,

1078 1322 1199 1349 omniurn
1220 1323 1418 1357 provinciarum
1433 1330 1529 1352 arcem.
1547 1327 1634 1349 natam
1651 1322 1684 1349 ad
1695 1322 1797 1349 bellum
1807 1331 1872 1350 con-

1078 1364 1115 1386 tra
1137 1360 1205 1386 hanc
1224 1359 1318 1386 urbem
1333 1359 1494 1396 gerendum,
1511 1360 1630 1386 obtinere
1645 1359 1772 1390 voluisse.
1789 1368 1871 1395 quam

1077 1396 1194 1432 aliquem
1206 1405 1235 1423 se
1246 1396 1384 1423 maluisse.
1405 1396 1492 1432 Atque
1506 1397 1529 1423 is
1541 1402 1628 1423 tamen
1639 1397 1737 1432 aliquis
1748 1397 1871 1433 Ligarius

1077 1442 1130 1461 non
1146 1433 1207 1460 fuit.
1248 1435 1332 1461 Varus
1343 1435 1487 1469 imperium
1497 1443 1527 1460 se
1538 1434 1635 1461 habere
1645 1434 1763 1467 diceban
1785 1434 1870 1461 fascea

1077 1476 1146 1498 certe
1158 1471 1280 1498 babebat.
1308 1473 1349 1498 23.
1361 1471 1414 1498 Sed
1424 1480 1533 1507 quoquo
1543 1471 1622 1498 modo
1633 1480 1691 1498 sese
1701 1471 1768 1498 illud
1780 1471 1868 1503 habet,

1078 1509 1142 1535 haec
1160 1509 1269 1544 querela
1291 1513 1387 1540 vestra,
1401 1509 1514 1539 Tubero,
1530 1509 1596 1544 quid
1612 1508 1700 1535 valet?
1719 1509 1826 1544 Recepti
1842 1509 1870 1536 iu

1077 1546 1241 1581 provinciam
1256 1554 1308 1573 non
1323 1555 1428 1573 sumus.
1467 1546 1547 1579 Quid,
1564 1546 1588 1573 si
1599 1545 1712 1572 essetis?
1730 1546 1871 1573 Caesarine

1076 1592 1134 1609 eam
1150 1583 1271 1610 tradituri
1283 1583 1414 1614 fuissetis,
1430 1591 1464 1610 an
1474 1588 1565 1610 contra
1576 1584 1714 1611 Caesarem
1725 1582 1871 1610 retenturi?

1077 1621 1143 1647 Vnt.
1164 1620 1241 1651 Vide,
1264 1620 1330 1655 quid
1346 1621 1476 1652 licentiae,
1494 1621 1602 1651 Caesar,
1620 1621 1697 1647 nobis
1712 1625 1756 1647 tua
1773 1620 1870 1647 libera-

1078 1657 1136 1684 litas
1147 1657 1200 1688 det,
1214 1657 1255 1684 vel
1267 1658 1356 1692 potius
1367 1657 1502 1684 audaciae.
1537 1657 1566 1684 Si
1577 1657 1743 1692 responderit
1753 1658 1866 1689 Tubero,

1075 1694 1263 1729 Africamque
1273 1699 1381 1721 senatus
1393 1703 1454 1721 eum
1465 1703 1577 1730 sorsque
1588 1695 1703 1725 miserat,
1712 1694 1760 1721 tibi
1768 1700 1869 1729 patrem

1075 1740 1156 1758 suum
1176 1732 1335 1758 traditurum
1355 1731 1453 1758 fuisse:
1476 1740 1527 1758 non
1548 1731 1676 1758 dubitabo
1690 1731 1761 1766 apud
1777 1733 1868 1767 ipsum

1075 1806 1134 1833 eius
1145 1806 1288 1833 consilium
1299 1805 1503 1841 reprehendere.
1529 1807 1586 1833 Non
1597 1807 1678 1837 enim.
1691 1807 1714 1832 si
1725 1806 1773 1833 tibi
1785 1815 1813 1833 ea
1825 1814 1868 1833 res

1074 1848 1147 1880 grata
1169 1843 1273 1874 fuisset,
1294 1848 1365 1870 esset
1379 1844 1457 1870 etiam
1474 1843 1592 1878 probata.
1623 1845 1665 1870 ΞΑ.
1682 1843 1735 1870 Sed
1750 1844 1801 1870 iam
1818 1843 1869 1871 hoc

1075 1886 1158 1908 totum
1178 1882 1284 1911 omitto:
1307 1890 1359 1907 non
1375 1885 1437 1912 tam,
1455 1886 1484 1907 ut
1500 1889 1532 1906 ne
1547 1881 1678 1907 offendam
1695 1885 1754 1907 tuas
1766 1881 1869 1915 patien-

1074 1918 1193 1945 tissimas
1213 1926 1300 1949 aures,
1316 1926 1398 1953 quam
1413 1927 1446 1944 ne
1457 1918 1570 1949 Tubero,
1582 1917 1656 1953 quod
1666 1926 1813 1953 numquam
1823 1926 1868 1945 co—

1073 1956 1177 1991 gitavit.
1200 1955 1318 1982 facturus
1333 1963 1393 1982 esse
1407 1955 1539 1982 videatur.
1579 1955 1729 1982 Veniebatis
1744 1955 1826 1991 igitur
1839 1955 1868 1982 in

1073 1992 1190 2019 Africam
1202 1993 1375 2028 provinciam,
1392 2001 1474 2020 unam
1489 2001 1523 2019 ex
1533 1992 1659 2019 omnibus
1670 1993 1733 2019 huic
1744 1993 1869 2019 victoriae

1075 2030 1190 2057 maxime
1209 2029 1342 2061 infestam,
1360 2030 1387 2056 in
1402 2039 1456 2065 qua
1467 2035 1522 2057 erat
1532 2038 1579 2056 rex
1589 2030 1802 2065 potentissimus,
1814 2029 1868 2056 ini-

1074 2068 1161 2094 micus
1176 2067 1240 2094 huic
1255 2075 1375 2098 caussae,
1397 2067 1482 2094 aliena
1493 2067 1626 2098 voluntas,
1638 2071 1786 2094 conventus
1796 2066 1867 2094 firmi

1073 2109 1153 2140 atque
1176 2105 1276 2140 magni.
1317 2104 1429 2137 Quaero,
1451 2104 1518 2140 quid
1537 2103 1632 2131 facturi
1644 2103 1752 2131 finistis?
1770 2111 1867 2139 quam·

1073 2150 1165 2177 quam,
1187 2142 1253 2177 quid
1265 2141 1358 2168 facturi
1374 2141 1487 2172 fueritis,
1505 2150 1557 2168 non
1572 2141 1707 2172 dubitem,
1723 2149 1809 2176 quum
1824 2142 1867 2168 vi-

1073 2180 1158 2210 deam,
1175 2179 1242 2214 quid
1257 2178 1382 2205 feceritis.
1408 2179 1539 2205 Prohibiti
1554 2180 1619 2205 estis
1634 2179 1661 2205 in
1673 2179 1808 2213 provincia
1820 2186 1867 2205 ve-

1073 2221 1126 2243 stra
1138 2216 1233 2251 pedem
1244 2225 1350 2251 ponere,
1363 2221 1389 2242 et
1399 2216 1536 2251 prohibiti,
1550 2221 1579 2242 ut
1590 2215 1746 2251 perhibetis,
1758 2223 1866 2242 summa

1072 2262 1133 2280 cum
1144 2254 1252 2280 iniuria.
1282 2255 1325 2280 25.
1337 2253 1476 2286 Quomodo
1488 2253 1516 2279 id
1526 2252 1644 2280 tulistis?
1662 2256 1783 2287 acceptae
1793 2253 1867 2279 iniu-

1072 2292 1126 2317 riae
1145 2290 1281 2326 querelam
1296 2290 1330 2317 ad
1344 2299 1426 2326 quem
1441 2290 1594 2317 detulistis?
1622 2290 1724 2324 Nempe
1742 2289 1776 2315 ad
1790 2297 1862 2320 eum,

1071 2328 1149 2355 cuius
1167 2328 1349 2354 auctoritatem
1363 2328 1448 2354 secuti
1462 2328 1491 2354 in
1506 2327 1657 2354 societatem
1672 2326 1737 2353 belli
1754 2335 1866 2353 venera-

1071 2366 1115 2391 tis.
1141 2365 1218 2397 Quod
1228 2365 1251 2391 si
1263 2365 1382 2392 Caesaris
1392 2373 1486 2391 caussa
1497 2365 1526 2391 in
1536 2364 1699 2399 provinciam
1705 2363 1862 2395 veniebatis,

1071 2402 1104 2428 ad
1114 2410 1176 2429 eum
1187 2401 1304 2437 profecto
1314 2401 1417 2429 exclusi
1427 2402 1563 2437 provincia
1572 2401 1724 2427 venissetis.
1747 2401 1864 2428 Venistis

1071 2439 1104 2466 ad
1123 2440 1291 2475 Pompeium.
1329 2439 1403 2471 Quae
1422 2443 1463 2465 est
1481 2446 1544 2474 ergo
1557 2438 1622 2464 haec
1637 2438 1709 2473 apud
1723 2437 1863 2465 Caesarem

1071 2476 1189 2512 querela,
1210 2485 1296 2512 quum
1311 2485 1374 2503 eum
1389 2476 1528 2506 accusetis.
1550 2483 1565 2501 a
1579 2483 1634 2510 quo
1647 2475 1799 2510 queramini
1813 2483 1863 2502 vos

1071 2514 1228 2549 prohibitos,
1241 2518 1330 2540 contra
1341 2513 1479 2540 Caesarem
1490 2511 1591 2539 bellum
1601 2511 1712 2548 gerere?
1735 2513 1823 2547 Atque
1833 2512 1861 2538 in

1072 2552 1120 2578 hoc
1130 2551 1250 2586 quidem,
1263 2550 1306 2578 vel
1317 2559 1379 2577 cum
1390 2549 1535 2580 mendacio,
1548 2549 1571 2575 si
1583 2549 1681 2580 velitis,
1696 2548 1804 2585 gloriari
1814 2557 1863 2584 per

1070 2596 1113 2614 me
1132 2587 1207 2619 licet,
1230 2597 1277 2615 vos
1297 2587 1460 2623 provinciam
1480 2585 1566 2612 fuisse
1581 2586 1686 2613 Caesari
1706 2586 1858 2617 tradituros,

1070 2625 1174 2651 etiamsi
1194 2634 1208 2651 a
1223 2625 1290 2652 Varo
1305 2629 1331 2651 et
1341 2633 1355 2650 a
1365 2622 1529 2659 quibusdam
1540 2623 1600 2650 aliis
1611 2623 1738 2658 prohibiti
1749 2623 1859 2650 essetis:

1069 2670 1119 2698 ego
1138 2666 1225 2689 tamen
1244 2661 1388 2689 confitebor
1406 2660 1514 2696 culpam
1533 2669 1593 2688 esse
1611 2661 1723 2697 Ligarii,
1744 2660 1793 2696 qui
1811 2668 1860 2686 vos
