1941 3052
764 108 818 132 ⁴3⁰3.
860 106 894 132 M.
929 106 958 131 Τ,

224 112 283 137 ΙὶῗΗ

220 187 339 208 morti-ni.
354 190 434 214 quani
453 179 495 204 illa
507 179 608 213 perpeti
621 177 768 203 maluisset,
810 178 882 207 Quae
894 181 1014 201 rontem-

221 219 322 253 plnntes
348 217 497 251 expendere
521 215 665 249 oportebit,
693 213 759 248 quid
779 214 897 247 quisque
918 213 1014 239 liabent

220 257 270 284 sui,
285 264 367 289 eaque
381 254 519 280 inodorari.
532 261 579 278 nee
592 251 659 276 velli·
670 251 785 285 experiri
796 271 801 280 ,
815 259 896 284 quani
909 259 936 275 se
948 249 1015 275 ulie-

221 303 252 319 nn
269 293 378 317 ‹tovi-..ni
431 290 456 316 ld
477 290 547 315 enini
561 289 676 314 maxime
691 296 827 322 quemque
838 287 927 317 ‹leet-t,
941 286 1013 321 quod

220 335 258 355 est
273 331 405 362 cuiusque
418 328 533 352 maxime
545 335 636 351 suuni.
667 326 721 351 lit.
735 325 820 350 Suum
832 325 949 359 quisque
962 325 1015 357 igi-

221 373 262 393 tur
279 370 367 392 nosvut
389 365 540 398 ingenium,
560 371 702 397 acremque
717 372 746 388 se
756 367 781 388 et
794 361 961 387 bonorumet
974 362 1014 386 vi-

220 405 315 429 tiorum
337 411 444 428 suorum
469 401 583 426 iudicem
607 399 742 434 praebent:
777 408 808 425 ne
824 399 924 424 scenici
941 397 1012 433 plus,

219 449 298 475 qumn
321 449 377 468 noa,
402 438 542 464 videantur
564 437 660 463 litibcre
682 436 848 471 prudentiae.
890 436 929 462 llli
941 436 1013 461 enim

220 487 269 503 non
289 477 418 511 optimas,
449 475 496 501 sed
521 475 574 500 sibi
595 474 887 500 accommodatissimas
909 472 1014 498 fabulas
1036 486 1037 491 =

218 514 334 548 eligunt:
367 514 414 547 qui
433 521 495 539 voce
513 512 571 538 freti
588 516 664 541 sunt,
681 511 817 546 Epigonos
833 510 1010 544 Medumque,

217 552 264 586 qui
286 555 376 584 gestu,
402 549 594 584 Menalippum,
617 549 869 584 Clytaemnestram,
906 556 1014 581 semper

220 587 357 623 Rupilius,
378 596 459 622 quem
478 596 527 621 ego
544 587 668 615 memini,
687 586 842 620 Antiopam:
867 594 917 611 nou
933 593 1013 619 saepe

219 627 339 660 Aesopus
355 626 471 651 Aiacem.
512 624 582 658 Ergo
599 624 693 650 histrio
706 623 754 649 hoc
767 622 870 649 videbit
882 623 907 648 in
922 630 1011 651 scena.

218 672 268 689 non
292 662 395 688 videbit
415 663 523 696 sapiens
536 662 576 687 vir
597 662 622 687 in
647 660 718 687 vita?
738 660 777 686 Ad
789 669 858 695 quas
875 660 956 695 igitur
972 668 1013 685 res

217 700 350 734 aptissimi
373 700 488 727 erimus,
513 700 538 724 in
562 699 594 725 iis
611 699 782 733 potissimum
801 697 1012 723 elaborabimus.

217 738 262 763 Sin
282 737 427 771 aliquando
444 737 588 762 necessitas
609 744 656 762 nos
672 735 704 761 ad
720 744 748 761 ea
765 734 922 765 detruserit,
944 742 1013 769 quae

218 775 299 801 nostri
312 775 414 809 ingenii
427 782 477 800 non
489 778 579 799 erunt:
612 773 700 799 omnis
711 772 863 798 adhibenda
878 773 927 798 erit
938 780 1011 801 cura,

218 811 364 842 meditatio,
383 811 534 846 diligentia,
553 815 581 836 ut
596 819 639 840 ea.
661 810 684 836 si
701 818 752 836 non
768 809 876 838 decore,
895 814 1013 844 utquam

217 849 329 875 minime
347 849 469 875 indecore
488 847 572 874 facere
590 848 735 882 possimus.

218 886 338 916 tendum,
353 891 381 912 ut
392 886 469 916 bona,
483 894 551 920 quae
564 885 641 911 nohis
652 884 710 911 (lata
719 885 839 914 nonsint.
856 892 1011 918 sequamur.

216 932 297 959 quam
311 928 338 949 ut
350 924 414 950 vitia
427 923 573 958 fugiamus.
615 922 726 948 xxxii.
746 923 800 948 115.
816 922 853 947 Ac
863 921 969 947 duabus
982 921 1014 946 iis

217 962 348 996 personis,
361 969 429 995 quus
441 969 521 995 supra
535 959 603 990 dixi,
617 960 690 986 tertia
703 958 869 994 adiungitur,
883 966 1014 993 quamcu-

217 1007 264 1024 sus
281 998 366 1032 aliqui
382 1003 427 1024 aut
443 1003 550 1032 tempus
569 997 696 1031 imponit:
719 1001 812 1031 quarta
824 996 918 1025 etiam,
931 1004 1013 1030 quam

218 1035 406 1070 nobismetipsi
428 1035 530 1061 iudicio
551 1040 640 1061 nostro
660 1033 904 1060 accommodamus.
946 1033 1012 1058 Nam

217 1082 311 1108 regna,
336 1073 456 1107 imperia,
480 1071 641 1101 nobilitates,
666 1071 787 1101 honoros,
804 1070 924 1100 divitiae,
937 1078 1011 1104 opes,
1035 1087 1036 1095 1

216 1118 314 1144 eaque.
332 1118 401 1144 quae
412 1115 475 1136 sunt
487 1109 529 1135 his
540 1109 670 1135 contraria
679 1129 685 1138 .
699 1109 725 1134 in
737 1117 800 1134 casu
813 1109 872 1137 sita,
886 1108 1013 1141 tempori·
1034 1125 1037 1132 .

216 1147 268 1173 bus
278 1147 472 1182 gubernantur.
504 1147 556 1180 lpsi
568 1151 656 1172 autem
668 1154 760 1181 gerere
775 1154 856 1180 quam
871 1152 1013 1179 personam
1035 1159 1036 1162 =

218 1184 346 1214 velimus.
364 1193 377 1210 a
395 1189 481 1210 nostra
499 1183 633 1210 voluntate
650 1182 836 1217 proficiscitur.
878 1183 969 1216 ltaque
984 1189 1013 1207 se

216 1222 260 1247 alii
277 1221 309 1247 ad
326 1221 540 1255 philosophiam,
559 1220 604 1246 alii
620 1220 653 1246 ad
671 1221 714 1246 ius
729 1219 823 1250 civile,
842 1219 888 1246 alii
906 1219 939 1245 ad
955 1218 1012 1245 elo-

216 1259 354 1293 quentiam
375 1258 523 1293 applicant:

215 1295 284 1322 alius
299 1295 401 1322 mavult
412 1295 552 1322 excellere.
595 1296 651 1321 416,
664 1294 783 1326 Quorum
795 1302 857 1320 vero
869 1298 956 1328 patres
968 1298 1014 1320 aut

217 1333 330 1359 maiores
350 1332 440 1367 aliqua
464 1332 548 1368 gloria
570 1333 768 1367 praestiterunt,
792 1332 810 1357 ii
825 1331 936 1358 student
954 1330 1013 1365 ple—

216 1378 329 1404 rumque
342 1370 435 1396 eodem
451 1371 477 1396 in
489 1378 585 1405 genere
601 1369 688 1396 laudis
700 1368 844 1395 excellere:
868 1373 897 1396 ut
907 1368 939 1400 Q.
952 1369 1013 1394 Mu-

215 1408 288 1437 cius,
306 1408 333 1433 1².
355 1408 396 1438 F.,
414 1408 440 1433 in
457 1408 515 1433 iure
529 1406 618 1439 civili3
646 1406 732 1432 Paulli
745 1405 818 1432 filius
829 1405 972 1432 Africanus
984 1406 1011 1431 in

215 1453 241 1470 re
255 1445 373 1470 militari.
413 1444 529 1476 Quidam
540 1449 629 1470 autem
640 1443 672 1470 ad
684 1452 728 1470 eas
741 1443 848 1474 laudes,
861 1452 929 1478 quas
940 1452 953 1469 a
965 1452 1013 1478 pa-

215 1482 302 1508 tribus
313 1481 588 1516 acceperunt,addunt
599 1481 717 1515 aliquam
729 1489 820 1507 suam:
843 1485 872 1507 ut
885 1480 928 1506 hic
940 1480 1012 1507 idem

214 1518 355 1545 Africanus
379 1518 531 1553 eloquentia
557 1518 708 1545 cumulavit
731 1517 856 1544 bellicam
882 1517 1009 1553 gloriam:

213 1556 285 1591 quod
301 1556 372 1582 idem
384 1555 447 1583 fecit
457 1556 624 1587 Timotheus,
637 1555 753 1582 Cononis
761 1555 843 1586 silius,
855 1556 913 1590 qui,
926 1563 1012 1589 quum

214 1593 278 1619 belli
295 1593 373 1620 laude
389 1602 441 1620 non
458 1593 567 1620 inferior
583 1592 692 1624 fuisset,
710 1601 791 1627 quam
804 1597 892 1627 pater,
909 1592 943 1618 ad
953 1600 1012 1618 eam

216 1630 321 1657 laudem
347 1631 483 1657 doctrinae
514 1635 539 1657 et
560 1631 663 1666 ingenii
684 1629 797 1665 gloriam
819 1629 926 1656 adiecit.
971 1630 1013 1656 Fit

214 1672 303 1694 autem
315 1667 460 1699 interdum,
474 1672 503 1694 ut
515 1667 653 1698 nonnulli,
666 1667 766 1694 omissa
783 1667 932 1693 imitatione
953 1675 1012 1692 ma-

215 1706 309 1736 iorum,
323 1714 403 1732 suum
415 1704 551 1740 quoddam
565 1705 717 1731 institutum
728 1709 941 1739 consequantur:
955 1712 1013 1730 ma-

215 1743 341 1777 ximeque
358 1743 385 1768 in
396 1751 427 1769 eo
439 1742 599 1777 plerumque
614 1741 751 1768 elaborant
765 1742 793 1771 ii.
806 1742 855 1776 qui
865 1750 962 1777 magna
974 1742 1013 1768 si-

214 1779 242 1806 bi
263 1784 428 1814 proponunt,
451 1779 575 1806 obscuris
595 1780 646 1806 orti
662 1779 821 1806 maioribus.
865 1780 921 1805 117.
942 1779 1012 1805 Haec

214 1817 296 1851 igitur
306 1817 409 1847 onmia.
427 1825 512 1852 quum
524 1817 682 1852 quaerimus
695 1816 763 1851 quid
774 1816 879 1846 deceat.
892 1815 1012 1851 comple-

213 1855 248 1880 cti
264 1855 354 1881 animo
367 1859 392 1881 et
409 1855 570 1890 cogitatione
585 1853 728 1880 debemus.
769 1854 797 1880 In
811 1854 908 1888 primis
921 1858 1011 1879 autem

213 1891 430 1918 constituendum
447 1896 500 1922 est,
518 1900 586 1926 quos
602 1899 651 1918 nos
665 1895 691 1917 et
706 1890 801 1925 quales
812 1899 871 1917 esse
883 1890 1009 1922 vetimus.

213 1932 239 1954 et
254 1928 280 1954 in
292 1936 346 1962 quo
361 1937 459 1964 genere
475 1929 560 1955 vitae:
581 1936 651 1963 quae
665 1927 824 1954 deliberatio
834 1933 874 1954 est
888 1929 1011 1954 omnium

212 1964 385 1992 difficillima.
428 1966 536 1992 ineunte
557 1966 629 1992 enim
649 1964 843 1995 adolescentia,
866 1973 952 1999 quum
972 1970 1013 1992 est

214 2002 331 2029 maxima
343 2002 515 2029 imbecillitas
526 2002 646 2032 consilii.
661 2007 717 2029 tum
730 2002 758 2028 id
769 2002 824 2028 sibi
834 2003 951 2037 quisque
963 2011 1012 2037 ge-

215 2048 266 2065 nus
281 2041 374 2066 aetatis
389 2039 527 2075 degendae
544 2040 695 2070 constituit,
717 2039 789 2074 quod
810 2040 927 2066 maxime
947 2040 1012 2066 ada·
1033 2034 1035 2064 ἒ

214 2077 306 2103 mavit.
347 2077 439 2112 Itaque
460 2082 519 2103 ante
540 2076 693 2111 implicatur
713 2077 804 2111 aliquo
823 2082 894 2104 certo
913 2086 1011 2113 genere

212 2121 349 2148 cursuque
360 2114 481 2144 vivendi,
493 2122 574 2148 quam
587 2115 687 2148 potuit,
700 2114 773 2149 quod
783 2115 917 2149 optimum
929 2119 1009 2146 esset,

214 2151 342 2177 iudicare.

211 2193 284 2218 cunt.
294 2193 323 2215 ut
333 2193 373 2215 est
383 2188 453 2224 apud
461 2188 678 2224 xenophontem,
689 2197 776 2223 quum
790 2190 910 2223 primum
921 2189 1011 2224 pube-

212 2229 305 2256 sceret,
313 2225 428 2260 —quod
440 2231 545 2261 tempus
557 2235 571 2252 a
583 2231 676 2252 natura
688 2226 721 2252 ad
732 2226 918 2262 deligendum,
927 2235 1009 2261 quam

211 2263 330 2297 quisque
342 2264 413 2289 viani
426 2263 538 2290 vivendi
549 2264 585 2290 sit
595 2264 784 2299 ingressurus,
802 2263 896 2291 datum
907 2269 960 2294 est,
973 2279 1010 2284 —-

212 2300 300 2326 exisse
313 2300 340 2326 in
350 2300 534 2331 solitudinem,
548 2305 628 2335 atque
639 2300 678 2327 ibi
689 2300 839 2332 sedentem,
854 2301 902 2327 diu
916 2309 1010 2328 secum

213 2336 382 2372 inultumque
388 2337 537 2369 dubitasse,
545 2347 630 2373 quum
642 2337 709 2364 duas
720 2343 840 2365 cerneret
851 2339 918 2369 vias,
926 2347 1009 2366 unam

212 2373 370 2408 Voluptatis,
383 2375 492 2402 alteram
504 2376 626 2407 Virtutis,
639 2380 727 2402 utram
738 2375 845 2411 ingredi
856 2375 955 2402 melius
966 2384 1010 2403 es-

212 2415 264 2437 set:
278 2411 327 2438 hoc
338 2412 459 2443 Herculi.
470 2414 545 2439 Jovis
555 2417 615 2439 satu
625 2412 697 2440 edito
705 2433 711 2443 ,
724 2414 811 2447 potuit
822 2412 933 2439 fortasse
944 2422 1009 2441 con-

213 2447 326 2489 tingere,
348 2449 426 2476 nobis
438 2459 490 2477 non
502 2451 580 2481 item,
597 2451 646 2484 qui
657 2451 808 2480 imitamur,
826 2459 894 2485 quos
907 2451 1007 2486 cuique

212 2492 302 2511 visum
313 2491 365 2517 est,
382 2492 461 2522 atque
473 2487 505 2514 ad
517 2496 610 2514 eorum
621 2487 710 2514 studia
722 2487 899 2522 institutaque
911 2488 1009 2523 impel—

212 2520 306 2563 limum
320 2522 480 2559 plerumque
491 2529 580 2551 autem
592 2524 744 2559 parentium
756 2526 906 2559 praeceptis
917 2525 1009 2552 imbu-

212 2562 245 2588 ti,
268 2558 301 2584 ad
316 2567 407 2587 eorum
423 2561 646 2588 consuetudinem
662 2570 818 2597 moremque
833 2561 1006 2589 deducimur.

211 2594 265 2637 alii
276 2595 458 2624 multitudinis
470 2598 830 2634 iudicioferunturquaeque
839 2600 934 2626 maiori
945 2608 1008 2635 par—

211 2637 230 2658 ti
244 2632 425 2668 pulcherrima
441 2635 580 2668 videntur,
602 2644 634 2662 ea
651 2637 769 2663 maxime
784 2641 924 2672 exoptant:
940 2646 1008 2664 non-

777 847 830 873 Nec
842 852 894 873 tam
906 851 945 872 est
956 847 1014 872 eni-
1043 873 1044 879 ,

1036 884 1044 910 ,¹
1066 892 1186 919 pugnare
1208 884 1339 910 videatur.

561 1258 736 1292 ipsarumque
757 1257 888 1283 virtutum
912 1257 939 1283 in
961 1255 1012 1282 alia
1034 1286 1035 1290 Ἰ

385 2153 441 2178 tis.
464 2152 529 2178 Nam
545 2151 619 2186 quod
635 2151 775 2178 Herculem
793 2151 947 2178 Prodicium
967 2152 1011 2178 di-
1032 2182 1033 2186 Ἰ

995 104 1281 131 iiiut-:noxis

1042 175 1044 183 ’
1066 175 1132 201 nulli
1146 180 1233 201 tamen
1245 176 1303 200 sive
1319 174 1444 201 felicitate
1459 175 1591 209 quatiam,
1608 184 1666 201 sive
1683 176 1799 202 bonitate
1815 185 1862 201 na-

1066 218 1153 241 turae,
1173 210 1399 246 sive‘parenunm
1415 212 1559 246 disciplina
1576 218 1672 239 rectam
1691 214 1760 238 vitae
1776 214 1860 239 secuti

1065 255 1128 275 sunt
1146 251 1225 275 viam.
1268 249 1390 275 xxxin.
1416 251 1469 274 ΗΘ.
1493 250 1560 276 lllud
1577 255 1665 276 autem
1687 251 1804 276 maxime
1820 259 1863 276 η-

1067 296 1124 312 rum
1137 295 1223 320 genus
1234 291 1274 312 est
1285 295 1377 312 eorum
1387 307 1392 315 ,
1408 287 1455 321 qui
1467 292 1512 312 aut
1523 287 1679 313 excellentis
1692 288 1792 321 ingenii
1806 296 1863 313 iiia-

1066 324 1222 356 giiittiiliiie.
1246 329 1291 350 aut
1312 323 1445 357 praeclara
1465 324 1615 350 eruditione
1635 330 1715 359 atque
1729 325 1860 354 doctrina.

1036 358 1037 374 ³
1066 366 1110 386 aut
1124 366 1235 395 utraque
1247 370 1274 386 re
1285 362 1380 390 ornati,
1389 362 1505 395 spatium
1517 361 1684 387 deliberandi
1698 362 1860 391 habuerunt,

1043 411 1045 428 1
1065 407 1145 432 quem
1159 398 1329 432 potissimum
1344 399 1412 424 vitae
1422 407 1531 424 cursum
1544 400 1621 433 sequi
1635 398 1747 425 vellent:
1769 408 1822 433 qua
1836 400 1862 425 in

1065 435 1258 462 deliberatione
1278 435 1310 461 ad
1332 444 1410 461 suam
1429 436 1564 470 cuiusque
1580 441 1701 461 naturam
1717 435 1861 462 consilium

1065 481 1105 499 est
1115 482 1193 499 omne
1206 472 1396 498 revocandum.
1431 473 1497 499 Nam
1507 482 1592 507 quum
1606 473 1632 499 in
1643 473 1780 503 omnibus,
1793 482 1863 508 quac

1043 507 1045 515 '
1066 515 1182 545 aguntur
1193 519 1226 536 cx
1238 519 1269 536 eo
1283 510 1375 540 modo,
1389 519 1442 544 quo
1453 511 1570 545 quisque
1583 515 1660 536 natus
1674 515 1726 539 est,
1741 515 1861 544 utsupra

1065 548 1168 573 dictum
1179 552 1229 578 est,
1242 547 1309 582 quid
1320 547 1422 578 deceat,
1435 548 1619 582 exquirinius;
1635 552 1690 573 tum
1706 549 1732 573 in
1745 553 1795 573 tota
1810 548 1863 573 vita

1042 598 1044 610 t
1065 584 1250 611 constituenda
1268 584 1352 611 multo
1367 590 1407 610 est
1421 586 1445 611 ei
1462 585 1500 610 rei
1515 593 1577 611 cura
1595 586 1678 610 maior
1697 584 1861 615 adhibenda,

1066 627 1094 648 ut
1114 627 1235 648 constare
1262 623 1288 648 in
1313 623 1489 657 perpetuitate
1516 623 1585 648 vitae
1611 622 1748 656 possimus
1770 622 1863 648 nobis-

1066 661 1201 694 metipsis,
1230 668 1277 685 nec
1304 660 1330 686 in
1357 659 1411 685 ullo
1431 659 1520 685 officio
1539 659 1701 685 claudicare.
1745 661 1800 685 ⁴20.
1823 659 1862 685 Ad

1067 697 1134 723 lianc
1150 702 1238 723 autem
1257 697 1384 723 rationem
1401 697 1530 731 quoniam
1542 698 1687 723 maximam
1702 697 1757 722 vim
1769 701 1862 722 natura

1066 735 1154 764 hahet,
1169 734 1272 761 fortuna
1285 735 1448 769 proxiinani;
1466 735 1607 769 utriusque
1618 734 1728 760 omnino
1740 733 1862 760 habenda

1066 773 1131 798 ratio
1142 777 1182 798 est
1194 773 1220 798 in
1232 771 1375 807 deligendo
1386 780 1484 807 genere
1498 771 1631 801 vitae‚sed
1644 771 1861 806 naturaemagis:

1067 809 1150 835 multo
1171 811 1241 835 enim
1263 814 1288 835 et
1305 810 1406 835 tirmior
1420 814 1499 835 estet
1514 809 1689 838 constantior,
1713 813 1742 834 ut
1758 807 1862 834 fortuna

1066 855 1269 881 nonnumquam
1291 847 1363 881 ipsa,
1386 846 1505 872 mortalis
1522 855 1584 872 curn
1608 845 1750 872 immortali
1769 850 1862 872 natura

1380 884 1432 915 Qui
1454 884 1536 918 igitur
1554 883 1586 909 ad
1604 888 1713 909 naturae
1728 891 1793 908 suae
1810 891 1862 909 non

1067 922 1178 947 vitiosae
1194 930 1280 956 genus
1296 921 1440 947 consilium
1458 920 1567 946 vivendi
1578 929 1656 946 omne
1667 919 1823 949 contulerit,
1840 920 1863 946 is

1066 960 1241 985 constantiam
1255 964 1350 985 teneat.
1374 958 1400 984 ld
1414 959 1485 984 enim
1499 958 1616 984 maxime
1627 957 1716 983 decet:
1733 958 1785 983 nisi
1799 956 1864 983 sorte

1065 1005 1092 1022 se
1102 996 1262 1022 intellexerit
1271 1004 1374 1022 errasse
1387 996 1413 1022 in
1424 995 1569 1030 deligendo
1579 1003 1677 1029 genere
1690 995 1769 1020 vitae.
1785 994 1862 1026 Quod

1065 1034 1088 1059 si
1103 1033 1230 1059 acciderit
1245 1034 1341 1068 (potest
1356 1038 1444 1059 autem
1463 1033 1602 1066 accidere),
1626 1031 1745 1058 facienda
1757 1040 1863 1058 morum

1065 1071 1304 1105 institutorumque
1326 1071 1436 1096 mutatio
1457 1075 1506 1096 est.
1546 1070 1611 1095 Eam
1628 1070 1817 1099 mutationem,
1839 1069 1864 1095 si

1065 1113 1183 1142 tempora
1204 1107 1385 1137 adiuvabunt,
1409 1107 1516 1133 facitius
1535 1106 1758 1141 commodiusque
1781 1105 1864 1132 sacie-

1066 1154 1140 1171 mus:
1154 1146 1196 1171 sin
1209 1146 1309 1175 minus,
1318 1145 1421 1171 sensim
1433 1145 1482 1170 erit
1494 1143 1713 1179 pedetentimque
1725 1143 1860 1170 facienda:

1066 1187 1095 1209 ut
1109 1183 1255 1212 amicitias,
1267 1191 1336 1217 quae
1348 1183 1438 1208 minus
1449 1181 1596 1212 delectent,
1608 1186 1635 1207 et
1645 1181 1736 1207 minus
1748 1180 1864 1215 proben-

1066 1225 1121 1251 tur,
1145 1220 1232 1255 magis
1243 1219 1337 1245 decere
1347 1224 1458 1246 censent
1468 1220 1604 1254 sapientes
1615 1218 1717 1244 sensim
1728 1217 1861 1247 dissuere.

1063 1265 1146 1292 quam
1167 1262 1275 1292 repente
1296 1256 1460 1291 praecidere.
1504 1258 1560 1282 ⁴2⁴.
1585 1255 1754 1283 Commutato
1773 1260 1864 1282 autem

1063 1303 1162 1330 genere
1172 1296 1256 1325 vitae,
1272 1295 1346 1321 omni
1358 1295 1458 1320 ratione
1469 1293 1619 1320 curandum
1635 1298 1688 1322 est.
1706 1297 1735 1319 ut
1750 1292 1777 1319 id
1794 1292 1864 1319 bono

1063 1331 1177 1358 consilio
1194 1331 1290 1358 secisse
1305 1331 1456 1358 videamur.
1496 1330 1549 1357 Sed
1561 1331 1688 1366 quoniam
1701 1329 1792 1364 paullo
1803 1334 1864 1356 ante

1063 1369 1166 1396 dictum
1177 1374 1226 1400 est,
1243 1369 1388 1396 imitandos
1399 1377 1457 1395 esse
1468 1369 1596 1394 maiores:
1609 1368 1728 1402 primum
1741 1366 1808 1393 illud
1815 1375 1864 1393 ex·

1063 1412 1171 1441 ceptum
1184 1407 1232 1438 sit,
1249 1415 1282 1433 ne
1294 1407 1358 1433 vitia
1370 1406 1424 1432 sint
1436 1405 1579 1432 imitanda:
1601 1404 1713 1435 deinde,
1730 1405 1754 1430 si
1769 1409 1862 1431 natura

1064 1453 1115 1470 non
1129 1443 1207 1474 feret.
1221 1448 1250 1470 ut
1260 1443 1394 1479 quaedam
1406 1444 1507 1470 imitari
1517 1443 1615 1478 possit,
1628 1457 1664 1461 —
1676 1446 1705 1468 ut
1715 1442 1864 1476 superioris

1064 1481 1137 1508 silius
1148 1481 1278 1512 Africani,
1291 1482 1340 1516 qui
1351 1481 1424 1507 hunc
1435 1480 1528 1507 Paullo
1538 1484 1630 1506 natum
1641 1479 1788 1514 adoptavit,
1801 1487 1864 1513 pro-

1063 1523 1122 1553 pter
1133 1518 1316 1545 infirmitatem
1329 1517 1492 1545 valetudinis
1504 1526 1556 1544 non
1568 1522 1621 1543 tam
1633 1517 1720 1551 potuit
1731 1516 1814 1551 patris
1824 1517 1864 1542 si·

1065 1555 1138 1582 milis
1148 1564 1217 1587 esse,
1231 1565 1313 1591 quam
1324 1555 1370 1582 ille
1381 1555 1467 1582 suerat
1477 1556 1534 1581 sui:
1547 1570 1584 1574 -
1594 1555 1617 1581 si
1630 1555 1713 1590 igitur
1724 1562 1776 1580 non
1788 1558 1864 1588 pote-

1065 1594 1098 1619 rit
1108 1594 1167 1620 sive
1177 1602 1287 1620 caussas
1298 1592 1470 1623 defensitare,
1478 1593 1537 1619 sive
1549 1591 1680 1627 populum
1686 1590 1863 1617 concionibus

1064 1635 1162 1662 tenere,
1175 1631 1234 1657 sive
1245 1630 1315 1657 bella
1327 1638 1432 1666 gerere;
1447 1629 1493 1656 illa
1504 1634 1593 1656 tamen
1600 1627 1861 1663 praestaredebebit,

1063 1676 1132 1702 quae
1143 1673 1222 1695 erunt
1233 1669 1260 1694 in
1272 1669 1360 1702 ipsius
1371 1672 1509 1702 potestate,
1523 1667 1668 1696 iustitiam,
1685 1665 1780 1696 tidem,
1794 1664 1864 1691 libe-

1063 1705 1209 1736 ralitatem,
1227 1705 1401 1735 modestiam,
1420 1705 1639 1739 temperantiam,
1655 1711 1711 1737 quo
1726 1703 1817 1728 minus
1827 1702 1862 1728 ab

1063 1751 1094 1769 eo
1105 1742 1142 1773 id.
1155 1742 1229 1777 quod
1240 1742 1319 1773 desit,
1332 1742 1494 1776 requiratur.
1534 1740 1642 1776 Optima
1652 1745 1741 1766 autem
1754 1739 1863 1765 heredi-

1063 1784 1102 1806 tas
1122 1788 1135 1805 a
1155 1779 1278 1814 patribus
1294 1779 1408 1806 traditur
1424 1778 1532 1808 liberis.
1556 1778 1686 1812 omnique
1701 1777 1862 1811 patrimonio

1063 1817 1252 1851 praestantior.
1269 1816 1354 1852 gloria
1367 1816 1474 1842 virtutis
1489 1823 1633 1850 rerumque
1643 1819 1794 1850 gestarum:
1816 1814 1862 1840 cui

1063 1853 1188 1881 dedecori
1199 1862 1268 1885 esse,
1282 1853 1356 1880 nefas
1368 1858 1393 1880 et
1405 1854 1521 1887 impium
1534 1852 1710 1879 iudicandum
1723 1856 1772 1878 est.

1119 1891 1244 1918 XXXIV.
1268 1893 1324 1917 ⁴22.
1346 1891 1379 1917 Et
1394 1891 1523 1925 quoniam
1537 1889 1625 1916 officia
1637 1897 1689 1915 non
1699 1888 1793 1914 eadem
1804 1887 1862 1914 dis-

1062 1928 1174 1963 paribus
1186 1928 1318 1955 aetatibus
1330 1928 1500 1957 tribuuntur,
1519 1926 1626 1962 aliaque
1641 1931 1706 1953 sunt
1719 1926 1859 1956 iuvenum,

1062 1966 1114 1992 alia
1129 1966 1280 1998 seniorum;
1302 1965 1406 2000 aliquid
1422 1965 1503 1991 etiam
1518 1964 1552 1990 de
1568 1964 1618 1990 hac
1632 1963 1805 1990 distinctione
1818 1962 1862 1988 di-

1062 2003 1178 2030 cendum
1190 2008 1239 2030 est.
1261 2003 1309 2029 Est
1319 2004 1403 2038 igitur
1414 2001 1601 2032 adolescentis,
1614 2001 1728 2028 maiores
1739 2005 1802 2026 natu
1814 2008 1862 2026 ve-

1063 2041 1124 2071 reri,
1138 2049 1226 2076 exque
1237 2041 1272 2067 iis
1282 2040 1402 2075 deligere
1412 2040 1528 2074 optimos
1540 2044 1565 2065 et
1570 2038 1862 2074 probatissim0S,quo-

1062 2087 1122 2104 rum
1137 2077 1252 2104 consilio
1267 2082 1347 2112 atque
1358 2077 1514 2104 auctoritate
1526 2077 1639 2102 nitatur:
1658 2076 1777 2102 ineuntis
1787 2075 1860 2101 enim

1062 2117 1155 2142 aetatis
1166 2116 1274 2142 inscitia
1288 2123 1384 2142 senum
1395 2113 1581 2140 constituenda
1587 2112 1734 2148 etregenda
1741 2111 1861 2147 pruden-

1062 2153 1097 2179 tia
1115 2158 1165 2179 est.
1205 2153 1323 2179 Maxime
1338 2157 1427 2178 autem
1444 2152 1510 2178 haec
1523 2156 1595 2178 aetas
1609 2159 1624 2176 a
1641 2149 1805 2176 libidinibus
1818 2156 1861 2175 ar—

1061 2190 1145 2217 cenda
1160 2195 1201 2216 est
1215 2189 1419 2224 exercendaque
1431 2189 1458 2215 in
1471 2188 1560 2215 labore
1571 2188 1754 2222 patientiaque
1765 2190 1792 2213 et
1801 2185 1861 2212 ani·

1062 2229 1099 2254 mi
1110 2233 1137 2254 et
1149 2228 1282 2262 corporis,
1299 2232 1330 2253 ut
1344 2235 1437 2253 eorum
1450 2231 1477 2252 et
1490 2227 1518 2252 in
1533 2225 1640 2252 bellicis
1654 2229 1680 2251 et
1691 2225 1718 2251 in
1729 2222 1860 2250 civilibus

1060 2264 1158 2291 officiis
1170 2265 1260 2300 vigeat
1271 2264 1415 2290 industria.
1441 2264 1529 2298 Atque
1539 2263 1630 2293 etiam,
1642 2269 1728 2297 quum
1739 2259 1860 2287 relaxare

1061 2303 1165 2328 animos
1176 2307 1203 2329 et
1211 2302 1275 2328 dare
1285 2310 1315 2328 se
1330 2300 1493 2328 iucunditati
1509 2299 1612 2330 volent,
1634 2303 1746 2325 caveant
1760 2297 1859 2324 intem-

1060 2339 1223 2374 perantiam,
1239 2339 1413 2366 meminerint
1425 2337 1618 2367 verecundiae,
1639 2335 1713 2371 quod
1727 2335 1778 2361 erit
1793 2333 1860 2361 faci-

1061 2377 1123 2408 lius,
1131 2377 1155 2403 si
1167 2377 1195 2403 in
1206 2376 1342 2403 eiusmodi
1358 2375 1470 2411 quidem
1482 2375 1564 2401 rebus
1575 2374 1688 2400 maiores
1699 2377 1763 2398 natu
1775 2370 1861 2398 velint

1060 2414 1200 2441 interesse.
1243 2415 1299 2440 423.
1320 2413 1438 2440 Senibus
1453 2417 1543 2439 autem
1558 2411 1662 2438 labores
1675 2409 1796 2444 corporis
1807 2409 1859 2435 mi—

1060 2451 1162 2478 nuendi
1171 2472 1177 2482 ,
1194 2451 1399 2478 exercitationes
1414 2450 1500 2477 animi
1514 2449 1595 2475 etiam
1609 2445 1748 2483 augendae
1762 2445 1859 2472 viden-

1060 2493 1116 2515 tur:
1132 2488 1221 2515 danda
1234 2497 1296 2515 vero
1305 2496 1400 2523 opera,
1413 2492 1480 2514 utet
1489 2486 1590 2513 amicos
1616 2489 1642 2511 et
1651 2485 1821 2510 iuventutem
1833 2488 1859 2510 et

1060 2526 1178 2552 maxime
1189 2525 1386 2560 rempublicam
1395 2523 1509 2551 consilio
1519 2528 1545 2550 et
1552 2521 1696 2558 prudentia
1706 2529 1789 2555 quam
1795 2519 1858 2555 plu-

1059 2563 1159 2589 rimum
1174 2563 1314 2589 adiuvent.
1353 2561 1428 2589 Nihil
1443 2565 1533 2588 autem
1547 2560 1635 2595 magis
1649 2557 1802 2585 cavendum
1817 2562 1858 2583 est

1059 2601 1205 2631 senectuti,
1227 2609 1309 2635 quam
1329 2608 1364 2626 ne
1385 2598 1507 2634 languori
1527 2605 1557 2624 se
1574 2595 1751 2630 desidiaeque
1765 2594 1856 2622 dedat.

1059 2638 1179 2665 Luxuria
1191 2646 1254 2664 vero
1264 2645 1350 2673 quum
1360 2636 1436 2663 omni
1445 2635 1524 2662 aetati
1535 2633 1623 2669 turpis
1630 2654 1637 2665 ,
1654 2638 1712 2660 tum
1725 2631 1857 2660 senectuti
