1941 3052
420 131 465 157 lx
498 130 1035 157 VERREMACT.11.L1B.1.

68 207 151 229 stores
165 210 273 237 quoque
287 201 445 236 iampridem
462 205 600 228 venerunt.
635 201 688 228 Cur
703 210 754 228 non
769 201 862 228 retuli-

67 239 121 267 sti‘?
144 239 252 266 Illarum
272 239 404 265 rationum
422 248 455 265 ex
474 248 502 265 ea
522 239 593 265 faece
607 238 759 274 legationis,
780 247 863 274 quae-

68 278 218 311 storiaeque
232 281 292 303 tuae
306 277 508 311 procurationis,
525 276 571 302 illa
585 280 648 302 sunt
662 277 778 307 nomina,
794 284 863 311 quae

68 314 218 341 Dolabellae
241 314 393 345 necessariov
412 318 476 340 sunt
501 314 647 340 aestimata.
688 323 724 339 ax
750 322 863 340 Lirinus

69 359 244 379 assum-ris
258 359 450 377 DOLABELLAE
470 361 510 377 pu.
532 360 566 377 sr
585 360 636 377 PRO
655 360 696 377 pn.
716 359 862 377 peccaras

69 397 233 416 REDACTAE.

69 431 144 462 ptum
160 425 258 456 retulit,
274 434 356 460 quam
367 426 460 452 Verres
475 425 514 452 illi
529 434 678 460 expensum
693 425 791 456 tulerit,
808 424 863 451 H-S

69 465 215 499 quingenta
229 463 338 499 triginta
352 463 473 498 quinque
488 463 585 495 millia,
602 467 626 489 et
639 463 712 497 quod
726 462 788 497 plus
803 462 864 488 feeit

69 500 203 527 Dolabella
213 501 321 527 Verrem
333 501 475 535 accepisse,
492 509 573 535 quam
588 501 636 526 iste
651 501 678 526 in
693 500 750 526 suis
765 499 864 526 tabulis

69 538 177 569 habuit,
202 537 266 564 H-S
290 538 403 564 ducenta
427 538 533 573 triginta
552 537 606 564 duo
624 537 720 569 millia,
746 542 771 563 et
792 537 864 571 quod

68 575 132 611 plus
152 575 279 601 frumenti
298 575 360 601 fecit
377 575 511 610 accepisse
529 575 625 605 istum,
651 574 714 600 1{-S
733 574 821 600 decies
841 578 866 600 et

69 614 219 648 octingenta
234 612 310 639 mila:
330 612 403 647 quod
417 617 459 643 tu,
477 612 556 638 homo
569 611 775 642 callidissimus,
792 610 865 637 aliud

68 650 96 677 in
111 650 211 677 tabulis
225 650 352 676 habebas.
393 650 459 676 Hinc
472 649 534 675 illae
547 648 770 675 extraordinariae
784 657 866 683 pecu-

70 688 141 718 niae,
158 696 226 722 quas
241 687 315 714 nullo
329 687 409 718 duce,
426 692 513 713 tamen
528 686 618 721 aliqua
632 695 665 712 ex
679 685 809 720 particula
823 686 866 711 in-

70 726 249 761 vestigamuS,
270 724 466 751 redundarunt:
487 724 550 749 hinc
569 723 634 749 ratio
652 732 714 749 cum
729 722 759 755 Q.
776 728 801 749 et
815 722 863 749 Cn.

68 762 203 789 Postumis
219 762 329 793 Curtiis,
350 761 442 787 multis
462 761 630 793 nominibus;
655 769 771 795 quorum
784 760 812 786 in
827 765 866 786 ta-

69 800 141 826 bulis
160 800 210 826 iste
229 799 308 825 habet:
326 798 446 825 nullum:
472 799 534 824 hinc
553 797 616 824 H-S
635 797 819 832 quaterdecies
834 798 863 823 P.

69 837 151 863 Tadio
164 840 333 863 numeratum
347 836 473 867 Athenis,
494 835 608 862 testibus
627 835 739 870 planum
754 835 862 861 faciam:

69 874 133 900 hinc
146 878 234 908 empta
248 873 415 908 apertissime
435 877 570 908 praetura;
596 873 648 899 nisi
663 872 729 899 forte
743 872 771 899 id
785 873 865 899 etiam

68 911 183 938 dubium
201 915 252 942 est,
273 911 407 945 quomodo
425 911 475 937 iste
493 915 597 945 praetor
615 909 700 936 factus
719 910 763 936 sit.
806 911 863 936 lOl.

67 949 152 975 Homo
165 948 267 975 scilicet
281 953 325 974 aut
338 948 470 974 industria
484 952 530 974 aut
543 956 621 982 opera
633 948 741 982 probata
753 952 798 974 aut
809 947 866 973 fru—

66 986 183 1022 galitatis
197 986 392 1012 existimatione
407 985 538 1020 praeclara
553 990 599 1011 aut
612 985 738 1020 denique,
754 985 783 1011 id
793 984 865 1020 quod

68 1024 237 1050 levissimum
249 1028 296 1054 est,
310 1023 479 1056 assiduitate,
492 1023 539 1058 qui
550 1027 609 1049 ante
620 1028 792 1058 quaesturam
803 1031 865 1048 cum

67 1061 253 1088 meretricibus
273 1060 469 1096 lenonibusque
488 1061 613 1091 vixisset,
639 1065 811 1095 quaesturam
830 1060 865 1086 ita

66 1099 207 1135 gessisset,
234 1098 462 1133 quemadmodum
483 1098 659 1134 cognovistis,
686 1098 784 1124 Romae
806 1102 866 1132 post

67 1141 238 1172 quaesturam
256 1136 331 1163 illam
349 1135 477 1162 nefariam
496 1136 542 1162 vix
556 1135 676 1162 triduum
690 1135 862 1166 constitisset,

67 1175 164 1201 absens
179 1183 230 1200 non
244 1174 271 1200 in
281 1174 416 1200 oblivione
425 1174 560 1204 iacuisset,
577 1173 624 1199 sed
636 1173 663 1199 in
674 1173 782 1199 assidua
793 1181 866 1199 com·

67 1212 257 1239 memoratione
271 1211 396 1238 omnibus
410 1211 532 1237 omnium
544 1210 703 1246 flagitiorum
717 1210 825 1236 fuisset:
841 1210 865 1236 is

66 1254 188 1284 repente,
209 1253 239 1275 ut
252 1250 363 1276 Romam
382 1249 468 1279 venit,
488 1249 570 1284 gratis
589 1252 693 1283 praetor
707 1247 793 1274 factus
807 1246 865 1274 est‘?
894 1271 895 1274 ,

66 1287 126 1314 Alia
145 1295 223 1322 porro
241 1287 367 1321 pecunia,
392 1294 425 1312 ne
444 1289 625 1317 accusaretur,
651 1285 721 1312 data.
762 1285 811 1312 Cui
830 1285 866 1311 sit

66 1324 141 1356 data,
164 1323 231 1350 nihil
251 1324 284 1350 ad
302 1332 357 1355 me,
378 1323 445 1350 nihil
465 1323 497 1349 ad
516 1332 571 1349 rem
590 1324 723 1358 pertinere
737 1323 862 1349 arbitror:

66 1362 155 1389 datam
172 1361 283 1396 quidem
302 1369 360 1387 esse
379 1365 436 1387 tum
455 1361 523 1387 inter
541 1369 634 1386 omnes
648 1360 746 1386 recenti
761 1360 866 1395 negotio

66 1399 144 1426 facile
158 1399 304 1425 constabat.
346 1400 403 1425 ⁴02.
425 1399 509 1424 Homo
527 1397 686 1424 stultissime
700 1402 726 1423 et
739 1398 866 1423 amentis—

66 1437 147 1468 sime,
169 1436 273 1463 tabulas
288 1444 374 1471 quum
388 1436 530 1462 conlieeres
545 1440 569 1461 et
583 1444 668 1470 quum
684 1435 866 1461 extraordina-

66 1475 120 1501 riae
144 1474 273 1509 pecuniae
295 1474 395 1499 crimen
418 1472 604 1507 subterfugere
628 1472 724 1498 velles:
753 1473 817 1498 satis
841 1477 865 1498 te

66 1511 223 1546 elapsurum
241 1511 313 1537 omni
332 1511 485 1545 suspicione
503 1510 677 1540 arbitrabare,
703 1510 739 1540 si,
764 1509 865 1544 quibus

66 1550 209 1584 pecuniam
222 1548 362 1579 credebas,
383 1549 416 1574 iis
431 1556 580 1582 expensum
596 1556 647 1574 non
662 1547 756 1577 ferres,
778 1555 865 1581 neque

66 1587 93 1613 in
110 1591 167 1613 tuas
182 1585 286 1612 tabulas
300 1585 388 1612 ullum
404 1594 499 1611 nomen
519 1584 644 1615 referres,
665 1593 751 1619 quum
766 1589 801 1610 tot
816 1585 864 1610 tibi

68 1624 224 1651 nominibus
238 1627 377 1658 acceptum
392 1622 475 1649 Curtii
491 1621 636 1649 rel‘errent‘.>
657 1621 728 1654 Quid
742 1621 865 1656 proderat

67 1661 116 1688 tibi
132 1666 157 1687 te
174 1669 325 1696 expensum
343 1660 398 1687 illis
417 1669 469 1686 non
484 1659 597 1686 tulisse‘?
623 1660 664 1686 An
678 1659 731 1686 tuis
745 1659 810 1686 solis
826 1664 865 1685 ta-

66 1698 140 1726 bulis
155 1703 178 1725 te
193 1707 316 1725 caussam
330 1698 465 1724 dicturum
481 1696 660 1724 existimasti?

123 1736 179 1762 XL.
197 1737 255 1762 ⁴03.
275 1736 374 1763 Verum
389 1735 422 1761 ad
437 1735 509 1761 illam
524 1735 576 1761 iani
592 1735 732 1761 veniamus
747 1733 865 1769 praecla-

66 1782 123 1801 ram
138 1778 288 1809 praeturam
302 1773 467 1807 criminaque
482 1782 519 1803 ea,
537 1781 604 1807 quae
619 1772 719 1798 notiora
733 1777 796 1797 sunt
810 1771 862 1803 his,

66 1812 114 1847 qui
129 1811 239 1842 adsunt,
260 1819 342 1845 quam
356 1810 446 1841 nonis.
467 1810 514 1845 qui
535 1810 653 1836 meditati
673 1809 705 1835 ad
719 1809 864 1835 dicendum

66 1849 205 1884 paratique
219 1848 358 1881 venimus;
383 1848 526 1882 inquibus
542 1856 593 1873 non
612 1847 719 1878 dubito,
739 1847 806 1881 quin
824 1846 865 1872 of—
886 1854 887 1860 ¹

67 1886 215 1913 sensionem
230 1885 409 1921 negligentiae
424 1885 506 1911 vitare
521 1889 600 1919 atque
611 1884 727 1919 effugere
738 1893 790 1910 non
802 1893 864 1919 pos-

67 1924 129 1950 sim.
169 1922 247 1950 Multi
261 1923 332 1949 enim
348 1923 382 1949 ita
397 1922 498 1948 dicent:
515 1925 544 1948 de
555 1924 600 1948 illo
610 1924 674 1948 nihil
685 1924 762 1951 dixit,
778 1924 805 1947 in
816 1930 865 1955 quo

66 1970 111 1995 eqo
125 1963 244 1995 interfui:
259 1962 331 1987 illam
346 1962 470 1986 inim-iam
485 1968 534 1985 non
547 1962 642 1993 alligit,
659 1960 804 1993 quaemihi,
819 1963 865 1985 aut

67 2007 133 2032 quae
146 2001 229 2025 amico
242 2007 296 2024 meo
309 2000 380 2031 sacta
394 2001 438 2027 est,
454 1998 546 2030 quibus
559 2005 603 2030 eqo
617 1999 645 2022 in
658 1998 733 2022 rebus
746 1998 862 2030 interfui.

66 2036 113 2062 llis
127 2035 263 2067 omnibus,
279 2035 327 2070 qui
342 2034 420 2061 istius
435 2034 547 2060 iniurias
561 2038 667 2065 norunt,
683 2033 733 2060 hoc
747 2038 800 2062 est,
817 2042 865 2068 po-

67 2072 132 2108 pulo
146 2073 263 2099 Romano
282 2072 421 2103 universo,
445 2080 488 2098 nie
511 2071 683 2098 veliementer
705 2075 863 2097 excusatum

67 2110 136 2142 volo,
154 2118 205 2136 non
220 2108 381 2145 negligentia
396 2117 453 2135 mea
470 2108 532 2140 fore,
549 2113 578 2135 ut
592 2108 675 2135 multa
690 2113 861 2143 praeteream,

67 2147 115 2175 sed
129 2147 201 2183 quod
215 2146 265 2173 alia
281 2146 394 2173 testibus
409 2146 510 2181 integra
525 2146 653 2172 reservari
669 2145 764 2177 velim,
781 2145 864 2172 multa

67 2189 156 2212 autem
175 2189 282 2220 propter
301 2184 428 2210 rationem
447 2183 584 2210 brevitatis
603 2192 632 2209 ac
647 2184 774 2218 temporis
788 2192 865 2217 prae-

67 2222 235 2250 termittenda
249 2221 410 2248 existimem.
452 2220 563 2247 Fatebor
576 2221 654 2247 etiam
669 2220 736 2246 illud
752 2221 862 2252 invitus,

68 2268 110 2286 me
125 2268 243 2295 prorsus,
259 2268 344 2294 quum
359 2259 409 2284 isto
420 2262 549 2293 punctum
563 2258 688 2293 temporis
700 2257 806 2284 nullum
821 2267 866 2284 va-

67 2306 149 2324 cuum
165 2301 270 2332 peccato
285 2296 425 2331 praeterire
440 2304 536 2330 passus
554 2295 601 2326 sit,
622 2295 723 2326 omnia,
744 2304 813 2330 quae
832 2295 865 2321 ab

67 2335 119 2362 isto
132 2335 274 2361 commissa
288 2338 364 2365 sunt,
386 2342 436 2359 non
452 2333 571 2367 potuisse
585 2341 753 2367 cognoscere.
793 2332 865 2365 Qua—

67 2375 175 2407 propter
188 2372 223 2398 ita
238 2380 280 2398 me
298 2371 330 2397 do
349 2375 487 2406 praeturae
505 2370 665 2396 criminibus
684 2370 814 2401 auditote,
837 2374 865 2395 ut
887 2368 888 2375 ¹

68 2417 102 2436 ex
115 2413 228 2444 utroque
241 2417 350 2444 genere,
371 2413 396 2434 et
409 2408 475 2434 iuris
490 2407 612 2438 dicundi,
638 2411 664 2433 et
681 2412 812 2433 sartorum
828 2412 865 2433 te-

67 2450 170 2473 ctorum
185 2445 387 2482 exigendorum,
403 2454 433 2471 ea
448 2445 597 2479 postuletis.
614 2453 683 2479 quae
697 2444 813 2470 maxime
824 2444 866 2470 di-

67 2492 119 2520 gna
133 2484 187 2510 sint
201 2492 231 2510 eo
246 2492 297 2514 reo,
313 2483 357 2509 cui
372 2491 485 2518 parvum
501 2487 546 2508 aut
560 2481 692 2508 mediocre
705 2481 785 2507 obiici
798 2481 864 2507 nihil

67 2525 193 2556 oporteat.
234 2521 290 2547 ⁴04.
307 2521 373 2546 Nam
389 2524 418 2546 ut
432 2524 534 2555 praetor
549 2519 633 2545 fartus
647 2523 696 2549 est,
712 2519 758 2553 qui
773 2519 865 2553 auspi-

68 2562 125 2585 cato
139 2567 153 2584 a
167 2557 312 2585 Chelidone
326 2558 494 2588 surrexisset,
512 2561 608 2583 sortem
625 2560 717 2582 nactus
731 2560 771 2582 est
786 2556 866 2581 urba-

69 2603 116 2621 nae
131 2595 291 2630 provinciae,
308 2595 392 2630 magis
407 2603 440 2621 ex
453 2603 501 2621 sua
516 2598 541 2620 et
556 2593 719 2624 Chelidonis,
735 2601 817 2627 quam
832 2601 865 2618 ex

276 390 332 414 400.
355 388 431 420 Quod
450 389 539 414 minus
553 387 688 414 Dolabella
701 388 775 414 Verri
790 396 864 414 acce-
891 387 892 396 ¹

69 2631 161 2667 populi
176 2632 287 2659 Romani
306 2632 451 2659 voluntate.
492 2631 543 2664 Qui
564 2631 707 2666 principio,
728 2629 817 2665 qualis
837 2630 863 2656 iu

69 2668 154 2697 edicto
167 2669 352 2697 constituendo
366 2669 454 2701 fucrit,
470 2669 630 2705 cognoscite.

672 2668 739 2694 XLl.
765 2668 794 2693 P.
810 2668 864 2694 An·
885 2682 894 2693 l.

1071 130 1089 156 C
1104 130 1125 156 A
1139 130 1168 156 P.
1204 131 1234 156 36
1254 145 1291 149 —
1311 131 1352 156 42.
1660 134 1707 159 2537

914 201 975 227 nius
989 200 1097 227 Asellus
1116 204 1237 227 mortuus
1256 205 1296 227 est
1313 201 1342 227 C.
1359 200 1498 227 Sacerdote
1516 206 1643 236 praetore.
1684 203 1709 229 Is

914 246 1000 272 quum
1026 238 1135 264 haberet
1161 238 1267 264 unicam
1291 238 1372 264 filiam
1395 246 1483 272 neque
1504 247 1601 265 census
1624 245 1707 272 esset,

914 275 986 310 quod
1000 280 1094 301 natura
1108 275 1274 306 hortabatur,
1297 275 1339 301 lex
1354 274 1427 301 nulla
1441 275 1612 310 prohibebat,
1638 276 1708 307 fecit,

916 317 945 338 ut
960 312 1042 338 filiam
1057 312 1134 338 bonis
1148 313 1206 338 suis
1221 312 1345 338 heredem
1360 313 1520 338 institueret.
1561 313 1641 340 Heres
1656 319 1711 340 erat

916 349 980 376 filia.
1022 350 1163 375 Fac-iebant
1176 350 1264 376 omnia
1278 359 1340 376 cum
1359 349 1476 384 pupilla:
1499 350 1564 385 legis
1578 351 1708 386 aequitas,

917 386 1039 413 voluntas
1054 387 1149 421 patriS‚
1170 387 1254 413 edicta
1276 391 1441 422 praetorum,
1466 388 1631 414 consuetudo
1645 389 1711 414 iuris

916 424 987 455 eius,
1013 424 1086 458 quod
1108 428 1163 450 erat
1186 429 1257 455 tum,
1282 433 1367 459 quum
1385 423 1493 450 Asellus
1515 429 1555 450 est
1578 430 1710 452 mortuus.

917 463 974 487 ⁴05.
995 462 1045 487 Iste
1063 466 1167 496 praetor
1186 461 1342 497 designatus
1364 462 1465 496 (utrum
1484 461 1649 493 admonitus,
1679 472 1712 489 an

917 503 1040 529 tentatus,
1058 507 1104 529 an,
1121 507 1174 533 qua
1188 504 1227 525 est
1241 500 1290 525 iste
1305 499 1446 534 sagacitate
1461 499 1487 525 in
1502 499 1544 525 his
1559 499 1639 526 rebus
1653 501 1712 526 sine

916 535 984 561 duce
999 535 1062 566 ullo,
1079 536 1137 562 sine
1151 536 1247 567 indice,
1264 537 1414 570 pervenerit
1428 536 1460 562 ad
1475 536 1542 563 hanc
1556 537 1713 572 improbita-

892 571 894 577 ⁴
917 578 983 604 tem,
1008 574 1110 599 nescio:
1136 582 1183 599 vos
1207 578 1310 599 tantum
1330 574 1446 599 hominis
1465 574 1603 600 audaciam
1621 584 1713 601 amen-

917 611 1035 645 tiamque
1049 610 1208 645 cognoscite)
1219 610 1335 645 appellat
1346 611 1471 637 heredem
1482 612 1511 637 L.
1523 612 1651 643 Annium,
1665 613 1712 647 qui

917 652 971 673 erat
985 647 1124 673 institutus
1139 648 1289 673 secundum
1304 648 1400 679 filiam3
1417 657 1469 674 non
1483 649 1554 675 enim
1570 650 1636 675 mihi
1652 658 1714 684 per-

916 684 1057 715 suadetur,
1078 685 1160 710 istum
1179 685 1212 710 ab
1230 685 1276 711 illo
1294 686 1369 719 prius
1384 685 1559 719 appellatum3
1585 687 1658 718 dicit,
1683 695 1713 712 se

916 730 994 756 posse
1010 722 1033 747 ei
1048 721 1195 748 condonare
1215 722 1301 748 edicto
1322 723 1508 755 liereditaten13
1530 723 1605 750 docet
1625 724 1713 750 homi-

917 768 987 789 nem,
1003 759 1069 793 quid
1084 759 1168 793 possit
1182 759 1248 785 fieri.
1282 759 1324 785 Illi
1339 760 1407 785 bona
1423 769 1472 790 reS,
1491 760 1553 786 huic
1568 761 1712 787 vendibilis

918 796 1068 822 videbatur.
1103 797 1164 828 Iste,
1181 797 1286 823 tametsi
1297 797 1426 832 singulari
1438 802 1477 823 est
1489 798 1606 828 audacia,
1625 803 1712 824 tamen

917 833 950 859 ad
962 833 1081 868 pupillae
1093 838 1203 860 matrem
1214 835 1408 861 summittebat.
1443 834 1556 860 Malebat
1571 836 1711 869 pecuniam

917 872 1048 906 accipere,
1067 880 1099 897 ne
1110 871 1177 906 quid
1187 872 1249 897 novi
1259 871 1385 902 ediceret,
1402 881 1483 906 quam
1496 877 1524 898 ut
1536 872 1584 898 lioc
1595 872 1712 898 edictum

894 937 895 941 Ἰ
917 914 970 935 tam
982 909 1136 943 improbum
1146 913 1171 935 et
1182 909 1557 943 inhumanuminterponeret.
1590 911 1646 935 406.
1659 910 1713 935 Tu—

894 947 895 970 Ῐ
918 950 986 972 tores
1001 946 1142 980 pecuniam
1159 946 1271 981 praetori
1286 947 1308 972 si
1320 946 1438 981 pupillae
1449 947 1555 973 nomine
1565 947 1710 977 dedissent,

894 1010 895 1016 ,
917 983 1046 1019 grandem
1062 984 1226 1018 praesertim,
1243 984 1470 1018 quemadmodum
1487 985 1514 1010 in
1530 985 1657 1010 rationem
1672 985 1714 1010 in—

894 1035 895 1041 =
917 1021 1053 1052 ducerent,
1069 1021 1297 1056 quemadmodum
1308 1022 1365 1047 sine
1377 1021 1495 1056 periculo
1511 1030 1560 1048 suo
1576 1022 1637 1047 dare
1652 1031 1715 1056 pos-

917 1063 984 1089 sent,
998 1067 1049 1085 non
1061 1058 1198 1085 videbant:
1211 1058 1292 1085 simul
1304 1064 1329 1085 et
1339 1059 1420 1085 istum
1433 1059 1487 1085 fore
1497 1064 1548 1085 tam
1560 1059 1714 1094 improbum

918 1105 969 1122 non
988 1096 1194 1122 arbitrabantur.
1235 1096 1317 1131 Saepe
1340 1096 1465 1131 appellati
1488 1102 1712 1132 pernegaverunt.

918 1134 969 1160 [ste
987 1133 1020 1159 ad
1039 1134 1179 1160 arbitrium
1203 1134 1275 1165 eius,
1300 1135 1343 1160 cui
1363 1134 1521 1160 condonarat
1541 1134 1714 1160 hereditatem

917 1176 1034 1206 ereptam
1054 1171 1158 1202 liberis,
1183 1180 1265 1206 quam
1288 1180 1403 1206 aequum
1428 1171 1544 1198 edictum
1566 1172 1711 1206 scripserit,

917 1217 1029 1244 quaeso,
1061 1209 1220 1244 cognoscite.
1261 1219 1339 1239 QUUM
1379 1218 1570 1240 INTELLtGAM,
1611 1217 1715 1235 LEGEM

919 1255 1079 1272 VOCONtAM.
1120 1246 1186 1278 Quis
1205 1255 1334 1281 umquam
1353 1247 1470 1272 erederet
1487 1247 1596 1273 Verrem
1617 1246 1716 1273 mulie-

918 1292 976 1310 rum
996 1283 1179 1310 adversarium
1198 1283 1339 1310 futurum?
1365 1293 1397 1310 an
1416 1284 1475 1310 ideo
1498 1283 1601 1319 aliquid
1624 1288 1714 1310 contra

918 1321 1044 1347 mulieres
1061 1321 1134 1352 fecit,
1151 1330 1183 1348 ne
1198 1326 1282 1348 totum
1297 1321 1412 1347 edictum
1428 1321 1460 1347 ad
1474 1321 1629 1348 Chelidonis
1644 1322 1715 1348 arbi-

919 1359 998 1384 trium
1017 1359 1148 1393 scriptum
1168 1358 1321 1385 videretur?
1347 1359 1493 1393 Cupiditati
1516 1359 1656 1385 hominum
1679 1359 1715 1385 ait

917 1404 945 1421 se
959 1396 1065 1422 obviam
1081 1397 1127 1422 ire.
1168 1396 1234 1428 Quis
1249 1396 1350 1430 potiuS,
1373 1405 1424 1422 non
1439 1395 1518 1422 modo
1532 1396 1573 1422 his
1587 1397 1715 1431 tempori-

918 1433 981 1464 l)uS,
1003 1433 1049 1459 sed
1068 1434 1146 1459 etiam
1166 1433 1237 1467 apud
1258 1434 1369 1459 maiores
1389 1439 1503 1464 nostros,
1524 1434 1586 1468 quis
1606 1438 1657 1459 tam
1673 1443 1715 1460 re-

918 1475 1005 1496 motus
1025 1470 1076 1496 fuit
1093 1480 1107 1496 a
1121 1470 1284 1505 cupiditate?
1311 1471 1367 1501 Dic,
1388 1479 1500 1505 quaeso,
1520 1476 1619 1497 cetera:
1641 1471 1714 1497 dele·-

894 1526 895 1530 .
916 1512 967 1534 ctat
981 1508 1052 1534 enim
1068 1517 1109 1534 nie
1124 1508 1240 1534 lioniinis
1253 1508 1382 1543 gravitas,
1403 1508 1513 1534 scientia
1528 1509 1607 1538 iuris,
1624 1514 1715 1534 aucto-

917 1546 990 1571 ritas.

917 1592 1023 1608 ros-‘rra
1052 1592 1086 1608 ex
1113 1592 1211 1614 reeir,

1030 1555 1078 1576 Qui
1094 1555 1126 1571 An
1141 1554 1164 1571 Λ,
1181 1555 1337 1576 rusteino,
1358 1556 1381 1575 Q.
1398 1555 1711 1575 FU..V10CEN50R1¹³US,

1421 1584 1477 1609 ⁴07.
1501 1583 1584 1613 Fecit,
1606 1582 1715 1609 fecerit?

917 1619 983 1652 Quis
1000 1629 1128 1654 umquam
1144 1620 1228 1646 edixit
1241 1620 1292 1647 isto
1307 1619 1402 1646 modo?
1427 1621 1489 1655 quis
1508 1629 1636 1655 umquam
1655 1621 1714 1646 eius

917 1659 953 1684 rei
974 1657 1093 1683 fraudem
1119 1662 1165 1683 aut
1186 1657 1336 1692 periculum
1360 1658 1497 1692 proposuit
1521 1657 1620 1688 edicto,
1645 1666 1714 1692 quae

917 1704 1004 1730 neque
1028 1699 1087 1729 post
1110 1695 1228 1721 edictum
1252 1704 1338 1729 neque
1362 1700 1421 1721 ante
1444 1695 1560 1721 edietum
1580 1695 1713 1729 provideri

916 1732 1020 1767 potuit‘?
1059 1732 1138 1758 XLll.
1162 1733 1234 1764 lure,
1261 1732 1378 1768 legibus,
1405 1733 1557 1758 auctoritate
1581 1733 1711 1762 omnium,

916 1771 963 1805 qui
981 1770 1202 1801 consulebantur,
1229 1774 1416 1796 testamentum
1436 1770 1464 1796 P.
1484 1770 1588 1796 Annius
1608 1770 1711 1799 fecerat,

917 1817 968 1833 non
983 1807 1150 1842 improbum,
1173 1816 1224 1833 non
1239 1807 1432 1838 inofficiosum,
1454 1816 1504 1833 non
1524 1807 1712 1833 inhumanum.

916 1844 992 1877 Quod
1011 1846 1033 1871 si
1053 1845 1087 1871 ita
1107 1844 1225 1876 fecisset,
1249 1849 1336 1871 tamen
1356 1849 1414 1879 post
1434 1844 1506 1871 illius
1521 1850 1631 1870 niortem
1648 1844 1713 1870 niliil

916 1882 948 1908 de
973 1887 1130 1908 testamento
1152 1882 1226 1908 illius
1251 1882 1311 1908 novi
1338 1882 1403 1908 iuris
1426 1882 1552 1908 constitui
1575 1887 1713 1916 oporteret.

916 1920 1031 1947 Voconia
1051 1920 1093 1946 lex
1112 1924 1136 1946 te
1156 1919 1279 1946 videlicet
1297 1919 1461 1945 delectabat‘.²
1500 1920 1620 1945 Imitatus
1641 1928 1714 1945 esses

917 1958 1006 1992 ipsum
1022 1957 1099 1983 illum
1114 1958 1144 1989 Q.
1161 1958 1321 1988 Voconium,
1344 1957 1390 1992 qui
1407 1957 1464 1992 lege
1478 1966 1526 1983 sua
1542 1957 1713 1983 hereditatem

917 1995 1016 2021 ademit
1035 1995 1101 2021 nulli
1121 2003 1207 2029 neque
1227 1995 1324 2029 virgini
1340 2003 1426 2029 neque
1442 1994 1562 2020 mulieri:
1585 1995 1672 2020 sanxit
1687 1995 1714 2020 in

918 2038 1062 2068 posterum,
1078 2033 1125 2067 qui
1141 2037 1199 2067 post
1213 2041 1257 2058 eos
1271 2041 1394 2058 censores
1405 2041 1502 2058 census
1514 2036 1592 2062 esset,
1610 2040 1641 2057 ne
1653 2032 1714 2066 quis

1240 1591 1377 1609 Flicznir.

918 2070 1042 2096 heredem
1063 2070 1193 2105 virginem
1214 2078 1280 2096 neve
1300 2069 1439 2095 mulierem
1460 2069 1563 2095 fuceret.
1607 2071 1663 2094 ⁴08.
1686 2070 1714 2095 lu

917 2108 974 2143 lege
986 2107 1099 2134 Voconia
1112 2116 1162 2133 non
1175 2112 1227 2133 est:
1245 2116 1343 2137 rizcir,
1361 2116 1500 2132 rennui-r:
1518 2115 1604 2141 neque
1619 2107 1645 2132 in
1661 2106 1714 2132 ulla

917 2145 1087 2180 praeteritum
1100 2149 1206 2179 tempus
1218 2144 1431 2179 reprelienditur,
1449 2144 1499 2170 nisi
1512 2145 1570 2169 eius
1585 2144 1630 2171 rei.
1646 2153 1714 2178 quae

916 2191 964 2208 sua
983 2186 1077 2216 sponte
1096 2182 1221 2208 scelerata
1241 2190 1269 2207 uc
1290 2181 1388 2207 nefaria
1407 2186 1459 2212 est,
1486 2186 1527 2211 ut,
1548 2181 1651 2206 etiamsi
1673 2180 1714 2206 lex

917 2229 969 2246 non
983 2224 1061 2250 esset,
1079 2228 1175 2254 magno
1188 2227 1267 2253 opere
1283 2219 1388 2245 vitanda
1404 2218 1492 2244 suerit.
1529 2219 1616 2252 Atque
1630 2219 1656 2243 in
1673 2217 1714 2243 lii>

917 2257 983 2292 ipsis
999 2257 1078 2282 rebus
1094 2256 1177 2282 multa
1193 2256 1316 2282 videmus
1332 2257 1365 2282 itu
1380 2261 1469 2282 saneta
1484 2264 1542 2282 esse
1554 2255 1668 2289 legibus,
1685 2261 1713 2280 ut

917 2299 976 2320 ante
991 2293 1057 2320 faeta
1072 2294 1098 2319 in
1114 2293 1244 2319 iudicium
1260 2302 1311 2319 nou
1327 2298 1466 2319 vocentur:
1497 2292 1617 2319 Cornelia
1636 2298 1714 2318 testa-

917 2331 1057 2361 nieutaria,
1080 2331 1242 2361 nummaria,
1263 2335 1364 2356 ceterae
1381 2330 1546 2364 complures,
1568 2330 1594 2355 iu
1613 2329 1714 2364 quibus

918 2378 968 2395 non
984 2369 1025 2394 ius
1040 2368 1148 2402 aliquod
1164 2376 1262 2393 novum
1278 2367 1377 2402 populo
1391 2368 1574 2397 constituitur,
1591 2367 1638 2392 sed
1653 2376 1714 2393 sau-

917 2407 999 2436 citur,
1021 2410 1062 2435 ut,
1083 2404 1156 2439 quod
1174 2413 1280 2439 semper
1299 2405 1399 2430 malum
1420 2404 1522 2430 facinus
1542 2403 1634 2434 fuerit,
1655 2405 1714 2430 eins

916 2443 1037 2478 quaestio
1059 2442 1091 2468 ad
1115 2441 1245 2476 populum
1270 2443 1411 2476 pertinent,
1437 2450 1469 2467 ex
1491 2447 1562 2467 certo
1585 2446 1711 2476 tempore.

919 2482 975 2507 ¹09.
999 2481 1034 2506 Do
1049 2480 1105 2505 iuro
1121 2488 1182 2505 vero
1195 2478 1268 2505 civili
1283 2480 1305 2505 si
1319 2480 1382 2514 quis
1397 2479 1456 2505 novi
1472 2479 1538 2513 quid
1558 2479 1711 2508 instituerit,

916 2519 939 2544 is
957 2517 1059 2547 onmia.
1086 2525 1155 2551 quae
1174 2521 1233 2542 ante
1253 2521 1308 2542 acta
1327 2521 1403 2547 suut,
1430 2522 1483 2542 rata
1506 2525 1563 2542 esse
1588 2517 1711 2550 patietur.

893 2568 894 2571 ¹
916 2555 987 2581 Cedo
998 2555 1063 2580 milii
1077 2554 1148 2589 leges
1159 2554 1269 2583 Atinias,
1285 2554 1387 2584 Furias,
1402 2554 1504 2583 Fusias.
1519 2554 1613 2588 ipsam.
1627 2559 1655 2579 nt
1671 2553 1713 2579 di-

917 2593 953 2623 xi,
968 2592 1119 2622 Voconiam,
1131 2599 1223 2617 omnes
1239 2596 1370 2625 praeterea
1385 2591 1417 2617 do
1432 2592 1489 2617 iure
1502 2590 1591 2622 civiti,
1608 2590 1657 2616 lioc
1672 2600 1713 2616 re-

917 2630 1002 2664 peries
1022 2629 1049 2655 iu
1067 2629 1193 2655 omnibus
1212 2628 1290 2654 statui
1311 2629 1366 2658 ius,
1391 2637 1446 2663 quo
1469 2633 1527 2663 post
1549 2637 1606 2654 eam
1627 2627 1712 2663 legent

917 2666 1033 2702 populus
1045 2671 1143 2693 utatur.
1165 2666 1216 2698 Qui
1229 2665 1375 2700 plurimum
1390 2666 1511 2693 tribuunt
1525 2665 1620 2695 edicto,
1637 2674 1712 2700 prae-

1475 2714 1505 2738 33
