1941 3052
322 145 412 172 PRO
443 145 574 172 DOMO
608 145 697 172 SUA
730 144 786 171 AD
818 143 1137 171 PONTIFICES.
1173 144 1270 171 CAP.
1303 147 1375 171 6—
1400 148 1436 172 12.

62 215 189 242 emendos
208 223 285 251 agros
305 216 489 247 constitutam,
511 221 627 251 ereptam
645 217 670 242 vi
687 216 854 242 exCaesaris

62 253 142 280 rebus
153 253 231 283 actis,
244 253 306 287 quis
318 253 461 288 imperium
473 253 608 280 inlinitum
621 253 712 279 dedit‘?
733 254 781 280 Cui
793 254 856 288 qui-

61 290 123 316 dem
137 298 223 324 quum
235 289 354 316 Ciliciam
369 290 504 322 dedisses,
522 291 630 317 mutasti
647 291 808 325 pactionem.
830 295 856 316 et

62 327 182 354 Ciliciam
206 327 240 353 ad
264 332 411 362 praetorem
433 328 496 354 item
517 333 590 355 extra
610 328 731 355 ordinem
752 327 856 354 tratuli-

61 365 110 391 sti:
133 364 260 395 Gabinio,
283 365 367 399 pretio
383 365 556 400 amplificato,
579 365 682 402 Syriam
699 366 855 392 nominatim

61 401 168 428 dedisti.
190 401 280 434 Quid?
291 402 391 428 homini
404 403 562 434 taeterrimo,
575 403 771 433 crudelissimo,
781 402 856 428 falla-

61 439 182 470 cissimo,
199 439 319 465 omnium
331 439 462 466 scelerum
475 440 672 475 libidinumque
685 440 796 466 maculis
809 448 856 466 no-

61 476 204 507 tatissimo,
223 476 252 502 L.
264 476 367 508 Pisoni,
385 486 472 504 nonne
488 478 644 504 nominatim
660 477 773 512 populos
789 477 856 503 libe·

61 521 112 545 ros,
126 513 219 539 multis
231 514 480 545 senatusconsultis,
494 515 573 541 etiam
585 515 682 541 recenti
696 515 753 550 lege
763 514 855 549 generi

59 551 147 587 ipsius
159 550 292 583 liberatos,
306 552 409 578 vinctos
420 556 445 578 et
455 552 611 578 constrictos
623 551 773 578 tradidisti?
784 552 856 577 Non-

61 596 106 619 ne,
123 597 209 623 quum
226 589 259 615 ab
273 597 303 615 eo
315 597 416 615 merces
427 590 468 615 tui
478 589 599 615 beneficii
612 589 783 624 pretiumque
794 597 856 623 pro—

60 626 164 652 vinciae
176 634 234 652 meo
245 627 377 662 sanguine
388 626 436 653 tibi
447 631 517 652 esset
526 627 703 661 persolutum,
713 631 800 652 tamen
812 635 856 652 ae-

60 663 159 689 rarium
171 671 233 689 cum
245 672 276 690 eo
285 664 399 698 partitus
410 663 458 690 es‘?
477 665 519 690 24.
532 665 604 690 Itane
614 663 696 690 vero‘?
705 668 734 689 tu
746 664 856 698 provin-

60 701 114 726 cias
125 700 292 732 consulares,
310 709 377 736 quas
388 701 418 727 C.
431 701 582 731 Gracchus,
596 701 643 735 qui
656 709 727 727 unus
738 701 855 727 maxime

60 737 198 772 popularis
209 737 271 768 fuit,
289 747 341 764 non
353 738 432 764 modo
445 747 496 764 non
507 738 619 764 abstulit
633 738 666 764 ab
682 743 790 769 senatu,
807 737 855 764 sed

60 775 152 806 etiam,
170 779 200 801 ut
215 783 322 801 necesse
337 780 408 802 esset
423 776 566 810 quotannis
581 776 707 802 constitui
720 784 767 810 per
777 784 855 801 sena-

60 816 130 844 tum,
143 812 246 838 decreta
258 812 316 848 lege
326 813 427 843 sanxit,
445 821 502 843 eas,
517 812 575 848 lege
583 813 742 847 Sempronia
755 821 802 847 per
812 822 855 838 se-

60 854 150 876 natum
162 849 294 880 decretas,
307 850 454 882 rescidisti3
477 854 550 876 extra
561 850 691 881 ordinem,
704 851 762 876 sine
773 855 851 881 sorte,

59 887 216 913 nominatim
231 886 342 917 dedisti,
366 895 418 913 non
433 887 604 918 consulibus,
627 888 675 914 sed
690 887 854 922 reipublicae

59 924 195 958 pestibus:
217 933 278 955 nos,
297 924 370 959 quod
386 925 543 951 nominatim
555 925 591 951 rei
608 926 753 955 maximae,
771 934 854 960 paene

58 962 110 988 iam
127 961 295 996 desperatae,
317 970 455 988 summum
472 963 574 993 virum,
597 971 676 997 saepe
692 962 724 988 ad
736 967 853 989 extrema

58 998 221 1033 reipublicae
231 999 386 1025 discrimina
397 999 539 1031 delectum,
553 999 741 1034 praefecimus,
753 1009 766 1026 a
777 1005 802 1026 te
813 1009 855 1026 re-

58 1036 273 1071 prehendemur?
302 1036 337 1062 X.
359 1036 430 1069 Quid
442 1037 566 1064 tandem?
586 1037 622 1068 si,
640 1046 709 1072 quae
724 1042 782 1063 tum
797 1038 853 1064 illis

59 1073 221 1108 reipublicae
242 1074 358 1100 tenebris
379 1075 520 1109 caecisque
541 1075 660 1101 nubibus
676 1079 701 1101 et
717 1075 851 1109 procellis,

57 1119 142 1146 quum
154 1115 276 1138 senatum
288 1120 301 1137 a
312 1111 504 1148 gubernaculis
517 1112 674 1143 deiecisses,
692 1112 823 1147 populum
840 1121 854 1139 e

59 1148 118 1174 navi
131 1149 316 1180 exturbasses‚
334 1150 392 1184 ipse
407 1150 566 1184 archipirata
577 1158 638 1176 cum
650 1158 730 1186 grege
742 1150 855 1185 praedo-

58 1194 123 1212 num
138 1185 324 1221 impurissimo
337 1186 503 1221 plenissimis
518 1187 586 1213 velis
601 1188 755 1223 navigares,
767 1203 805 1207 -—
818 1188 851 1219 si,

57 1231 126 1257 quae
137 1227 194 1250 tum
206 1224 390 1260 promulgasti,
403 1225 574 1256 constituisti,
588 1225 745 1260 promisisti,
759 1225 854 1251 vendi-

57 1260 134 1292 disti,
152 1261 269 1296 perferre
281 1262 429 1296 potuisses:
447 1263 495 1297 qui
511 1262 585 1289 locus
600 1263 628 1288 in
644 1263 707 1289 orbe
723 1267 852 1288 terrarum

57 1306 160 1324 vacuus
176 1299 391 1325 extraordinariis
404 1298 522 1326 fascibus
534 1304 613 1335 atque
623 1300 737 1334 imperio
748 1299 854 1326 Clodia-

58 1344 92 1361 no
103 1335 217 1362 fuisset?
235 1337 278 1362 25.
295 1336 349 1363 Sed
362 1337 493 1364 excitatus
505 1336 649 1373 aliquando
660 1338 708 1365 Cn.
721 1338 851 1373 Pompeii,

56 1372 153 1409 (dicam
170 1373 229 1408 ipso
244 1374 380 1406 audiente,
403 1375 476 1410 quod
496 1377 568 1402 sensi
583 1380 609 1402 et
624 1377 722 1406 sentio,
745 1385 854 1411 quoquo

57 1411 147 1438 animo
158 1420 200 1437 me
211 1411 353 1438 auditurus
365 1412 426 1447 est,)
440 1413 583 1444 excitatus,
597 1413 718 1448 inquam,
732 1414 854 1449 aliquan-

56 1448 90 1474 do
101 1448 149 1475 Cn.
158 1449 276 1484 Pompeii
289 1450 403 1476 nimium
415 1451 462 1476 diu
474 1450 626 1477 reconditus
638 1455 663 1477 et
675 1451 781 1485 penitus
792 1451 854 1477 abs-

57 1490 149 1512 trusus
165 1487 247 1512 animi
258 1486 333 1513 dolor
343 1487 471 1514 subvenit
486 1488 576 1514 subito
591 1488 768 1523 reipublicae,
786 1489 854 1515 civi-

57 1528 192 1558 tatemque
208 1523 315 1550 fractam
331 1524 422 1556 malis,
446 1530 561 1556 mutam,
583 1525 757 1556 debilitatam,
780 1526 854 1552 abie-

56 1565 124 1587 ctam
136 1565 219 1592 metu,
232 1561 265 1587 ad
276 1561 393 1597 aliquam
405 1571 481 1597 spem
494 1562 625 1589 libertatis
636 1567 661 1589 et
673 1563 800 1597 pristinae
811 1563 853 1589 di-

55 1599 165 1634 gnitatis
176 1599 268 1625 erexit.
288 1599 336 1625 Hic
347 1600 388 1625 vir
399 1604 471 1626 extra
483 1600 603 1626 ordinem
615 1601 652 1626 rei
665 1600 853 1627 frumentariae

55 1635 250 1671 praeficiendus
261 1645 312 1662 non
325 1636 394 1663 fuit‘?
412 1636 519 1663 Scilicet
534 1642 563 1664 tu
575 1637 695 1664 helluoni
706 1638 853 1673 spurcissi-

55 1681 112 1704 mo,
125 1674 319 1709 praegustatori
331 1673 475 1701 libidinum
487 1679 607 1707 tuarum,
621 1675 724 1701 homini
735 1676 853 1711 egentis-

55 1710 124 1737 simo
135 1715 160 1737 et
171 1710 406 1743 facinorosissimo,
421 1711 484 1738 Sex.
492 1711 593 1744 Clodio,
607 1713 680 1739 socio
690 1713 729 1739 tui
741 1714 853 1749 sangui-

55 1748 111 1779 nis,
128 1748 175 1783 qui
189 1757 238 1775 sua
250 1748 341 1785 lingua
353 1750 432 1776 etiam
443 1758 560 1776 sororem
573 1754 645 1776 tuam
657 1759 671 1776 a
682 1755 707 1776 te
718 1750 853 1776 abaliena-

55 1785 107 1816 vit,
124 1794 202 1812 omne
214 1785 378 1813 frumentum
395 1787 530 1822 privatum
546 1792 572 1814 et
586 1787 741 1822 publicum,
758 1796 852 1814 omnes

54 1823 206 1858 provincias
218 1822 413 1855 frumentarias,
427 1833 519 1851 omnes
531 1825 676 1860 mancipes,
685 1834 778 1852 omnes
791 1825 852 1852 lior-

55 1867 159 1887 reorum
171 1859 260 1887 claves
273 1860 330 1896 lege
342 1866 386 1888 tua
398 1862 540 1888 tradidisti.
580 1862 637 1894 Qua
649 1871 682 1889 ex
693 1871 720 1889 re
732 1863 850 1898 primum

54 1897 148 1924 caritas
160 1902 218 1924 nata
229 1902 283 1929 est,
296 1898 392 1925 deinde
402 1899 501 1934 inopia.
523 1899 696 1934 Impendebat
708 1899 800 1931 sames,
809 1901 851 1927 in-

54 1934 160 1966 cendia,
195 1935 303 1967 caedes,
334 1935 461 1971 direptio:
496 1937 654 1964 imminebat
683 1942 746 1964 tuus
777 1937 851 1964 furor

54 1972 175 1998 omnium
188 1971 302 1998 fortunis
312 1977 336 2000 et
348 1973 436 2000 bonis.
467 1975 508 2000 26.
521 1973 648 2006 Queritur
659 1975 738 2001 etiam
750 1975 851 2010 impor-

54 2014 118 2035 tuna
134 2009 231 2044 pestis,
249 2017 283 2036 ex
297 2018 342 2037 ore
356 2011 542 2045 impurissimo
553 2012 614 2038 Sex.
628 2011 713 2038 Clodii
727 2021 781 2038 rem
795 2012 851 2039 sru-

54 2047 211 2073 mentariam
223 2055 282 2073 esse
291 2051 418 2082 ereptam,
431 2049 602 2083 summisque
613 2049 640 2075 in
652 2049 780 2083 periculis
791 2051 850 2076 eius

54 2084 104 2110 viri
116 2083 248 2110 auxilium
260 2084 418 2120 implorasse
430 2086 633 2120 rempublicam,
642 2095 655 2112 a
667 2095 721 2122 quo
730 2095 810 2121 saepe
821 2096 850 2113 so

54 2125 80 2148 et
94 2125 225 2148 servatam
241 2125 268 2147 et
282 2122 470 2157 amplificatam
482 2132 541 2149 esse
553 2124 729 2150 meminisset.
769 2125 850 2151 Extra

53 2158 174 2185 ordinem
187 2158 247 2185 ferri
259 2159 326 2185 nihil
339 2159 424 2194 placet
436 2160 537 2187 Clodio.
568 2161 658 2193 Quid‘?
676 2162 710 2187 de
724 2170 766 2188 mo
777 2161 850 2197 quod

55 2195 148 2223 tulisse
160 2201 184 2223 te
195 2196 272 2227 dicis.
287 2197 425 2231 patricida,
440 2197 581 2229 fratricida,
595 2199 748 2230 sororicida,
762 2209 850 2226 nonne

54 2238 126 2260 extra
137 2234 258 2260 ordinem
271 2233 375 2260 tulisti‘?
393 2235 434 2261 An
445 2235 478 2261 de
489 2239 562 2270 peste
573 2236 655 2267 civis,
673 2237 850 2272 quemadmo—

53 2270 119 2297 dum
129 2279 221 2298 omnes
233 2272 285 2297 iam
297 2271 334 2297 dii
346 2276 426 2307 atque
439 2272 559 2299 homines
570 2273 770 2305 iudicaverunt,
785 2283 850 2301 con-

53 2309 195 2336 servatoris
207 2308 613 2344 reipublicae,quemadmodum
625 2316 713 2337 autem
726 2316 781 2338 tute
793 2313 850 2347 ipse

53 2346 200 2378 confiteris,
219 2355 270 2373 non
283 2347 361 2373 modo
373 2347 532 2378 indemnati,
550 2347 597 2373 sed
614 2357 646 2374 ne
661 2349 776 2375 accusati
787 2350 850 2384 qui-

54 2382 128 2415 dem,
143 2383 218 2410 licuit
229 2384 276 2410 tibi
290 2383 370 2415 serre,
384 2393 436 2411 non
449 2384 548 2420 legem,
561 2385 608 2411 sed
622 2385 752 2412 netarium
765 2387 850 2421 privi-

55 2418 168 2456 legium,
187 2420 293 2457 lugente
304 2426 412 2453 senatu,
431 2422 611 2448 maerentibus
623 2422 699 2449 bonis
710 2424 847 2455 omnibus,

54 2457 135 2484 totius
146 2458 234 2484 ltaliae
250 2459 375 2493 precibus
391 2459 553 2494 repudiatis,
576 2468 703 2494 oppressa
719 2466 848 2496 captaque

54 2494 204 2530 republica:
227 2496 308 2527 mihi,
326 2496 425 2531 populo
438 2497 554 2523 Romano
565 2497 736 2532 implorante,
754 2504 847 2525 senatu

102 2536 191 2564 cente,
213 2534 380 2568 temporibus
399 2534 562 2569 reipublicae
577 2533 772 2570 flagitantibus,
795 2544 848 2562 non

65 2569 130 2596 icuit
139 2569 172 2596 de
182 2569 269 2597 salute
280 2570 373 2606 populi
385 2571 495 2598 Romani
507 2571 666 2598 sententiam
678 2572 784 2599 dicere?
803 2574 846 2600 27.

53 2604 110 2638 Qua
125 2606 235 2642 quidem
250 2607 277 2634 in
294 2609 424 2635 sententia
439 2609 462 2635 si
475 2609 522 2635 Cn.
536 2610 654 2644 Pompeii
670 2609 788 2646 dignitas
800 2619 848 2636 au-

53 2647 94 2669 cta
108 2648 160 2676 est,
182 2644 322 2671 coniuncta
337 2654 398 2672 cum
413 2646 526 2673 utilitate
536 2647 686 2678 communi,
708 2652 778 2674 certe
791 2647 848 2674 lau-

54 2679 157 2708 dandus
173 2689 274 2713 essem,
297 2682 320 2709 si
336 2683 393 2709 eius
409 2683 532 2720 dignitati
548 2684 710 2721 suffragatus
732 2685 844 2713 viderer.

1651 148 1699 174 479

908 216 953 251 qui
966 224 1040 242 meae
1052 215 1132 242 saluti
1143 224 1220 251 opem
1233 221 1258 242 et
1268 216 1400 243 auxilium
1411 216 1526 242 tulisset.
1567 216 1613 243 XI.
1626 218 1701 244 Desi-

909 258 984 284 nant,
1007 253 1130 280 desinant
1146 254 1268 280 homines
1284 254 1379 280 iisdem
1396 254 1529 280 machinis
1541 263 1648 289 sperare
1659 264 1700 281 me

908 291 1060 316 restitutum
1082 300 1161 325 posse
1183 290 1347 322 labefactari,
1369 292 1471 327 quibus
1491 296 1566 318 antea
1588 297 1699 318 stantem

909 327 1088 362 perculerunt.
1120 327 1197 360 Quod
1209 329 1279 355 euim
1292 337 1338 363 par
1349 329 1480 355 amicitiae
1491 329 1639 356 consularis
1652 329 1701 356 fuit

910 373 1037 399 umquam
1049 366 1076 391 in
1089 365 1137 391 hac
1148 366 1254 392 civitate
1266 366 1444 397 coniunctius,
1453 375 1534 401 quam
1546 366 1648 393 fuimus
1661 368 1702 393 in-

908 406 947 427 ter
958 411 1016 432 nos,
1029 410 1079 438 ego
1089 407 1114 428 et
1125 403 1343 437 Cn.Pompeius‘?
1353 403 1418 436 Quis
1430 404 1501 438 apud
1514 404 1644 439 populum
1651 405 1702 431 Ro-

908 448 1016 465 manum
1029 439 1061 465 de
1073 440 1146 466 illius
1159 440 1287 476 dignitate
1298 441 1441 472 illustrius,
1454 441 1517 476 quis
1528 442 1632 468 senatui
1644 450 1703 468 sae-

908 477 969 511 pius
980 476 1066 503 dixit?
1086 476 1137 509 Qui
1150 482 1238 504 tantus
1250 478 1300 504 suit
1312 478 1393 509 labor,
1407 487 1476 514 quae
1487 478 1620 509 simultas,
1633 488 1703 514 quae

907 514 1052 544 contentio,
1070 523 1151 549 quam
1167 523 1216 550 ego
1228 524 1279 541 non
1291 524 1338 550 pro
1350 515 1424 542 illius
1436 516 1564 551 dignitate
1576 525 1703 551 suscepe-

908 551 976 576 rim‘?
986 551 1038 583 Qui
1050 551 1082 577 ab
1094 552 1140 578 illo
1151 552 1178 578 in
1191 561 1232 578 me
1244 552 1336 583 honos.
1350 562 1419 588 quae
1431 553 1591 588 praedicatio
1601 553 1633 580 de
1645 562 1703 580 mea

908 588 998 619 laude,
1021 597 1090 623 quae
1105 590 1283 616 remuneratio
1299 590 1499 617 benevolentiae
1515 592 1702 625 praetermissa

907 625 965 651 est‘?
993 627 1034 652 28.
1056 626 1128 652 Hanc
1140 632 1255 653 nostram
1267 628 1495 659 coniunctionem,
1514 628 1581 654 hanc
1594 629 1704 663 conspi-

907 663 1034 689 rationem
1046 663 1073 689 in
1085 664 1221 698 republica
1233 664 1301 690 bene
1311 665 1440 700 gerenda,
1459 665 1526 692 lianc
1537 666 1703 692 iucundissi-

907 708 977 725 mam
993 701 1062 726 vitae
1078 705 1158 735 atque
1173 701 1321 728 officiorum
1337 703 1458 728 omnium
1475 703 1625 729 societatem
1637 704 1701 730 certi

906 737 1029 763 homines
1045 737 1113 763 fictis
1129 739 1299 764 sermonibus
1315 744 1341 765 et
1356 739 1430 766 falsis
1451 740 1612 766 criminibus
1631 741 1703 767 dire-

906 779 1026 800 merunt:
1039 783 1124 809 quum
1136 775 1216 801 iidem
1229 776 1316 807 illum,
1331 781 1359 802 ut
1371 786 1413 803 me
1424 782 1562 809 metueret,
1572 786 1613 804 me
1624 786 1703 804 cave-

906 816 957 843 ret,
975 817 1127 843 monerent,
1150 813 1232 839 iidem
1243 813 1315 848 apud
1332 823 1387 845 me,
1405 814 1472 840 mihi
1488 814 1565 840 illum
1582 823 1640 841 esse
1655 816 1702 842 uni

906 849 1140 880 inimicissimum,
1157 850 1288 877 dicerent:
1311 856 1341 877 ut
1353 860 1438 886 neque
1450 860 1511 887 ego,
1529 852 1561 878 ab
1577 852 1624 879 illo
1633 861 1702 888 quae

907 887 973 913 mihi
990 887 1103 921 petenda
1119 892 1221 919 essent,
1243 889 1308 914 satis
1325 889 1460 915 audaciter
1474 894 1563 924 petere
1583 898 1700 924 possem,

906 933 993 958 neque
1014 924 1072 955 ille,
1095 929 1132 951 tot
1151 926 1353 960 suspicionibus
1369 931 1500 953 certorum
1517 927 1656 953 hominum
1678 932 1704 954 et

906 961 1005 987 scelere
1025 962 1207 994 exulceratus,
1230 972 1299 998 quae
1315 972 1405 990 meum
1421 968 1529 999 tempus
1545 964 1700 1000 postularet,

906 999 970 1025 satis
982 999 1085 1033 prolixe
1096 1000 1162 1026 mihi
1173 1000 1352 1035 polliceretur.
1374 1002 1486 1028 29.Data
1498 1011 1599 1028 merces
1611 1007 1650 1028 est
1661 1011 1704 1028 er—

906 1036 972 1062 roris
984 1037 1037 1063 mei
1049 1046 1158 1073 magna,
1176 1038 1329 1072 pontifices,
1347 1043 1376 1065 ut
1392 1048 1434 1065 me
1449 1049 1499 1066 non
1514 1039 1602 1066 solum
1615 1040 1703 1076 pigeat

906 1073 1034 1100 stultitiae
1045 1083 1127 1105 meae,
1140 1075 1188 1101 sed
1199 1076 1278 1102 etiam
1291 1076 1403 1111 pudeat:
1425 1077 1486 1112 qui,
1499 1086 1584 1112 quum
1596 1086 1638 1103 me
1651 1086 1702 1104 non

905 1112 1074 1146 repentinum
1087 1112 1196 1148 aliquod
1207 1118 1313 1148 tempus
1325 1123 1414 1140 meum
1423 1135 1429 1145 ,
1446 1114 1493 1140 sed
1505 1119 1607 1141 veteres
1619 1114 1703 1142 multo

906 1153 965 1175 ante
980 1151 1097 1185 suscepti
1112 1155 1137 1176 et
1153 1151 1254 1185 provisi
1266 1151 1369 1178 labores
1380 1160 1442 1178 cum
1455 1152 1511 1178 viro
1523 1151 1668 1178 fortissime
1678 1158 1703 1178 et

905 1186 1054 1213 clarissimo
1074 1188 1289 1220 coniunxissent,
1313 1189 1365 1215 sim
1382 1198 1478 1224 passus
1494 1198 1508 1216 a
1525 1189 1569 1216 tali
1586 1190 1702 1216 amicitia

905 1224 1032 1257 distralii3
1056 1233 1143 1260 neque
1161 1225 1354 1257 intellexerim,
1376 1227 1478 1262 quibus
1498 1232 1544 1253 aut
1560 1232 1588 1253 ut
1603 1228 1702 1262 apertis

905 1262 1023 1288 inimicis
1038 1262 1210 1294 obsisterem,
1228 1268 1273 1290 aut
1288 1268 1318 1290 ut
1329 1264 1466 1291 insidiosis
1478 1265 1571 1291 amicis
1582 1273 1634 1291 non
1645 1273 1703 1291 cre-

905 1299 1005 1326 derem.
1021 1300 1134 1327 Proinde
1146 1300 1269 1328 desinant
1280 1301 1425 1337 aliquando
1437 1310 1479 1329 me
1489 1302 1586 1329 iisdem
1598 1301 1703 1330 inflam-

906 1345 977 1363 mare
990 1337 1092 1364 verbis:
1109 1339 1180 1371 Quid
1192 1340 1244 1365 sibi
1256 1340 1305 1366 iste
1318 1340 1394 1366 vult?
1405 1341 1498 1371 nescit,
1511 1346 1642 1375 quantum
1654 1349 1703 1367 au-

905 1376 1023 1401 ctoritate
1035 1375 1132 1407 valeat,
1146 1385 1214 1411 quas
1225 1386 1267 1403 res
1277 1378 1398 1413 gesserit,
1412 1386 1464 1413 qua
1476 1378 1605 1413 dignitate
1616 1379 1650 1404 sit
1661 1386 1703 1404 re-

905 1413 1030 1439 stitutus!
1048 1422 1096 1439 cur
1109 1418 1185 1440 ornat
1199 1423 1274 1445 eum,
1293 1424 1307 1440 a
1318 1424 1372 1450 quo
1382 1415 1505 1442 desertus
1516 1414 1574 1441 est?
1592 1417 1632 1441 30.
1646 1416 1702 1451 Ego

905 1458 967 1476 vero
984 1459 1070 1485 neque
1087 1459 1128 1476 me
1145 1455 1201 1477 tum
1217 1451 1352 1478 desertum
1368 1458 1445 1487 puto,
1468 1452 1515 1478 sed
1533 1461 1616 1488 paene
1625 1452 1702 1479 dedi-

905 1492 976 1514 tum:
999 1496 1061 1519 nee,
1077 1496 1146 1523 quae
1161 1489 1215 1515 sint
1230 1489 1257 1515 in
1273 1489 1318 1515 illa
1336 1490 1499 1524 reipublicae
1511 1489 1615 1516 flamma
1626 1495 1700 1526 gesta

904 1529 993 1551 contra
1007 1534 1061 1556 me,
1080 1534 1166 1560 neque
1177 1526 1324 1561 quomodo,
1343 1536 1430 1562 neque
1446 1536 1492 1562 per
1501 1536 1583 1562 quos,
1601 1527 1702 1562 patefa-

904 1562 1034 1588 ciundum
1046 1563 1112 1589 mihi
1125 1571 1183 1589 esse
1194 1564 1316 1590 arbitror.
1348 1564 1376 1590 Si
1389 1565 1453 1591 utile
1465 1565 1628 1600 reipublicae
1640 1565 1699 1596 suit,

905 1599 1012 1626 haurire
1027 1608 1069 1626 me
1085 1609 1170 1626 unum
1188 1609 1234 1635 pro
1249 1602 1376 1628 omnibus
1393 1602 1466 1628 illam
1482 1603 1700 1638 indignissimam

904 1637 1094 1668 calamitatem,
1118 1639 1196 1664 etiam
1213 1639 1261 1664 hoc
1277 1639 1342 1665 utile
1358 1640 1406 1670 sit,
1429 1648 1545 1675 quorum
1563 1640 1589 1666 id
1602 1640 1701 1666 scelere

903 1674 1045 1701 conflatum
1057 1675 1100 1705 sit,
1115 1684 1157 1701 me
1167 1676 1298 1702 occultare
1310 1681 1335 1703 et
1347 1682 1441 1703 tacere.
1464 1677 1532 1703 lllud
1545 1686 1607 1704 vcro
1617 1682 1642 1704 et
1654 1678 1702 1704 lio-

904 1712 984 1738 minis
996 1713 1092 1748 ingrati
1105 1717 1198 1739 tacere.
1240 1714 1330 1749 ltaque
1343 1713 1520 1741 libentissime
1532 1714 1699 1750 praedicabo,

903 1750 951 1776 Cn.
970 1750 1127 1785 Pompeium
1143 1750 1234 1777 studio
1248 1756 1274 1777 et
1288 1753 1441 1778 auctoritate
1456 1760 1552 1787 aeque,
1577 1757 1604 1778 ut
1616 1761 1700 1779 unum

902 1795 1039 1822 quemque
1051 1793 1180 1819 vestrum,
1193 1789 1301 1823 opibus,
1315 1790 1491 1821 contentione,
1505 1790 1640 1824 precibus,
1654 1798 1702 1824 pe-

903 1825 996 1851 riculis
1013 1824 1130 1860 denique
1146 1826 1289 1861 praecipue
1306 1836 1353 1861 pro
1369 1827 1455 1853 salute
1476 1836 1532 1853 mca
1556 1827 1698 1854 laborasse.

903 1862 961 1888 ΧΙΙ.
975 1862 1021 1888 ilic
1033 1863 1099 1893 tuis,
1118 1863 1144 1889 Ρ.
1156 1863 1282 1895 Lentule,
1300 1873 1384 1899 quum
1403 1869 1430 1891 tu
1444 1864 1510 1891 nihil
1523 1864 1596 1891 aliud
1607 1865 1664 1891 dies
1676 1870 1701 1891 et

904 1904 1001 1931 nocteS.
1017 1900 1068 1926 uisi
1080 1900 1113 1926 de
1124 1900 1210 1928 salute
1223 1910 1279 1927 mea
1290 1902 1430 1938 cogitares,
1443 1902 1564 1928 consiliis
1574 1903 1700 1928 omnibus

902 1937 1036 1964 interfuit:
1051 1937 1094 1964 hic
1105 1938 1153 1964 tibi
1164 1939 1342 1974 gravissimus
1353 1945 1443 1966 auctor
1453 1939 1486 1966 ad
1497 1940 1698 1971 instituendam,

903 1974 1079 2001 fidelissimus
1094 1976 1184 2002 socius
1194 1976 1226 2002 ad
1237 1977 1456 2012 comparandam,
1475 1977 1638 2003 fortissimus
1653 1977 1701 2003 ad-

902 2013 972 2039 iutor
992 2012 1024 2038 ad
1046 2021 1101 2039 rem
1117 2013 1305 2048 perficiendam
1323 2014 1386 2041 suit:
1411 2015 1453 2041 liic
1469 2015 1615 2049 municipia
1630 2015 1700 2041 colo-

902 2050 1015 2085 niasque
1035 2050 1114 2077 adiit:
1137 2051 1180 2076 hic
1201 2051 1290 2078 ltaliae
1312 2052 1392 2078 totius
1412 2052 1544 2079 auxilium
1566 2053 1700 2087 cupientis

902 2087 1069 2122 imploravit:
1093 2088 1136 2114 hic
1159 2088 1185 2115 in
1205 2094 1299 2115 senatu
1321 2090 1446 2124 princeps
1465 2090 1612 2115 sentcntiae
1634 2089 1697 2116 suit:

902 2124 1028 2160 idemque
1039 2133 1124 2160 quum
1137 2125 1259 2157 dixisset,
1269 2132 1324 2153 tum
1336 2128 1415 2153 etiam
1428 2136 1475 2161 pro
1485 2127 1571 2153 salute
1583 2135 1640 2153 mea
1653 2135 1700 2161 po-

902 2163 998 2197 pulum
1012 2163 1160 2189 Romanum
1171 2163 1329 2190 obsecravit.
1362 2166 1402 2191 3⁴.
1415 2164 1502 2196 Quare
1514 2165 1590 2190 istam
1604 2165 1700 2190 oratio-

902 2208 972 2231 nem,
981 2208 1033 2234 qua
1046 2208 1074 2225 es
1086 2201 1276 2231 usus,omiuns
1288 2201 1361 2227 licet:
1375 2207 1433 2236 post
1445 2201 1518 2228 illam
1529 2202 1696 2231 sententiam,

901 2246 982 2272 quam
993 2237 1112 2263 dixeram
1124 2237 1156 2263 (le
1167 2247 1279 2269 annona,
1288 2239 1443 2273 pontificum
1456 2239 1559 2265 animos
1569 2247 1628 2265 csse
1639 2247 1699 2264 iuu-

902 2279 982 2300 tutos:
1005 2274 1130 2308 proinde,
1147 2276 1223 2309 quasi
1241 2276 1284 2301 isti
1300 2281 1345 2302 aut
1360 2276 1392 2302 de
1408 2277 1456 2302 Cn.
1471 2276 1596 2310 Pompeio
1611 2276 1695 2304 aliter.

901 2316 981 2346 atque
992 2320 1041 2347 ego
1051 2312 1189 2342 existimo,
1207 2313 1336 2344 sentiant,
1353 2318 1412 2343 aut,
1429 2313 1495 2348 quid
1512 2314 1577 2339 milii
1594 2322 1640 2347 pro
1651 2321 1698 2339 cx·

901 2349 1063 2383 spectatione
1079 2349 1171 2383 populi
1190 2350 1313 2380 Romani,
1332 2359 1379 2385 pro
1395 2350 1442 2377 Cn.
1462 2351 1579 2385 l'ompcii
1596 2351 1698 2376 meritis

901 2395 962 2421 erga
979 2394 1034 2416 me,
1059 2394 1106 2421 pro
1121 2387 1220 2413 ratione
1237 2387 1288 2413 mci
1304 2388 1430 2422 temporis
1444 2387 1594 2413 faciendum
1607 2387 1695 2418 fucrit,

901 2424 1035 2459 ignorent.
1053 2424 1201 2454 autetiam,
1219 2425 1241 2450 si
1253 2424 1331 2450 cuius
1344 2424 1408 2450 forte
1421 2425 1552 2459 pontilicis
1564 2426 1694 2455 animum,

900 2461 971 2496 quod
983 2465 1054 2487 certo
1065 2461 1120 2486 scio
1131 2461 1206 2487 aliter
1217 2470 1290 2491 esse,
1304 2470 1360 2487 men
1373 2463 1502 2488 sententia
1514 2461 1631 2492 otl'cudit,
1645 2462 1697 2488 alio

901 2499 979 2524 modo
993 2499 1027 2524 sit
1041 2499 1236 2524 constituturus
1252 2504 1297 2525 aut
1311 2499 1344 2525 de
1359 2499 1486 2534 religione
1499 2499 1617 2534 pontifex
1629 2500 1639 2511 ⁴
1651 2505 1697 2526 aut

900 2535 932 2562 de
945 2535 1081 2570 republica
1091 2536 1173 2567 civis,
1186 2545 1267 2571 quam
1279 2545 1341 2562 eum
1353 2542 1398 2563 aut
1407 2537 1628 2563 caerimoniarum
1641 2537 1693 2567 ius,

900 2578 945 2599 aut
955 2573 1071 2599 civitatis
1082 2573 1156 2600 salus
1167 2574 1292 2609 coegerit.

954 2612 995 2637 32.
1018 2610 1152 2647 intelligo.
1171 2611 1322 2646 pontifices,
1341 2619 1383 2637 mo
1399 2610 1474 2646 plura
1487 2615 1560 2638 extra
1571 2619 1694 2638 caussam

898 2647 1013 2679 dixisse,
1035 2657 1116 2683 quam
1133 2654 1177 2674 aut
1193 2649 1284 2683 opinio
1298 2648 1401 2679 tulerit,
1423 2653 1468 2674 aut
1485 2647 1608 2675 voluntas
1621 2658 1691 2675 mea:

898 2685 945 2712 sed
965 2694 1050 2721 quum
1072 2694 1114 2712 me
1134 2691 1277 2722 purgatum
1299 2686 1375 2713 vobis
1395 2694 1455 2712 esse
1474 2694 1614 2721 cuperem,
1637 2691 1693 2712 tum
