1941 3052
357 148 683 176 EPISTOLARUM
713 147 769 174 AD
797 146 1004 174 ATTICUM
1034 146 1115 173 LIB.
1136 146 1217 173 VIII.
1247 146 1308 173 ΕΡ.
1333 148 1372 172 40.
1397 148 1436 173 Η.
1668 149 1716 173 870

131 220 168 245 B.)
197 219 294 242 (Formiis,
302 220 402 239 Mara-nn.
412 220 493 238 Lentulo
503 226 549 236 ross.
560 221 615 240 70⁵.)

100 257 136 284 M.
157 254 279 283 CICERO
298 255 366 281 IMP.
389 255 417 281 S.
439 255 469 281 D.
491 254 545 281 CN.
566 253 688 281 MAGNO
707 253 848 281 PROCOS.

135 295 157 319 l.
178 288 217 319 A.
233 292 261 319 d.
277 300 324 318 xv.
342 292 455 319 Kalend.
472 293 548 319 Mart.
568 292 683 318 Formiis
701 292 793 326 accepi
813 297 872 318 tuas

77 331 192 362 litterasg
205 338 240 356 ex
249 329 352 365 quibus
363 338 401 361 ea,
411 330 513 364 quaein
525 338 588 365 agro
595 330 690 356 Piceno
701 334 776 365 gesta
787 334 870 359 erant,

76 368 191 404 cognovi
201 366 382 394 commodiora
398 376 457 393 esse
474 367 571 398 multo,
589 376 671 402 quam
686 372 715 393 ut
729 372 784 393 erat
795 367 872 393 nobis

76 406 243 436 nuntiatum;
266 404 436 440 Vibulliique
457 405 584 431 virtutem
604 404 821 439 industriamque
840 403 873 430 li-

76 443 171 469 benter
187 443 295 478 agnovi.
336 442 390 469 Nos
406 442 496 468 adbuc
511 442 539 468 in
551 451 579 468 ea
591 450 650 473 ora,
667 442 716 469 ubi
727 441 873 477 praepositi

77 489 182 511 sumus,
196 480 232 506 ita
244 479 394 511 suimus‚ut
404 488 500 506 navem
511 484 629 514 paratam
641 479 814 506 haberemus.
835 479 872 505 Ea

77 518 151 544 enim
161 517 341 543 audiebamus
352 522 377 543 et
388 526 418 543 ea
429 517 603 548 verebamur,
620 522 662 548 ut,
681 516 874 552 quodcumque

77 560 106 582 tu
121 554 265 581 consilium
286 555 484 590 praecepisses,
511 554 539 580 id
555 554 633 581 nobis
654 554 873 589 persequendum

76 596 246 628 putaremus.
288 593 378 623 Nunc,
401 592 530 627 quoniam
550 592 705 618 auctoritate
720 597 746 618 et
760 590 874 618 consilio

76 634 123 657 tuo
138 630 166 656 in
183 637 230 664 spe
242 629 358 656 firmiore
373 638 482 661 sumusq
501 630 525 656 si
536 629 620 656 teneri
632 637 710 664 posse
721 633 798 664 putas
810 629 875 654 Tar—

76 668 196 694 racinam
207 671 233 693 et
243 676 316 693 oram
328 667 500 698 maritimam,
513 667 541 693 in
552 675 582 693 ea
594 666 721 693 manebo:
735 667 785 693 etsi
796 674 875 701 prae—-

77 704 147 731 sidia
162 705 191 731 in
206 705 314 739 oppidis
330 704 403 731 nulla
413 709 486 730 sunt.
526 705 610 730 Nemo
624 704 695 730 enim
707 704 791 730 nostri
801 703 875 729 ordi-

77 743 121 768 nis
132 743 160 768 in
172 742 215 768 his
226 742 292 769 locis
303 746 343 768 est
353 746 457 776 praeter
467 742 502 768 M.
510 741 639 776 Eppium,
652 749 733 776 quem
744 749 793 777 ego
804 741 875 767 Min·

77 780 165 806 turnis
176 787 235 806 esse
246 779 330 810 volui,
343 778 501 815 vigilantem
513 779 651 805 hominem
662 783 688 805 et
697 778 873 805 industrium.

77 817 145 843 Nam
158 817 187 843 L.
202 817 375 852 Torquatum,
391 817 481 842 virum
494 815 587 842 fortem
599 820 697 842 etcum
708 816 872 846 auctoritate,

78 854 194 881 Formiis
210 862 262 880 non
278 853 424 879 habemus:
448 853 481 879 ad
497 858 521 879 te
536 852 687 888 profectum
701 853 873 879 arbitramur.

79 893 104 917 ⁶2.
125 892 182 927 Ego
196 891 320 922 omnino,
337 895 367 917 ut
382 891 504 925 proxime
521 890 571 917 tibi
587 890 737 925 placuerat,
755 890 874 925 Capuam

78 929 141 954 veni
155 937 186 954 eo
201 928 260 963 ipso
271 927 328 959 die,
346 936 400 963 quo
411 932 439 954 tu
450 928 538 954 Teano
549 927 669 954 Sidicino
684 936 712 954 es
727 927 874 963 profectus

78 965 207 992 Volueras
222 965 295 991 enim
311 973 353 991 me
370 974 433 991 cum
449 966 484 992 M.
502 965 629 992 Considio
645 970 815 1000 propraetore
830 965 875 991 illa

78 1003 184 1038 negotia
195 1003 274 1029 tueri.
314 1002 405 1035 Quum
421 1011 451 1029 eo
462 1003 614 1034 venissem,
632 1003 690 1029 vidi
701 1003 731 1030 T.
747 1003 875 1038 Ampium

78 1040 213 1067 delectum
225 1039 324 1066 habere
335 1039 558 1075 diligentissime3
577 1040 610 1067 ab
622 1049 652 1067 eo
663 1041 785 1075 accipere
796 1040 877 1067 Libo—

78 1086 155 1109 nem,
168 1086 275 1104 summa
286 1078 350 1104 item
361 1077 502 1113 diligentia
514 1083 539 1104 et
550 1079 577 1104 in
589 1077 635 1104 illa
645 1078 748 1105 colonia
761 1078 878 1105 auctori-

78 1119 141 1142 tate.
181 1115 232 1142 Fui
243 1115 363 1150 Capuae,
380 1115 469 1150 quoad
480 1115 615 1142 consules.
656 1117 768 1147 Iterum,
782 1121 812 1142 ut
823 1120 878 1142 erat

78 1152 183 1179 dictum
195 1152 228 1179 ab
239 1152 408 1184 consulibus,
416 1153 606 1188 veniCapuam
612 1153 644 1179 ad
651 1154 740 1180 Nonas
747 1154 875 1180 Februar.

79 1189 170 1222 Quum
185 1189 298 1216 fuissem
314 1190 449 1221 triduum,
466 1191 555 1225 recepi
571 1199 614 1217 me
629 1191 760 1217 Formias.
800 1192 878 1217 Nunc

79 1227 153 1263 quod
163 1232 241 1254 tuum
251 1227 406 1260 consilium,
423 1232 469 1255 aut
479 1237 548 1263 quae
559 1229 624 1254 ratio
635 1228 700 1255 belli
712 1229 755 1260 sit,
772 1229 876 1264 ignoro.

79 1264 109 1292 Si
120 1265 263 1292 tenendam
274 1265 343 1291 hanc
353 1273 426 1291 oram
437 1270 525 1301 putas,
534 1274 604 1301 quae
615 1270 641 1292 et
651 1267 877 1301 opportunitatem

79 1307 107 1329 et
116 1302 276 1338 dignitatem
291 1302 373 1329 habet
387 1308 412 1330 et
428 1304 550 1339 egregios
566 1304 640 1329 cives
655 1309 693 1335 et,
709 1308 740 1330 ut
753 1303 876 1335 arbitror,

78 1341 165 1367 teneri
176 1345 276 1375 potest:
292 1349 360 1375 opus
372 1345 421 1372 est,
434 1349 502 1372 esse,
520 1341 569 1376 qui
579 1341 690 1376 praesit.
730 1341 777 1367 Sin
788 1341 878 1368 omnia

79 1378 108 1404 in
120 1386 205 1404 unum
218 1377 306 1404 locum
318 1378 497 1405 contrahenda
509 1382 581 1409 sunt,
590 1387 642 1405 non
654 1378 757 1410 dubito,
766 1379 833 1414 quin
845 1378 878 1405 ad

79 1420 106 1441 te
116 1416 206 1442 statim
222 1416 344 1442 veniam:
362 1424 416 1451 quo
431 1416 500 1442 mihi
516 1415 584 1442 nihil
595 1417 713 1451 optatius
723 1421 776 1449 est;
795 1416 878 1451 idque

80 1457 184 1484 tecum,
207 1461 261 1488 quo
276 1452 320 1479 die
336 1453 369 1479 ab
385 1453 456 1480 Urbe
474 1453 665 1484 discessimus,
684 1452 789 1480 locutus
805 1462 876 1480 sum.

79 1489 150 1526 Ego,
168 1490 191 1516 si
203 1490 247 1516 cui
259 1490 348 1517 adhuc
359 1490 453 1517 videor
463 1492 572 1527 segnior
583 1490 681 1522 fuisse,
699 1490 764 1517 dum
781 1499 814 1518 ne
829 1491 879 1518 tibi

80 1527 184 1559 videar,
197 1536 249 1554 non
262 1527 366 1554 laboro:
378 1533 511 1559 ettamen,
525 1529 558 1559 si,
572 1533 601 1555 ut
612 1528 704 1559 video,
718 1528 821 1555 bellum
831 1537 880 1564 ge—

81 1564 196 1591 rendum
207 1570 257 1595 est,
265 1565 370 1592 consido
382 1574 424 1592 me
435 1566 563 1592 omnibus
575 1565 653 1592 facile
664 1566 877 1593 satisfacturum.

79 1602 116 1630 M.
129 1602 260 1635 Tullium,
273 1611 365 1630 meum
377 1604 569 1636 necessarium.
583 1603 616 1631 ad
626 1608 651 1632 te
663 1604 735 1637 misi,
749 1604 842 1638 cuitu,
855 1605 879 1632 si

81 1641 132 1668 tibi
143 1641 289 1673 videretur,
303 1642 336 1668 ad
347 1650 391 1669 me
402 1642 504 1669 litteras
515 1642 602 1669 dares.

135 1728 173 1754 C.)
201 1728 295 1754 (Canusii,
305 1729 405 1752 Marcello,
414 1730 496 1748 Lentulo
505 1737 552 1748 cou-
564 1732 619 1752 70⁵.)

126 1781 185 1809 CN.
206 1781 371 1809 MAGNUS
392 1782 553 1810 PROCOS.
576 1782 604 1809 S.
623 1783 654 1809 D.
675 1782 711 1809 M.
733 1781 841 1810 elcE-

387 1820 480 1847 RONI
500 1820 577 1847 IMP.

138 1859 171 1891 S.
184 1864 216 1891 V.
229 1865 258 1891 B.
270 1865 302 1891 E.
317 1865 388 1892 Tuas
399 1865 501 1892 litteras
513 1865 628 1892 libenter
639 1865 703 1901 legi.
727 1866 880 1902 Recognovi

82 1901 157 1929 enim
171 1906 244 1929 tuam
259 1903 403 1937 pristinam
419 1904 545 1930 virtutem
561 1904 641 1930 etiam
658 1903 685 1930 in
701 1903 787 1930 salute
807 1912 882 1931 com-

82 1939 170 1966 muni.
211 1938 342 1966 Consules
353 1939 386 1966 ad
397 1948 460 1966 eum
471 1941 635 1971 exercitum,
648 1948 731 1975 quem
743 1941 770 1968 in
782 1941 881 1976 Apulia

82 1976 176 2007 habui,
190 1981 332 2004 venerunt.
362 1977 460 2013 Magno
470 1986 549 2012 opere
562 1982 585 2004 te
598 1977 696 2009 hortor,
709 1986 758 2013 pro
768 1983 814 2006 tuo
824 1979 883 2006 sin-

82 2013 171 2050 gulari
185 2017 368 2049 perpetuoque
384 2014 475 2041 studio
494 2015 521 2041 in
537 2014 748 2050 rempublicam.
764 2020 794 2042 ut
808 2020 833 2043 te
849 2016 882 2043 ad

82 2060 131 2078 nos
147 2050 282 2083 conferas3
304 2056 334 2078 ut
347 2053 485 2078 communi
501 2052 615 2079 consilio
633 2052 799 2087 reipublicae
814 2052 883 2080 asili-

83 2094 140 2116 ctae
150 2097 229 2124 opem
241 2092 320 2123 atque
332 2088 466 2116 auxilium
479 2088 607 2116 feramus.
647 2089 758 2121 Censeo,
772 2091 815 2117 via
826 2090 882 2126 Ap-

82 2126 126 2161 pia
139 2127 189 2153 iter
200 2125 282 2153 facias
293 2130 320 2153 et
329 2125 452 2153 celeriter
461 2126 638 2153 Brundisium
650 2128 754 2154 venias.

136 2195 177 2222 D.)
205 2197 301 2220 (Formiis,
310 2198 410 2219 Marcello,
420 2197 501 2216 Lentulo
512 2204 558 2216 con.
571 2198 624 2219 ⁷0⁵.)

107 2241 144 2268 M.
166 2240 288 2268 CICERO
309 2241 376 2267 lMl‘.
397 2240 424 2267 S.
446 2241 476 2267 D.
498 2241 552 2268 CN.
575 2241 697 2269 MAGNO
716 2241 858 2269 PROCOS.

142 2279 165 2305 l.
178 2273 276 2311 Quum
287 2278 320 2304 ad
333 2282 357 2305 te
369 2277 469 2305 litteras
481 2279 705 2314 misissem,quae
716 2279 883 2306 tibiCanusii

84 2315 205 2343 redditae
219 2320 296 2346 sunt,
314 2316 498 2351 suspicionem
514 2315 618 2343 nullam
629 2316 776 2348 habebam,
795 2322 819 2344 te
831 2317 884 2343 rei-

83 2352 210 2388 publicae
228 2361 324 2380 caussa
340 2361 413 2379 mare
428 2353 618 2386 transiturum;
641 2362 770 2389 eramque
792 2355 818 2381 in
834 2363 883 2389 spe

85 2399 197 2426 magna,
219 2389 288 2422 sore,
305 2391 376 2417 utin
393 2390 466 2417 ltalia
485 2399 627 2425 possemus
647 2395 694 2418 aut
712 2391 882 2418 concordiam

84 2428 256 2459 constituere,
264 2436 318 2463 qua
329 2428 398 2454 mihi
409 2427 478 2454 nihil
491 2427 586 2454 utilius
597 2428 748 2460 videbatur.
757 2433 803 2455 aut
814 2437 885 2455 rem-

85 2465 224 2500 publicam
235 2474 342 2492 summa
352 2474 415 2492 cum
426 2465 556 2501 dignitate
568 2464 722 2492 defendere.
762 2466 881 2497 interim,

86 2501 207 2529 nondum
219 2503 287 2529 meis
299 2502 394 2530 litteris
407 2503 441 2530 ad
453 2508 476 2530 te
488 2502 611 2538 perlatis,
629 2511 664 2530 ex
679 2503 722 2529 liis
738 2503 881 2534 mandatis,

85 2547 157 2575 quae
167 2540 198 2566 D.
210 2539 300 2567 Laelio
311 2540 344 2567 ad
355 2540 481 2567 consules
493 2540 606 2567 dederas
614 2561 620 2570 ,
637 2541 733 2567 certior
744 2541 782 2567 tui
793 2541 884 2567 consi—

86 2575 118 2604 lii
130 2576 225 2608 tactus,
238 2585 290 2604 non
301 2578 472 2613 exspectavi,
489 2577 555 2605 dum
568 2577 636 2604 milii
647 2586 661 2604 a
673 2582 697 2604 te
710 2577 811 2605 litterae
823 2577 885 2604 red-

87 2613 228 2646 derentur,
253 2614 450 2650 confestimque
473 2624 536 2642 cum
557 2614 657 2647 Quinto
678 2614 757 2642 fratre
777 2619 802 2642 et
821 2623 883 2642 cum

87 2649 182 2679 liberis
199 2652 297 2678 nostris
312 2652 362 2679 iter
377 2653 410 2679 ad
426 2657 451 2680 te
466 2653 492 2679 in
505 2651 631 2688 Apuliam
644 2652 729 2679 [acere
740 2652 827 2687 coepi.
857 2654 882 2679 Ξ.

87 2686 178 2723 Quum
188 2689 308 2716 Teanum
320 2689 472 2717 Sidicinum
486 2691 635 2721 venissem,
651 2689 681 2717 C.
699 2690 828 2721 Messius,
847 2689 885 2716 t'n-

923 217 1037 244 miliaris
1049 222 1121 249 tuus,
1135 217 1203 244 mihi
1215 217 1284 244 dixit
1295 216 1396 252 aliique
1407 216 1567 252 complures,
1577 217 1718 244 Caesarem

924 256 973 281 iter
988 255 1087 282 habere
1102 255 1235 290 Capuam,
1258 260 1283 281 et
1299 264 1329 281 eo
1345 256 1404 289 ipso
1420 255 1463 281 die
1480 263 1639 281 mansurum
1659 264 1719 282 esse

923 293 1077 319 Aeserniae.
1118 292 1187 319 Sane
1198 301 1258 318 sum
1270 298 1433 323 commotus,
1451 292 1537 327 quod,
1555 293 1578 318 si
1590 293 1625 318 ita
1637 298 1716 319 esset.

923 339 975 356 non
987 330 1066 356 modo
1078 331 1127 356 iter
1137 339 1228 356 meum
1240 329 1425 361 interclusum,
1434 329 1481 356 sed
1493 330 1628 364 meipsum
1640 329 1719 365 plane

923 373 1066 402 exceptum
1078 367 1216 402 putabam.
1238 368 1329 402 Itaque
1340 373 1397 394 tum
1408 367 1484 394 Cales
1498 368 1625 402 processi,
1640 372 1669 394 ut
1680 367 1717 393 ibi

924 405 1096 439 potissimum
1108 406 1290 435 consisterem,
1304 404 1369 431 dum
1380 410 1482 431 certum
1494 405 1572 431 nobis
1584 405 1720 431 abAeser-

925 442 968 468 nia
984 442 1017 468 de
1036 451 1080 472 eo,
1097 442 1169 477 quod
1186 442 1337 471 audieram,
1356 442 1507 468 referretur.
1542 444 1566 468 3.
1589 443 1620 468 At
1639 442 1716 471 mihi,

924 488 1009 514 quum
1021 479 1132 506 Calibus
1146 488 1246 509 essem,
1263 479 1369 506 affertur
1385 479 1532 506 litterarum
1550 485 1656 506 tuarum
1672 488 1720 506 ex-

925 517 1059 551 emplum,
1081 525 1148 552 quas
1167 522 1194 543 tu
1211 516 1243 543 ad
1261 516 1403 543 Lentulum
1425 517 1563 543 consulem
1585 518 1718 543 misisses.

924 554 977 580 Hae
988 555 1103 588 scriptae
1115 555 1154 580 sic
1166 559 1252 580 erant:
1272 555 1383 581 Litteras
1400 554 1474 580 tibia
1487 555 1516 580 L.
1528 555 1642 580 Domitio
1654 563 1677 580 a.
1690 554 1718 580 d.

924 600 984 618 xm.
997 591 1111 618 Kalend.
1124 592 1199 618 Mart.
1213 591 1305 618 allatas
1316 601 1384 622 esse,
1398 592 1553 627 (earumque
1564 592 1719 626 exemplum

925 629 1138 664 subscripseras3
1157 629 1207 664 -“)
1231 630 1376 664 magnique
1402 630 1530 655 interesse
1555 629 1720 664 reipublicae

926 667 1086 701 scripseras,
1107 675 1200 692 omnes
1216 667 1307 701 copias
1323 667 1410 701 primo
1429 675 1537 701 quoque
1554 671 1671 701 tempore
1693 667 1720 692 in

926 712 1011 730 unum
1023 703 1111 730 locum
1125 704 1282 736 convenire;
1296 709 1321 730 et
1331 708 1368 734 ut,
1381 704 1510 738 praesidii
1520 704 1591 739 quod
1603 704 1667 730 satis
1678 712 1721 729 es-

925 745 974 772 set,
987 741 1094 775 Capuae
1106 741 1278 776 relinqueret.
1313 741 1359 767 His
1371 750 1419 776 ego
1432 741 1526 768 litteris
1540 741 1623 769 lectis.
1638 742 1664 767 in
1676 750 1721 767 ea-

926 778 988 804 dem
998 779 1125 813 opinione
1137 777 1186 808 fui.
1195 787 1247 813 qua
1260 778 1357 813 reliqui
1369 787 1471 804 omnes.
1485 784 1508 805 te
1520 787 1582 804 cum
1594 778 1721 804 omnibus

926 816 1011 850 copiis
1022 815 1055 841 ad
1066 815 1213 842 Corfinium
1226 824 1285 841 esse
1296 821 1453 843 venturum2
1471 824 1525 850 quo
1541 816 1622 846 milii,
1636 824 1721 850 quum

926 852 1063 880 Caesarad
1074 853 1205 888 oppidum
1216 858 1301 879 castra
1313 853 1431 883 haberet,
1441 858 1527 879 tutum
1541 854 1589 879 iter
1599 862 1657 879 esse
1670 862 1722 879 non

927 890 1085 917 arbitrabar.
1119 890 1209 922 Quum
1221 899 1263 916 res
1275 891 1302 916 in
1314 899 1420 916 summa
1431 891 1630 924 exspectatione
1641 894 1720 919 esset.

926 933 1073 963 utrumque
1084 927 1166 954 simul
1178 927 1314 958 audimus,
1328 932 1353 954 et
1363 936 1432 962 quae
1439 928 1610 954 Corfiniiaeta
1622 932 1720 957 essent,

927 971 953 992 et
967 970 992 992 te
1008 966 1058 992 iter
1073 965 1248 992 Brundisium
1265 964 1351 991 facere
1369 965 1503 1000 coepisse;
1521 974 1661 1000 quumque
1675 972 1723 990 nec

928 1003 996 1030 mihi
1008 1012 1057 1029 nec
1072 1002 1147 1029 fratri
1162 1011 1221 1029 meo
1237 1002 1353 1029 dubium
1369 1007 1452 1033 esset,
1469 1003 1535 1037 quin
1548 1003 1723 1029 Brundisium

927 1040 1164 1073 contenderemus,
1178 1050 1192 1066 a
1204 1040 1306 1071 multis,
1320 1041 1368 1075 qui
1379 1040 1665 1075 eSamnioApuliaque
1678 1048 1724 1066 ve-

928 1078 1046 1109 niebant,
1061 1078 1190 1104 admoniti
1204 1087 1309 1109 sumus,
1323 1082 1352 1104 ut
1362 1086 1529 1108 caveremus
1543 1086 1575 1104 ne
1587 1078 1725 1112 excipere·

929 1125 990 1142 mur
999 1125 1013 1142 a
1024 1116 1150 1149 Caesare,
1167 1115 1240 1150 quod
1252 1116 1274 1141 is
1285 1116 1312 1141 in
1324 1115 1418 1141 eadem
1430 1115 1495 1146 loca,
1511 1124 1580 1150 quae
1592 1124 1640 1141 nos
1651 1120 1726 1150 pete-

929 1153 1039 1184 bamus,
1062 1153 1212 1188 profectus,
1231 1152 1345 1179 celerius
1361 1153 1454 1183 etiam,
1471 1161 1553 1188 quam
1569 1161 1617 1179 nos
1633 1160 1725 1187 posse—

929 1200 999 1222 mus,
1013 1199 1052 1222 eo,
1066 1199 1120 1226 quo
1131 1190 1289 1221 intenderet,
1303 1195 1435 1217 venturus
1446 1196 1526 1217 esset.
1552 1190 1628 1222 Quod
1640 1198 1725 1225 quum

929 1230 965 1255 ita
975 1233 1058 1259 esset;
1073 1237 1121 1254 nec
1132 1228 1209 1259 mihi,
1225 1237 1273 1254 nec
1285 1227 1359 1254 fratri
1371 1237 1444 1259 meo,
1458 1236 1506 1254 nec
1517 1229 1645 1262 cuiquam
1658 1228 1726 1253 ami-

929 1275 1022 1292 corum
1033 1265 1135 1300 placuit
1145 1266 1321 1296 committere,
1330 1270 1360 1292 ut
1372 1266 1507 1292 temeritas
1519 1270 1607 1291 nostra
1619 1274 1671 1291 non
1683 1273 1726 1290 so-

930 1303 987 1330 lum
1000 1304 1086 1334 nobis,
1095 1303 1142 1329 sed
1153 1303 1233 1329 etiam
1246 1302 1411 1338 reipublicae
1422 1308 1540 1329 noceret:
1558 1311 1642 1337 quum
1650 1310 1727 1337 prae—

929 1342 1022 1367 sertim
1034 1349 1086 1367 non
1098 1340 1298 1371 dubitaremus,
1316 1341 1397 1375 quin,
1415 1341 1438 1366 si
1454 1341 1534 1366 etiam
1549 1345 1636 1366 tutum
1649 1339 1727 1365 nobis

931 1379 980 1405 iter
992 1378 1096 1409 fuisset,
1112 1383 1135 1404 te
1146 1383 1234 1404 tamen
1247 1378 1300 1404 iam
1311 1378 1440 1413 consequi
1453 1386 1504 1404 non
1516 1385 1668 1412 possemus.
1701 1378 1724 1403 4.

931 1416 1040 1443 Interim
1051 1416 1206 1451 accepimus
1221 1420 1280 1442 tuas
1296 1415 1410 1446 litteras,
1427 1416 1544 1441 Canusio
1555 1424 1579 1441 a.
1592 1414 1619 1440 d.
1632 1423 1660 1440 x.
1674 1414 1727 1440 Ka-

931 1453 1003 1480 lend.
1020 1453 1096 1480 Mart.
1113 1453 1202 1484 datas,
1224 1453 1327 1488 quibus
1343 1461 1391 1479 nos
1412 1452 1540 1481 hortaris,
1564 1457 1591 1478 ut
1612 1451 1727 1478 celerius

930 1490 1106 1518 Brundisium
1124 1491 1278 1522 veniamus;
1301 1499 1369 1525 quas
1384 1498 1470 1524 quum
1486 1490 1686 1524 accepissemus
1702 1498 1726 1514 a.

930 1529 958 1556 d.
972 1537 1009 1554 ui.
1024 1528 1137 1554 Kalend.
1150 1528 1238 1559 Mart.,
1256 1536 1308 1554 non
1325 1527 1530 1557 dubitabamus,
1549 1527 1615 1561 quin
1632 1532 1658 1553 tu
1675 1527 1726 1552 iam

930 1565 1106 1593 Brundisium
1123 1566 1307 1601 pervenisses:
1326 1565 1458 1600 nobisque
1475 1565 1524 1591 iter
1539 1563 1607 1590 illud
1619 1572 1729 1591 omnmo

931 1603 1109 1632 interclusum
1123 1603 1292 1634 videbamus.
1303 1611 1388 1639 neque
1396 1603 1486 1630 minus
1499 1611 1545 1629 uos
1557 1610 1615 1628 esse
1626 1607 1726 1637 captos

932 1651 1014 1678 quam
1025 1643 1072 1677 qui
1084 1642 1205 1670 Corfinii.
1246 1642 1339 1676 Neque
1355 1642 1428 1668 enim
1442 1650 1487 1667 eos
1499 1641 1569 1667 solos
1581 1640 1729 1666 arbitraba-

932 1690 994 1708 mur
1006 1681 1081 1716 capi,
1099 1680 1187 1715 quiin
1203 1685 1366 1706 armatorum
1385 1688 1480 1705 manus
1493 1678 1664 1704 incidissent.
1682 1677 1729 1703 sed

932 1727 977 1745 eos
993 1718 1079 1745 nihilo
1096 1718 1201 1748 minus,
1219 1718 1267 1752 qui
1284 1717 1442 1752 regionibus
1453 1716 1557 1742 exclusi
1573 1716 1639 1741 intra
1652 1723 1730 1750 prae-

932 1755 1002 1782 sidia
1023 1761 1103 1791 atque
1125 1756 1192 1781 intra
1213 1763 1285 1781 arma
1307 1754 1393 1780 aliena
1414 1754 1561 1780 venissent.
1601 1754 1626 1779 5.
1653 1751 1729 1784 Quod

932 1802 1018 1829 quum
1030 1794 1065 1820 ita
1082 1793 1130 1824 sit,
1148 1793 1265 1819 maxime
1280 1791 1377 1818 vellem
1393 1792 1511 1826 primum
1523 1799 1630 1825 semper
1641 1795 1728 1816 tecum

933 1831 1032 1864 fuisse3
1046 1830 1119 1866 quod
1131 1829 1242 1865 quidem
1255 1830 1303 1856 tibi
1315 1829 1493 1858 ostenderam,
1510 1837 1595 1863 quum
1607 1837 1619 1853 a
1633 1827 1728 1853 meCa—

932 1877 1014 1904 puam
1026 1867 1196 1895 reiiciebam:
1214 1867 1287 1902 quod
1304 1866 1354 1893 t'eei
1372 1876 1423 1893 non
1436 1866 1539 1893 vitandi
1551 1866 1640 1892 oneris
1651 1873 1730 1891 caus-

933 1915 975 1938 sa,
990 1906 1037 1933 sed
1049 1905 1122 1941 quod
1135 1905 1275 1935 videbam,
1294 1905 1378 1931 teneri
1391 1904 1464 1930 illam
1477 1904 1570 1930 urbem
1583 1903 1642 1929 sino
1654 1911 1731 1929 exer-

933 1945 988 1970 citu
1000 1952 1052 1970 non
1066 1951 1158 1978 posse;
1177 1942 1298 1969 accidere
1314 1947 1401 1969 autem
1419 1942 1486 1968 milii
1504 1940 1641 1971 nolebam,
1659 1939 1730 1975 quod

933 1981 1010 2008 doleo
1031 1981 1098 2008 viris
1118 1979 1274 2007 fortissimis
1294 1979 1436 2006 accidisse.
1477 1979 1608 2011 Quoniam
1630 1983 1729 2004 aittem.

934 2024 1022 2046 tecum
1034 2022 1064 2045 ut
1073 2026 1171 2048 essem,
1185 2026 1237 2044 non
1249 2018 1374 2053 contigit;
1391 2017 1493 2044 utinam
1507 2017 1544 2042 tui
1555 2015 1661 2042 consilii
1674 2023 1731 2040 cer-

934 2057 985 2084 tior
996 2056 1080 2082 sactus
1091 2055 1193 2082 essem!
1210 2055 1277 2081 Nam
1289 2055 1444 2089 suspicione
1457 2054 1564 2088 assequi
1578 2062 1628 2079 non
1641 2058 1728 2087 potum

933 2093 1006 2128 quod
1017 2093 1107 2120 omnia
1119 2093 1196 2127 prius
1207 2092 1352 2119 arbitratus
1363 2101 1424 2118 sum
1438 2091 1506 2121 sore,
1524 2099 1606 2125 <piam
1623 2095 1650 2116 ut
1668 2090 1732 2115 haec

934 2130 1100 2165 reipublicae
1115 2139 1211 2156 caussa
1228 2130 1254 2156 in
1267 2129 1339 2156 ltalia
1357 2138 1408 2155 non
1425 2134 1514 2164 posset
1527 2128 1596 2154 duce
1609 2133 1631 2154 te
1643 2128 1732 2153 consi-

934 2173 1013 2194 stere.
1046 2168 1139 2202 Neque
1152 2176 1215 2193 vero
1226 2176 1297 2193 utine
1308 2166 1453 2193 consilium
1466 2171 1541 2192 tuum
1555 2164 1730 2200 reprebendo.

934 2205 982 2231 sed
995 2204 1128 2231 fortunam
1140 2203 1305 2238 reipublicae
1319 2203 1409 2238 lugeo:
1429 2212 1490 2233 nec,
1507 2204 1529 2228 si
1542 2212 1604 2236 “l—¹0»
1623 2202 1688 2236 quid
1705 2207 1731 2227 ιιι

935 2243 973 2268 sis
983 2246 1103 2272 secutus,
1117 2250 1169 2267 non
1183 2241 1325 2275 perspicio,
1341 2241 1440 2267 idcirco
1451 2241 1542 2266 minus
1553 2240 1693 2266 existimo.
1709 2244 1732 2264 tc

936 2278 1004 2306 niliil
1017 2279 1069 2305 nisi
1079 2287 1185 2304 summa
1198 2279 1298 2304 ratione
1312 2277 1417 2304 fecisse.
1457 2280 1482 2304 ϋ.
1506 2277 1561 2303 Mea
1578 2285 1646 2311 quae
1661 2284 1731 2301 sem-

936 2326 983 2352 per
995 2316 1075 2343 fuerit
1085 2315 1231 2345 sententia,
1250 2315 1368 2350 primum
1385 2314 1417 2340 de
1434 2323 1497 2349 pace
1510 2314 1550 2340 vel
1565 2314 1657 2347 iniqua
1669 2322 1732 2338 eon-

935 2354 1036 2380 ditione
1049 2353 1197 2380 retinenda.
1210 2352 1308 2378 deinde
1321 2352 1353 2378 de
1366 2352 1444 2381 Urbe,
1458 2355 1528 2386 (nam
1541 2351 1573 2377 de
1586 2350 1658 2376 ltalia
1670 2351 1731 2384 qui-

935 2391 997 2417 dem
1018 2390 1086 2417 nihil
1108 2390 1176 2416 milii
1193 2399 1322 2425 umquam
1339 2389 1515 2422 ostenderas.)
1536 2388 1692 2414 meminisse
1709 2392 1732 2413 te

936 2429 1060 2455 arbitror.
1101 2427 1153 2454 Sed
1168 2427 1236 2454 mihi
1253 2436 1304 2453 uon
1321 2435 1413 2458 sumo,
1438 2431 1467 2452 ut.
1482 2434 1572 2452 meum
1587 2424 1732 2451 consilium

938 2465 1025 2492 valere
1036 2465 1174 2492 debuerit:
1191 2470 1300 2491 secutus
1314 2469 1478 2491 sumtuum:
1497 2471 1583 2497 neque
1600 2462 1626 2488 id
1642 2463 1733 2496 reipu-

937 2503 1022 2529 blicae
1034 2511 1128 2529 caussa
1137 2523 1143 2533 ,
1156 2502 1189 2529 de
1199 2511 1253 2538 qua
1264 2502 1420 2537 desperavi.
1435 2509 1505 2536 quae
1516 2505 1541 2526 et
1554 2508 1624 2526 nunc
1636 2498 1733 2525 nsnicm

936 2545 989 2571 cst,
1007 2548 1055 2567 nec
1070 2540 1182 2567 excitari
1197 2540 1256 2566 sine
1270 2539 1346 2566 civili
1361 2538 1591 2574 perniciosissimo
1603 2536 1673 2563 bello
1685 2545 1732 2571 po-

937 2583 999 2605 test:
1017 2577 1064 2604 sed
1077 2582 1100 2604 te
1112 2577 1289 2612 quaerebant:
1305 2582 1392 2603 tecum
1404 2584 1462 2601 esse
1473 2575 1630 2610 cupiebam3
1644 2582 1732 2608 neque

937 2616 996 2642 eius
1008 2615 1045 2641 rei
1058 2614 1251 2644 facultateni.si
1263 2623 1315 2649 qua
1327 2614 1386 2643 crit,
1396 2613 1615 2648 prnetcrmiuam.
1638 2613 1663 2637 7.
1677 2612 1732 2643 lif-'o

937 2661 979 2679 me
996 2653 1022 2679 in
1039 2651 1089 2679 hac
1103 2653 1176 2678 omni
1191 2660 1286 2678 caussa
1303 2651 1379 2678 facile
1396 2650 1579 2687 intelligebam
1591 2648 1731 2685 pugnandi

937 2690 1046 2726 cupidis
1067 2689 1224 2717 hominibus
1245 2698 1297 2717 non
1317 2688 1481 2716 satisfacere.
1522 2687 1643 2714 l'rimum
1659 2686 1731 2713 euim
