1941 3052
350 137 676 165 EPISTULARUM
705 137 758 163 AD
787 135 818 168 Q.
850 136 1071 162 FRATREM
1102 136 1225 162 LIB.1.
1256 136 1411 161 E1¹.2.3.

67 219 135 246 quae
151 209 311 244 reprehendi
326 209 450 235 solerent.
491 210 515 234 9.
537 209 590 234 Hoc
601 207 634 234 de
645 216 742 243 genere
753 206 821 234 nihil
833 212 858 233 te

68 257 138 275 nunc
149 247 259 282 quidem
271 255 375 272 moneo.
416 246 478 272 Sero
490 250 530 272 est
543 246 628 272 enim:
652 254 681 271 ac
693 246 761 271 scire
773 249 856 280 potes,

67 285 150 312 multa
163 293 205 310 me
217 285 289 310 varie
300 283 498 318 diligenterque
509 283 656 309 monuisse.
678 282 748 309 Illud
759 287 857 312 tamen,

67 322 140 358 quod
154 322 325 355 Theopompo
341 320 481 351 mandavi,
502 329 587 355 quum
603 329 690 346 essem
707 319 860 346 admonitus

68 360 102 386 ab
113 360 180 394 ipso,
190 356 251 385 vide
262 367 309 393 per
320 358 443 384 homines
454 362 572 383 amantes
584 358 632 388 tui,
641 357 713 392 quod
720 362 760 383 est
771 356 858 386 facile,

68 401 98 423 ut
109 397 172 422 haec
183 404 279 431 genera
293 395 418 421 tollantur
429 394 612 429 epistolarum,
621 395 739 429 primum
754 394 862 428 iniqua-

69 443 141 464 rum,
159 433 257 459 deinde
272 433 478 463 contrariarum,
501 437 558 458 tum
572 432 688 458 absurde
700 436 724 457 et
736 432 861 457 inusitate

68 472 242 505 scriptarum,
267 475 401 505 postremo
416 470 443 495 in
462 469 579 504 aliquem
595 468 860 495 contumeliosarum.

68 510 154 543 Atque
167 517 216 543 ego
227 508 292 533 haec
305 512 356 533 tam
369 516 436 537 esse,
450 516 532 541 quam
544 507 632 537 audio,
647 515 698 532 non
710 510 788 540 puto:
803 510 828 531 et
838 505 861 531 si

68 550 132 572 sunt
145 545 367 579 occupationibus
383 545 437 570 tuis
457 545 547 570 minus
568 543 767 573 animadversa,
791 551 862 568 nunc

68 583 191 618 perspice
205 587 230 609 et
243 591 339 618 purga.
379 582 444 617 Legi
460 581 613 616 epistolam,
630 589 712 615 quam
723 581 781 614 ipse
795 580 863 605 scri-

68 621 156 655 psisse
167 619 240 646 Sulla
252 618 432 646 nomenclator
443 618 531 645 dictus
542 623 595 649 est,
613 627 665 644 non
680 617 859 652 probandam:

70 657 123 693 legi
139 657 282 683 nonnullas
298 656 450 683 iracundas.
493 658 532 682 40.
555 655 606 682 Sed
623 661 741 690 tempore
756 655 815 689 ipso
829 654 861 680 de

69 694 201 729 epistolis.
227 695 294 721 Nam
306 703 391 728 quum
404 693 471 719 hanc
483 694 609 729 paginam
620 698 746 722 tenerem,
760 692 789 718 L.
802 691 863 718 Fla-

70 733 140 762 vius,
154 736 258 766 praetor
268 730 475 766 designatus‚ad
487 739 529 756 me
541 731 622 761 venit,
636 730 715 756 homo
727 729 794 755 mihi
807 728 863 754 val-

69 769 102 795 de
115 769 265 795 samiliaris.
305 769 330 794 1s
341 768 422 798 mihi,
440 773 464 794 te
476 767 508 793 ad
523 772 706 802 procuratores
717 775 781 793 suos
794 766 864 792 litte-

71 816 112 833 ras
127 807 248 836 misisse,
271 814 339 840 quae
355 805 423 830 mihi
439 806 512 831 visae
526 809 590 831 sunt
605 805 806 839 iniquissimae:
830 812 862 829 ne
884 828 885 833 ,

69 843 136 878 quid
147 843 179 869 de
195 843 286 874 bonis,
304 851 373 877 quae
385 843 414 868 L.
428 841 532 868 Octavii
544 842 657 869 Nasonis
674 841 800 871 fuissent,
819 841 863 866 cui

70 882 99 907 L.
108 880 217 907 Flavius
229 880 307 906 heres
318 884 366 911 est,
380 879 568 906 deminuereut
578 884 647 910 ante,
661 887 742 914 quam
753 879 782 905 C.
791 879 864 904 Fun-

70 918 149 945 danio
159 918 302 952 pecuniam
313 917 467 944 solvissent.
488 918 607 952 Itemque
619 917 726 943 misisse
737 916 771 942 ad
782 915 864 950 Apol—

70 955 232 985 lonidenseS,
246 963 278 981 ne
289 954 322 981 de
334 954 422 985 bonis,
438 963 507 989 quae
518 954 621 981 Octavii
637 954 760 984 fuissent,
777 953 864 979 demi-
892 972 893 987 ,

69 993 118 1019 nui
133 997 299 1027 paterentur,
316 992 477 1026 priusquam
494 992 633 1018 Fundanio
653 991 775 1017 debitum
790 990 864 1017 solu-

69 1035 127 1057 tum
137 1034 216 1056 esset.
243 1030 312 1055 Haec
323 1029 390 1055 mihi
402 1029 561 1055 verisimilia
575 1038 626 1056 non
639 1028 775 1055 videntur.
797 1028 864 1054 Sunt

70 1068 142 1094 enim
157 1076 170 1093 a
182 1066 324 1102 prudentia
336 1071 379 1093 tua
392 1068 581 1094 remotissima.
616 1067 655 1093 Ne
666 1066 806 1092 deminuat
817 1065 864 1091 he-

70 1104 130 1131 res?
149 1104 220 1136 Quid
232 1105 255 1130 si
267 1104 414 1131 infitiatur?
433 1104 503 1136 Quid
515 1105 538 1130 si
549 1105 659 1131 omnino
671 1112 723 1130 non
735 1102 865 1130 debetur‘.>

69 1141 159 1174 Quid?
172 1147 276 1176 praetor
287 1141 353 1168 solet
364 1141 483 1168 iudicare
498 1141 609 1168 deberi‘?
627 1141 716 1174 Quid‘?
731 1149 780 1176 ego
792 1141 865 1166 Fun-

69 1179 150 1206 danio
161 1188 213 1205 non
224 1178 322 1214 cupio?
342 1188 393 1205 non
406 1180 509 1206 amicus
521 1178 600 1206 sum‘?
616 1188 668 1205 non
680 1178 864 1204 misericordia

71 1216 196 1243 moveor?
206 1217 289 1243 Nemo
300 1217 401 1252 magis:
415 1216 462 1243 sed
473 1218 516 1243 via
529 1217 595 1243 iuris
606 1216 740 1243 eiusmodi
752 1221 793 1242 est
803 1215 865 1250 qui-

71 1254 186 1280 busdam
198 1254 224 1280 in
237 1254 331 1285 rebus,
350 1258 379 1280 ut
390 1254 458 1280 nihil
469 1255 504 1280 sit
515 1254 565 1280 loci
577 1255 687 1290 gratiae.
727 1254 814 1288 Atque
830 1253 865 1279 ita

72 1291 139 1317 mihi
155 1291 261 1317 dicebat
276 1290 386 1317 Flavius
404 1292 535 1326 scriptum
552 1292 578 1318 in
594 1300 623 1317 ea
640 1290 765 1326 epistola,
783 1299 864 1325 quam

72 1334 144 1355 tuam
165 1337 223 1354 esse
244 1328 363 1359 dicebat,
386 1333 410 1354 te
429 1334 475 1355 aut
490 1329 567 1364 quasi
583 1329 678 1355 amicis
695 1329 748 1355 tuis
766 1329 865 1363 gratias

71 1371 202 1396 acturum,
216 1371 261 1392 aut
271 1366 348 1399 quasi
361 1366 479 1392 inimicis
491 1366 659 1393 incommoda
672 1366 798 1392 laturum.
825 1367 863 1391 Η.

70 1403 141 1435 Quid
154 1402 255 1429 multa?
271 1402 512 1438 ferebatgravitcr.
531 1404 558 1430 id
575 1403 748 1430 vehementer
759 1411 865 1429 mecum

70 1440 246 1476 querebatur,
263 1440 422 1475 orabatque,
440 1446 469 1467 ut
483 1441 516 1467 ad
529 1446 552 1467 te
562 1449 644 1476 quam
656 1440 865 1476 diligentissime

71 1478 232 1505 scriberem:
245 1477 317 1512 quod
325 1477 400 1509 facio,
410 1483 435 1504 et
446 1483 469 1505 te
481 1487 590 1513 prorsus
602 1479 775 1505 vehementer
785 1479 865 1504 etiam

71 1520 150 1550 atque
162 1516 242 1541 etiam
254 1523 326 1550 rogo,
342 1520 371 1541 ut
382 1520 407 1541 et
419 1516 636 1550 procuratoribus
649 1515 734 1542 Flavii
746 1516 866 1542 remittas

70 1553 103 1579 de
115 1552 306 1583 deminuendo,
322 1557 347 1579 et
358 1552 391 1578 de
402 1553 668 1587 Apollonidensibus,
685 1561 717 1580 ne
727 1553 794 1588 quid
806 1561 866 1587 per-

71 1590 188 1621 scribas,
205 1589 277 1624 quod
293 1594 382 1616 contra
394 1590 518 1616 Flavium
529 1591 577 1621 sit,
595 1590 726 1625 amplius,
744 1591 866 1617 etFlavii

70 1636 166 1654 caussa
182 1632 207 1653 et
221 1627 324 1653 scilicet
338 1627 472 1662 Pompeii,
491 1628 572 1654 facies
588 1629 687 1654 omnia.
729 1627 794 1654 Nolo
810 1636 867 1654 me-

71 1664 133 1691 dius
150 1664 230 1690 fidius
246 1673 279 1691 ex
295 1668 339 1691 tua
354 1665 452 1691 iniuria
467 1666 494 1692 in
510 1665 587 1691 illum
603 1666 652 1692 tibi
670 1665 807 1692 liberalem
824 1674 866 1691 me

72 1701 171 1728 videri:
188 1701 235 1728 sed
247 1706 272 1728 et
284 1707 307 1728 te
318 1710 371 1732 oro,
389 1707 418 1728 ut
429 1707 456 1728 tu
469 1703 525 1737 ipse
537 1704 719 1730 auctoritatem
733 1707 759 1729 et
770 1711 867 1729 monu-

73 1743 191 1765 mentum
207 1739 316 1774 aliquod
331 1739 430 1766 decreti
446 1745 492 1766 aut
507 1740 653 1767 litterarum
666 1745 773 1767 tuarum
785 1740 867 1766 relin—

71 1784 148 1811 quaS,
161 1776 233 1811 quod
244 1777 279 1803 sit
289 1776 322 1802 ad
334 1776 420 1804 Flavii
430 1786 484 1803 reni
500 1783 525 1804 et
537 1778 570 1804 ad
581 1787 704 1804 caussam
716 1786 867 1804 accommo-

71 1813 173 1840 datum.
214 1814 274 1840 Fert
284 1815 357 1840 enim
370 1815 488 1850 graviter
504 1815 595 1846 homo,
612 1820 637 1842 et
653 1816 706 1842 mei
719 1815 867 1842 observan-

71 1851 194 1878 tissimus
205 1856 230 1878 et
241 1851 284 1877 sui
296 1852 362 1878 iuris
373 1852 566 1887 dignitatisque
578 1854 704 1884 retinens,
718 1861 747 1879 se
759 1852 830 1888 apud
843 1857 866 1879 te

72 1896 159 1922 neque
175 1889 305 1919 amicitia,
329 1897 415 1923 neque
431 1890 488 1916 iure
505 1890 635 1916 valuisse:
658 1895 696 1921 et,
719 1895 748 1916 ut
761 1891 864 1925 opinor.

74 1925 159 1951 Flavii
171 1925 316 1960 aliquando
328 1935 383 1952 rem
395 1931 420 1953 et
431 1927 574 1962 Pompeius
586 1932 611 1954 et
625 1927 722 1955 Caesar
732 1927 782 1954 tibi
793 1936 867 1954 com-

74 1961 246 1988 mendarunt:
270 1967 295 1989 et
311 1963 369 1997 ipse
384 1963 416 1989 ad
433 1969 457 1990 te
472 1965 615 1999 scripserat
630 1964 754 1996 Flavius,
777 1970 803 1991 et
818 1973 867 2000 ego

72 2004 152 2025 certe.
193 1998 280 2032 Quare
292 2000 315 2026 si
328 2000 380 2026 ulla
392 2009 433 2026 res
445 2006 493 2032 cst,
507 2010 588 2036 quam
601 2002 650 2028 tibi
662 2010 704 2028 me
717 2001 866 2028 faciendam

73 2041 178 2071 petente
190 2041 276 2071 putes,
291 2037 355 2063 haec
365 2046 394 2063 ea
405 2038 449 2064 sit.
490 2038 518 2064 Si
530 2047 572 2064 me
584 2047 670 2070 amas,
686 2047 763 2070 cura,
777 2039 868 2066 elabo-

73 2082 114 2104 ra,
131 2074 243 2108 perfice,
261 2078 290 2100 ut
302 2074 411 2101 Flavius
426 2080 451 2101 et
465 2075 514 2101 tibi
528 2080 553 2101 et
565 2076 631 2102 mihi
642 2085 723 2111 quam
736 2077 868 2103 maximas

72 2112 172 2147 gratias
183 2115 252 2146 agat.
288 2112 340 2137 lloc
352 2116 376 2138 te
388 2113 422 2138 ita
435 2121 506 2147 rogo,
524 2117 552 2139 ut
564 2114 662 2139 maiore
674 2113 765 2140 studio
776 2122 868 2147 rogare

73 2156 124 2175 non
137 2149 249 2183 possim.
290 2149 332 2175 lv.
354 2150 392 2175 12.
409 2149 484 2181 Quod
497 2149 529 2176 ad
542 2159 584 2176 me
596 2150 629 2176 de
642 2151 747 2176 llerniia
758 2151 866 2181 scribis,
889 2165 890 2170 =

73 2185 141 2211 mihi
154 2185 306 2212 mehercule
319 2185 396 2212 valde
407 2187 486 2212 etiam
500 2187 642 2214 molestum
655 2187 714 2214 fuit.
756 2188 868 2214 Litteras

73 2260 185 2291 Diodoti,
200 2260 307 2286 Luculli
320 2260 417 2291 liberti,
431 2266 589 2292 commotus,
603 2262 636 2288 de
647 2263 766 2296 pactione
778 2263 867 2288 statim
889 2274 890 2279 ι

73 2297 145 2332 quod
160 2297 312 2327 audieram,
343 2298 499 2324 iracundius
518 2300 677 2333 scripseram
699 2305 724 2326 et
745 2309 868 2326 revocare

73 2334 226 2369 cupiebam.
267 2335 333 2361 lluic
346 2340 373 2361 tu
385 2335 527 2370 epistolae,
546 2345 597 2362 nou
615 2336 727 2363 fraterne
741 2338 864 2371 scriptae,

73 2369 187 2398 fraterne
204 2371 287 2398 debes
304 2373 451 2407 ignoscere.
496 2375 534 2399 13.
556 2374 591 2399 De
606 2374 765 2404 Censorino,
788 2377 868 2400 Anto-
896 2395 897 2399 ,

72 2407 128 2437 Πὶὓ,
145 2408 258 2441 Cassiis,
273 2409 414 2441 Scaevola,
429 2415 452 2436 te
464 2410 497 2436 al)
512 2411 553 2436 liis
565 2410 642 2446 diligi
654 2412 692 2446 (ut
703 2410 809 2444 scribis)
822 2420 868 2436 ve·
895 2407 897 2430 l

72 2442 211 2486 hementer
225 2447 340 2483 gaudeo.
381 2448 471 2473 Ceti-ra
491 2447 597 2474 fucruut
612 2449 638 2474 iu
650 2448 743 2474 eadem
755 2448 866 2482 epistola
896 2449 897 2460 ¹

72 2488 209 2516 grav¹0r33
227 2492 308 2519 quani
321 2483 432 2514 vellem,
447 2485 537 2519 ὀρθήν
551 2485 595 2511 rn'n·
607 2488 679 2514 ναῦν,
692 2490 717 2511 et
728 2485 802 2515 ἅπαξ
815 2488 866 2511 {m-
896 2480 897 2499 ³

72 2519 132 2544 νεῖν.
173 2521 271 2547 Maiora
288 2522 336 2547 istu
352 2527 443 2548 erunt:
460 2530 534 2548 meac
545 2522 746 2557 obiurgationes
759 2522 868 2549 fuerunt

73 2557 172 2583 amoris
187 2557 374 2592 plenissimae3
393 2568 462 2594 quae
478 2564 540 2585 suut
557 2559 698 2589 uounulln,
716 2559 762 2585 scil
780 2565 866 2586 tumen

74 2593 231 2626 mediocria,
254 2600 280 2622 et
294 2604 376 2630 parve
392 2597 492 2631 potius.
533 2597 588 2631 Ego
609 2601 632 2622 te
649 2605 796 2631 numquam
814 2596 867 2623 ulln
889 2602 897 2636 'l

73 2632 101 2660 in
113 2642 140 2661 re
154 2631 268 2667 dignum
279 2633 390 2659 minima
403 2633 610 2668 reprehensione
623 2639 768 2668 putassem,
782 2642 866 2669 quum
896 2638 897 2669 ᾗ

74 2674 98 2696 te
110 2669 278 2696 sanctissime
293 2678 413 2706 gereres,
435 2671 487 2697 nisi
506 2671 628 2698 inimicos
645 2671 743 2698 multos
755 2671 868 2698 habere-
888 2674 897 2695 «l

889 2191 897 2223 :¹
921 2187 968 2213 hos
979 2186 1141 2221 singulares.

73 2222 107 2249 ad
123 2227 146 2249 te
167 2231 263 2257 parum
285 2222 398 2249 fraterne
413 2225 638 2258 conscripseram:
661 2233 730 2260 quas
750 2225 868 2251 oratioue
889 2228 898 2258 ’ξ

1654 136 1698 161 801

911 216 982 233 mus.
1022 206 1095 239 Quae
1110 207 1144 233 ad
1155 212 1179 232 te
1190 206 1280 241 aliqua
1292 206 1472 232 admonitione
1483 210 1527 231 aut
1539 205 1704 240 obiurgatio-

911 253 943 270 ne
955 244 1061 278 scripsi,
1070 244 1166 278 scripsi
1178 248 1286 278 propter
1296 243 1464 278 diligentiam
1476 243 1608 268 cautionis
1619 251 1702 272 meae,

912 282 938 307 in
950 290 1002 316 qua
1014 286 1039 307 et
1050 290 1145 307 maneo
1157 286 1182 307 et
1194 281 1315 311 manebo,
1324 286 1358 310 et,
1371 280 1442 306 idem
1455 285 1483 306 ut
1494 279 1585 310 facias,
1594 288 1645 306 non
1657 279 1705 305 de-

912 319 1005 344 sistam
1020 327 1122 354 rogare.
1166 319 1204 344 44.
1226 317 1329 344 Attalus
1346 318 1507 352 [phemenus
1522 326 1627 343 mecum
1639 318 1703 352 egit,

913 361 941 382 ut
952 365 980 382 se
992 364 1024 382 ne
1036 355 1196 390 impedires,
1212 364 1265 390 quo
1277 356 1381 385 minus,
1395 354 1466 389 quod
1479 354 1512 380 ad
1523 354 1552 386 Q.
1566 354 1706 380 Publiceni

912 398 1026 419 statuam
1038 393 1174 419 decretum
1186 398 1234 423 est,
1248 398 1414 428 erogaretur:
1427 392 1500 427 quod
1511 401 1560 427 ego
1572 397 1596 418 te
1607 396 1633 417 et
1644 399 1706 426 rogo

912 435 938 456 et
953 430 1095 461 admoneo,
1119 439 1151 456 ne
1168 430 1227 456 talis
1243 431 1308 460 viri,
1329 435 1436 464 tamque
1453 430 1536 455 nostri
1551 429 1704 459 necessarii,

913 468 1040 494 honorem
1057 468 1143 493 minui
1158 476 1206 502 per
1221 472 1245 493 te
1259 472 1304 493 aut
1314 467 1441 501 impediri
1454 466 1530 492 velis.
1571 467 1707 492 Praeterea

913 505 1011 539 Aesopi
1023 505 1151 540 tragoedi,
1166 505 1249 531 nostri
1261 504 1411 534 familiaris,
1420 504 1540 530 Licinius
1552 512 1656 533 servus,
1673 504 1708 529 ti-

914 542 941 568 bi
953 547 1040 573 notus,
1054 541 1169 577 aufugit.
1210 543 1234 568 Is
1244 542 1357 568 Athenis
1373 541 1444 575 apud
1458 542 1595 567 Patronem
1605 541 1708 575 Epicu-

913 588 989 605 reum
1006 589 1052 614 pro
1070 579 1153 605 libero
1168 579 1232 605 fuit:
1256 579 1318 605 inde
1336 579 1364 605 in
1380 579 1470 604 Asiam
1492 579 1574 604 venit.
1615 578 1707 604 Postea

914 617 987 643 Plato
998 616 1109 651 quidam
1121 616 1444 650 SardianusAEpicureus,
1457 616 1505 650 qui
1518 615 1630 642 Athenis
1641 614 1708 641 solet

914 663 972 680 esse
988 654 1118 684 multum,
1136 659 1161 680 et
1172 654 1219 688 qui
1231 659 1288 680 tum
1300 653 1412 679 Athenis
1424 652 1522 683 fuerat,
1539 661 1625 687 quum
1637 653 1708 678 Lici-

914 692 976 718 nius
987 700 1017 717 eo
1028 692 1159 722 venisset,
1177 691 1262 725 quistn
1273 700 1335 717 eum
1347 690 1493 725 fugitivum
1505 695 1595 724 postea
1606 698 1664 715 esse
1675 697 1709 715 ex

914 729 1011 763 Aesopi
1028 728 1122 754 litteris
1137 733 1289 763 cognosset,
1312 728 1450 754 hominem
1465 726 1669 761 comprehendit
1684 731 1710 752 et

914 767 942 792 in
953 765 1103 791 custodiam
1114 765 1216 800 Ephesi
1227 765 1349 791 tradidit:
1367 764 1415 790 sed
1427 765 1453 790 in
1465 764 1616 799 publicam,
1633 773 1665 790 an
1680 764 1709 790 in

914 803 1073 838 pistrinum,
1091 811 1143 828 non
1158 803 1222 829 satis
1237 811 1269 828 ex
1282 802 1377 828 litteris
1388 802 1447 827 eius
1460 801 1609 836 intelligere
1620 801 1710 835 potui-

914 849 985 866 mus.
1026 841 1075 870 Tu,
1089 848 1197 874 quoquo
1209 839 1296 870 modo,
1309 839 1436 874 quoniam
1448 839 1548 873 Ephesi
1559 843 1607 868 est,
1621 838 1710 864 homi-

915 886 976 904 nem
988 878 1135 912 investiges
1147 876 1238 907 velim,
1247 885 1408 911 summaque
1415 876 1554 911 diligentia
1567 875 1609 901 vel
1622 880 1709 901 tecum

914 915 1042 941 deducas.
1074 914 1134 941 Noli
1146 919 1275 949 spectare,
1289 914 1382 948 quanti
1394 914 1473 939 honio
1484 914 1532 939 sit:
1550 913 1625 947 parvi
1637 913 1709 938 enim

915 953 994 987 pretii
1006 957 1054 983 est,
1068 953 1116 987 qui
1127 952 1181 978 iam
1191 952 1271 977 nihili
1282 952 1330 977 sit:
1344 951 1392 977 sed
1404 955 1474 977 tanto
1486 950 1575 976 dolore
1590 951 1710 984 Aesopus

915 995 956 1016 est
966 989 1075 1016 affectus
1087 994 1195 1024 propter
1204 989 1276 1015 servi
1287 988 1375 1015 scelus
1390 993 1414 1014 et
1430 987 1583 1017 audaciam,
1602 992 1631 1013 ut
1641 987 1710 1013 nihil

916 1028 940 1054 ei
951 1028 1054 1063 gratius
1066 1026 1152 1053 facere
1164 1027 1264 1061 possis,
1283 1035 1365 1061 quam
1380 1027 1404 1051 si
1415 1025 1492 1051 illum
1504 1034 1551 1060 per
1563 1030 1586 1051 te
1599 1033 1711 1059 recupe-

915 1065 989 1092 rarit.
1028 1065 1059 1091 V.
1084 1066 1122 1090 15.
1144 1065 1222 1090 Nunc
1237 1073 1267 1090 ea
1277 1072 1421 1099 cognosce,
1439 1071 1508 1097 quae
1519 1063 1637 1088 maxime
1647 1070 1712 1088 exo-

915 1108 984 1138 ptas.
1024 1101 1231 1136 Rempublicam
1243 1101 1364 1127 funditus
1376 1101 1531 1132 amisimus,
1546 1100 1611 1126 adeo
1622 1104 1651 1126 ut
1662 1099 1712 1125 Ca-

915 1145 950 1171 to,
963 1139 1119 1166 adolescens
1131 1139 1234 1165 nullius
1245 1138 1362 1169 consilii,
1375 1138 1423 1164 sed
1435 1143 1523 1164 tamen
1534 1137 1603 1163 civis
1616 1137 1711 1162 Roma-

916 1187 967 1204 nus
977 1182 1003 1203 et
1013 1177 1085 1208 Cato,
1100 1178 1147 1203 vix
1158 1178 1238 1203 vivus
1250 1176 1374 1212 effugerit
1384 1176 1409 1208 *3
1435 1175 1517 1210 quod,
1530 1183 1615 1209 quum
1628 1174 1712 1200 Gabi-

916 1216 992 1241 nium
1003 1215 1036 1241 de
1048 1214 1151 1241 ambitu
1164 1214 1244 1240 vellet
1254 1213 1398 1248 postulare,
1408 1222 1495 1247 neque
1509 1217 1643 1247 praetores
1653 1211 1712 1238 die-

916 1253 968 1278 bus
983 1252 1086 1287 aliquot
1100 1252 1169 1278 adiri
1185 1256 1293 1286 possent
1308 1251 1350 1277 vel
1362 1255 1518 1285 potestatem
1530 1250 1573 1276 sui
1585 1249 1710 1280 facerent,

917 1290 944 1316 in
955 1290 1110 1317 concionem
1127 1289 1248 1315 ascendit
1263 1293 1287 1314 et
1298 1289 1455 1322 Pompeium
1468 1288 1588 1322 privatus
1600 1286 1712 1312 dictato-

917 1336 973 1354 rem
989 1326 1145 1362 appellavit.
1187 1327 1299 1360 Propius
1316 1325 1383 1352 nihil
1400 1330 1439 1351 cst
1456 1324 1568 1354 factum,
1585 1332 1667 1359 quam
1685 1328 1712 1350 ut

916 1365 1092 1391 occideretur.
1118 1364 1159 1390 Ex
1171 1364 1229 1394 hoc,
1242 1364 1290 1398 qui
1302 1364 1337 1389 sit
1347 1368 1432 1389 status
1444 1363 1524 1388 totius
1536 1361 1710 1396 reipublicae,

918 1402 1008 1429 videre
1020 1408 1105 1437 potes.
1148 1403 1186 1428 ⁴6.
1210 1402 1318 1427 Nostrae
1331 1406 1418 1427 tamen
1430 1408 1541 1425 caussae
1554 1407 1605 1425 uon
1617 1398 1712 1424 videu-

917 1444 960 1466 tur
980 1440 1103 1466 homines
1124 1438 1253 1465 defuturi.
1294 1437 1445 1464 Mirandum
1463 1437 1489 1463 in
1505 1436 1615 1463 modum
1632 1436 1713 1470 prosi-

917 1482 1018 1508 tentur,
1031 1476 1145 1503 offerunt
1155 1485 1196 1506 se,
1211 1475 1383 1510 pollicentur:
1402 1479 1427 1501 et
1442 1474 1554 1509 quidem
1568 1482 1652 1508 quum
1665 1481 1712 1507 spe

917 1524 978 1541 sum
994 1515 1125 1544 maxima,
1143 1519 1198 1540 tum
1217 1514 1316 1539 maiore
1330 1513 1410 1538 etiam
1422 1513 1522 1538 animo:
1568 1510 1655 1548 [spero
1667 1519 1714 1536 su-

917 1553 1036 1587 periores
1049 1551 1102 1578 fore
1114 1560 1175 1577 nos:
1193 1550 1297 1577 conlido
1312 1550 1423 1587 animm]
1434 1554 1461 1575 ut
1473 1549 1500 1574 in
1515 1549 1563 1574 hac
1575 1547 1713 1582 republica

918 1598 950 1616 ne
961 1598 1054 1616 casum
1070 1588 1181 1624 quidem
1197 1588 1282 1614 ullum
1296 1588 1495 1622 pertimescam:
1513 1586 1560 1611 sed
1573 1590 1659 1611 tamen
1673 1593 1714 1610 res

918 1627 957 1653 sic
967 1636 995 1653 se
1007 1627 1097 1653 habet.
1137 1626 1164 1652 Si
1175 1625 1248 1651 diem
1261 1625 1338 1651 nobis
1349 1624 1460 1651 Clodius
1470 1623 1582 1652 dixerit,
1599 1627 1651 1649 tota
1663 1623 1714 1648 lta-

919 1664 953 1690 lia
964 1668 1117 1694 concurret,
1135 1668 1165 1689 ut
1179 1662 1355 1697 multiplicata
1367 1661 1450 1697 gloria
1463 1660 1649 1686 discedamus:
1671 1660 1713 1685 siu

918 1707 1007 1728 autem
1019 1702 1046 1728 vi
1058 1709 1136 1736 agere
1147 1700 1301 1730 conabitur,
1315 1708 1393 1734 spero
1404 1699 1471 1729 fore,
1489 1697 1587 1724 studiis
1604 1706 1654 1723 nou
1671 1705 1715 1722 so-

919 1739 975 1765 lum
993 1739 1156 1769 amicorum,
1180 1738 1227 1764 sed
1241 1738 1321 1764 etiam
1337 1737 1501 1766 alienorum,
1520 1740 1549 1761 ut
1565 1735 1590 1761 vi
1607 1735 1715 1760 resista-

919 1786 989 1803 mus.
1029 1776 1129 1803 Omnes
1143 1780 1207 1802 etse
1219 1779 1244 1801 et
1255 1784 1318 1801 suos
1335 1774 1447 1804 liberos,
1464 1774 1577 1802 amicos,
1592 1771 1713 1798 clientes.

919 1814 1042 1845 libertos,
1063 1822 1168 1843 εει-νος,
1185 1813 1315 1847 pecunias
1329 1812 1447 1845 denique
1461 1819 1524 1836 suas
1543 1809 1713 1844 pollicentur.

918 1852 1012 1878 Nostra
1024 1852 1133 1886 antiqua
1146 1859 1242 1876 manus
1254 1850 1384 1876 bonorum
1396 1848 1469 1874 ardet
1481 1847 1571 1873 studio
1582 1847 1665 1873 nostri
1677 1851 1717 1872 at-

918 1898 971 1924 que
983 1897 1081 1915 amore.
1122 1888 1149 1914 Si
1162 1888 1209 1922 qui
1225 1892 1300 1913 antea
1315 1892 1361 1912 aut
1376 1886 1519 1912 alieniores
1536 1884 1653 1915 fucrant,
1671 1888 1716 1909 aut

920 1926 1117 1962 languidiores,
1136 1934 1207 1952 nunc
1223 1925 1319 1951 horum
1336 1932 1430 1959 regum
1444 1922 1506 1949 odio
1521 1931 1549 1948 se
1561 1931 1622 1948 cum
1638 1921 1716 1947 bonis

918 1965 1096 1999 coniungunt.
1136 1962 1281 1997 Pompeius
1299 1962 1388 1988 omnia
1410 1960 1551 1995 pollicetur
1565 1965 1589 1985 et
1604 1960 1713 1985 Caesar:

919 2001 1021 2036 quibus
1037 2009 1086 2036 ego
1102 2001 1137 2026 ita
1153 2000 1246 2030 credo,
1270 2004 1298 2026 ut
1314 1999 1380 2025 nihil
1396 1998 1428 2024 de
1445 2006 1503 2023 meu
1519 1998 1716 2031 comparatione

919 2038 1086 2065 deminuam.
1115 2037 1228 2063 Tribuni
1241 2036 1329 2071 plebis
1339 2035 1472 2071 designati
1485 2039 1547 2060 suut
1559 2034 1637 2060 uobis
1648 2035 1716 2059 ami-

919 2076 953 2102 ci.
994 2075 1125 2102 Consules
1137 2083 1165 2100 se
1175 2075 1275 2109 optime
1287 2073 1441 2100 ostendunt.
1483 2072 1618 2098 Praetores
1634 2071 1716 2097 habe-

919 2122 980 2139 mus
992 2113 1172 2139 amicissimos
1184 2117 1209 2138 et
1220 2112 1363 2137 acerrimos
1374 2111 1457 2139 cives,
1471 2109 1625 2138 Domitium,
1640 2109 1717 2143 Nigi-

919 2150 1009 2180 dium,
1024 2149 1195 2179 Memmium,
1210 2149 1366 2180 Lentulum3
1383 2148 1466 2173 honos
1476 2147 1556 2172 etiam
1569 2146 1649 2172 alios:
1668 2145 1715 2171 sed

1181 2186 1268 2218 Quare
1285 2194 1413 2221 magnum
1429 2184 1468 2210 fac
1483 2184 1604 2209 animum
1617 2183 1716 2209 habeas

920 2229 944 2250 ct
955 2233 1031 2258 spem
1045 2223 1151 2249 bonam.
1187 2223 1221 2248 De
1233 2222 1350 2257 siugulis
1363 2227 1450 2248 tamen
1463 2221 1552 2251 rebus,
1565 2229 1634 2255 quae
1648 2228 1716 2255 quo-

921 2261 984 2287 tidie
995 2266 1130 2296 geruutur,
1146 2259 1241 2286 faciam
1254 2265 1277 2286 te
1289 2260 1382 2285 crebro
1393 2259 1541 2285 certiorem.

973 2337 1010 2357 ΙΙΙ.
1029 2338 1045 2357 Λ
1053 2338 1071 2357 R
1079 2338 1104 2356 (ὅΑ
1121 2336 1204 2360 <Quinto
1215 2336 1242 2355 de
1252 2335 1326 2362 μιιοτὶι
1337 2335 1386 2355 niur-
1396 2334 1491 2362 epi-tuln
1502 2334 1577 2354 mini-
1585 2342 1608 2353 n·
1615 2338 1715 2356 exi-unt.

920 2372 1019 2398 queritur
1029 2373 1055 2391 ile
1066 2371 1161 2393 mittio.
1177 2378 1215 2397 pru
1227 2370 1310 2390 ..Maria
1322 2370 1468 2390 fni-utimum·
1477 2369 1560 2394 gutia-
1572 2369 1629 2393 ngit.
1644 2372 1716 2388 innuunt

919 2408 945 2427 ile
955 2407 1095 2433 quorumdum
1107 2406 1156 2429 sule,
1168 2413 1264 2432 ιιιιιιιμιι-
1274 2406 1415 2425 cummi-nuni.

1169 2443 1250 2464 ιῐί-ῃυω,
1261 2442 1341 2458 (hl-uni·-
1352 2448 1397 2458 ειι-ι.
1408 2442 1463 2458 ιιι)ι.,Ἶ

1053 2486 1088 2513 Μ.
1109 2486 1252 2513 CICERO
1271 2486 1298 2512 S.
1321 2486 1350 2511 D.
1372 2484 1404 2516 Q.
1428 2484 1580 2510 FllATRl.

980 2525 1001 2550 i.
1024 2518 1067 2550 Mi
1080 2523 1172 2553 frater,
1187 2525 1222 2550 mi
1236 2523 1328 2552 frater,
1343 2523 1379 2548 mi
1393 2521 1484 2550 frater,
1499 2527 1562 2547 tune
1575 2521 1600 2547 id
1613 2522 1715 2547 veritus

920 2570 957 2589 es.
972 2569 1004 2587 nc
1015 2570 1063 2596 ego
1076 2561 1214 2587 iracundia
1226 2561 1315 2595 siliqua
1327 2559 1460 2585 adductus
1470 2567 1567 2593 pucros
1577 2558 1610 2585 nd
1622 2564 1645 2585 te
1657 2559 1715 2584 sinc

921 2598 1016 2624 litteris
1038 2598 1175 2624 miserim?
1196 2603 1241 2624 aut
1256 2599 1336 2624 etium
1358 2606 1390 2623 uo
1411 2602 1435 2623 tc
1457 2596 1547 2622 videre
1565 2595 1716 2622 uolucrim‘?

920 2635 976 2671 Ego
992 2635 1041 2661 ubi
1059 2636 1204 2662 irascerer?
1220 2635 1268 2661 tilii
1284 2644 1334 2670 ego
1350 2643 1456 2669 possem
1478 2633 1575 2660 irasci?
1594 2633 1713 2659 Scilicet.

919 2673 959 2699 Tu
969 2673 1041 2699 enim
1053 2681 1095 2699 me
1106 2672 1240 2700 afflixisti:
1255 2673 1293 2699 tui
1305 2681 1347 2698 me
1359 2672 1472 2701 inimici,
1487 2676 1531 2697 tua
1547 2679 1588 2697 nie
1601 2670 1713 2700 invidia,

1466 2721 1507 2744 tut
