1941 3052
580 141 867 170 FRAGMENTA
894 142 1158 171 POEMATUM.

47 215 169 241 erubeant
179 213 257 239 nubes
268 212 370 246 (dixere
378 211 493 248 παρήλια
505 212 602 248 Graii),

47 261 65 278 a
77 251 162 278 Borea
172 255 218 277 aut
228 252 322 276 Austro
332 254 378 276 aut
389 259 406 276 a
417 250 500 276 Borea
511 255 534 277 et
543 253 576 277 ab
586 251 695 284 Austro,·
801 252 846 277 450

47 291 141 322 aspice,
153 292 177 314 et
186 289 252 314 hanc
263 295 348 314 secors
360 296 411 313 non
420 296 541 321 umquam
551 290 648 321 neyliqe
660 297 758 314 curam-

49 326 166 359 Namque
175 329 312 358 utrumque
321 327 395 358 facis,
407 327 431 350 si
440 326 530 351 nubila
539 334 644 359 suryere
655 335 741 352 cernes

47 365 150 390 aemula
161 363 285 388 Phoebeae
294 364 452 395 mediumque
463 365 533 395 apud
543 371 657 396 aequora
667 363 799 394 Phoebum,

47 402 122 427 nulla
131 408 204 426 mora
215 404 259 429 est,
270 401 354 425 subito
363 401 528 425 densissimus
537 403 634 433 inaruit
646 402 732 427 imber.

47 437 96 465 Sin
105 438 203 464 Boreas
213 446 292 463 unam
306 438 371 462 caeli
381 438 427 463 sub
439 438 551 463 culmina
562 439 652 463 nubem
802 439 810 463 l
825 439 829 445 '

47 477 154 505 emittat,
167 479 247 500 metue
258 483 274 500 a
285 474 378 505 Borea,
390 477 432 500 sin
440 475 540 504 Auster,
554 476 586 500 ab
596 475 698 501 Austro.

46 513 154 539 Iunctus
165 514 213 538 erit
223 513 331 542 nimbus,
343 514 367 537 si
377 514 479 537 iunctae
489 513 598 538 nubibus
608 514 699 538 undae.

44 550 119 582 >Quin
131 552 208 575 etiam
218 551 320 576 occidui
328 551 454 581 spectabis
465 550 560 575 littoris
571 558 626 579 ora,

48 592 118 614 certa
133 589 178 613 tibi
189 588 289 613 occidui
299 588 450 612 monstrabit
463 587 558 612 littoris
568 595 623 612 ora.

47 624 95 651 »At
105 632 169 651 vero
180 624 255 650 tenui
266 622 386 659 caligans
399 622 501 649 lumine
513 623 629 649 Phatne«
802 625 848 651 160

46 665 122 696 siqna
134 664 179 687 dat
190 664 217 687 in
231 661 330 687 Cancro
341 665 459 694 spectans
468 661 608 694 Aquilonia
618 662 702 693 flabra

47 704 71 726 et
80 701 194 733 qeminae
209 701 278 724 tenui
287 700 376 724 stellae
385 699 485 732 fulgore
495 701 632 724 micantes:

47 738 94 763 has
104 745 155 763 non
165 738 290 762 distantes
300 738 407 762 nimium
420 737 558 761 nimiumve
566 738 727 769 propinquas

46 775 167 807 dispescit
177 776 290 806 spatium
300 775 392 806 cupido
402 781 453 799 non
464 775 542 799 latius
552 782 616 799 uno:

45 813 95 838 illa
104 813 172 837 subit
182 811 292 841 Borean,
304 813 372 837 subit
382 812 444 837 haec
454 813 565 836 vicinior
574 811 706 836 Austrum.
803 811 849 836 ⁴65

45 849 102 875 Has
111 849 204 875 Asinos
215 850 313 879 dicunt,
325 850 435 874 mediam
445 848 568 881 Praesepe
578 852 712 879 vocarunt,

46 888 115 920 quod
124 888 208 912 subito
220 887 334 919 liquidas
343 894 418 919 saepe
428 887 554 911 evanescit
566 888 593 911 in
603 893 693 916 auras,

47 932 125 958 quum
137 925 202 949 caeli
212 926 289 949 nituit
300 924 449 956 yenitabilis
459 932 527 949 aura
538 925 630 953 sereni,

47 963 202 994 coniunyens
211 963 324 994 geminos
333 962 464 986 subtracto
474 962 557 986 sidere
567 961 680 986 Asellos:

43 999 150 1032 postilla
161 999 285 1024 undosam
293 1000 391 1031 poteris
400 1002 516 1031 spectare
524 999 675 1031 procellam.
802 998 848 1024 ⁴70

46 1035 77 1062 Si
87 1038 165 1069 niqra
174 1038 208 1062 sit
219 1035 321 1066 Phatne,
336 1037 443 1069 yeminis
455 1036 525 1061 color
535 1043 601 1061 unus
613 1037 640 1060 in
650 1037 743 1062 astris.-

45 1075 88 1099 sin
97 1075 185 1103 niteat,
195 1074 293 1106 pluviis
304 1074 444 1099 declivibus
454 1081 520 1099 arva
530 1074 674 1099 madebunt.

45 1109 77 1137 Si
87 1110 185 1136 Boreae
193 1113 301 1143 propior
311 1111 444 1143 tanquenti
454 1114 571 1144 torqueat
582 1112 640 1143 igne

45 1149 111 1174 nube
122 1149 204 1174 latens
216 1156 300 1177 caeca,
313 1150 392 1173 niteat
402 1149 513 1174 vicinior
523 1147 629 1178 Austro,

42 1193 96 1219 par
105 1187 223 1211 metuisse
234 1185 328 1211 Notum
338 1189 383 1214 est,
397 1189 486 1211 contra
496 1186 536 1210 hic
547 1187 570 1210 si
580 1188 702 1215 marceat,
717 1185 761 1210 ille
802 1184 848 1210 ⁴75

44 1224 170 1256 sulaeatfl
179 1230 254 1248 saevo
265 1226 351 1248 ventos
361 1222 486 1255 Aquilone
496 1224 606 1248 notabis.

45 1259 149 1294 »Atque
160 1259 241 1286 etiam
251 1264 345 1286 ventos
356 1263 551 1294 praemonstrat
562 1267 641 1293 saepe
657 1257 760 1285 tuturos

45 1296 184 1323 »inflatum
196 1305 278 1328 mare,
292 1305 378 1331 quum
390 1296 480 1323 subito
492 1297 656 1331 penitusque
668 1296 803 1326 tumescit,

816 439 830 464 ς]-

833 439 848 464 0!

46 1342 181 1369 »saxaque
192 1343 258 1360 caua
270 1334 335 1360 salis
347 1335 426 1360 niveo
437 1339 562 1369 spumata
575 1333 679 1368 liquore

45 1372 197 1398 »tristificas
208 1376 310 1398 certant
320 1372 445 1406 Neptuno
457 1371 569 1398 reddere
580 1380 674 1404 vocesx,
802 1372 848 1397 180

45 1413 107 1436 »aut
117 1409 218 1436 densus
230 1409 328 1436 stridor
339 1418 425 1444 quum
437 1408 509 1435 celso
520 1417 534 1435 e
546 1409 644 1435 vertice
657 1409 755 1435 montis

45 1451 133 1473 »ortus
145 1447 302 1482 adaugescit
312 1446 486 1481 scopulorum
497 1455 577 1481 saepe
589 1445 725 1481 repulsus.

45 1484 132 1511 »Cana
144 1483 214 1510 fulix
226 1484 319 1511 itidem
332 1484 440 1520 fugiens
451 1492 465 1510 e
476 1485 584 1520 gurgite
599 1484 673 1518 ponti

45 1523 168 1549 »nuntiat
179 1521 323 1548 horribiles
334 1521 454 1547 clamans
467 1522 566 1548 instare
576 1520 716 1556 procellas,

45 1559 134 1586 »haud
146 1559 266 1586 modicos
276 1559 390 1586 tremulo
401 1558 518 1586 tundens
531 1568 544 1586 e
555 1563 664 1595 gutture
675 1562 791 1586 cantus«
803 1560 848 1585 {85

49 1597 177 1631 Cepphum
187 1600 265 1624 etiam
275 1599 362 1624 videas
373 1599 444 1624 caelo
453 1600 563 1624 volitare
573 1606 662 1623 sereno

46 1639 138 1662 contra
151 1639 271 1661 venturos
282 1637 422 1661 connioeum
433 1644 538 1668 corpore
551 1640 652 1661 ventos:

45 1681 121 1706 saepe
131 1674 201 1706 seras
211 1677 302 1698 anates
315 1681 405 1699 cernas
415 1681 544 1706 meryosve
554 1674 644 1699 relicto

45 1718 156 1744 aequore
165 1718 227 1736 moae
238 1711 354 1736 tremulis
366 1711 481 1736 tellurem
490 1712 613 1743 planyere
623 1712 727 1743 pennis,·

45 1787 108 1819 quin
118 1787 195 1811 etiam
204 1787 291 1818 pappi,
304 1787 402 1811 senium
413 1787 528 1811 canentis
538 1786 673 1815 acantltae,

45 1824 109 1849 dant
119 1825 187 1848 venti
198 1824 330 1852 indicium,
341 1831 447 1848 numero
458 1831 535 1856 quum
545 1825 610 1856 sorte
621 1824 740 1848 videnlur

48 1862 184 1887 innumero
193 1861 292 1892 placidi
302 1861 406 1892 fluitare
412 1868 459 1893 per
468 1868 583 1893 aequora
591 1861 673 1893 ponti.

41 1898 122 1924 Immo
132 1899 195 1923 adeo
204 1905 238 1923 θα)
248 1898 413 1927 illa,volitant
424 1906 476 1931 qua
487 1899 546 1923 dira
554 1905 603 1930 per
612 1901 710 1923 aestum

45 1935 160 1969 sulqura,
170 1938 246 1967 parte
254 1939 324 1967 potes
334 1939 454 1961 venturos
464 1943 568 1961 noscere
577 1936 663 1967 slatus.
803 1934 850 1959 ⁴95

45 1971 77 1999 Si
87 1973 176 1998 videas
185 1972 274 1998 stellas
284 1974 366 1998 noctis
376 1973 486 1998 volitare
493 1980 540 2005 per
550 1973 668 1998 umbram

42 2011 201 2043 praecipites
213 2010 348 2042 lonqosque
359 2018 375 2035 a
387 2013 457 2043 teryo
467 2011 595 2036 albescere
606 2013 712 2038 tructus,

46 2048 93 2073 hoc
103 2048 152 2073 iter
165 2049 258 2072 emensi
268 2048 367 2072 venient
376 2055 424 2080 per
434 2049 525 2072 inania
536 2048 611 2072 venti.

45 2083 78 2111 Si
87 2086 164 2110 varia
173 2086 264 2110 varias
274 2085 362 2110 videas
373 2092 406 2110 ex
415 2088 491 2117 parte
502 2086 620 2110 cadentes

45 2123 75 2148 in
85 2125 170 2148 terras
179 2129 255 2147 ruere
266 2125 288 2147 ct
301 2122 366 2147 caeli
374 2130 420 2155 per
430 2123 520 2147 nubila
530 2123 604 2155 ferri,
804 2121 849 2145 200

47 2159 178 2185 discordes
188 2160 288 2185 tendent
298 2160 401 2184 animan
411 2161 438 2184 in
447 2160 550 2184 diversa
561 2159 683 2186 locorum,

46 2200 70 2222 et
80 2199 155 2222 vario
165 2197 291 2222 humanas
299 2197 437 2229 percellent
447 2197 550 2228 [lamine
561 2200 663 2221 mentes.

46 2233 155 2260 Fulmen
165 2235 208 2259 ubi
218 2241 251 2259 esc
262 2233 340 2263 Euro,
352 2234 448 2266 fulmen
459 2234 576 2259 volitabit
586 2234 619 2258 ab
630 2233 732 2261 Austro,

46 2274 70 2297 et
80 2270 197 2304 Zephyro
208 2271 392 2304 ltorriserisquc
405 2270 494 2296 Arctoi
504 2271 639 2303 Aquilonis
649 2272 682 2296 ab
692 2272 775 2297 auris„

48 2311 109 2334 tunc
119 2311 214 2333 nautae
221 2309 330 2340 pavidos
341 2311 458 2340 penetrat
470 2312 564 2333 tremor
574 2308 678 2340 alqidus
690 2311 774 2334 artus.

49 2344 71 2372 0
79 2347 180 2372 utinam
190 2346 282 2378 pelaqo
291 2353 322 2370 ne
333 2348 392 2370 tunc
403 2346 517 2370 obsessus
527 2349 550 2370 ct
560 2346 640 2370 imbre

47 2384 131 2409 mixta
138 2383 318 2416 perhorrescat
328 2383 449 2408 densatus
458 2383 566 2415 sulqura
577 2382 683 2408 nimbis!

47 2418 128 2453 Saepe
139 2422 215 2446 ctiam
225 2420 314 2452 pluvia
323 2421 420 2451 poteris
430 2423 544 2452 spectare
554 2421 644 2452 sutttra

46 2458 137 2483 nubila
148 2465 192 2483 ceu
204 2458 280 2483 lanae
289 2464 335 2489 per
346 2457 444 2482 caetum
454 2457 550 2482 vellera
559 2458 625 2489 ferri
631 2465 639 2481 :

47 2498 100 2521 tum
109 2496 208 2528 gemino
223 2496 301 2527 cinqit
314 2495 413 2519 caelum
427 2494 610 2519 Thaumantias
622 2501 687 2519 arcu

46 2535 92 2557 aut
103 2532 193 2565 aliqua
202 2536 318 2557 atratam
327 2532 462 2564 praeducit
471 2532 546 2557 stella
558 2531 694 2556 corollam:

47 2570 138 2595 crebra
148 2571 226 2594 etiam
235 2570 349 2595 volucris
361 2569 443 2602 salsas
454 2572 476 2594 et
491 2568 582 2594 crebra
590 2568 718 2600 palustris

800 2307 850 2332 205

47 2606 135 2632 haurit
145 2614 228 2639 aquas
236 2610 361 2640 potasquo
370 2608 426 2631 sitit
435 2607 604 2631 veliementius
614 2606 705 2630 nimias.

47 2642 128 2676 Saepe
139 2645 215 2669 etiam
225 2644 329 2676 pluviae
337 2645 495 2676 praenuntia
506 2644 574 2668 ccnit
583 2643 702 2671 hirundo,

49 2681 163 2707 limosam
175 2682 271 2707 tumido
279 2682 439 2715 protundens
449 2685 535 2707 ventre
546 2680 676 2712 paludem.

800 2679 815 2704 20

821 2681 829 2704 .—

834 2679 849 2704 G!

1631 152 1692 176 ⁴333

898 214 964 240 »Vos
975 223 1083 250 quoque
1095 217 1172 251 signa
1183 216 1291 248 videtis,
1308 218 1387 252 aquai
1398 217 1486 245 dulcis
1497 218 1631 251 alumnae,

898 260 997 286 »quum
1009 252 1123 279 clamore
1136 255 1236 288 paratis
1249 255 1341 281 inanes
1355 255 1466 282 fundere
1478 265 1566 288 voces,

899 288 1084 324 »absurdoque
1095 299 1159 317 sono
1172 291 1256 318 tontes
1267 297 1292 318 et
1303 298 1395 328 stagna
1406 294 1493 320 cietis.

899 326 996 361 »Saepe
1010 328 1090 353 etiam
1102 329 1225 362 pertriste
1236 330 1307 355 canit
1317 330 1350 355 de
1362 335 1466 364 pectore
1477 339 1593 363 carmen,

899 368 938 389 »et
949 365 1088 390 matutinis
1100 365 1223 391 acredula
1237 367 1348 393 vocibus
1361 368 1449 398 instat,
1645 370 1693 394 220

899 401 1025 427 »vocibus
1038 402 1117 428 instat
1131 408 1155 429 et
1165 403 1288 430 assiduas
1299 404 1361 431 iacit
1374 413 1418 431 ore
1429 405 1562 440 querelas.

900 446 998 472 »quum
1010 440 1127 473 primum
1139 440 1243 475 gelidos
1255 450 1326 467 rores
1338 442 1438 468 Aurora
1452 443 1574 469 remittit:

900 474 1042 510 »fuscaque
1057 485 1108 503 non
1120 486 1249 512 umquam
1261 487 1371 505 cursans
1383 488 1430 514 per
1442 479 1527 505 littora
1539 481 1631 506 cornix

900 512 1042 539 »demersit
1051 519 1131 548 caput
1145 520 1170 540 et
1182 514 1291 542 fluctum
1303 518 1407 542 cervice
1418 518 1530 551 recepit:

900 549 1127 585 »mollipedesque
1139 552 1221 578 boves
1232 558 1382 587 spectantes
1395 553 1495 580 lumina
1507 554 1583 585 caeli,
1646 556 1693 581 225

900 587 1025 613 »naribus
1038 587 1202 615 liumiserum
1212 589 1313 616 duxere
1325 600 1357 617 ex
1369 592 1427 617 aere
1438 600 1560 618 sucum.u

900 624 1009 657 Saepius
1019 630 1041 651 et
1056 630 1126 652 tectis
1136 629 1208 660 effert
1217 630 1390 660 penetralibus
1401 638 1448 654 ova

900 667 1035 695 anqustum
1045 665 1154 696 formica
1165 669 1248 690 terens
1258 667 1314 695 iter,
1328 668 1439 699 undique
1449 670 1471 691 et
1482 667 1553 692 albos

900 701 968 725 mille
975 702 1050 732 pedes
1062 703 1131 726 circa
1145 710 1229 727 muros
1241 708 1380 728 cernuntur
1391 705 1446 732 iuli,

900 745 1014 770 quaeque
1025 740 1115 770 niyrae
1125 743 1219 764 veteres
1229 741 1352 765 dirorum
1363 743 1461 766 viscera
1474 745 1567 766 terrae.
1646 741 1693 766 230

903 774 971 800 Tunc
982 783 1079 808 quoque
1091 778 1211 801 cristatae
1221 778 1316 802 soboles
1326 779 1425 810 yallina
1436 778 1548 804 volucris

900 819 943 836 ore
952 814 1026 844 pedes
1038 813 1096 844 leqit
1107 817 1130 838 et
1141 816 1269 839 crocitans
1281 823 1294 839 e
1304 819 1405 847 quttare
1416 823 1495 840 rauco

900 851 1025 881 expressit
1036 852 1134 875 sonitus
1144 853 1226 877 undae
1237 852 1360 877 stillantis
1371 854 1397 877 in
1407 854 1508 877 undam.

903 885 999 911 Corvus
1009 891 1031 911 et
1042 890 1135 912 atratis
1145 889 1230 913 velata
1240 890 1373 914 monedula
1383 892 1473 921 pennis

899 928 1005 949 venturo
1017 928 1100 950 terras
1111 926 1255 951 matlituras
1266 927 1345 951 imbre
1356 928 1496 955 monebunt,
1648 926 1695 951 235

899 963 1053 993 accipitrum
1065 965 1091 986 in
1105 970 1198 987 morem
1208 965 1231 987 si
1241 966 1340 995 maynis
1350 965 1459 996 qarrula
1470 964 1562 988 turmis

900 1007 1004 1031 aqmtna
1015 1000 1200 1025 concelebrent:
1211 1002 1333 1032 gravibus
1343 1009 1394 1027 uox
1405 1001 1505 1026 aemula
1515 1001 1593 1032 yuttis

901 1043 1034 1061 corvorum
1042 1037 1145 1068 pluvias
1154 1039 1286 1069 praedixit
1297 1046 1369 1070 saepe
1380 1041 1490 1070 suturas,

900 1077 945 1099 aut
955 1075 1018 1099 adeo
1028 1077 1157 1106 streperas
1167 1076 1281 1106 ‹Jamlens
1293 1077 1364 1100 conia
1369 1084 1443 1108 nyere
1454 1082 1525 1101 voces

900 1115 1026 1143 increpuit
1039 1113 1152 1137 crociens
1161 1113 1246 1137 densis
1257 1114 1385 1138 exercitus
1395 1113 1455 1138 alif.
1651 1112 1696 1136 24⁰

903 1148 972 1174 Tunc
983 1153 1129 1174 mansuetae
1139 1153 1229 1174 anates
1239 1153 1315 1182 atque
1326 1152 1395 1175 intra
1408 1151 1497 1175 limina
1510 1150 1600 1181 degens

899 1187 1022 1218 qraeulus
1032 1187 1145 1211 assiduis
1154 1188 1274 1219 quatiunt
1285 1189 1444 1219 snyyrundia
1454 1188 1558 1219 pennis:

900 1226 960 1249 lunc
969 1224 1064 1256 fulicae
1075 1226 1174 1256 anagnis
1183 1228 1289 1255 poscunt
1301 1225 1456 1250 clamoribus
1467 1226 1563 1249 undas:

899 1261 960 1286 baec
971 1268 1009 1290 ne,
1021 1263 1044 1286 si
1053 1262 1156 1293 pluviae
1167 1263 1252 1293 cupies
1263 1269 1411 1293 cognoscere
1421 1266 1523 1291 sortem,

899 1299 1034 1330 despicias,
1048 1306 1092 1323 nec
1102 1306 1180 1330 quum
1190 1299 1265 1323 solito
1276 1300 1416 1324 maioribus
1425 1300 1497 1324 ausis
1651 1298 1698 1323 245

897 1343 1057 1367 purpureum
1071 1343 1171 1361 muscae
1183 1340 1280 1361 certant
1292 1337 1398 1361 haurire
1409 1344 1539 1361 cruorem:

899 1376 944 1397 aut
957 1377 1027 1398 nocte
1039 1374 1164 1405 incipiunt
1173 1377 1262 1405 putres
1273 1381 1433 1399 concrescere
1442 1375 1523 1405 saltui,

900 1411 1002 1435 ardenti
1014 1412 1040 1435 in
1051 1414 1114 1435 testa
1123 1411 1222 1443 qelitlac
1232 1411 1269 1436 vel
1284 1415 1392 1442 tempore
1402 1412 1513 1439 brumae,

900 1455 960 1472 num
970 1456 996 1472 se
1005 1449 1121 1473 submisit
1131 1449 1250 1473 sublimes
1261 1449 1341 1473 ardor
1352 1450 1378 1472 in
1389 1456 1477 1474 auras,

876 1500 878 1509 t
899 1489 922 1510 et
935 1493 1003 1510 nitttc
1014 1486 1133 1510 deciduos
1144 1487 1213 1517 iynes
1226 1493 1342 1511 roniuere
1354 1486 1473 1512 lucernae
1652 1484 1699 1509 2:30

900 1523 1021 1556 ampullis
1032 1523 1128 1549 similes
1139 1527 1254 1549 tenuesve
1264 1532 1279 1548 a
1293 1525 1386 1548 lumine
1396 1530 1493 1548 summo

899 1563 1033 1586 dimanant
1048 1563 1126 1590 radii,
1138 1569 1180 1586 seu
1192 1563 1257 1593 sorte
1267 1565 1362 1586 aestate
1373 1569 1463 1586 serena

900 1600 1043 1631 conspicias
1054 1600 1146 1623 densas
1156 1603 1262 1623 (matum
1274 1599 1381 1623 volitare
1392 1602 1518 1625 catervas,

900 1640 944 1661 aut
958 1638 1010 1668 iyni
1021 1639 1152 1668 appositas
1164 1637 1241 1661 multo
1253 1644 1308 1660 cum
1321 1636 1414 1660 liimine
1425 1636 1507 1660 cernis

899 1674 1043 1699 scintillare
1054 1674 1119 1698 ollas
1130 1677 1152 1698 et
1164 1674 1242 1698 multo
1251 1681 1284 1698 er
1295 1681 1354 1697 aere
1367 1673 1468 1697 lebetes:
1650 1669 1698 1694 255

869 1741 871 1746 ,
900 1713 926 1736 in
939 1713 1049 1736 cinerive
1061 1712 1130 1735 vides
1141 1711 1235 1735 rutilas
1246 1711 1354 1735 carbone
1366 1711 1458 1742 tepenti

45 1749 80 1774 ad
91 1750 152 1781 iuqa
162 1755 188 1773 se
198 1756 293 1781 supera
303 1750 396 1773 montis
405 1749 548 1774 distendere
559 1750 662 1773 nubem:
802 1748 848 1772 ⁴90
869 1750 871 1772 ζ

900 1750 1021 1781 effervere
1032 1752 1113 1774 notas.
1125 1750 1208 1780 [orma
1220 1755 1269 1772 non
1280 1749 1384 1779 dispare
1396 1746 1517 1772 ceincbrts.

901 1786 971 1811 Ilaec
985 1789 1057 1810 catus
1068 1786 1172 1810 observa
1182 1789 1204 1810 el
1214 1786 1329 1817 pluvium
1340 1792 1445 1816 sperare
1456 1786 1586 1807 iticincnto.

901 1823 992 1855 Infima
1002 1825 1025 1848 si
1036 1824 1128 1847 montis
1139 1824 1225 1848 vitlcas
1235 1823 1290 1847 sola
1303 1830 1349 1846 cun
1354 1826 1393 1847 cta
1403 1821 1512 1846 tenebris

900 1864 922 1885 et
935 1868 1010 1885 caeca
1022 1861 1120 1885 obvolvi
1134 1860 1223 1885 nebula
1235 1867 1410 1891 summumque
1420 1865 1539 1883 cacumen
1651 1857 1699 1882 260

878 1908 879 1912 ¹
900 1898 972 1923 nulla
984 1899 1048 1923 nube
1059 1899 1150 1929 premi.
1164 1898 1282 1922 candenti
1293 1898 1340 1928 fide
1350 1904 1448 1921 sereno.

901 1935 963 1960 Fide
973 1943 1062 1960 screno
1072 1936 1160 1963 etiam,
1172 1936 1243 1966 ponti
1253 1942 1330 1966 super
1340 1941 1452 1965 aequora
1463 1934 1527 1964 [ei-ri

901 1973 989 1998 nubila
1000 1975 1023 1997 si
1034 1980 1132 2000 cernas,
1144 1973 1187 1997 scd
1199 1973 1308 1996 nondum
1320 1979 1421 2002 verpe-re
1432 1972 1457 1994 in
1468 1969 1558 1997 altum,

902 2018 945 2035 ceu
955 2010 1046 2042 pelayo
1056 2010 1182 2034 eminulas
1194 2010 1279 2034 videas
1290 2015 1442 2040 eonsuryere
1453 2014 1536 2038 rupes.

903 2047 987 2078 Quum
998 2049 1088 2072 renitet
1099 2048 1200 2076 sudum,
1213 2050 1344 2071 venturam
1357 2047 1457 2077 inquire
1466 2043 1619 2076 procellam:
1653 2042 1700 2067 2655

901 2092 1028 2117 quumque
1042 2084 1157 2116 procella
1171 2085 1249 2116 (urit,
1265 2084 1373 2108 sudum:
1393 2086 1469 2114 (itque
1484 2085 1544 2106 anto
1559 2081 1644 2105 onmia

1315 2119 1427 2144 I’ltaln‹·n

901 2159 994 2190 aspice,
1007 2165 1073 2190 quae
1084 2159 1157 2182 curui
1167 2158 1285 2182 conclusa
1297 2161 1332 2181 est
1343 2158 1426 2181 sidere
1439 2155 1540 2181 Cancri.

899 2198 1011 2228 primum
1022 2196 1086 2219 adeo
1096 2195 1218 2219 abstersis
1230 2202 1307 2226 quum
1318 2194 1397 2225 sutyct
1406 2201 1473 2225 pura
1486 2193 1592 2217 tenebris
1603 2200 1605 2203 ’

901 2234 949 2258 hac
957 2241 1024 2265 pura
1035 2233 1119 2256 subito
1129 2235 1263 2263 tempestas
1275 2231 1381 2255 horrida
1394 2231 1466 2255 cedit.

902 2269 968 2295 Hinc
983 2271 1060 2295 tacite
1074 2271 1100 2294 iu
1116 2270 1214 2300 lychnis
1228 2269 1358 2299 llanuiuw,
1375 2268 1544 2299 blandumque
1554 2272 1642 2290 susur-

1312 2312 1374 2329 rans
1651 2300 1698 2326 270

901 2347 994 2370 noctua
1004 2344 1051 2368 sub
1062 2345 1169 2368 mediam
1181 2346 1284 2369 tractem,
1298 2349 1453 2366 nun-resecr:-
1463 2342 1554 2365 semim

901 2383 1051 2407 horrisonas
1060 2384 1201 2405 monstrant
1212 2381 1311 2405 tuorna-s.
1327 2382 1349 2403 rt
1362 2386 1460 2410 vespe-re
1470 2385 1527 2402 sero

901 2426 960 2444 voce
972 2426 1064 2443 canens
1075 2420 1148 2443 varia
1159 2418 1289 2449 placidum
1302 2416 1433 2441 cornicula
1445 2421 1556 2439 ciii-rnen.

903 2456 990 2481 ttauca
1001 2457 1077 2481 ctiam
1087 2457 1198 2488 primum
1208 2455 1256 2478 suli
1267 2458 1326 2478 tunc
1338 2459 1469 2477 itini-mura
1482 2452 1550 2475 (ιιι-ω’

902 2494 1057 2525 inyeininant
1069 2496 1091 2517 et
1101 2501 1127 2517 sc
1138 2500 1228 2523 ηιιιῃηυ
1236 2495 1291 2523 post
1303 2498 1402 2522 uytumo
1414 2491 1530 2520 iunyum.

901 2534 977 2562 atqui·
988 2531 1073 2555 alacri
1083 2531 1189 2555 subeunt
1201 2532 1325 2553 nocturna
1338 2527 1431 2551 cubilia
1445 2530 1529 2550 turma

902 2571 1034 2593 cantantes
1044 2568 1151 2592 multum
1158 2575 1165 2590 Α·
1177 2566 1282 2590 inultum
1293 2566 1404 2597 quiade-re
1413 2567 1526 2595 punires.

900 2606 938 2630 sic
948 2605 1027 2629 laetos
1038 2605 1139 2629 mii-tim
1151 2605 1248 2628 iactant
1261 2609 1337 2633 super
1347 2601 1450 2626 aethera
1462 2603 1552 2625 cantus
1560 2608 1566 2622 .-

901 2646 923 2667 οἱ
934 2642 973 2667 vet
984 2643 1011 2666 in
1020 2643 1101 2666 aeriis
1113 2642 1192 2665 rumis
1203 2640 1240 2663 rel
1252 2641 1277 2663 in
1288 2639 1380 2663 arbore
1390 2645 1488 2662 summa

901 2680 1048 2704 concutiunt
1058 2680 1162 2704 reduces
1174 2676 1225 2702 1500
1236 2681 1345 2709 tempore
1354 2683 1459 2708 pennas.
1651 2673 1696 2696 2⁸0

1650 2487 1664 2511 w

1666 2486 1698 2511 εἴη’
