1941 3052
428 135 513 163 PRO
542 136 635 163 SEX.
665 136 832 165 ROSCIO
860 138 1373 168 AMER1NO.CAP.7—ii.

77 205 178 233 factum
191 210 239 238 est,
255 210 286 233 ut
298 206 342 233 hic
356 208 444 242 potius
456 208 535 234 vivus
549 208 576 234 in
590 217 658 240 reos,
671 217 752 244 quam
766 209 871 235 occisus

76 244 105 270 in
119 244 281 279 proscriptos
295 244 447 270 referretur.
473 247 515 272 28.
535 245 602 271 Nam
616 250 758 281 postquam
771 246 815 272 isti
830 246 871 272 in-

78 280 237 307 tellexerunt
255 290 360 308 summa
379 281 517 317 diligentia
535 283 617 308 vitam
637 283 699 309 Sex.
719 284 806 309 Roscii
824 292 872 309 cu-

77 317 171 344 stodiri
190 327 277 353 neque
295 319 347 345 sibi
362 318 445 345 ullam
459 319 547 346 caedis
562 319 701 346 faciundae
716 324 871 355 potestatem

78 355 143 387 dari,
157 356 299 382 consilium
310 361 437 390 ceperunt
451 356 561 391 plenum
576 357 682 383 sceleris
697 362 722 383 et
735 357 869 388 audaciae,

78 397 107 419 ut
125 401 228 419 nomen>
240 393 323 419 huius
337 393 370 419 de
388 394 530 428 parricidio
548 394 693 426 deferrent,
716 399 745 420 ut
763 394 796 420 ad
814 403 871 420 eam

78 439 133 457 rem
147 430 264 465 aliquem
283 435 461 457 accusatorem
478 436 592 457 veterem
610 436 805 466 compararent,
825 432 872 466 qui

77 467 111 494 de
124 476 154 494 ea
168 476 195 493 re
209 472 298 502 posset
312 468 398 494 dicere
412 468 524 503 aliquid,
540 469 567 494 in
582 477 634 503 qua
649 478 675 494 re
690 468 763 495 nulla
778 469 873 495 subes-

77 509 118 531 set
131 505 262 539 suspicio,
283 505 400 540 denique
415 510 450 536 ut,
467 506 593 540 quoniam
608 506 719 532 crimine
733 514 784 532 non
799 510 873 540 pote-

78 546 148 573 rant,
169 546 287 577 tempore
306 543 365 577 ipso
384 547 541 578 pugnarent.
582 544 619 568 Ita
639 543 711 578 loqui
735 543 869 569 homines:

77 589 155 610 ouon
175 589 291 606 iumen
311 589 366 606 nn
387 589 436 606 niu
457 589 551 606 FACTA
576 589 629 606 non
654 589 774 611 assem,
801 589 873 606 CON-

78 625 209 643 nnmmni
242 626 299 644 sun
332 626 497 648 orourrnn,
533 626 580 647 oni
611 626 716 643 enimes
741 626 768 642 tn
793 626 873 643 inni-

77 663 148 680 ciun
167 663 318 681 Annucrus
336 663 438 681 esser:
455 654 518 680 huic
532 658 620 680 autem
632 659 755 688 patronos
766 659 873 688 propter

78 691 244 727 Chrysogoni
262 692 373 727 gratiam
391 691 542 717 defuturos:
574 691 606 717 de
629 691 759 717 bonorum
779 692 873 717 vendi—

77 729 149 755 tione
167 733 192 755 et
210 729 242 755 de
260 729 310 755 ista
327 729 451 755 societate
471 728 583 754 verbum
602 737 660 754 esse
678 728 810 754 facturum
826 738 872 754 ne-

77 766 191 792 minem:
213 767 272 800 ipso
287 766 393 792 nomine
407 766 542 800 parricidii
557 770 582 791 et
600 766 733 792 atrocitate
751 766 871 792 criminis

76 802 145 834 fore,
167 807 197 829 ut
214 803 257 829 hic
276 803 349 829 nullo
363 803 468 838 negotio
482 802 630 834 tolleretur,
651 812 736 838 quum
751 804 783 829 ab
798 803 872 829 nullo

76 840 204 866 defensus
222 845 302 866 esset.
341 842 383 867 29.
411 841 463 866 Hoc
489 840 600 866 consilio
627 845 706 875 atque
734 841 798 867 adeo
824 841 872 866 hac

76 878 190 904 amentia
203 877 323 912 impulsi,
337 886 417 912 quem
432 878 493 912 ipsi,
506 886 591 912 quum
606 882 742 912 cuperent,
759 887 810 904 non
825 886 873 912 po-

76 919 185 941 tuerunt
197 915 325 946 occidere,
342 924 403 941 eum
418 915 595 949 iugulandum
608 916 683 941 vobis
695 915 869 941 tradiderunt.

130 952 176 979 XI.
195 952 266 985 Quid
280 953 398 987 primum
412 951 526 987 querar?
543 957 589 978 aut
602 953 674 978 unde
688 954 868 987 potissimum,

75 989 188 1021 iudices,
205 989 309 1016 ordiar‘?
329 994 374 1016 aut
387 990 460 1024 quod
474 994 519 1016 aut
533 999 546 1015 a
561 990 662 1025 quibus
677 990 809 1016 auxilium
824 999 872 1024 pe-

75 1026 148 1054 tam?
180 1028 328 1054 Deorumne
353 1027 564 1054 immortalium‘?
590 1027 717 1062 populine
743 1027 872 1054 Romani?

75 1069 234 1096 vestramne,
246 1065 293 1099 qui
305 1073 438 1091 summam
450 1069 606 1099 potestatem
619 1065 730 1096 habetis,
745 1065 794 1091 hoc
805 1070 872 1091 tem—

74 1111 138 1137 pore
153 1102 232 1128 lidem
246 1102 405 1137 implorem?
425 1104 466 1128 30.
485 1103 561 1128 Pater
574 1103 679 1128 occisus
694 1102 802 1134 nefarie,
824 1103 872 1129 do-

75 1148 136 1166 mus
150 1140 267 1170 obsessa,
284 1140 316 1166 ab
326 1140 442 1166 inimicis
456 1140 524 1166 bona
539 1140 670 1174 adempta,
683 1149 816 1174 possessa,
829 1140 871 1166 di-

74 1182 161 1212 repta,
179 1177 226 1203 filii
240 1178 294 1203 vita
308 1177 417 1208 infesta,
433 1186 512 1212 saepe
528 1177 594 1204 ferro
609 1183 688 1212 atque
703 1178 809 1204 insidiis
824 1186 871 1212 ap-

74 1215 164 1249 petita.
205 1214 276 1247 Quid
290 1215 322 1241 ab
337 1214 379 1241 his
394 1219 429 1241 tot
445 1215 582 1241 maleficiis
597 1215 705 1241 sceleris
721 1216 815 1241 abesse
830 1216 871 1241 vi-

74 1251 170 1278 detur?
203 1253 301 1278 Tamen
324 1252 388 1278 haec
415 1252 474 1278 aliis
498 1252 606 1278 nefariis
629 1252 768 1279 cumulant
791 1257 870 1288 atque

75 1289 220 1325 adaugent,
248 1291 348 1316 crimen
373 1289 529 1316 incredibile
547 1290 717 1325 confingunt,
743 1295 823 1316 testes
843 1291 869 1316 in

74 1326 147 1353 hunc
157 1331 182 1353 et
191 1332 356 1353 accusatores
367 1327 479 1353 huiusce
494 1328 606 1361 pecunia
620 1332 786 1362 comparant3
804 1328 870 1354 hanc

74 1365 252 1391 conditionem
264 1365 361 1391 misero
375 1363 471 1395 serunt,
492 1369 521 1390 ut
531 1369 610 1399 optet,
628 1369 717 1391 utrum
730 1365 871 1391 malitcer-

74 1402 146 1428 vices
155 1402 250 1428 Roscio
260 1402 331 1433 dare,
348 1411 380 1428 an
391 1403 498 1428 insutus
513 1402 540 1428 in
551 1402 659 1428 culeum
671 1411 718 1436 per
731 1411 869 1428 summum

73 1439 190 1465 dedecus
202 1440 284 1466 vitam
295 1440 423 1465 amittere.
449 1440 574 1466 Patronos
590 1440 652 1466 huic
667 1440 805 1466 defuturos
820 1449 871 1474 pu-
898 1457 900 1476 1

74 1481 210 1503 taverunt:
233 1477 340 1503 desunt.
362 1476 414 1508 Qui
429 1476 510 1502 libere
525 1477 602 1508 dicat,
620 1478 666 1512 qui
682 1486 743 1503 cum
759 1477 809 1503 lide
824 1478 871 1503 de-

74 1513 172 1545 fendat,
189 1514 215 1540 id
226 1514 299 1549 quod
312 1514 339 1540 in
352 1514 400 1540 hac
411 1522 505 1540 caussa
520 1519 559 1540 est
573 1515 646 1544 satis,
662 1514 797 1550 [quoniam
809 1515 870 1549 qui—

73 1551 135 1577 dem
149 1550 277 1587 suscepi‚]
295 1560 346 1577 non
361 1552 434 1577 deest
448 1551 573 1586 profecto,
590 1552 702 1578 iudices.
726 1553 807 1578 amit
818 1552 870 1578 l'or-
898 1559 899 1565 ¹

73 1589 142 1615 sitan
161 1589 188 1615 in
207 1589 377 1624 suscipienda
396 1598 490 1614 caussa
510 1594 607 1615 temere
626 1589 762 1624 impulsus
781 1590 871 1615 adole-
898 1597 899 1600 ¹

73 1626 173 1652 scentia
185 1626 306 1653 fecerim:
322 1627 448 1661 quoniam
460 1626 570 1661 quidem
581 1627 663 1652 semel
676 1627 792 1661 suscepi,
810 1626 870 1653 licet

73 1663 196 1690 hercules
223 1664 343 1699 undique
369 1672 461 1690 omnes
486 1664 513 1690 iu
538 1673 579 1690 me
603 1668 714 1690 terrores
738 1664 869 1698 pericula-

73 1709 126 1736 que
139 1701 310 1736 impendeant
321 1701 417 1732 onmia,
429 1710 582 1727 succurram
594 1706 673 1736 atque
684 1702 790 1728 subibo.
807 1702 870 1727 Cer-

73 1743 130 1765 tum
154 1743 194 1765 est
211 1738 450 1773 deliberatumque,
471 1747 540 1773 quae
554 1739 586 1765 ad
600 1748 723 1765 caussam
738 1739 869 1773 pertinere

73 1776 193 1807 arbitror,
209 1776 297 1802 omnia
311 1784 363 1802 non
377 1776 456 1802 niodo
469 1776 565 1808 dicere,
583 1785 675 1802 verum
690 1777 769 1802 etiam
785 1776 870 1803 liben-

74 1817 121 1845 ter,
142 1813 266 1840 audacter
285 1813 420 1848 libereque
443 1813 540 1840 dicere.
581 1813 659 1840 Nulla
678 1823 720 1840 res
739 1818 809 1840 tanta
823 1823 870 1840 ex—

73 1851 157 1882 sistet,
177 1851 288 1882 iudices,
310 1855 339 1877 ut
353 1851 436 1886 possit
451 1851 505 1877 vini
520 1851 586 1877 milii
602 1852 728 1877 maiorem
743 1852 869 1877 adhibere

73 1892 170 1920 metus,
195 1897 277 1923 quam
296 1888 370 1914 tides.
406 1890 447 1915 32.
467 1888 571 1914 Etenim
595 1890 656 1924 quis
672 1894 722 1915 tam
739 1889 869 1915 dissoluto

73 1926 162 1952 animo
176 1930 224 1957 est,
245 1926 291 1960 qui
311 1926 374 1952 haec
388 1934 473 1960 quum
489 1926 577 1952 videat
592 1931 675 1952 tacere
691 1936 719 1952 ac
734 1927 869 1962 negligere

72 1962 174 1998 possit?
194 1963 296 1989 Patrem
315 1972 415 1994 meum,
434 1972 519 1998 quum
538 1964 703 1998 proscriptus
722 1973 774 1990 non
789 1968 866 1994 esset,

72 2000 230 2036 iugulastis:
252 2000 370 2026 occisum
384 2001 411 2027 in
423 2001 632 2035 proscriptorum
644 2009 785 2028 numerum
798 2006 870 2027 retu-

73 2036 156 2064 listis:
178 2046 221 2063 me
244 2037 323 2064 domo
346 2046 404 2064 mea
428 2046 474 2072 per
488 2038 541 2064 vim
562 2038 719 2073 expulistis:
742 2039 870 2073 patrimo-

72 2075 148 2101 nium
159 2083 249 2101 meum
260 2075 412 2109 possidetis.
428 2075 499 2107 Quid
511 2075 592 2101 vultis
603 2075 739 2111 amplius?
748 2077 869 2102 Etiamne

72 2111 105 2138 ad
119 2111 247 2138 subsellia
261 2120 322 2138 cum
338 2111 406 2139 ferro
420 2117 499 2147 atque
512 2112 570 2139 telis
586 2114 707 2144 venistis,
724 2118 753 2139 ut
767 2113 810 2139 liic
824 2118 869 2140 aut

71 2149 201 2185 iuguletis
212 2149 447 2176 autcondemnetis
459 2150 520 2176 Sex.
530 2150 674 2177 lloscium‘?
694 2151 751 2177 XII.
769 2152 870 2177 33.Ho-

71 2187 172 2213 minem
187 2186 264 2222 longe
278 2187 487 2213 audacissimum
503 2196 588 2222 nuper
602 2188 747 2215 habuimus
761 2189 788 2214 in
802 2189 869 2215 civi-

72 2227 124 2250 tate
147 2223 175 2251 C.
195 2224 341 2251 Fimbriam
362 2228 394 2255 et,
411 2224 483 2259 quod
503 2225 570 2251 inter
583 2234 675 2252 omnes
689 2230 799 2257 constat,
817 2227 867 2252 nisi

71 2261 141 2288 inter
163 2269 217 2293 eos,
240 2262 287 2297 qui
302 2261 353 2296 ipsi
368 2270 476 2296 quoque
491 2263 636 2295 insaniunt,
653 2264 866 2290 insanissimum.

72 2298 97 2325 Is
119 2307 204 2334 quum
223 2303 342 2325 curasset
360 2299 387 2325 in
404 2298 495 2325 funere
510 2300 538 2326 C.
553 2300 636 2331 Marii,
654 2305 682 2326 ut
696 2300 727 2332 Q.
743 2301 867 2327 Scaevola

72 2335 264 2367 vulneraretur,
279 2337 319 2362 vir
332 2337 519 2362 sanctissimus
533 2342 612 2372 atque
623 2338 809 2364 ornatissimus
822 2347 869 2365 no-

72 2377 141 2400 strae
154 2373 283 2400 civitatis:
305 2373 348 2409 (de
362 2374 439 2399 cuius
455 2373 532 2400 laude
545 2383 630 2409 neque
645 2375 688 2401 liic
703 2375 776 2402 locus
787 2380 827 2402 est
840 2381 868 2402 ut

71 2409 156 2437 multa
166 2410 296 2440 dicantur.
306 2419 391 2446 neque
403 2411 478 2446 plura
490 2416 576 2438 tamen
588 2411 639 2438 dici
653 2417 774 2446 possunt,
786 2421 866 2447 quam

72 2446 189 2483 populus
203 2448 338 2474 Romanus
353 2449 478 2475 memoria
494 2449 612 2484 retinetz)
642 2450 713 2475 diem
726 2449 867 2476 Scaevolae

72 2483 149 2516 dixit,
165 2489 337 2520 posteaquam
351 2486 480 2520 comperit
493 2494 555 2512 eum
571 2495 647 2520 posse
662 2487 761 2513 vivere.
777 2487 866 2519 Quum

72 2521 105 2548 ab
116 2530 147 2548 eo
155 2527 335 2557 quaereretur,
344 2523 409 2557 quid
421 2523 526 2549 tandem
534 2528 707 2550 accusaturus
719 2529 865 2555 esseteum,

72 2566 154 2594 quem
177 2567 224 2594 pro
247 2559 377 2595 dignitate
402 2568 435 2586 ne
459 2560 566 2587 laudare
588 2560 698 2595 quidem
721 2562 866 2596 quisquam

71 2596 137 2623 satis
150 2596 288 2623 commode
302 2601 405 2632 posset:
427 2598 501 2624 aiunt
516 2598 660 2629 hominem,
674 2603 704 2624 ut
717 2603 771 2625 erat
785 2599 869 2625 furio-

72 2640 129 2664 sus,
154 2634 332 2669 respondisse,
353 2634 425 2669 quod
444 2643 495 2661 non
511 2639 593 2662 totum
609 2635 691 2662 telum
706 2644 814 2671 corpore
828 2645 869 2662 re-

71 2670 195 2706 cepisset.
216 2670 274 2704 Quo
287 2671 405 2707 populus
416 2672 550 2699 Romanus
562 2673 628 2700 nihil
643 2672 709 2700 vidit
718 2673 866 2710 indignius,

1666 145 1716 170 ΞΠ

923 209 974 235 nisi
997 209 1118 236 eiusdem
1144 211 1195 237 viri
1218 215 1343 242 mortem,
1364 220 1432 247 quae
1456 216 1558 239 tantum
1574 215 1668 248 potuit,
1690 220 1718 241 ut

923 255 1015 273 omnes
1038 247 1111 273 cives
1135 256 1198 274 suos
1217 248 1362 282 perdiderit
1375 254 1400 275 et
1414 248 1550 276 afflixerit:
1573 259 1640 285 quos
1654 253 1718 286 quia

923 292 1028 310 servare
1042 293 1089 319 per
1108 286 1328 319 compositionem
1343 286 1455 317 volebat,
1472 287 1529 321 ipse
1543 287 1576 313 ab
1590 288 1623 313 iis
1637 289 1719 314 inter-

923 326 1029 355 emptus
1049 326 1097 347 est.
1120 323 1160 348 34.
1176 323 1257 349 Estne
1272 323 1321 349 hoc
1335 323 1373 349 illi
1388 323 1458 350 dicto
1471 329 1550 358 atque
1565 324 1632 351 facto
1646 326 1720 351 Fim-

924 358 1015 384 briano
1029 358 1217 386 simillimum?
1245 360 1382 386 Accusatis
1396 360 1457 387 Sex.
1472 361 1607 388 Roscium.
1649 362 1719 394 Quid

924 395 976 420 ita‘?
995 396 1058 429 quia
1081 396 1114 422 de
1133 397 1257 423 manibus
1277 398 1372 424 vestris
1388 398 1493 433 effugit.-
1515 400 1579 433 quia
1593 408 1621 425 se
1635 400 1719 426 occidi

924 441 1020 466 passus
1045 442 1096 458 non
1115 438 1163 459 est.
1205 434 1274 460 Illud
1293 436 1356 470 quia
1374 436 1401 461 in
1416 435 1540 462 Scaevola
1556 436 1653 462 sactum
1669 442 1716 468 est,

925 470 1009 504 inagis
1025 470 1165 505 indignum
1177 471 1296 498 videtur:
1320 473 1377 503 hoc,
1391 473 1453 507 quia
1469 473 1497 498 Iit
1510 482 1524 499 a
1535 473 1717 509 Chrysogono,

924 515 989 532 num
1008 511 1047 532 est
1066 507 1224 534 ferendum?
1244 510 1308 535 Nam
1324 518 1371 544 per
1384 510 1450 536 Deos
1465 511 1636 541 immortales,
1653 511 1720 546 quid

924 548 963 569 est
986 545 1012 569 in
1037 544 1085 569 hac
1107 553 1209 575 caussa,
1236 546 1307 580 quod
1331 546 1493 574 defensionis
1512 548 1648 583 indigeat?
1671 549 1718 583 qui

925 581 998 606 locus
1013 581 1150 616 ingenium
1167 584 1269 616 patroni
1284 585 1395 618 requirit
1409 590 1454 610 aut
1467 586 1576 611 oratoris
1592 586 1720 620 eloquen-

925 619 986 643 tiam
999 627 1094 653 magno
1105 627 1182 653 opere
1192 619 1341 647 desiderat?
1361 622 1451 647 Totam
1461 631 1592 653 caussam,
1605 624 1716 654 iudices,

924 655 1090 689 explicemus
1114 661 1193 690 atque
1216 662 1275 683 ante
1298 658 1388 684 oculos
1407 660 1553 693 expositam
1568 661 1720 686 considere-

925 701 998 718 mus:
1030 693 1065 718 ita
1088 692 1221 725 facillime,
1242 703 1310 729 quae
1329 705 1369 721 res
1390 701 1472 722 totuin
1491 697 1621 724 iudicium
1636 698 1720 724 conti-

924 734 983 755 neat
1009 734 1034 755 et
1056 730 1156 764 quibus
1176 731 1208 756 de
1231 733 1310 758 rebus
1326 742 1372 758 nos
1384 733 1470 759 dicere
1485 740 1600 768 oporteat
1615 740 1639 761 et
1653 735 1719 770 quid

924 776 971 792 vos
990 767 1066 801 sequi
1080 769 1227 799 conveniat,
1249 769 1412 805 intelligetis.
1435 771 1503 797 XIII.
1520 773 1561 797 35.
1579 773 1641 798 Tres
1656 777 1719 798 sunt

924 812 974 835 res,
999 809 1130 838 quantum
1155 814 1204 840 ego
1222 807 1373 833 existimare
1392 816 1511 842 possum,
1532 818 1600 843 quae
1615 810 1719 836 obstent

924 841 972 867 hoc
996 846 1113 876 tempore
1137 842 1198 869 Sex.
1218 844 1326 870 Roscio:
1353 846 1453 871 crimen
1467 846 1679 873 adversariorum
1694 852 1719 873 et

923 878 1032 904 audacia
1055 883 1080 905 et
1104 881 1229 914 potentia.
1270 882 1395 908 Criminis
1414 883 1597 909 confictionem
1611 893 1718 910 accusa-

923 920 962 941 tor
980 916 1094 942 Erucius
1109 919 1240 952 suscepit:
1263 919 1388 945 audaciae
1402 925 1489 954 partes
1504 921 1591 947 Roscii
1605 922 1657 947 sibi
1671 931 1719 956 po—

923 959 1078 988 poscerunt:
1102 954 1291 991 Chrysogonus
1306 961 1402 988 autem,
1418 958 1440 983 is
1453 958 1500 992 qui
1513 958 1660 992 plurimum
1672 968 1719 993 po-

923 995 982 1022 test,
1010 992 1124 1025 potentia
1148 998 1258 1028 pugnat.
1301 996 1341 1019 36.
1362 995 1484 1020 Dehisce
1498 996 1624 1022 omnibus
1639 997 1718 1022 rebus

923 1037 965 1054 nie
987 1028 1074 1054 dicere
1096 1034 1214 1064 oportere
1234 1031 1362 1066 intelligo.
1403 1032 1473 1064 Quid
1488 1033 1569 1067 igitur
1583 1033 1641 1059 est‘?
1662 1034 1718 1060 Non

922 1065 1014 1091 eodem
1039 1067 1117 1093 niodo
1135 1067 1167 1093 de
1185 1068 1325 1094 omnibus:
1349 1069 1407 1095 ideo
1425 1070 1496 1105 quod
1516 1071 1600 1104 prima
1619 1070 1663 1096 illa
1678 1080 1718 1097 res

922 1103 955 1129 ad
970 1112 1060 1129 meum
1074 1104 1192 1131 osticium
1208 1106 1334 1140 pertinet3
1357 1106 1424 1133 duas
1439 1112 1526 1133 autem
1542 1107 1658 1142 reliquas
1673 1117 1719 1134 vo-

923 1141 964 1167 bis
978 1141 1096 1175 populus
1111 1143 1245 1168 Romanus
1260 1144 1397 1178 imposuit.
1438 1145 1494 1180 Ego
1507 1146 1608 1171 crimen
1619 1150 1719 1180 oportet

922 1178 1039 1204 diluam:
1072 1188 1118 1205 vos
1133 1185 1158 1205 et
1172 1180 1297 1206 audaciae
1312 1182 1433 1208 resistere
1448 1187 1472 1208 et
1488 1182 1626 1208 bominum
1646 1184 1719 1209 eius-

923 1216 994 1242 modi
1015 1217 1190 1250 perniciosam
1205 1222 1284 1253 atque
1298 1219 1489 1246 intolerandam
1505 1221 1648 1254 potentiam
1665 1222 1718 1255 pri-

922 1261 965 1279 mo
991 1262 1098 1289 quoque
1126 1260 1242 1290 tempore
1268 1257 1438 1292 exstinguere
1464 1262 1543 1292 atque
1568 1258 1718 1292 opprimere

921 1290 1034 1317 debetis.

977 1329 1017 1354 37.
1039 1328 1175 1355 Occidisse
1190 1334 1291 1364 patrem
1305 1331 1365 1357 Sex.
1381 1331 1493 1358 Roscius
1503 1332 1633 1367 arguitur.
1655 1332 1719 1358 Sce-

923 1364 1034 1396 lestum,
1056 1367 1095 1392 Dii
1116 1367 1288 1399 immortales,
1305 1377 1334 1394 ac
1353 1368 1483 1395 nefarium
1505 1369 1616 1400 facinus,
1639 1375 1718 1404 atque

922 1403 1063 1433 eiusmodi,
1085 1413 1138 1438 quo
1153 1413 1206 1431 uno
1221 1405 1350 1432 maleficio
1364 1406 1463 1432 scelera
1477 1408 1565 1433 omnia
1579 1407 1718 1442 complexa

922 1448 980 1465 csse
1004 1441 1154 1467 videantur.
1195 1443 1300 1469 Etenim
1320 1444 1351 1474 si,
1370 1444 1396 1469 id
1415 1444 1487 1478 quod
1502 1444 1633 1479 praeclare
1648 1454 1661 1470 a
1676 1454 1718 1470 sa-

922 1478 1059 1511 pientibus
1082 1479 1188 1510 dicitur,
1210 1479 1287 1506 vultu
1306 1490 1384 1515 saepe
1400 1481 1512 1507 laeditur
1526 1482 1622 1516 pietas:
1645 1482 1718 1516 quod

922 1515 1086 1549 supplicium
1101 1517 1166 1542 satis
1181 1525 1238 1542 acre
1253 1518 1398 1552 reperietur
1412 1519 1439 1544 in
1454 1528 1524 1549 eum,
1545 1520 1591 1553 qui
1607 1525 1717 1545 mortem

921 1552 1047 1579 obtulerit
1063 1554 1172 1587 parenti,
1187 1563 1233 1588 pro
1248 1564 1301 1589 quo
1314 1556 1378 1581 niori
1394 1556 1492 1590 ipsum,
1509 1557 1530 1581 si
1546 1565 1587 1582 res
1600 1557 1719 1590 postula—

922 1595 968 1620 ret,
986 1590 1042 1615 iura
1057 1591 1148 1617 divina
1163 1596 1242 1626 atque
1258 1593 1373 1618 humana
1387 1594 1534 1626 cogebant?
1555 1594 1581 1619 ln
1598 1594 1646 1619 lioc
1661 1599 1718 1620 tan-

923 1632 955 1658 to,
978 1632 1029 1653 tam
1049 1629 1137 1657 atroci,
1155 1633 1206 1654 tam
1226 1630 1355 1664 singulari
1371 1631 1507 1661 nialclieio,
1528 1631 1599 1665 quod
1616 1633 1649 1657 ita
1661 1640 1718 1658 raro

922 1665 1031 1696 exstitit,
1049 1670 1085 1695 ut,
1103 1666 1244 1700 siquando
1259 1668 1379 1693 auditum
1397 1669 1438 1696 sit,
1457 1669 1569 1702 portenti
1584 1678 1612 1694 ac
1629 1669 1718 1703 prodi-

921 1703 959 1737 gii
971 1702 1059 1728 simile
1072 1708 1240 1730 muneretur:
1257 1705 1357 1739 quibus
1370 1705 1473 1731 tandem
1487 1711 1518 1735 te,
1533 1706 1561 1731 C.
1574 1706 1663 1737 Eruci,
1677 1716 1718 1732 ar-

921 1740 1057 1775 gumentis
1071 1746 1249 1767 accusatorem
1265 1751 1357 1768 censes
1369 1743 1406 1768 uti
1421 1742 1557 1777 oportere?
1572 1746 1611 1769 38.
1626 1744 1717 1769 Nonne.

921 1781 946 1802 ct
961 1777 1099 1803 audaciam
1118 1778 1184 1808 citis,
1201 1780 1248 1813 qui
1264 1780 1290 1805 in
1305 1781 1405 1806 crimen
1421 1786 1536 1811 vocetur,
1553 1781 1716 1815 singularem

921 1814 1068 1845 ostendere,
1086 1819 1111 1841 et
1128 1824 1212 1841 mores
1229 1816 1297 1843 feros
1318 1818 1516 1852 immanemque
1541 1823 1670 1847 naturam,
1693 1824 1717 1844 et

922 1853 1004 1878 vitam
1020 1853 1091 1878 vitiis
1106 1852 1268 1888 flagitiisque
1279 1855 1404 1880 omnibus
1420 1855 1546 1885 deditam,
1563 1860 1587 1881 ct
1602 1856 1717 1890 denique

921 1890 1008 1916 omnia
1032 1889 1064 1915 ad
1083 1892 1227 1924 perniciem
1249 1892 1383 1927 profligata
1406 1898 1484 1927 atque
1504 1893 1623 1927 perdita?
1646 1894 1718 1924 Quo-

922 1936 980 1953 rum
1003 1931 1030 1953 tu
1043 1927 1109 1953 nibil
1129 1928 1155 1953 in
1171 1929 1232 1955 Sex.
1250 1930 1384 1960 Roscium,
1402 1939 1434 1956 ne
1448 1930 1593 1957 obiiciendi
1607 1931 1715 1965 quidem

921 1974 1024 1994 caussa,
1041 1965 1187 1991 contulisti.

978 2003 1046 2028 XIV.
1068 2005 1108 2028 1³9.
1130 2003 1231 2030 Patrem
1250 2004 1346 2030 occidit
1361 2004 1422 2031 Sex.
1440 2006 1560 2031 Roscius.
1607 2006 1658 2038 Qui
1671 2007 1717 2032 lio—

922 2039 982 2065 ino‘?
1005 2039 1227 2067 Adulescentulus
1246 2047 1387 2076 corruptus
1416 2048 1439 2068 ct
1454 2043 1486 2068 al)
1502 2043 1656 2069 homiuibus
1672 2053 1717 2069 ue-

920 2085 1001 2112 quam
1027 2077 1172 2104 inductus?
1205 2079 1281 2105 anuis
1306 2080 1387 2105 maior
1410 2080 1595 2115 quadraginta.
1636 2081 1716 2107 Vetus

921 2114 1045 2141 videlicet
1063 2115 1184 2146 sicarius,
1199 2116 1278 2142 honio
1292 2117 1379 2143 audax
1393 2122 1417 2143 et
1431 2126 1509 2152 saepe
1524 2119 1550 2144 in
1565 2118 1644 2144 caede
1659 2128 1716 2144 ver-

897 2175 898 2178 ,
920 2151 1012 2178 satus‘?
1032 2157 1058 2179 at
1076 2152 1124 2179 lioc
1138 2153 1170 2179 ab
1189 2159 1339 2180 accusatore
1355 2164 1386 2180 ne
1400 2155 1452 2181 dici
1467 2155 1576 2189 quidem
1592 2156 1714 2182 audistis.

921 2190 1053 2216 Luxuries
1078 2191 1160 2225 igitur
1187 2191 1321 2217 hominem
1350 2193 1475 2218 nimirum
1500 2197 1525 2218 et
1551 2194 1618 2218 aeris
1637 2193 1715 2218 alieni

921 2227 1076 2261 magnitudo
1102 2232 1127 2253 et
1151 2228 1294 2254 indomitae
1317 2229 1398 2255 animi
1425 2230 1584 2264 cupiditates
1611 2230 1642 2255 ad
1668 2230 1716 2256 hoc

919 2264 1008 2290 scelus
1032 2264 1216 2299 impulerunt?
1254 2266 1289 2291 De
1314 2266 1418 2293 luxuria
1444 2268 1567 2301 purgavit
1591 2267 1713 2297 Erucius,

919 2310 1004 2336 quum
1019 2301 1088 2328 dixit
1103 2302 1174 2328 hunc
1189 2311 1220 2328 ne
1237 2303 1262 2328 in
1277 2305 1400 2330 convivio
1414 2304 1523 2338 quidem
1539 2304 1593 2330 ullo
1609 2304 1660 2330 fere
1675 2305 1716 2330 in-

920 2338 1053 2364 terfuisse.
1089 2339 1160 2365 Nihil
1176 2344 1263 2366 nutem
1279 2349 1406 2375 umquam
1422 2341 1523 2367 deluiit.
1551 2341 1715 2375 Cupiditates

920 2384 996 2410 porro
1015 2384 1083 2410 quae
1099 2382 1211 2410 possunt
1225 2386 1284 2403 esse
1298 2379 1324 2403 in
1339 2386 1377 2407 eo,
1394 2379 1440 2413 qui
1456 2383 1494 2412 (ut
1510 2379 1565 2412 ipse
1580 2384 1716 2405 accusator

918 2413 1025 2447 obiecit)
1048 2413 1101 2439 ruri
1125 2422 1231 2448 semper
1250 2414 1373 2441 habitarit
1391 2421 1415 2441 et
1431 2416 1456 2441 in
1475 2424 1537 2450 agro
1551 2415 1660 2441 coh-ndo
1675 2417 1715 2442 vi-

920 2450 1005 2476 xerit?
1036 2459 1104 2484 quae
1128 2451 1180 2476 vita
1205 2452 1320 2477 maxime
1335 2452 1466 2478 disiuncta
1485 2462 1498 2478 a
1517 2453 1669 2487 cupiditate,
1690 2458 1714 2479 et

919 2496 980 2513 cum
1003 2487 1091 2513 osticio
1109 2489 1258 2514 coniuncta.
1301 2490 1340 2515 io.
1361 2490 1434 2521 Quae
1453 2498 1493 2515 res
1513 2490 1594 2523 igitur
1613 2495 1713 2517 tantum

919 2525 1000 2550 istum
1030 2524 1144 2551 furorem
1169 2525 1231 2551 Sex.
1257 2526 1351 2552 Roscio
1374 2526 1488 2553 obiecit?
1510 2528 1589 2557 Patri,
1616 2529 1711 2562 inquit.

920 2571 970 2588 non
995 2561 1123 2596 placebat.
1165 2563 1232 2588 Patri
1258 2572 1308 2589 non
1329 2564 1465 2599 placebat?
1489 2573 1570 2599 quam
1589 2565 1623 2591 ob
1637 2574 1714 2591 raus-

919 2598 994 2625 sam‘?
1020 2600 1133 2625 Necesse
1157 2605 1196 2626 est
1214 2601 1285 2626 enim
1304 2610 1361 2627 eam
1381 2610 1488 2637 quoque
1508 2603 1604 2628 iustam
1619 2607 1643 2628 ct
1658 2611 1714 2628 ma—

918 2645 998 2671 gnam
1022 2641 1047 2663 et
1071 2637 1238 2672 perspicuam
1259 2637 1351 2664 fuisse.
1393 2639 1458 2665 Nam
1476 2644 1503 2665 ut
1518 2639 1585 2666 illud
1600 2640 1714 2666 incredi-

920 2673 973 2700 bile
992 2678 1031 2700 est
1049 2679 1159 2700 mortem
1178 2674 1292 2701 oblatam
1307 2684 1365 2703 esse
1379 2677 1446 2712 patri
1461 2685 1474 2703 a
1489 2676 1544 2703 tilio
1556 2678 1614 2704 sine
1629 2677 1713 2712 pluri-

1476 2725 1508 2749 28
