1941 3052
245 109 304 134 1173
794 105 849 130 ⁴27,
886 103 920 129 Μ.
954 103 984 128 ’1”.

241 178 311 213 quod
323 183 479 210 cogerentur
491 177 574 202 face-rc·
587 175 701 207 legibue«.

244 216 460 247 i.l··n·,;i1=nun····
478 215 587 247 irnperio
607 212 750 245 legumque
772 219 868 244 poena,
891 209 963 244 quod
986 211 1029 236 vix

242 254 334 288 paneis
347 251 502 286 ''viminali-re
514 250 629 274 oratione
642 247 794 282 pbilnsopbi
807 251 932 281 possunt.
950 247 1028 272 etiam

243 289 294 319 bin,
311 290 356 324 qui
371 289 412 313 illa
424 288 568 320 disputant,
587 286 652 319 ipsis
664 289 703 310 est
715 283 903 319 praeferendus
915 283 1030 309 ‹lm-tori-

242 327 302 353 bus.
342 326 413 356 Quae
434 330 473 349 cst
493 324 563 349 enim
588 323 696 348 istorum
711 322 793 347 oratio
809 326 860 346 tam
884 321 1027 355 exquisita,

241 373 308 398 qna·-
320 363 351 387 ,sit
364 360 544 394 ειιιιιῚιιηιι-ιιιΙιι
558 359 623 384 bene
635 360 792 384 vonstitutae
804 358 905 384 civitati
915 378 920 387 ,
938 357 1030 392 publi-

241 411 270 425 cu
284 400 333 425 iuri
345 404 369 424 vt
382 397 519 423 moribus?
533 396 675 431 liquidem,
689 394 917 430 ‹picinadmodum

277 451 311 455 —
324 438 395 460 iii-luns-
407 443 511 466 nmyuus
521 439 596 467 alque
608 436 763 466 inqu-rimans,

241 479 267 499 ut
283 472 397 507 appellat
415 472 529 501 linnius,
556 470 652 496 vic-ulis
667 474 692 495 et
707 469 823 495 «rastellis
843 468 1029 503 praeferendas

240 515 310 544 putu,
325 510 363 534 sir
375 509 483 542 1·‹1s,‹1ui
497 508 538 533 liis
551 507 664 533 urbibus
675 507 787 533 consilio
797 511 876 540 atquc
888 506 1030 532 auctorita·
1050 515 1051 518 ¹

239 553 262 573 te
275 551 408 581 praesunt,
424 546 474 575 bis,
487 546 534 579 qui
545 545 633 570 omnis
650 544 760 579 ”negotii
773 543 875 578 publici
888 548 1028 577 expertes«
1050 563 1051 567 ,

237 585 300 614 sint,
318 583 393 617 longe
405 583 474 608 «luco
484 582 613 616 sapientia
626 582 681 615 ipsa
693 590 750 606 esse
762 580 971 614 anteponendos.
998 580 1029 606 Et
1050 580 1051 603 ἶ

237 621 364 655 quioniam
382 620 497 646 maxime
513 620 633 654 rapimur
647 618 680 644 ad
696 627 759 653 opes
775 617 911 652 augendas
923 618 1028 652 generis

239 658 363 688 humani,
386 657 580 691 studemusque
602 657 698 682 nostris
713 655 835 681 consiliis
850 660 875 680 ct
892 654 1028 680 laboribus

239 696 361 721 tutiorem
373 699 398 720 ct
408 694 601 728 opulentiorem
615 694 696 719 vitam
709 693 847 719 bominum
865 692 987 721 reddere,
1004 696 1029 718 et

238 732 270 758 ad
293 732 360 758 banc
382 731 544 765 voluptatem
567 731 652 765 ipsius
672 735 779 756 naturae
799 729 917 755 stimulis
935 729 1029 755 incita·

238 778 311 796 mur:
335 774 472 795 teneamus
483 777 544 794 eum
556 776 679 799 cursum,
697 768 744 802 qui
756 775 862 801 semper
874 765 923 792 fuit
933 766 1027 800 optimi
1057 765 1059 775 ¹

237 807 382 841 cuiusque,
406 814 492 840 neque
508 815 537 831 ca
555 805 631 840 signa
647 804 802 834 audiamus,
825 812 893 838 quae
910 803 1027 837 receptui

237 848 344 874 canunt,
359 848 387 869 ut
398 852 442 868 cos
453 843 531 869 ctiam
544 847 675 872 revocent,
689 842 736 876 qui
750 842 800 867 iam
813 841 999 875 processerint.

294 881 336 907 111.
360 881 383 906 ,1.
406 881 451 906 llis
467 879 615 906 rationibus
631 884 682 905 tam
698 879 777 904 certis
794 883 901 912 tamque
916 877 1029 903 illustri-

238 919 289 945 bus
300 922 472 952 opponuntur
483 917 515 942 ab
529 917 578 946 bis,
591 917 637 951 qui
650 921 738 942 contra
750 915 896 950 disputant.
910 915 1028 949 primum
1050 925 1051 931 ι

227 955 350 990 ¹labores,
359 955 499 989 quisintre
512 953 618 988 publica
631 952 797 979 defendenda
809 951 974 978 sustinendi:
992 951 1029 977 le-

238 1001 269 1019 ve
284 1000 347 1018 sane
364 991 586 1026 impedimentum
603 990 725 1026 vigilanti
740 995 765 1016 ct
780 989 925 1021 industrio,
942 997 1028 1023 neque

236 1029 324 1057 solum
341 1029 367 1055 in
384 1029 462 1055 tantis
478 1028 572 1058 rebus.
594 1027 641 1054 sed
658 1028 736 1053 etiam
753 1027 779 1053 in
793 1026 974 1053 mediocribus
987 1025 1028 1051 vel

237 1066 335 1093 studiis
352 1065 392 1091 vel
405 1065 501 1092 officiis
513 1065 554 1092 vel
568 1074 628 1091 vero
639 1066 718 1091 ctiam
731 1065 844 1099 negotiis
855 1069 1029 1090 contemnen-

237 1104 312 1131 dum.
332 1105 357 1130 5.
370 1103 560 1138 Adiunguntur
571 1102 688 1137 pericula
701 1102 929 1135 vitae,turpisque
941 1100 974 1126 ab
986 1100 1028 1126 bis

238 1140 351 1167 formido
363 1141 454 1166 mortis
467 1139 579 1166 fortibus
591 1140 656 1165 viris
663 1139 818 1173 opponitur:
833 1138 934 1173 quibus
942 1138 1027 1172 magis

236 1178 265 1204 id
281 1179 409 1204 miserum
428 1177 511 1203 videri
528 1176 607 1207 solet,
626 1181 717 1202 natura
737 1184 765 1201 se
776 1176 898 1201 consumi
911 1180 935 1201 et
949 1183 1028 1200 sene-

236 1220 320 1245 ctute,
338 1223 419 1249 quam
434 1214 487 1240 sibi
502 1214 559 1240 dari
572 1219 690 1248 tempus,
709 1218 736 1239 ut
748 1213 851 1247 possint
863 1221 920 1238 eam
933 1213 1025 1242 vitam,

236 1261 304 1288 quae
317 1257 403 1279 tamen
419 1256 489 1278 esset
504 1250 639 1278 reddenda
650 1256 773 1282 naturae,
790 1259 837 1286 pro
847 1250 932 1285 patria
943 1249 1028 1285 potis-

235 1291 335 1316 simum
348 1289 467 1315 reddere.
508 1288 554 1315 1110
567 1297 628 1315 vero
639 1297 667 1315 se
679 1288 734 1315 loco
745 1290 867 1323 copiosos
878 1293 902 1315 et
913 1288 1028 1314 disertos

236 1332 342 1362 putant,
359 1335 444 1361 quum
458 1325 621 1353 calamitates
631 1325 843 1352 clarissimorum
854 1327 973 1352 virorum
986 1326 1028 1351 in-
1050 1325 1057 1355 ἸῘ

235 1365 372 1398 iun-iusque
390 1365 422 1390 iis
438 1364 471 1390 ab
486 1365 598 1400 ingratis
614 1364 753 1398 impositas
766 1363 874 1390 civibus
885 1362 1026 1399 colligunt.

235 1402 301 1428 llinc
317 1402 388 1427 enim
405 1401 450 1427 illa
465 1406 490 1427 et
505 1401 576 1436 apud
596 1401 710 1428 Graecos
725 1400 861 1436 exempla,
879 1400 1027 1427 Miltiadem

236 1439 362 1465 victorem
379 1438 590 1473 domitoremque
611 1439 764 1469 Persarum,
787 1438 907 1464 nondum
928 1438 1028 1464 sanatis

234 1475 394 1503 vulneribus
406 1477 452 1507 iis,
466 1485 534 1511 quae
544 1484 652 1510 corpore
664 1475 776 1502 adverso
787 1476 814 1502 in
826 1475 974 1502 clarissima
986 1475 1028 1501 vi-

234 1514 315 1540 ctoria
331 1514 490 1548 accepisset,
507 1514 590 1539 vitam
602 1522 635 1539 ex
647 1513 764 1540 bostium
776 1512 836 1539 telis
852 1517 985 1539 servatam
1001 1512 1027 1538 in

233 1551 335 1577 civium
352 1550 469 1576 vinculis
484 1549 650 1585 profudisse,
668 1555 693 1577 et
707 1550 915 1577 Themistoclem
931 1550 1025 1585 patria,

234 1596 316 1622 quam
328 1587 509 1619 liberavisset,
525 1587 635 1622 pulsum
652 1592 730 1623 atque
746 1588 917 1622 proterritum
933 1596 985 1614 non
1000 1587 1027 1613 in

235 1625 361 1652 Graeciae
368 1630 459 1659 portus
470 1634 517 1660 per
527 1633 555 1651 se
567 1630 694 1656 servatos,
702 1624 750 1651 sed
763 1625 789 1651 in
801 1625 939 1651 barbariae
951 1625 1027 1651 sinus

234 1662 398 1697 confugisse,
412 1671 493 1697 quam
504 1661 643 1689 afflixerat.
678 1663 732 1688 Nec
744 1671 806 1688 vero
818 1661 934 1688 levitatis
945 1661 1028 1688 Athe-

743 174 811 206 Ergo
824 173 867 199 ille
882 174 963 202 civis,
982 174 1029 207 qui
1050 175 1052 183 '

1057 190 1059 224 A

1050 239 1059 258 ii

234 1700 370 1725 niensium
386 1699 606 1734 crudelitatisque
617 1700 644 1726 in
657 1699 840 1734 amplissimos
850 1700 924 1725 cives
935 1707 1029 1725 exem·
1056 1729 1057 1732 Ἴ

1056 1733 1057 1758 3
1079 1744 1138 1767 cae,
1155 1736 1281 1771 quamvis
1291 1744 1322 1761 ea
1333 1740 1470 1770 prematur
1479 1735 1622 1770 periculis,
1641 1735 1694 1761 nisi
1709 1743 1740 1761 eo
1754 1734 1811 1762 loco
1824 1736 1872 1766 sis,

234 1736 278 1771 pla
297 1736 439 1763 deficiunt:
473 1745 542 1772 quae
563 1741 622 1763 nata
643 1741 668 1763 et
688 1736 854 1771 frequentata
874 1736 946 1771 apud
966 1735 1028 1762 illos

234 1774 314 1800 etiam
322 1774 347 1799 in
355 1774 543 1809 gravissimam
554 1774 690 1801 civitatem
701 1779 818 1800 nostram
829 1773 956 1800 dicuntur
967 1772 1028 1799 red-

234 1810 360 1837 undasse.
401 1812 426 1837 6.
450 1812 517 1837 Nam
529 1811 570 1837 vel
582 1811 710 1838 exsilium
721 1810 840 1842 Camilli,
858 1810 900 1837 vel
916 1810 1027 1837 offensio

234 1847 570 1879 commemoraturAhatae,
580 1848 621 1874 vel
634 1848 735 1875 invidia
748 1848 867 1878 Nasicae,
876 1847 918 1873 vel
930 1846 1027 1881 expul-

1019 102 1303 129 ‹ztch'ttosts

1080 173 1184 202 ceteris,
1198 177 1304 207 propter
1317 173 1416 199 variam
1428 173 1586 199 suavitatem
1599 172 1758 203 studiorum.
1773 174 1799 200 in
1809 175 1871 209 qui-

1081 211 1131 236 bus
1143 219 1156 235 a
1169 210 1282 244 pueritia
1296 210 1427 241 vixeram,
1441 215 1486 236 aut
1496 211 1519 236 ni
1530 210 1596 245 quid
1607 210 1738 236 aceideret
1749 211 1872 238 acerbius

1082 247 1229 275 universis,
1252 255 1301 272 non
1320 248 1504 281 praecipuam,
1527 247 1573 273 sed
1590 256 1679 282 parem
1700 257 1762 274 cum
1777 249 1872 274 ceteris

1082 283 1200 309 fortunae
1216 283 1396 310 conditionem
1412 284 1517 309 subire:
1545 293 1595 310 non
1611 284 1807 315 dubitaverim,
1829 294 1872 312 mo

1080 321 1250 355 gravissimis
1267 321 1470 355 tempestatibus
1486 330 1515 346 ac
1531 330 1614 355 paene
1631 321 1791 348 fulminibus
1805 323 1872 357 ipsi!

1051 367 1059 383 υ
1080 358 1191 383 obvium
1205 357 1272 383 ferre
1283 357 1527 384 conservandorum
1537 359 1638 384 civium
1650 367 1743 385 caussa
1751 360 1874 394 meisque

1082 395 1196 429 propriis
1209 395 1336 429 periculis
1348 404 1439 430 parere
1450 403 1592 421 commune
1604 395 1715 430 reliquis
1725 397 1820 423 otium.
1846 398 1870 423 8.

1082 433 1173 466 Neque
1190 432 1261 457 enim
1279 432 1327 458 bac
1343 441 1389 458 nos
1405 433 1488 467 patria
1506 432 1562 467 lege
1578 434 1726 467 genuitaut
1737 433 1871 464 educavit.

1082 475 1109 495 ut
1125 468 1197 495 nulla
1213 470 1291 504 quasi
1307 469 1432 496 alimenta
1448 474 1613 504 exspectaret
1628 478 1641 495 a
1658 469 1748 500 nobis,
1769 480 1798 497 nc
1814 476 1873 497 tan-

1081 505 1226 536 tummodo,
1240 507 1337 532 nostris
1350 507 1405 541 ipsa
1417 506 1565 533 commodis
1575 507 1704 537 serviens,
1713 511 1800 534 tutum
1812 516 1874 543 pcr-

1081 543 1185 577 fugium
1206 544 1260 569 otio
1281 549 1369 570 nostro
1389 543 1571 579 suppeditaret
1595 548 1620 569 et
1643 544 1818 578 tranquillum
1839 544 1873 570 ad

1080 582 1198 616 quietem
1216 580 1316 612 locum,
1336 580 1399 606 nscd
1417 586 1444 607 ut
1459 580 1590 615 plurimas
1605 586 1630 607 ct
1644 582 1776 607 maximas
1790 583 1873 608 nostri

1081 618 1190 647 nuriirni,
1206 618 1320 653 ingenii,
1334 618 1439 644 consilii
1451 623 1539 652 partes
1552 619 1608 652 ipsa
1620 618 1673 644 sibi
1685 618 1717 644 ad
1731 618 1873 645 utilitatem

1081 664 1174 680 usuam
1190 656 1406 690 pigner-arctum«
1438 660 1594 690 tantumque
1610 655 1688 681 nobis
1708 656 1733 682 in
1753 661 1873 682 nostrum

1080 693 1214 727 privatum
1232 701 1324 723 usum,
1343 697 1474 727 quantum
1492 693 1543 727 ipsi
1559 701 1700 727 superesse
1710 698 1813 727 posset,
1831 701 1873 719 re-

1080 734 1203 756 mitteret.

1135 767 1165 792 V.
1188 768 1212 792 9.
1235 767 1287 792 lam
1302 766 1344 792 illa
1357 765 1493 802 perfugia,
1511 774 1580 801 quac
1592 771 1703 793 sumunt
1717 766 1770 793 sibi
1781 766 1814 793 ad
1825 775 1874 793 ex-

1079 804 1254 833 cusationem.
1268 812 1322 838 quo
1333 803 1438 829 facilius
1450 804 1503 829 otio
1514 803 1697 838 perfruantur,
1710 809 1780 830 certe
1790 804 1874 830 mini-

1081 850 1122 866 me
1135 846 1196 867 sunt
1207 840 1354 866 audienda:
1373 849 1457 875 quum
1471 841 1504 866 ita
1517 840 1623 870 dicunt,
1637 841 1761 867 accedere
1772 841 1804 867 ad
1817 849 1873 867 rem

1080 878 1217 912 publicam
1234 878 1393 912 plerumque
1411 877 1532 904 homines
1549 877 1621 904 nulla
1638 887 1664 904 re
1681 878 1748 904 bona
1765 878 1871 914 dignos,

1079 924 1141 941 cum
1157 915 1259 950 quibus
1274 915 1422 950 comparari
1437 914 1590 945 sordidum,
1614 914 1757 951 confligere
1772 920 1871 946 autem.

1081 952 1254 978 multitudine
1266 953 1420 987 praesertim
1434 953 1549 981 incitata,
1559 953 1687 978 miserum
1703 957 1727 978 et
1739 952 1874 987 periculo-

1080 998 1140 1015 sum
1152 990 1196 1015 sit.
1236 989 1321 1022 Quam
1332 989 1366 1015 ob
1378 998 1433 1015 rem
1445 998 1532 1024 neque
1542 990 1672 1024 sapientis
1683 998 1741 1015 esse
1753 990 1875 1025 accipere

1080 1026 1208 1057 habenas,
1221 1035 1306 1061 quum
1319 1027 1426 1053 insanos
1437 1031 1516 1061 atque
1529 1026 1672 1053 indomitos
1684 1027 1800 1062 impetus
1813 1026 1874 1053 vul-

1079 1064 1107 1100 gi
1118 1063 1244 1090 cohibere
1256 1072 1307 1090 non
1319 1064 1416 1098 possit,
1435 1072 1522 1098 neque
1534 1063 1666 1094 liberalis,
1684 1072 1746 1090 cum
1759 1064 1874 1099 impuris

1079 1106 1159 1136 atque
1171 1101 1336 1127 immanibus
1347 1100 1509 1127 adversariis
1520 1100 1699 1127 decertantem
1707 1122 1713 1132 ,
1726 1101 1768 1127 vel
1779 1107 1875 1128 contu-

1080 1137 1220 1164 meliarum
1234 1138 1344 1164 verbera
1355 1138 1460 1168 subire,
1477 1137 1519 1163 vel
1531 1143 1684 1172 exspectare
1695 1139 1810 1173 sapienti
1821 1147 1873 1166 non

1081 1175 1203 1201 ferendas
1211 1176 1336 1201 iniurias:
1346 1174 1626 1209 proindequasibonis
1633 1181 1658 1202 et
1666 1175 1875 1202 fortibusetma-

1079 1221 1132 1248 gno
1146 1213 1235 1238 animo
1246 1212 1374 1247 praeditis
1386 1212 1439 1238 ulla
1451 1213 1486 1238 sit
1496 1211 1529 1238 ad
1541 1221 1596 1238 rem
1609 1212 1745 1247 publicam
1757 1212 1874 1239 adeundi

1056 1265 1057 1274 ι
1079 1258 1173 1277 caussa
1195 1251 1302 1280 iustior,
1325 1258 1406 1284 quam
1423 1258 1455 1275 ne
1470 1255 1579 1284 pareant
1595 1250 1738 1284 improbis,
1758 1259 1825 1276 neve
1840 1250 1874 1276 ab

1080 1288 1177 1315 iisdem
1193 1287 1303 1314 lacerari
1319 1295 1374 1313 rem
1390 1286 1528 1321 publicam
1543 1288 1692 1322 patiantur,
1714 1295 1799 1322 quum
1821 1288 1874 1323 ipsi

1079 1325 1212 1352 auxilium
1225 1324 1293 1352 ferre
1303 1325 1326 1351 si
1337 1325 1456 1360 cupiant,
1470 1332 1522 1351 non
1533 1330 1642 1360 queant.

1134 1363 1178 1390 VI.
1203 1365 1242 1389 ⁴0.
1265 1363 1310 1389 llla
1331 1368 1420 1389 autem
1440 1363 1563 1397 exceptio
1582 1363 1627 1389 cni
1643 1361 1750 1398 probari
1766 1361 1873 1388 tandem

1056 1410 1057 1419 ι
1079 1405 1178 1435 potest,
1200 1400 1273 1435 quod
1289 1405 1399 1436 negant,
1418 1401 1567 1435 sapientem
1582 1405 1772 1435 suscepturum
1791 1399 1873 1426 ullam

1079 1438 1117 1464 rei
1129 1437 1254 1473 publicae
1266 1443 1378 1472 partem,
1391 1442 1464 1464 extra
1475 1445 1556 1472 quam
1568 1438 1592 1464 si
1601 1446 1663 1463 eum
1675 1442 1782 1472 tempus
1791 1442 1816 1463 et
1827 1445 1875 1463 ne-

1078 1476 1189 1502 cessitas
1200 1474 1333 1511 coegerit?
1352 1476 1431 1510 quasi
1446 1483 1509 1501 vero
1523 1475 1608 1501 maior
1617 1475 1746 1510 cuiquam
1757 1475 1875 1500 necessi-

1079 1517 1117 1539 tas
1133 1512 1253 1539 accidere
1269 1513 1366 1547 possit,
1383 1520 1465 1547 quam
1481 1511 1578 1538 accidit
1592 1512 1682 1539 nobis!
1701 1512 1728 1538 in
1743 1519 1795 1547 qua
1806 1511 1873 1547 quid

1079 1550 1165 1576 facere
1180 1550 1343 1585 potuissem,
1367 1550 1419 1576 nisi
1436 1554 1492 1576 tum
1509 1549 1602 1576 consul
1621 1548 1753 1576 fuissem?
1774 1547 1873 1576 Consul

1056 1612 1057 1618 ,
1079 1592 1169 1614 autem
1180 1595 1239 1614 esse
1251 1588 1298 1622 qui
1309 1587 1399 1622 potui,
1416 1587 1469 1613 nisi
1485 1595 1547 1613 eum
1563 1587 1632 1613 vitae
1647 1595 1758 1613 cursum
1772 1585 1875 1613 tenuis-

1079 1633 1136 1651 sem
1147 1634 1161 1651 a
1171 1625 1295 1659 pueritia,
1312 1632 1360 1659 per
1370 1632 1451 1659 quem
1462 1625 1581 1659 equestri
1593 1623 1650 1650 loco
1661 1628 1739 1650 natus
1748 1623 1875 1659 perveni-

1079 1670 1135 1688 rem
1156 1661 1189 1688 ad
1204 1662 1331 1688 honorem
1347 1660 1566 1696 amplissimum?
1585 1661 1642 1687 Non
1659 1661 1741 1696 igitur
1758 1666 1874 1696 potestas

1079 1704 1164 1725 estex
1176 1704 1294 1733 tempore
1304 1703 1350 1724 aut
1378 1706 1463 1733 quum
1475 1697 1544 1724 velis
1570 1697 1721 1732 opitulandi
1733 1699 1771 1724 rei
1781 1697 1875 1733 publi-

1079 1778 1108 1800 ut
1118 1773 1167 1799 tibi
1179 1773 1206 1799 id
1218 1773 1303 1799 facere
1316 1772 1402 1799 liceat.
1445 1774 1484 1798 Η.
1503 1772 1674 1807 Maximeque
1686 1772 1735 1798 hoc
1748 1773 1775 1798 in
1787 1772 1875 1798 homi-

1056 1821 1057 1825 *
1079 1810 1289 1837 numdoctorum
1300 1810 1417 1836 oratione
1432 1809 1606 1836 mihimirum
1613 1809 1781 1840 viderisolct,
1789 1809 1872 1845 quod,

234 1885 274 1911 sio
286 1885 416 1915 Laenatis,
433 1885 474 1910 vel
487 1884 578 1919 Opimi
589 1885 733 1915 damnatio,
742 1884 784 1911 vel
796 1883 974 1920 fugaMetelli,
984 1883 1025 1910 vel
1048 1902 1050 1905 ψ

235 1921 407 1947 acerbissima
423 1921 452 1948 C.
468 1922 545 1947 Marii
561 1921 663 1953 clades,
686 1922 841 1956 principum
856 1921 965 1951 caedes,
984 1920 1026 1947 vel
1056 1933 1057 1951 1

234 1966 327 1985 eorum
347 1957 492 1984 multorum
512 1964 614 1993 pestes,
640 1967 708 1993 quae
731 1958 821 1993 paullo
841 1964 901 1993 post
920 1963 1026 1984 secutae

234 2000 307 2022 sunt.
337 1995 391 2021 Nec
403 2003 464 2021 vero
476 1996 528 2021 iam
541 2004 599 2022 meo
611 1996 717 2022 nomine
728 1995 875 2028 abstinent,
889 2000 923 2026 et,
936 1995 1024 2026 credo,

234 2033 298 2067 quia
313 2036 403 2058 nostro
418 2032 530 2058 consilio
545 2041 574 2058 ac
585 2032 705 2067 periculo
716 2041 774 2059 sese
785 2033 812 2059 in
825 2032 870 2058 illa
883 2033 935 2059 vita
947 2038 1026 2067 atque

233 2070 287 2096 otio
297 2074 466 2095 conservatos
477 2074 584 2103 putant,
601 2070 711 2106 gravius
726 2071 806 2096 etiam
821 2069 854 2096 de
871 2070 948 2096 nobis
960 2078 1028 2105 que-

235 2111 330 2133 runtur
345 2111 371 2133 et
385 2107 528 2132 amantius.
568 2106 621 2133 Sed
641 2106 712 2133 baud
728 2106 805 2133 facile
819 2107 950 2137 dixerim,
967 2115 1024 2138 cur,

234 2152 320 2179 quum
336 2143 388 2178 ipsi
404 2142 526 2170 discendi
542 2149 587 2170 aut
602 2143 707 2170 visendi
722 2152 817 2170 caussa
828 2145 912 2170 maria
923 2145 1027 2171 tramit-

235 2185 299 2212 tant,
313 2179 325 2194 *
336 2180 347 2193 '⁸
360 2181 371 2192 ⁸

423 2218 619 2250 (Desideratum-
627 2220 737 2251 pnqinae
747 2219 832 2252 duae.)

288 2255 332 2282 IV.
343 2255 369 2281 7.
381 2254 411 2267 *⁸
419 2255 430 2267 ⁸
441 2254 543 2280 salvam
554 2263 612 2281 esse
623 2254 762 2282 consulatu
773 2255 867 2282 abiens
879 2256 906 2282 in
918 2256 1028 2282 concio—

234 2300 266 2318 ne
277 2292 307 2318 P.
320 2292 351 2318 R.
368 2291 437 2318 idem
455 2293 557 2318 iurante
573 2293 747 2323 iuravissem,
771 2292 849 2319 facile
865 2293 1026 2319 iniuriarum

233 2330 354 2355 omnium
370 2337 570 2363 compensarem
586 2338 678 2355 curam
688 2335 714 2356 et
725 2329 884 2356 molestiam.
924 2329 1027 2362 Quam-

234 2375 314 2400 quam
326 2366 409 2393 nostri
420 2374 498 2392 casus
510 2366 571 2401 plus
583 2366 690 2393 honoris
707 2366 872 2397 habuerunt,
889 2375 970 2402 quam
988 2367 1026 2393 la-

233 2403 319 2430 boris:
332 2411 419 2438 neque
430 2408 533 2430 tantum
543 2403 688 2434 molestiae,
696 2409 827 2438 quantum
837 2404 951 2440 gloriae;
968 2413 1026 2430 ma-

234 2439 370 2475 ioremque
383 2440 509 2466 laetitiam
520 2449 554 2467 ex
564 2440 698 2467 desiderio
705 2441 835 2467 bonorum
841 2442 1021 2476 percepimus,

235 2484 316 2510 quain
327 2486 360 2503 ex
372 2477 470 2504 laetitia
481 2478 664 2512 improborum
676 2477 804 2504 dolorem.
839 2478 892 2504 Sed
902 2480 926 2505 si
937 2478 1022 2510 aliter,

236 2517 264 2538 ut
275 2512 342 2543 dixi,
355 2514 504 2545 accidisset,
520 2515 568 2550 qui
579 2523 686 2549 possem
696 2514 792 2550 queri?
805 2524 891 2550 quum
902 2516 971 2542 mihi
982 2516 1025 2542 ni—

235 2549 272 2575 hil
285 2550 437 2584 improviso,
452 2560 499 2578 nec
510 2553 629 2587 gravius,
641 2560 723 2587 quam
733 2553 968 2587 exspectavissem,
977 2561 1025 2588 pro

234 2586 313 2612 tantis
334 2588 400 2614 meis
422 2587 496 2614 factis
516 2589 659 2615 evenisset.

1056 1961 1057 1971 ¹
1079 1960 1130 1985 mis
1150 1958 1287 1985 fluctibus.

1078 1848 1126 1882 qui
1138 1846 1283 1882 tranquillo
1295 1847 1361 1873 mari
1371 1846 1522 1883 gubernare
1534 1855 1562 1872 se
1579 1851 1675 1882 negent
1691 1855 1783 1881 posse,
1800 1846 1874 1882 quod

1078 1894 1126 1911 nec
1137 1884 1282 1911 didicerint
1292 1892 1340 1910 nec
1352 1892 1481 1919 umquam
1493 1885 1562 1910 scire
1572 1884 1734 1914 curaverint,
1746 1883 1830 1910 iidem
1840 1883 1874 1910 ad

1077 1921 1260 1958 gubernacula
1271 1929 1459 1947 seaccessuros
1470 1920 1644 1956 profiteantur
1653 1922 1776 1948 excitatis
1787 1922 1875 1948 maxi-

1328 1959 1375 1985 lsti
1389 1959 1461 1984 enim
1477 1958 1566 1993 palam
1581 1957 1684 1989 dicere,
1707 1963 1787 1993 atque
1801 1959 1829 1985 in
1843 1967 1874 1985 eo

1056 2022 1057 2025 ,
1079 1996 1194 2022 multum
1206 1997 1285 2022 etiam
1296 1995 1406 2031 gloriari
1419 1995 1518 2025 solent,
1536 2003 1565 2021 se
1579 1995 1612 2021 de
1623 1995 1772 2022 rationibus
1783 2003 1873 2022 rerum

1056 2037 1057 2040 ’
1078 2033 1249 2068 publicarum
1261 2038 1307 2059 aut
1317 2032 1565 2059 constituendarum
1576 2037 1621 2059 aut
1632 2032 1793 2059 tuendarum
1803 2032 1872 2059 nibil

1055 2090 1058 2103 l

1055 2176 1057 2180 .
1078 2144 1124 2171 illo
1139 2153 1236 2180 genere
1256 2144 1408 2170 exercitatis
1423 2143 1621 2170 concedendam
1640 2148 1745 2179 putant.

1056 2074 1057 2082 ¹
1079 2079 1127 2097 nec
1141 2070 1270 2096 didicisse
1285 2078 1415 2105 umquam
1431 2078 1479 2096 nec
1493 2069 1600 2101 docere,
1619 2078 1766 2105 earumque
1782 2077 1873 2096 rerum

1078 2108 1219 2134 scientiam
1230 2116 1282 2134 non
1293 2106 1379 2133 doctis
1390 2106 1547 2133 hominibus
1559 2115 1588 2133 ac
1599 2106 1778 2141 sapientibus,
1786 2106 1872 2133 sedin

1785 2143 1872 2176 Quare

1077 2182 1126 2217 qui
1140 2182 1267 2208 convenit
1280 2180 1402 2216 polliceri
1415 2189 1523 2216 operam
1537 2189 1614 2207 suam
1630 2182 1668 2207 rei
1679 2180 1804 2216 publicae
1814 2185 1871 2207 tum

1077 2220 1204 2254 denique,
1216 2219 1240 2245 si
1251 2219 1408 2245 necessitate
1417 2217 1563 2254 cogantur?
1573 2226 1668 2253 quum,
1676 2217 1749 2253 quod
1755 2217 1872 2244 estmul-

1078 2262 1102 2283 to
1118 2255 1278 2291 proclivius,
1297 2255 1371 2282 nulla
1386 2256 1542 2282 necessitate
1556 2260 1694 2290 premente
1709 2263 1765 2281 rem
1778 2254 1872 2290 publi-

1076 2302 1135 2320 cam
1147 2301 1238 2329 regere
1249 2293 1379 2319 nesciant.
1418 2292 1567 2327 Equidem,
1585 2297 1614 2319 ut
1628 2301 1721 2319 verum
1736 2297 1807 2318 esset
1821 2300 1871 2318 sua

1054 2328 1056 2361 J
1077 2330 1213 2357 voluntate
1233 2330 1382 2365 sapientem
1397 2329 1559 2356 descendere
1574 2329 1608 2356 ad
1623 2329 1738 2356 rationes
1752 2329 1870 2356 civitatis

1053 2545 1055 2560 ι

1053 2563 1055 2584 l

1077 2376 1129 2394 non
1140 2367 1239 2399 solere3
1263 2367 1306 2393 sin
1321 2372 1410 2394 autem
1426 2367 1593 2401 temporibus
1601 2370 1753 2401 cogeretur,
1770 2371 1828 2392 tum
1842 2366 1870 2392 id

1077 2414 1176 2431 munus
1192 2405 1310 2439 denique
1325 2413 1378 2431 non
1393 2412 1529 2435 recusare,
1547 2409 1635 2430 tamen
1648 2402 1790 2429 arbitrarer
1801 2402 1870 2430 hauc

1076 2451 1166 2468 rerum
1182 2441 1306 2468 civilium
1326 2442 1438 2468 minime
1459 2440 1648 2477 negligendam
1667 2440 1808 2466 scientiam
1825 2449 1870 2466 sa-

1076 2479 1175 2514 pienti.
1197 2483 1337 2514 propterea
1351 2478 1424 2514 quod
1439 2479 1528 2504 omnia
1541 2482 1630 2504 essent
1639 2477 1665 2503 ei
1675 2476 1866 2512 praeparanda,

1076 2517 1177 2551 quibus
1188 2517 1303 2543 nesciret
1313 2524 1346 2542 an
1356 2515 1501 2550 aliquando
1511 2515 1552 2541 uti
1561 2522 1669 2541 necesse
1680 2519 1760 2541 esset.

1131 2554 1185 2580 VII.
1208 2555 1249 2580 ⁴⁶2.
1271 2553 1340 2579 Haec
1355 2552 1480 2587 plurimis
1494 2561 1509 2578 a
1523 2560 1567 2578 me
1576 2551 1667 2578 verbis
1678 2551 1748 2578 dicta
1759 2556 1822 2578 sunt
1832 2551 1867 2578 ob

699 2590 724 2615 Is
744 2590 816 2615 enim
836 2589 954 2621 fueram.
979 2590 1024 2617 cui
1046 2589 1054 2627 l
1075 2598 1134 2616 eam
1149 2599 1287 2620 caussam,
1310 2589 1384 2625 quod
1398 2589 1441 2616 his
1453 2589 1530 2615 libris
1540 2593 1596 2615 erat
1607 2589 1728 2615 instituta
1738 2594 1765 2615 et
1774 2596 1868 2615 susce-

234 2631 319 2657 quum
331 2623 419 2650 liceret
431 2630 475 2651 aut
485 2627 598 2653 maiores
607 2634 643 2653 ex
652 2627 706 2653 otio
717 2625 820 2653 tructus
830 2635 934 2662 capere,
941 2636 1024 2663 quam
1045 2631 1054 2656 11
1074 2633 1120 2662 pta
1130 2628 1199 2655 mihi
1209 2628 1242 2654 de
1253 2635 1280 2654 re
1291 2626 1402 2662 publica
1410 2626 1570 2661 disputatio,
1587 2634 1656 2661 quae
1667 2634 1700 2652 ne
1711 2625 1808 2653 frustra
1818 2625 1868 2652 ha-
