1941 3052
611 134 817 162 ORATOR.

109 206 182 232 XIX.
198 207 239 232 61.
255 204 309 232 Sed
321 205 374 231 iam
389 204 462 231 illius
481 204 590 240 perfecti
609 206 718 233 oratoris
732 211 757 233 et
771 215 846 232 sum-⁴

54 253 112 270 mae
133 243 298 278 eloquentiae
316 243 419 278 species
433 243 606 278 exprimenda
620 248 673 275 est3
701 253 782 278 quem
797 244 846 270 hoc

54 290 107 308 uno
120 281 257 312 excellere,
278 280 306 307 id
320 285 360 307 est
373 281 498 312 oratione,
514 285 599 307 cetera
614 281 641 307 in
655 290 686 307 eo
700 281 788 312 latere,
805 282 846 307 in-

53 319 123 346 dicat
137 327 232 345 nomen
246 319 346 353 ipsum.
362 319 419 344 Non
434 319 505 344 enim
520 318 642 345 inventor
655 323 700 345 aut
713 319 846 353 composi-

53 361 93 383 tor
106 360 151 382 aut
164 360 234 382 actor
247 355 311 382 haec
324 355 481 390 complexus
495 360 535 382 est
548 356 645 387 omnia,
658 356 705 382 sed
716 356 846 382 etGraece

53 393 86 420 ab
109 393 258 428 eloquendo
282 392 366 429 ῥήτωρ
389 397 414 419 et
436 393 528 419 Latine
546 393 674 428 eloquens
693 393 781 419 dictus
795 397 844 419 est.
866 398 868 402 “

53 431 204 458 Ceterarum
219 431 290 457 enim
304 439 402 461 rerum,
419 439 488 465 quae
502 435 565 457 sunt
578 431 605 457 in
619 435 728 462 oratore,
745 435 846 465 partem

53 468 171 504 aliquam
185 468 237 494 sibi
251 468 368 503 quisque
382 468 512 500 vindicat,
535 468 641 494 dicendi
655 472 752 498 autem,
765 467 793 494 id
807 471 847 494 est

53 505 205 541 eloquendi,
214 506 330 532 maxima
342 506 383 531 vis
393 505 442 531 soli
454 505 516 531 huic
526 505 689 531 conceditur.
702 504 848 537 62 Quam-

52 552 133 578 quam
152 544 224 569 enim
243 547 268 569 et
282 542 434 577 philosophi
449 543 559 577 quidam
573 547 663 569 ornate
678 542 758 568 locuti
772 546 844 573 sunt,

52 580 197 615 (siquidem
212 585 236 607 et
249 580 447 615 Theophrastus
462 580 600 606 divinitate
613 579 739 614 loquendi
751 588 847 605 nomen

52 619 155 644 invenit
176 622 202 644 et
224 617 377 644 Aristoteles
400 619 539 644 Isocratem
559 617 649 652 ipsum
669 617 804 643 lacessivit
822 621 847 642 et

51 655 237 690 Xenophontis
249 664 312 682 voce
319 656 408 682 Musas
422 655 499 690 quasi
515 654 614 681 locutas
626 654 721 685 ferunt,
734 658 759 680 et
770 654 847 689 longe

52 693 182 724 omnium,
198 694 364 728 quicumque
377 693 543 726 scripserunt
556 696 602 718 aut
616 692 695 718 locuti
711 696 782 722 sunt,
800 700 846 717 ex·-

52 731 119 756 stitit
133 735 158 756 et
172 731 302 757 suavitate
316 735 342 756 et
354 730 482 765 gravitate
497 730 621 764 princeps
636 728 734 764 Plato3)
758 733 846 755 tamen
866 761 868 766 .

52 767 148 794 horum
171 768 253 794 oratio
275 776 362 802 neque
381 776 475 793 nervos
494 775 581 802 neque
599 766 705 793 aculeos
719 766 846 792 oratorios
866 776 868 780 ·

52 813 81 831 ac
99 804 217 831 forenses
236 805 323 831 habet.
358 807 399 831 63.
420 805 578 839 Loquuntur
591 813 653 830 cum
668 804 761 835 doctis,
778 812 847 838 quo-

51 851 112 868 rum
133 842 225 868 sedare
249 842 351 868 animos
370 841 481 873 malunt,
503 850 584 876 quam
603 842 725 868 incitare:
757 842 795 867 sic
813 841 846 867 de

51 879 132 905 rebus
146 879 256 914 placatis
270 888 299 906 ac
314 880 425 906 minime
438 879 601 906 turbulentis
615 879 727 905 docendi
739 887 841 909 caussa,

52 925 103 943 non
121 917 243 952 capiendi
259 917 413 952 loquuntur,
434 921 464 943 ut
477 917 504 943 in
519 925 548 943 eo
562 917 629 951 ipso,
645 916 718 951 quod
732 916 847 942 delecta-

51 955 150 981 tionem
168 954 286 990 aliquam
300 955 413 981 dicendo
426 958 602 989 aucupentur,
620 953 681 988 plus
696 953 843 984 nonnullis,

51 1000 130 1027 quam
146 1000 254 1018 necesse
268 993 310 1024 sit,
327 992 411 1018 facere
425 992 574 1018 videantur.
605 992 675 1027 Ergo
689 991 722 1017 ab
737 991 786 1017 hoc
799 999 846 1025 ge-

51 1037 112 1055 nere
127 1038 179 1056 non
192 1029 302 1056 difficile
315 1034 355 1056 est
368 1030 436 1056 hanc
451 1029 639 1064 eloquentiam,
660 1029 693 1054 de
706 1037 759 1064 qua
774 1036 846 1054 nunc

51 1067 148 1101 agitur,
165 1075 311 1094 secernere.
333 1068 375 1094 64.
391 1067 478 1093 Mollis
493 1071 533 1093 est
546 1067 618 1093 enim
633 1067 716 1093 oratio
726 1066 846 1101 philoso-

51 1104 166 1139 phorum
185 1109 209 1130 et
227 1105 388 1136 umbratilis,
410 1113 458 1131 neo
476 1105 614 1131 sententiis
633 1112 681 1130 nec
699 1103 789 1130 verbis
804 1104 846 1129 in-

50 1146 149 1168 structa
172 1142 347 1177 popularibus
370 1150 418 1168 nec
441 1142 529 1168 vincta
547 1142 676 1172 numeris,
697 1141 745 1167 sed
759 1140 845 1167 soluta

52 1179 175 1209 liberius:
207 1180 273 1206 nihil
299 1180 395 1206 iratum
419 1179 506 1210 habet,
532 1179 598 1205 nihil
618 1179 755 1210 invidum,
777 1177 844 1204 nihil

50 1221 132 1248 atrox,
158 1217 225 1243 nihil
245 1217 405 1248 miserabile,
431 1216 498 1243 nihil
517 1221 650 1249 astutum3
672 1220 752 1247 casta,
769 1224 846 1241 vere-

49 1254 145 1285 cunda,
161 1255 236 1289 virgo
250 1256 400 1289 incorrupta
414 1254 621 1289 quodammodo.
652 1255 744 1288 Itaque
758 1261 845 1279 sermo

51 1292 148 1325 potius,
165 1300 245 1326 quam
259 1292 350 1323 oratio,
367 1292 473 1318 dicitur.
494 1292 662 1326 Quamquam
674 1291 745 1317 enim
757 1291 844 1317 omnis

52 1329 149 1355 locutio
171 1329 253 1355 oratio
275 1334 323 1360 est,
349 1334 435 1355 tamen
455 1330 535 1356 unius
555 1329 665 1355 oratoris
684 1328 781 1354 locutio
795 1328 845 1353 hoc

50 1366 156 1401 proprio
170 1367 273 1402 signata
287 1367 394 1393 nomine
409 1371 457 1392 est.
480 1368 521 1392 65.
530 1366 727 1401 Sophistarum
739 1366 772 1391 de
783 1365 846 1400 qui—
867 1392 868 1398 ,

50 1404 101 1430 bus
119 1412 200 1438 supra
219 1404 284 1435 dixi,
305 1405 390 1439 magis
404 1404 593 1438 distinguenda
607 1403 756 1430 similitudo
770 1402 846 1429 vide-
866 1405 868 1427 J

51 1446 101 1472 tur,
125 1441 172 1476 qui
196 1450 288 1468 omnes
311 1441 417 1468 eosdem
437 1432 531 1468 voliint
549 1440 633 1472 flores,
654 1449 721 1476 quos
737 1440 846 1466 adhibet

50 1483 134 1505 orator
148 1480 175 1505 in
189 1479 302 1510 caussis,
319 1479 454 1522 persequi.
483 1479 535 1505 Sed
551 1479 599 1505 hoc
614 1478 748 1509 differunt,
761 1477 842 1513 quod,

49 1525 134 1551 quum
148 1517 183 1542 sit
197 1516 239 1542 his
254 1517 419 1551 propositum
435 1525 486 1542 non
500 1516 655 1551 perturbare
669 1516 780 1546 animos,
797 1515 845 1541 sed

50 1553 152 1588 placare
167 1555 264 1588 potius,
287 1562 334 1580 nec
349 1558 401 1580 tam
416 1553 585 1588 persuadere,
602 1562 683 1588 quam
698 1553 842 1585 delectare;

50 1595 74 1617 et
88 1592 206 1626 apertius
219 1591 247 1617 id
262 1591 370 1623 faciunt,
387 1600 468 1626 quam
483 1600 539 1622 nos,
557 1595 582 1617 et
595 1591 724 1621 crebrius,
737 1590 845 1616 concin-

50 1637 96 1654 nas
115 1629 201 1664 magis
219 1629 363 1655 sententias
382 1629 536 1663 exquirunt,
557 1637 638 1663 quam
652 1628 813 1663 probabiles,
830 1636 844 1653 a

50 1674 77 1692 re
99 1674 178 1700 saepe
201 1666 352 1697 discedunt,
377 1666 500 1693 intexunt
523 1666 637 1697 fabulas,
663 1666 745 1692 verba
764 1665 844 1691 altius

51 1702 212 1730 transferunt
230 1712 314 1738 eaque
332 1704 367 1730 ita
388 1703 543 1739 disponunt,
560 1708 589 1730 ut
603 1704 716 1738 pictores
732 1703 845 1729 varieta-
865 1724 867 1730 .

51 1745 102 1767 tem
116 1740 244 1772 colorum,
265 1741 336 1776 paria
351 1742 461 1776 paribus
475 1741 601 1773 referunt,
618 1741 728 1767 adversa
741 1744 845 1767 contra-

50 1778 104 1809 riis,
121 1779 333 1813 saepissimeque
347 1779 470 1805 similiter
484 1783 600 1805 extrema
614 1779 753 1804 definiunt.

105 1815 167 1842 XX.
183 1818 224 1842 66.
244 1817 311 1842 Huic
328 1817 419 1851 generi
434 1816 542 1843 historia
558 1816 670 1842 finitima
684 1820 732 1847 est,
749 1816 776 1841 in
790 1824 844 1850 qua

50 1857 75 1879 et
92 1857 213 1879 narratur
230 1858 319 1880 ornate
334 1858 359 1880 et
373 1855 445 1889 regio
459 1862 538 1888 saepe
552 1858 597 1880 aut
611 1862 701 1889 pugna
715 1853 845 1879 describi-
873 1855 874 1889 ζ

873 1891 874 1894 ’
897 1889 1013 1915 iudicem
1038 1889 1119 1920 dicas,
1140 1889 1316 1923 amplissimis
1338 1889 1425 1914 vcrbis
1444 1893 1468 1914 ct
1488 1888 1552 1914 locis
1567 1888 1604 1913 uti
1619 1896 1692 1913 com-

50 1894 105 1923 tur,
132 1891 339 1925 interponuntur
357 1892 436 1917 etiam
460 1892 600 1917 conciones
623 1896 648 1917 et
667 1891 841 1917 hortationes:

50 1927 96 1954 sed
110 1928 137 1954 in
148 1928 190 1954 his
201 1932 281 1954 tracta
291 1929 422 1963 quaedam
433 1933 458 1955 et
468 1928 553 1955 fluens
565 1929 707 1963 expetitur,
717 1936 768 1954 non
780 1928 845 1954 haec

50 1969 164 1991 contorta
188 1970 214 1992 et
235 1966 302 1991 acris
325 1967 417 1992 oratio.
458 1966 498 1992 Ab
518 1966 560 1992 his
579 1974 631 1992 non
651 1966 736 1992 multo
754 1974 841 1997 secus,

49 2011 130 2037 quam
144 2011 158 2028 a
172 2003 266 2037 poetis,
280 2003 344 2029 haec
358 2003 607 2038 eloquentia,quam
622 2004 787 2038 quaerimus,
801 2011 844 2029 se-

50 2040 166 2066 vocanda
185 2044 233 2066 est.
268 2041 332 2066 Nam
353 2041 430 2066 etiam
447 2045 537 2075 poetae
552 2041 734 2075 quacstionem
749 2040 846 2066 attule-

50 2082 119 2108 runt,
136 2077 264 2112 quidnam
280 2082 350 2104 esset
364 2078 439 2109 illud,
456 2086 510 2112 qno
525 2079 575 2112 ipsi
590 2078 725 2104 differrent
739 2078 772 2103 ab
786 2086 845 2104 ora—

51 2114 161 2141 toribus.
188 2115 305 2141 Numero
319 2115 435 2141 maxime
451 2115 610 2141 videbantur
623 2120 697 2141 antea
712 2119 737 2141 et
748 2123 842 2142 versu:

11 2181 13 2184 ¹
51 2160 121 2178 nunc
147 2152 218 2186 apud
241 2156 356 2178 oratores
379 2153 432 2178 iam
455 2153 512 2187 ipse
535 2161 664 2179 numerus
686 2153 842 2179 increbruit.

51 2189 92 2215 67.
111 2188 250 2224 Quidquid
265 2194 305 2215 est
318 2189 399 2220 enim,
416 2189 487 2224 quod
502 2190 553 2216 sub
568 2190 673 2216 aurium
689 2199 843 2216 mensuram

51 2225 167 2261 aliquam
182 2227 259 2258 cadit,
277 2227 380 2253 etiamsi
395 2227 469 2253 alicst
482 2236 496 2253 a
511 2236 599 2258 versu,
613 2227 683 2262 (nam
696 2228 721 2253 id
733 2227 843 2262 quidem

51 2264 175 2291 orationis
198 2268 238 2290 est
261 2263 378 2299 vitium,)
401 2273 530 2290 numerus
546 2269 661 2296 vocatur,
682 2265 730 2300 qui
745 2266 844 2291 Graece

67 2301 156 2336 υθμός
169 2301 276 2328 (licitur.
311 2302 402 2336 Itaque
422 2301 499 2327 video
514 2302 603 2328 visum
622 2311 680 2328 csse
696 2302 841 2333 nonnullis,

73 2337 166 2365 {atonis
184 2343 210 2365 et
226 2339 367 2365 Democriti
388 2338 555 2370 locutionem,
577 2340 625 2365 etsi
641 2339 710 2365 absit
724 2348 737 2365 a
752 2348 842 2371 versu,

51 2378 148 2407 tamen,
168 2376 240 2411 quod
258 2377 394 2403 incitatius
413 2375 512 2402 feratur
530 2380 556 2402 et
573 2376 730 2403 clarissimis
750 2377 845 2403 vcrbo-

51 2420 110 2439 rum
134 2412 283 2439 luminibus
311 2418 413 2445 utatur,
447 2414 534 2448 potius
563 2422 656 2448 poema
682 2414 841 2448 putandum,

51 2457 131 2484 quam
149 2451 310 2477 comicorum
335 2456 485 2485 poetarum,
513 2451 584 2485 apud
602 2459 679 2485 quOS,
702 2451 752 2477 uisi
771 2451 844 2486 quod

52 2487 177 2514 versiculi
198 2492 270 2519 sunt,
297 2488 363 2514 nihil
388 2493 428 2514 est
451 2488 524 2514 aliud
544 2488 692 2523 quotidiani
711 2488 844 2514 dissimile

52 2525 190 2551 sermonis.
218 2526 271 2552 Nec
293 2529 380 2552 tamen
402 2526 430 2552 id
452 2530 492 2552 est
511 2530 601 2560 poetae
620 2526 778 2556 maximum,
795 2526 844 2552 etsi

52 2565 91 2587 est
103 2569 134 2588 eo
147 2561 314 2594 laudabilior,
325 2563 398 2598 quod
413 2563 524 2589 virtutos
538 2563 647 2589 oratoris
663 2563 842 2597 persequitur,

52 2605 135 2633 quum
159 2608 239 2626 versu
262 2600 297 2626 sit
315 2600 454 2627 astrictior.
489 2602 530 2626 68.
547 2601 603 2635 Ego
626 2605 714 2627 autem
739 2601 842 2626 etiamsi

52 2636 227 2670 quorumdam
247 2637 355 2673 grandis
374 2642 399 2663 et
416 2642 505 2664 ornata
525 2646 575 2664 vox
589 2642 629 2664 est
643 2642 788 2672 poetarum,
806 2642 845 2663 ta-

53 2680 112 2700 men
125 2674 152 2700 in
167 2682 196 2700 ea
207 2683 292 2709 quum
306 2674 438 2702 licentiam
450 2679 538 2702 statuo
549 2676 674 2702 maiorem
686 2683 753 2707 esse,
762 2683 843 2710 quam
872 2677 874 2699 1

851 134 905 161 CA
920 135 948 160 P.
985 136 993 160 l

867 693 868 697 ’
898 692 949 717 bus
969 692 1002 717 ita
1021 691 1099 721 dicet,
1116 695 1145 716 ut
1159 691 1260 725 probet,
1278 695 1306 717 ut
1320 690 1439 721 delectet,
1457 696 1485 717 ut
1499 690 1593 717 flectat.

873 1834 874 1854 i
897 1819 935 1841 tes
958 1815 985 1841 in
1008 1815 1080 1841 omni
1104 1819 1129 1840 et
1150 1823 1246 1849 gencre
1269 1819 1294 1840 ct
1313 1819 1385 1848 parto
1404 1822 1571 1839 caussarum.

873 2178 874 2181 ,
896 2152 1076 2186 omnibusque
1101 2151 1180 2177 rebus
1204 2150 1351 2177 videndum
1378 2155 1430 2180 cst,

873 2187 874 2194 ¹
896 2190 966 2215 cnim
990 2198 1057 2215 suus
1075 2189 1174 2223 cuique
1194 2188 1290 2214 modus
1309 2192 1356 2218 cst,
1383 2192 1469 2213 tamcn
1485 2187 1570 2221 magis
1584 2186 1692 2212 offendit

1000 135 1015 160 5
1035 149 1070 153 —
1092 135 1135 160 22.
1643 137 1687 161 ⁴07

897 206 925 231 in
948 205 1038 237 nobis,
1064 204 1245 231 faciendorum
1267 204 1518 240 iungendorumque
1538 206 1687 233 verborum.

898 247 955 268 tum
983 243 1062 269 etiam
1090 242 1280 269 nonnullorum
1303 241 1434 277 voluptati
1458 242 1570 268 vocibus
1593 244 1687 279 magis.

897 289 978 315 quam
997 280 1077 306 rebus
1090 280 1250 306 inserviunt.
1281 280 1334 305 Nec
1348 288 1418 310 ver0,
1435 280 1457 305 si
1471 279 1538 314 quid
1552 284 1592 306 est
1606 289 1689 306 unum

898 318 966 344 inter
987 326 1032 344 eos
1057 317 1154 349 simile,
1174 317 1212 352 (id
1230 321 1317 343 autem
1336 321 1376 343 est
1395 317 1526 343 iudicium
1544 317 1691 352 electioque

898 354 1062 389 verborum.)
1080 359 1217 390 propterea
1235 358 1381 381 ceterarum
1395 363 1484 381 rerum
1498 354 1692 381 dissimilitudo

898 392 1012 427 intelligi
1035 401 1087 418 non
1111 396 1209 426 potest3
1232 392 1279 418 sed
1302 392 1330 418 id
1353 400 1401 418 nec
1422 392 1537 418 dubium
1556 397 1596 418 est
1614 397 1647 423 et,
1669 393 1689 418 si

898 430 964 464 quid
980 430 1058 456 habet
1071 430 1244 464 quaestionis,
1261 429 1310 455 hoc
1324 434 1412 456 tamen
1426 430 1514 464 ipsum
1530 429 1562 456 ad
1574 429 1690 465 id‚quod

899 467 1064 502 propositum
1079 471 1126 497 est,
1144 475 1195 493 non
1211 471 1250 493 est
1264 467 1454 493 necessarium.
1481 467 1624 493 Seiunctus
1639 468 1692 502 igi-

898 509 941 530 tur
963 509 1048 531 orator
1069 513 1083 530 a
1105 504 1326 539 philosophorum
1345 504 1505 539 eloquentia,
1526 513 1539 530 3
1558 504 1692 539 sophista-

899 551 968 573 rum,
993 542 1026 568 ab
1045 542 1240 572 historicorum,
1266 550 1279 567 a
1297 546 1444 576 poetarum,
1462 542 1638 577 explicandus
1652 547 1692 568 est

899 580 984 609 nobis,
1001 578 1088 613 qualis
1103 578 1211 604 futurus
1225 579 1268 605 sit.

953 617 1027 642 XXI.
1043 618 1083 642 69.
1099 616 1156 642 Erit
1170 616 1252 651 igitur
1265 615 1393 658 eloquens
1404 616 1485 651 (hunc
1496 617 1576 647 enim,
1586 621 1691 643 auctore

898 654 1020 685 Antonio,
1037 654 1222 688 quaerimus)
1216 654 1307 688 1s‚qui
1321 654 1347 679 in
1364 653 1418 679 foro
1432 655 1590 689 caussisque
1603 654 1691 680 civili-

1628 692 1691 717 Pro-

898 729 959 755 bare
979 729 1144 754 necessitatis
1162 733 1210 759 est,
1227 728 1356 754 delectare
1370 728 1518 759 suavitatis,
1535 728 1636 755 flectere
1651 730 1691 754 vi—

897 766 1003 792 ctoriae.
1041 766 1107 791 Nam
1131 765 1158 791 id
1181 774 1266 791 unum
1290 774 1322 791 ex
1340 765 1465 791 omnibus
1483 766 1516 791 ad
1533 766 1691 792 obtinendas

898 812 1006 829 caussas
1024 807 1110 837 potest
1128 802 1287 837 plurimum.
1322 802 1373 829 Sed
1392 807 1457 837 quot
1470 802 1555 829 officia
1570 804 1688 833 oratoris,

899 845 935 867 tot
953 845 1016 867 sunt
1033 849 1129 876 genera
1147 840 1267 866 dicendi:
1290 840 1388 866 subtile
1402 841 1428 866 in
1444 840 1588 874 probando⁷
1605 840 1691 866 modi-

898 887 959 904 cum
982 878 1009 904 in
1033 877 1196 909 delectando,
1222 878 1366 904 vehemens
1385 878 1412 903 in
1426 877 1567 910 flectendo,
1596 879 1622 904 in
1637 886 1690 912 quo

898 924 952 942 uno
966 916 1007 941 vis
1021 916 1108 941 omnis
1122 916 1231 941 oratoris
1246 920 1294 941 est
1328 916 1370 941 70.
1387 915 1475 948 Magni
1490 916 1572 951 igitur
1586 915 1688 945 iudicii

898 962 1020 979 summae
1038 953 1117 978 etiam
1136 952 1268 979 facultatis
1286 961 1344 978 esse
1364 943 1471 978 debebit
1484 952 1632 979 moderator
1646 952 1691 978 ille

898 995 923 1017 et
936 991 1014 1025 quasi
1028 995 1188 1024 temperator
1202 990 1284 1016 huius
1299 990 1443 1025 tripartitae
1458 990 1601 1016 varietatis.
1625 990 1691 1015 Nam

897 1032 922 1054 et
935 1028 1072 1058 iudicabit,
1085 1027 1151 1062 quid
1162 1028 1260 1062 cuique
1270 1036 1338 1062 opus
1350 1028 1392 1058 sit,
1409 1031 1434 1053 et
1448 1028 1551 1062 poterit,
1560 1036 1692 1062 quocum-

897 1074 950 1100 que
964 1065 1043 1091 modo
1057 1065 1203 1100 postulabit
1216 1065 1423 1096 caussa‚tlicere.
1444 1065 1496 1091 Sed
1511 1069 1550 1091 est
1564 1065 1692 1099 eloquen-

896 1104 957 1134 tiae,
970 1104 1040 1129 sicut
1051 1102 1215 1137 reliquarum
1227 1111 1325 1134 rerum,
1335 1102 1539 1128 fundamentum
1550 1102 1689 1137 sapientia.

898 1140 931 1167 Ut
953 1141 1024 1167 enim
1043 1140 1070 1166 in
1090 1141 1152 1171 vita,
1173 1141 1212 1166 sic
1230 1141 1257 1166 in
1276 1141 1391 1166 oratione
1406 1139 1472 1166 nihil
1488 1144 1527 1166 est
1541 1139 1688 1170 difficilius,

896 1187 977 1213 quam
991 1178 1058 1213 quid
1072 1177 1163 1204 deceat
1176 1178 1280 1204 videre:
1296 1179 1397 1213 πρέπον
1407 1177 1541 1212 appellant
1550 1177 1600 1203 hoc
1610 1177 1692 1203 Grae-

896 1216 934 1248 ci,
958 1224 1005 1242 nos
1021 1215 1142 1241 dicamus
1157 1223 1219 1241 sane
1233 1215 1370 1242 decorum.
1403 1216 1439 1241 De
1454 1223 1507 1249 quo
1521 1214 1652 1249 praeclare
1667 1219 1692 1240 et

897 1253 980 1279 multa
995 1253 1196 1288 praecipiuntur
1214 1257 1239 1279 et
1252 1261 1293 1278 res
1308 1257 1348 1279 est
1361 1253 1510 1288 cognitione
1521 1252 1689 1288 dignissima.

897 1291 983 1316 Huius
999 1291 1163 1326 ignoratione
1182 1299 1234 1316 non
1252 1290 1331 1316 modo
1349 1291 1375 1317 in
1391 1291 1452 1321 vita,
1474 1290 1520 1316 sed
1535 1290 1691 1324 saepissime

897 1333 921 1354 et
935 1329 962 1354 in
978 1328 1106 1362 poematis
1121 1332 1146 1354 et
1159 1328 1186 1354 in
1200 1329 1317 1354 oratione
1332 1332 1464 1362 peccatur.
1479 1328 1521 1353 71.
1534 1328 1581 1353 Est
1591 1332 1688 1357 autem,

897 1365 963 1400 quid
982 1365 1080 1396 deceat,
1101 1366 1195 1391 oratori
1210 1365 1357 1391 videndum
1377 1374 1428 1391 non
1447 1365 1474 1390 in
1492 1365 1630 1390 sententiis
1649 1373 1691 1390 so-

899 1402 963 1434 lum,
980 1403 1027 1429 sed
1041 1403 1120 1428 etiam
1134 1403 1162 1428 in
1177 1403 1276 1428 verbis.
1311 1403 1368 1429 Non
1387 1403 1458 1428 enim
1473 1402 1560 1428 omnis
1576 1401 1688 1432 fortuna,

898 1449 949 1466 non
972 1440 1059 1466 omnis
1079 1440 1172 1471 honOS,
1194 1449 1245 1466 non
1264 1441 1351 1466 omnis
1370 1440 1520 1470 auctoritas,
1538 1448 1588 1465 non
1603 1440 1691 1465 omnis

873 1495 875 1501 ι
897 1482 976 1509 aetas,
1002 1486 1049 1503 nec
1072 1486 1133 1503 vcro
1153 1478 1226 1503 locus
1245 1481 1290 1503 aut
1309 1482 1414 1511 tempus
1429 1481 1474 1503 aut
1487 1477 1590 1503 auditor
1604 1477 1691 1502 omnis

897 1515 989 1541 eodem
1008 1519 1053 1541 aut
1072 1515 1213 1541 verborum
1232 1523 1327 1549 genere
1347 1514 1499 1540 tractandus
1519 1519 1557 1540 est
1571 1518 1616 1540 aut
1630 1522 1692 1539 sen—

898 1553 1049 1584 tentiarum,
1067 1560 1226 1587 semperque
1242 1553 1267 1578 in
1282 1552 1353 1578 omni
1370 1556 1442 1586 parte
1455 1552 1590 1582 orationis,
1612 1555 1641 1577 ut
1652 1551 1692 1576 vi-

897 1595 945 1621 tae,
970 1590 1036 1624 quid
1055 1590 1154 1619 deceat,
1171 1594 1211 1615 cst
1224 1589 1462 1615 considerandum:
1485 1589 1556 1623 quod
1572 1593 1596 1614 et
1611 1589 1637 1614 in
1652 1596 1688 1614 re.

896 1627 929 1653 de
947 1636 1000 1662 qua
1019 1628 1114 1662 agitur,
1135 1627 1252 1661 positum
1268 1631 1315 1657 est,
1333 1632 1357 1652 ct
1373 1628 1398 1652 in
1414 1627 1534 1661 personis
1548 1630 1573 1652 ct
1587 1634 1688 1652 corum.

896 1665 942 1700 qui
957 1665 1058 1695 dicunt,
1080 1668 1105 1690 ct
1122 1672 1223 1695 eorum,
1240 1665 1285 1699 qni
1302 1665 1423 1690 audiunt.
1457 1665 1498 1690 72.
1514 1665 1605 1698 ltaquc
1621 1663 1691 1689 hunc

898 1702 984 1728 locum
1001 1702 1077 1737 longe
1092 1706 1117 1728 ct
1132 1701 1181 1727 late
1196 1706 1328 1736 patcntcm
1344 1701 1496 1736 philosophi
1511 1701 1596 1727 solent
1611 1702 1636 1726 in
1651 1700 1691 1726 of-

897 1740 964 1766 ficiis
979 1744 1096 1769 tractare,
1107 1739 1168 1773 (non
1183 1748 1267 1774 quum
1283 1739 1316 1764 de
1327 1744 1396 1765 rccto
1408 1740 1465 1773 ipso
1476 1739 1620 1773 disputant,
1631 1746 1689 1763 nam

896 1777 923 1803 id
937 1777 1047 1812 quidem
1062 1786 1147 1802 unum
1163 1776 1227 1811 cst3)
1245 1777 1411 1809 grammatici
1424 1777 1449 1802 in
1462 1777 1554 1811 poetis,
1564 1775 1691 1809 cloquen-

1606 1813 1690 1844 Quam

896 1853 967 1878 enim
982 1852 1138 1878 indecorum
1153 1856 1201 1883 est,
1218 1852 1250 1877 (lc
1264 1851 1409 1877 stillicidiis
1424 1860 1508 1886 quum
1520 1850 1591 1885 apud
1607 1859 1689 1876 unum

897 1927 1034 1957 munibus,
1059 1927 1092 1952 (lc
1111 1928 1246 1952 maicstate
1266 1926 1357 1961 populi
1375 1926 1485 1952 Romani
1504 1925 1649 1951 summisse
1668 1930 1691 1950 ct

897 1964 1044 1991 subtiliter!
1080 1964 1164 1990 xxu.
1190 1965 1237 1989 llic.
1260 1972 1357 1997 ,arcuere
1380 1968 1441 1993 toto,
1467 1967 1492 1988 at
1516 1971 1627 1997 persona
1647 1962 1690 1987 alii

873 2011 874 2018 ¹
897 2006 1005 2036 peccant
1029 2006 1074 2028 aut
1096 2010 1143 2027 sua
1168 2007 1213 2027 aut
1234 2002 1354 2027 iudicum
1374 2001 1511 2027 autetiam
1526 1999 1692 2026 adversario-

873 2058 874 2073 ,
897 2048 965 2070 rum,
992 2048 1040 2065 nce
1063 2048 1089 2065 re
1113 2039 1209 2070 solum,
1234 2038 1280 2064 scd
1299 2047 1378 2072 sacpc
1396 2038 1489 2070 verbo,

1522 2038 1570 2063 etsi
1589 2037 1646 2063 sinc
1666 2046 1691 2062 re

897 2076 970 2103 nulla
989 2077 1030 2103 vis
1052 2077 1126 2102 vorbi
1145 2081 1192 2107 est,
1215 2081 1301 2102 tamcn
1317 2076 1408 2101 cadcm
1424 2084 1464 2101 rcs
1479 2083 1557 2109 saepe
1572 2079 1617 2100 aut
1632 2082 1691 2108 pro-

897 2114 974 2140 batur
992 2119 1037 2140 aut
1056 2114 1173 2140 rciicitur
1191 2113 1242 2139 alio
1257 2118 1335 2148 atquc
1349 2113 1400 2139 alio
1414 2113 1480 2138 clata
1495 2112 1584 2138 verbo.
1607 2112 1648 2137 7³.
1664 2112 1690 2136 ln

1460 2154 1606 2184 quatenus:
1642 2149 1689 2174 cisi

897 2227 1020 2257 nimium,
1036 2235 1081 2260 qur
1077 2235 1117 2251 ιιιι
1134 2235 1237 2260 parum.
1266 2226 1292 2251 ln
1308 2225 1482 2260 ‹111‹i.-·X11‹llcs
1498 2225 1610 2258 pic-tows
1624 2232 1691 2258 quo·

895 2272 948 2298 quc
962 2272 1006 2289 cos
1022 2272 1091 2297 pecc
1087 2271 1129 2288 ιῐιιι
1144 2263 1256 2293 dicc;,l›it
1273 2263 1319 2297 qui
1336 2271 1385 2288 non
1401 2262 1537 2289 sc·,utiicnt
1546 2260 1690 2295 quidcssct

896 2301 970 2326 satis.
1006 2301 1064 2335 Mzgl
1057 2309 1118 2326 nus
1137 2305 1177 2326 est
1192 2300 1265 2325 locus
1281 2300 1332 2330 liic,
1349 2300 1435 2327 131·=,1u‹
1456 2298 1528 2333 quod
1544 2303 1567 2324 tc
1583 2306 1633 2323 nou
1650 2297 1691 2322 fu-

895 2339 942 2373 git,
965 2342 989 2364 ct
1004 2347 1053 2371 ma,¹
1048 2346 1130 2369 'uum
1148 2337 1272 2363 volumen
1287 2320 1360 2362 aliiid
1375 2336 1520 2362 ‹lcsiilcizrit
1544 2335 1591 2360 scd
1606 2334 1638 2360 nd
1654 2334 1688 2362 id.

896 2376 967 2410 quod
987 2385 1018 2408 ag,
1012 2365 1083 2405 itur,
1106 2374 1173 2400 illud
1192 2375 1266 2400 satis.
1301 2374 1390 2406 Quum
1412 2374 1459 2398 hoc
1478 2373 1583 2402 ‹lm—‚re
1605 2372 1690 2407 (quod

896 2421 1002 2455 sempor
1017 2420 1180 2446 usurpamus
1196 2412 1221 2437 in
1236 2412 1362 2437 omnibus
1376 2411 1454 2436 ‹littis
1469 2415 1493 2435 ct
1509 2409 1593 2439 factis
1610 2410 1690 2435 mini-

897 2451 947 2476 mis
961 2454 986 2475 ct
1001 2450 1134 2478 maximis
1141 2448 1147 2482 )
1161 2457 1245 2483 quum
1262 2449 1318 2478 hoc
1328 2449 1447 2482 inquam,
1455 2448 1548 2473 dcccrc
1558 2446 1688 2475 dicamus

897 2487 963 2513 illud
984 2496 1034 2513 uon
1053 2486 1155 2517 dccci-c,
1181 2491 1205 2512 ct
1225 2486 1250 2511 id
1271 2493 1475 2520 usqucquaquc,
1496 2488 1627 2518 quantum
1645 2486 1688 2513 sit

896 2528 1032 2559 appareat,
1064 2524 1090 2549 in
1114 2507 1220 2558 aliliquc
1245 2528 1357 2557 ponatur
1381 2522 1509 2557 aliudque
1533 2526 1616 2547 totum
1644 2522 1678 2547 sit

897 2567 986 2588 utrum
1006 2561 1108 2590 decere,
1125 2569 1157 2587 au
1172 2566 1292 2595 oportcrc
1306 2561 1392 2586 dicus:
1415 2561 1457 2586 74.
1474 2561 1603 2594 (oportere
1617 2559 1687 2585 cnim

897 2599 1084 2634 pcrfcctionem
1099 2598 1213 2624 declarat
1227 2597 1317 2626 oflicii,
1334 2606 1389 2632 quo
1402 2602 1426 2623 ct
1440 2605 1546 2631 semper
1560 2596 1690 2622 utendum

896 2641 935 2662 cst
953 2641 978 2662 ct
992 2636 1118 2662 omnibus
1136 2635 1229 2661 dcccrc
1248 2635 1324 2670 quasi
1339 2640 1431 2669 aptum
1446 2643 1504 2660 cssc
1517 2638 1690 2659 consentanc—

897 2682 997 2708 umque
1021 2674 1131 2708 tempori
1155 2677 1180 2699 et
1204 2681 1343 2707 pcrsonue,
1374 2672 1446 2707 quod
1464 2680 1548 2707 quum
1569 2672 1595 2697 in
1616 2671 1690 2696 factis
