1941 3052
732 170 1062 198 FRAGMENTA.

72 245 118 276 Et,
140 252 227 279 quum
241 248 341 270 tantam
363 243 389 269 in
410 243 454 269 liis
475 243 638 278 imperitiam
662 242 869 276 barbariamque

72 290 264 317 agnoscamus.
281 286 405 307 tamenne
418 282 466 306 ista
479 280 587 315 penitus
598 280 687 306 inania
701 280 871 314 pertinaciter

71 318 268 346 defendemus?
284 318 438 353 Eademque
454 318 559 344 inscitia
571 326 664 352 cepas.
677 317 753 347 allia,
768 316 870 342 fructus

72 361 183 387 ceteros,
197 357 244 391 qui
255 357 379 383 oriuntur
390 364 403 382 e
415 360 492 386 terra,
505 355 532 381 in
544 354 655 381 deorum
671 362 782 380 numero
793 362 872 388 repo·
892 362 901 370 v*

327 395 386 420 209.
408 392 495 424 Quae.
514 391 586 418 haud
602 393 671 422 scio,
694 400 742 418 cur
758 391 871 426 longiori
892 387 894 409 ἶ

72 395 127 420 suit
137 393 286 429 Aegyptus

72 432 191 458 oratione
207 431 328 457 refellere
344 431 379 456 sit
394 438 513 456 necesse.
554 429 725 455 Incredibilis
741 434 781 454 est
799 429 871 454 enim

73 477 166 496 eorum
178 468 344 498 absurditas,
367 472 396 494 ut
411 467 485 493 nulla
501 475 560 493 esse
574 467 659 501 possit
670 471 715 493 aut
726 466 872 501 pertinacia

73 511 119 533 aut
130 506 264 541 imperitia
276 510 355 535 tanta,
364 514 433 540 quae
445 513 496 530 non
510 505 558 530 ista
571 509 728 539 aspernetur
740 508 819 538 atque
831 511 870 528 re-

73 543 169 579 fugiat.
210 543 313 569 Imbres
325 547 428 573 antem,
449 542 548 573 nimbi,
565 541 697 576 procellae
713 541 736 567 si
749 550 762 567 a
774 540 872 567 nostris

72 585 241 608 consecratae
255 585 332 611 sunt,
356 580 382 606 id
395 580 594 614 antiquissimis
606 578 699 613 populi
713 578 824 604 Romani
836 578 873 603 ri—

74 618 148 644 tibus
168 627 198 645 ac
218 618 390 644 caerimoniis
414 622 551 651 receptum
572 622 597 642 et
618 613 804 642 confirmatum
822 619 870 640 est.

73 655 146 688 Quae
158 655 215 682 tolli
227 660 272 682 aut
282 655 448 690 perturbari,
465 663 550 689 quum
566 659 591 680 et
605 655 670 680 satis
683 653 758 679 firma
773 653 873 679 ratione

73 732 132 757 sine
143 730 245 757 nefario
256 730 356 756 scelere
369 739 420 756 non
433 734 555 764 possunt.
578 730 636 755 240.
646 728 787 755 Graeciam
799 735 871 757 vero,

73 777 155 803 quam
167 767 258 803 paullo
270 773 328 794 ante
346 767 473 793 laudibus
489 767 659 796 ornavimus,
683 765 732 792 hoc
749 764 805 791 loco
821 772 873 789 non
895 775 903 786 ν

73 815 137 832 sane
158 805 267 832 laudare
292 814 452 840 possumus,
475 813 545 839 quae
561 803 709 838 Cupidines
725 807 749 829 et
763 802 874 828 Amores

73 844 139 870 satis
151 843 277 870 audacter
287 848 313 869 et
324 848 422 869 temere
436 843 463 868 in
477 842 627 877 gymnasiis
643 840 811 874 aedibusque
823 847 875 873 pu—

74 881 155 908 blicis
170 880 342 907 consecrarit.
383 879 454 912 Quid
474 880 546 905 enim
564 878 693 912 Cupidini
709 882 754 903 aut
769 876 876 903 Amori-

73 918 126 945 bus
147 927 209 945 cum
224 917 394 954 gymnasiis?
412 921 458 943 aut
475 916 541 951 quid
558 925 588 941 ea
604 916 766 941 consecratio
782 913 825 940 vel
842 912 875 939 ad

73 956 301 983 considerandum
316 955 358 981 vel
371 955 403 981 ad
416 954 578 980 imitandum
590 953 681 979 afferre
694 952 781 987 potuit
792 951 876 977 hone-

74 995 150 1020 statis
161 998 207 1020 aut
221 992 304 1019 boni‘?
344 992 403 1019 Lx.
428 993 485 1019 244.
512 990 586 1017 Nihil
603 991 675 1016 enim
690 989 873 1019 temerarium,

74 1031 142 1058 nihil
165 1031 298 1065 insipiens
317 1030 345 1056 in
364 1029 476 1056 deorum
495 1028 693 1055 consecratione
709 1035 768 1053 esse
783 1026 872 1056 debet.

73 1077 137 1100 nec,
159 1068 233 1104 quod
247 1067 330 1094 ullam
348 1067 389 1093 vel
406 1066 573 1093 levissimam
586 1070 631 1092 aut
642 1064 819 1100 turpitudinis
831 1068 876 1089 aut

73 1106 159 1133 ullius
169 1106 279 1132 omnino
291 1104 475 1139 impudentiae
486 1104 670 1139 suspicionem
682 1102 781 1128 afferat.
803 1101 876 1133 Qua-

75 1143 113 1170 les
129 1143 217 1170 videri
232 1148 346 1178 possunt
361 1151 453 1168 eorum
469 1141 696 1171 consecrationes,
719 1147 835 1174 quorum
847 1139 874 1164 in

74 1181 157 1208 rebus
173 1181 298 1216 probitati
315 1179 466 1215 pudorique
482 1179 623 1205 contrariis
640 1185 740 1204 numen
756 1185 815 1203 esse
827 1184 876 1210 po-

74 1219 211 1253 tentiaque
221 1218 350 1244 creditur.
389 1217 442 1249 Qui
458 1225 521 1252 ergo
536 1216 569 1242 ad
585 1216 725 1242 hominum
739 1216 821 1240 vitam
832 1212 875 1239 vel

74 1255 257 1283 adiuvandam
273 1255 315 1282 vel
332 1254 507 1281 excolendam
524 1259 603 1288 atque
622 1252 805 1279 exornandam
826 1250 876 1277 ali-

73 1294 141 1329 quid
158 1293 317 1323 attulerunt.
341 1293 444 1327 quique
464 1291 611 1318 virtutibus
628 1298 772 1324 rerumque
787 1293 876 1325 gesta-

75 1340 135 1358 rum
146 1331 231 1367 gloria
243 1331 446 1365 praestiterunt,
462 1338 507 1355 eos
520 1337 598 1355 nemo
609 1328 727 1358 dubitet,
743 1328 800 1353 iure
812 1326 875 1352 deos

74 1369 194 1399 habitos,
217 1368 365 1402 divinoque
380 1367 453 1393 cultu
471 1366 578 1392 affectos
600 1374 669 1392 esse.
710 1365 803 1400 Neque
827 1372 876 1399 ego

74 1406 131 1433 ullo
147 1410 223 1441 pacto
236 1406 363 1432 auderem
381 1405 430 1431 hoc
446 1406 551 1439 primus
568 1403 689 1439 prodere.
730 1403 788 1428 Non
803 1402 875 1428 enim

75 1449 128 1471 tam
141 1443 270 1474 studiose,
285 1452 353 1478 quae
366 1442 468 1469 laudari
481 1446 603 1476 possunt,
617 1445 726 1475 appeto,
740 1448 821 1475 quam
834 1447 876 1465 re-

74 1481 219 1508 formidare
231 1490 260 1507 ea
272 1480 353 1511 soleo,
367 1489 400 1506 ex
411 1479 513 1515 quibus
525 1479 609 1514 possit
620 1477 725 1513 aliquid
737 1477 778 1503 vel
793 1477 877 1503 levio-

74 1520 112 1546 ris
130 1518 225 1553 culpae
241 1518 402 1545 redundare.
443 1519 502 1543 2⁴⁶2.
525 1517 614 1549 Quum
631 1524 694 1542 vero
709 1520 735 1542 et
750 1523 836 1541 mares
851 1518 877 1540 et

74 1556 190 1583 feminas
201 1556 354 1590 complures
366 1556 392 1581 in
405 1555 517 1581 deorum
530 1562 641 1580 numero
652 1562 710 1579 esse
722 1552 874 1582 videamus,

74 1599 100 1621 et
111 1603 203 1621 eorum
216 1594 243 1620 in
256 1593 371 1620 urbibus
386 1598 465 1627 atque
480 1592 552 1627 agris
568 1591 762 1627 augustissima
777 1589 876 1624 templa

74 1640 249 1658 veneremur:
272 1631 452 1657 assentiamur
467 1638 558 1656 eorum
575 1629 737 1663 sapientiae,
760 1635 875 1662 quorum

74 1669 193 1705 ingeniis
209 1673 234 1695 et
244 1669 362 1694 inventis
374 1676 481 1694 omnem
494 1668 576 1693 vitam
591 1666 698 1702 legibus
709 1670 734 1692 et
746 1665 876 1691 institutis

74 1744 154 1770 cibus
165 1744 287 1770 aberrare
300 1752 351 1770 non
365 1751 524 1777 possumus:
548 1750 596 1768 nec
608 1750 621 1767 a
634 1741 724 1771 nobis,
739 1740 786 1766 sed
798 1740 831 1766 ab
844 1739 877 1765 il-

75 1781 109 1808 lis
121 1783 198 1816 ipsis,
211 1790 279 1816 quos
291 1781 446 1815 sequimur.
464 1781 501 1806 rei
514 1785 566 1806 tam
580 1780 664 1805 iustae
676 1787 706 1804 ac
717 1778 823 1804 debitae
835 1786 877 1802 ra-

74 1820 111 1846 tio
122 1823 287 1854 reposcetur.
327 1819 386 1844 Iure
398 1818 470 1844 enim
487 1817 582 1843 fecisse
594 1816 707 1851 putandi
723 1820 799 1846 sunt,
817 1815 874 1850 qui.

75 1865 108 1883 ne
119 1865 200 1892 quem
216 1857 305 1883 virum
318 1860 363 1882 aut
375 1855 501 1881 feminam
515 1854 649 1889 praeclare
665 1854 786 1880 meritam
799 1852 878 1879 debi-

75 1899 101 1920 to
114 1894 213 1920 honore
224 1893 379 1928 spoliarent,
388 1901 480 1919 eornm
494 1892 650 1918 memoriam
663 1896 782 1917 sanctam
795 1898 878 1916 venc-

75 1931 243 1966 randamque
258 1939 318 1957 esse
334 1930 487 1957 voluerunt.
529 1931 582 1956 Nos
598 1934 687 1955 autem
703 1929 802 1955 iniuste
814 1936 878 1963 age-

75 1977 181 1999 remus,
199 1969 237 2000 si,
255 1977 323 2003 quos
334 1968 391 2003 pari
403 1967 476 1994 cultu
488 1967 712 2001 venerationeque
724 1965 878 2002 dignosco·
907 1977 909 1998 1

907 2018 908 2021 ¹
930 2004 1118 2031 iucundiorem
1139 2011 1315 2038 congressum
1338 2006 1458 2027 nostrum
1484 1999 1604 2025 futurum
1631 1998 1732 2024 intelli-

75 2007 232 2042 gnovimus,
245 2014 291 2032 eos
303 2010 456 2040 pateremur
467 2004 574 2031 silentio
586 2004 734 2039 praeteriri.

130 2043 268 2071 wilfi-³13.
291 2044 384 2078 Neque
401 2042 450 2069 hoe
465 2042 498 2068 de
514 2047 538 2068 te
550 2050 617 2072 una,
640 2049 698 2067 mea
715 2039 816 2070 Tullia,
835 2039 878 2065 di-

75 2086 149 2108 ctum
161 2081 302 2112 volumus,
320 2081 400 2107 cuius
411 2080 556 2106 exstabunt
569 2079 689 2109 virtutis,
707 2077 875 2112 prudentiae.
908 2091 909 2095 =

75 2118 227 2149 doctrinae,
250 2118 430 2144 continentiae
450 2117 482 2144 ad
498 2125 605 2143 omnem
627 2116 810 2142 aeternitatem
826 2115 878 2140 im-

75 2164 168 2192 pressa
180 2156 308 2191 vestigia,
326 2155 373 2181 sed
385 2155 418 2181 de
432 2155 464 2181 iis
475 2154 618 2185 omnibus=
641 2161 709 2188 quos
721 2152 766 2179 tali
780 2152 878 2177 honore
908 2158 909 2163 ¹

75 2194 173 2229 dignos
185 2198 231 2220 aut
242 2193 293 2228 ipsi
307 2192 436 2223 vidimus,
449 2197 495 2218 aut
507 2191 596 2218 futuro
608 2195 725 2225 tempore
738 2189 878 2225 posteritas
908 2218 909 2229 ἱ

76 2231 236 2265 intuebitur.
277 2231 355 2256 Nunc
369 2234 457 2256 autem
470 2229 539 2255 dete
553 2228 654 2263 loquar.
671 2236 753 2262 quam
765 2235 817 2253 non
829 2234 879 2261 ego

75 2269 204 2295 amissam
225 2272 271 2294 aut
289 2267 356 2294 milii
374 2267 482 2302 penitus
498 2266 650 2300 ademptam
673 2264 754 2291 velim
778 2264 876 2294 dicere,

75 2314 162 2341 quum
179 2305 317 2331 illucescat
333 2305 415 2331 menti
432 2312 506 2330 meae
521 2302 643 2338 quotidie
661 2303 747 2338 magis
759 2301 879 2336 praecla-

76 2344 182 2370 rissima
195 2343 312 2369 nominis
325 2343 362 2368 tui
375 2347 537 2375 tuarumque
549 2341 679 2366 virtutum
691 2339 786 2375 gloria.
818 2339 877 2364 att.

76 2380 188 2416 Vigebis
200 2385 289 2406 autem
302 2380 443 2410 memoria,
459 2378 592 2413 quamdiu
605 2381 777 2403 monumenta
789 2381 879 2402 exsta·
909 2393 910 2399 ,

76 2418 144 2444 bunt
156 2418 210 2448 itta,
225 2417 327 2452 quibus
339 2417 439 2443 eximia
450 2416 605 2451 consignata
616 2419 680 2441 sunt
691 2419 743 2441 tam
756 2413 878 2440 excelsae

77 2454 165 2482 laudis
178 2455 343 2486 testimonia,
361 2462 430 2489 quae
440 2454 603 2487 sempiterna
617 2451 685 2482 fore.
702 2460 788 2487 quum
802 2459 879 2486 prae-

76 2493 242 2519 stantissima
254 2493 321 2523 sint,
335 2491 413 2526 plane
425 2490 558 2517 confidere
569 2489 711 2516 debemus.
752 2489 813 2515 Tibi
827 2488 879 2523 igi-

77 2535 120 2556 tur
131 2538 279 2565 numquam
298 2538 339 2555 me
355 2529 478 2555 debitum
493 2527 656 2562 persolvisse
667 2526 787 2553 officium
800 2531 879 2560 puta-

76 2567 125 2598 120‚
143 2567 196 2593 nisi
208 2567 240 2593 de
253 2575 295 2593 me
305 2567 405 2601 optime
417 2566 534 2594 meritae,
553 2573 635 2599 quem
647 2565 746 2590 eximie
758 2563 876 2593 coluisti,

77 2613 106 2631 ac
120 2604 153 2630 de
167 2605 266 2639 patria,
284 2613 366 2639 quam
380 2611 487 2637 semper
501 2602 617 2632 ornasti,
635 2609 762 2636 supremo
779 2601 878 2626 bonore

76 2641 247 2668 decoravero.
288 2642 315 2668 ld
332 2647 421 2668 autem
439 2639 516 2666 facile
527 2647 689 2674 consequar,
705 2647 791 2674 qumn
804 2638 827 2663 is
840 2637 878 2663 lo-

76 2687 134 2710 cuS,
148 2687 230 2714 quem
241 2679 290 2705 tibi
302 2679 400 2715 delegi,
409 2678 601 2712 sempiternam
615 2676 757 2702 habiturus
768 2676 803 2701 sit
815 2674 879 2700 reli-

77 2717 195 2752 gionem.
236 2717 295 2743 2⁴5.
317 2717 410 2743 Nostra
423 2724 485 2742 vero
496 2715 519 2741 si
531 2723 584 2750 qua
596 2714 646 2741 erit
657 2722 691 2740 ex
702 2722 731 2740 ea
744 2721 771 2739 re
781 2720 878 2739 conso·

905 1293 907 1303 ”
928 1291 1046 1318 civitatis
1058 1296 1161 1317 nostrae
1172 1299 1250 1316 casus
1262 1290 1366 1315 curiose
1379 1293 1547 1314 notaverunt.

1653 171 1716 196 4303

922 241 993 272 latio,
1006 250 1075 277 quae
1087 250 1183 277 magna
1194 245 1264 268 certe
1275 241 1333 272 erit,
1342 245 1387 267 aut
1397 241 1420 266 si
1432 249 1484 275 qua
1497 239 1555 266 laus
1566 248 1600 266 ex
1611 245 1717 274 paterna

922 281 1028 314 pietate,
1039 279 1105 305 mihi
1116 284 1185 305 certe
1198 279 1393 305 iucundissima
1405 277 1541 304 acciderit.
1559 277 1632 303 Nihil
1645 279 1716 304 enim

922 317 996 343 aliud
1014 317 1053 342 vel
1071 316 1164 342 audire
1180 316 1221 342 vel
1239 317 1365 342 memoria
1382 321 1499 350 repetere
1516 315 1644 342 libentius
1656 324 1720 350 pos—

923 363 993 380 sum.
1006 363 1087 389 quam
1099 363 1141 380 me
1154 354 1180 379 in
1192 362 1264 383 eam,
1281 362 1361 388 quam
1373 362 1478 379 summe
1490 352 1632 379 dilexerim
1644 361 1720 378 sum-

923 400 1019 426 meque
1031 391 1196 427 diligendam
1212 392 1306 417 merito
1321 400 1370 417 suo
1383 391 1548 421 censuerim,
1566 399 1647 425 quam
1663 399 1720 416 ma-

924 430 995 455 xime
1007 430 1082 463 pium
1094 434 1254 464 gratumque
1266 437 1338 454 esse:
1353 437 1437 463 quum
1450 429 1607 462 praesertim
1620 427 1721 453 inalie-

924 475 981 497 nos,
990 467 1054 501 quia
1066 466 1098 492 de
1110 475 1138 492 se
1149 467 1249 501 optime
1262 471 1336 491 erant
1348 466 1445 496 meriti,
1455 471 1506 491 tam
1520 465 1639 500 prolixos
1652 465 1720 490 libe—

900 518 902 525 ι
924 503 1048 538 ralesque
1063 512 1122 529 sese
1138 508 1163 530 et
1179 504 1292 529 maiores
1305 503 1386 529 nostri
1401 507 1427 529 et
1440 503 1524 528 exteri
1536 502 1718 537 praebuerint.

924 540 1067 567 Lxllssztfi.
1084 540 1159 573 Quod
1175 541 1198 566 si
1210 540 1295 566 ullum
1309 549 1436 574 umquam
1449 540 1547 565 animal
1562 548 1720 565 consecran—

924 578 990 604 dum
1002 578 1061 608 suit,
1073 578 1162 613 qualia
1175 578 1259 604 multa
1270 578 1633 612 consecraveruntAegyptii,
1647 576 1719 612 quod

925 615 1030 641 nullum
1043 615 1160 650 profecto
1172 615 1235 641 fuit:
1252 616 1275 641 si
1287 615 1379 641 Cadmi
1392 614 1647 649 antAmphitrvonis
1660 622 1722 648 pro-

895 676 903 685 x,
925 653 1017 688 genies
1029 658 1074 679 aut
1088 652 1205 688 Tyndari
1217 653 1244 678 in
1254 652 1358 678 caelum
1371 652 1485 678 tollenda
1497 645 1643 678 fama'suit:
1658 652 1721 677 huic

74 694 201 724 nitantur,
215 697 241 719 et
252 702 303 719 usu
316 694 369 719 iam
381 693 440 727 ipso
451 691 604 718 confirmata
616 696 641 717 et
652 690 796 725 approbata
808 690 870 719 sint,
895 688 896 705 ³

925 690 996 716 idem
1009 690 1093 716 bonos
1105 695 1174 716 certe
1185 690 1317 715 dicandus
1328 695 1378 715 est.
1402 689 1477 721 Quod
1490 689 1600 724 quidem
1614 688 1719 719 faciam,

925 732 1004 762 teque
1015 729 1138 754 omnium
1154 728 1282 762 optimam
1299 727 1551 761 doctissimamque,
1569 726 1722 761 approban-

925 766 998 791 tibus
1009 765 1062 791 diis
1074 765 1272 791 immortalibus
1283 765 1358 799 ipsis,
1368 765 1395 790 in
1407 773 1498 790 eorum
1510 769 1586 790 coetu
1599 764 1719 794 locatam,

926 802 959 828 ad
979 804 1134 837 opinionem
1152 803 1274 829 omnium
1296 801 1449 828 mortalium
1470 801 1640 827 consecrabo.
1682 801 1721 826 Tu

903 847 904 855 ¹
926 848 989 876 ergo
1000 841 1027 866 in
1040 849 1070 866 eo
1082 841 1141 875 ipso
1153 840 1225 869 sano,
1251 839 1323 874 quod
1340 839 1372 865 ad
1388 840 1504 865 nominis
1515 840 1553 865 tui
1565 839 1721 864 memoriam

927 886 956 903 ac
973 877 1076 904 cultum
1094 883 1184 904 votum
1201 877 1408 911 dedicatumque
1425 881 1477 907 est,
1500 881 1525 902 et
1541 876 1643 902 laudari
1661 881 1683 901 te
1698 880 1724 901 et

926 914 977 941 coli
989 916 1099 942 senties.
1139 915 1255 941 Maxime
1266 919 1354 940 autem
1368 914 1508 940 laetaberis
1520 915 1547 939 in
1559 922 1598 943 eo,
1615 913 1687 948 quod
1699 917 1724 939 et

904 955 905 960 ¹
926 961 988 978 eum
1000 952 1059 983 tibi,
1073 961 1153 987 quem
1166 953 1282 978 maxime
1294 951 1386 982 debui.
1397 951 1523 977 bonorem
1536 950 1721 985 persolverim,

926 995 952 1016 et
966 998 1008 1016 me
1019 990 1101 1016 simul
1115 990 1288 1024 iniquissimo
1301 989 1420 1015 fortunae
1432 989 1546 1023 imperio
1557 989 1664 1023 penitus
1676 996 1725 1014 ex-

926 1027 1065 1053 solverim.
1106 1028 1181 1053 Nosti
1195 1028 1282 1057 enim,
1305 1035 1386 1061 qnam
1399 1035 1506 1061 semper
1517 1025 1596 1052 alacri
1610 1025 1724 1059 fortique

926 1066 1016 1091 animo
1032 1065 1136 1091 cunctis
1152 1065 1261 1090 casibus
1278 1064 1433 1089 restiterim:
1458 1069 1485 1089 ut
1503 1072 1534 1089 ne
1549 1072 1590 1089 me
1602 1062 1723 1097 quidem,

927 1102 1038 1138 pulsum
1059 1103 1143 1137 patria
1166 1103 1294 1136 omnique
1319 1101 1397 1135 plane
1418 1101 1548 1136 dignitate
1569 1100 1723 1135 spoliatum,

928 1146 981 1167 tam
993 1141 1046 1167 acri
1064 1141 1166 1174 impetu
1182 1139 1304 1174 frangere
1316 1147 1345 1164 ac
1357 1138 1471 1164 deiicere
1484 1138 1586 1163 fortuna
1601 1138 1724 1171 potuerit.

927 1179 986 1205 217.
1006 1178 1072 1205 Cum
1087 1178 1206 1203 inimicis
1218 1181 1306 1202 autem
1318 1181 1416 1211 quanta
1429 1176 1596 1201 contentione
1608 1175 1727 1200 decerta-

928 1217 1028 1247 verim,
1051 1223 1174 1250 quaeque
1191 1223 1248 1240 mea
1265 1213 1383 1240 fueritin
1397 1214 1429 1239 iis
1442 1212 1589 1239 refutandis
1602 1212 1727 1246 frangen-

928 1253 1025 1288 disque
1038 1254 1124 1280 virtus
1136 1257 1160 1279 et
1171 1252 1333 1281 constantia,
1351 1256 1447 1277 norunt
1458 1259 1565 1281 omneS,
1579 1250 1626 1284 qui
1639 1250 1727 1275 varios

1579 1288 1668 1319 Quum
1682 1294 1728 1312 ve-

929 1338 970 1360 ro,
988 1328 1089 1359 Tullia,
1113 1333 1136 1354 te
1153 1327 1220 1353 mihi
1237 1332 1356 1353 extremo
1373 1326 1428 1352 loco
1446 1325 1550 1352 fortuna
1571 1324 1726 1354 ademisset,

929 1372 985 1393 tum
998 1365 1124 1401 equidem
1138 1364 1272 1394 intellexi,
1295 1369 1425 1399 quantum
1444 1363 1488 1389 illa
1506 1372 1531 1388 in
1546 1362 1626 1388 rebus
1639 1366 1728 1396 posset

930 1404 1071 1434 humanis,
1094 1407 1248 1438 quantaque
1264 1401 1395 1427 adversus
1412 1409 1453 1426 me
1470 1402 1560 1435 ipsum
1573 1400 1599 1425 vi
1612 1408 1641 1425 ac
1654 1404 1728 1433 pote-

928 1447 994 1468 state
1007 1442 1146 1467 niteretur.
1174 1441 1264 1474 Itaque
1277 1438 1344 1465 niliil
1359 1438 1450 1468 habui,
1463 1437 1535 1472 quod
1546 1437 1672 1467 dicerem,
1687 1437 1729 1462 ni-

929 1480 965 1509 si,
982 1479 1066 1510 Cedo,
1084 1483 1109 1505 et
1126 1486 1234 1504 manum
1248 1476 1323 1505 tollo,
1342 1485 1440 1511 quum,
1460 1481 1511 1502 tam
1528 1475 1604 1509 gravi
1621 1479 1728 1508 accepto

929 1516 1050 1547 vulnerev
1066 1516 1143 1551 plane
1155 1515 1245 1541 dolore
1258 1513 1399 1549 perculsus
1411 1518 1489 1547 atque
1501 1512 1616 1539 afflictus
1629 1520 1726 1537 essem.

928 1556 987 1581 ⁶2¹8.
1010 1555 1086 1580 Nunc
1102 1558 1204 1583 autemv
1229 1557 1253 1578 et
1270 1552 1418 1586 praeceptis
1435 1551 1581 1585 sapientiae
1597 1549 1728 1575 adversus

929 1600 1035 1618 omnem
1049 1591 1169 1617 fortunae
1182 1591 1236 1616 vim
1249 1590 1422 1615 eontirnmtus
1438 1593 1476 1617 et,
1494 1593 1516 1613 te
1532 1592 1683 1613 consecrata
1703 1587 1727 1612 in

928 1629 1088 1664 caelumque
1100 1633 1214 1663 recepta,
1224 1632 1293 1653 tanta
1305 1627 1414 1652 affectus
1427 1625 1562 1659 voluptate
1577 1634 1606 1650 ac
1619 1624 1727 1653 laetitia,

906 1666 907 1682 ³
929 1672 1056 1702 quantam
1072 1667 1161 1692 animo
1177 1674 1272 1700 capere
1290 1665 1434 1690 maximam
1450 1672 1574 1697 possum,
1593 1661 1729 1687 exsultare

74 1706 210 1733 excultam
222 1706 450 1740 constitutamque
462 1704 604 1731 habemus.
638 1703 729 1730 Tantis
740 1704 812 1729 enim
825 1702 877 1728 du-
906 1711 907 1715 ¹

906 1765 907 1774 ,
928 1742 1018 1768 dolore
1031 1740 1178 1776 triumpho.

928 1705 1007 1739 plane
1019 1704 1122 1734 videor,
1137 1704 1275 1737 victorque
1286 1702 1319 1727 ‹le
1333 1701 1435 1727 fortuna
1449 1710 1478 1726 ae
1489 1700 1522 1725 de
1533 1700 1606 1725 omni
1620 1707 1730 1733 prorsus

1220 1741 1259 1766 Tu
1272 1748 1343 1775 ergo,
1357 1738 1466 1773 quando
1479 1746 1520 1763 me
1533 1738 1634 1772 insigni
1646 1741 1671 1762 et
1682 1744 1730 1762 ex-

929 1779 1036 1806 cellenti
1049 1784 1155 1806 tuarum
1169 1777 1247 1804 laude
1260 1777 1442 1810 memoriaque
1457 1776 1585 1801 virtutum
1594 1780 1644 1800 tam
1654 1782 1730 1808 prae-

906 1810 908 1817 *
929 1817 999 1843 clare
1015 1817 1124 1843 iuvisti:
1147 1824 1233 1845 nunc,
1252 1815 1285 1841 ab
1298 1813 1455 1840 bominibus
1467 1813 1601 1841 seiuncta.
1621 1820 1672 1837 non
1688 1819 1730 1837 me

929 1855 1066 1886 deserens,
1080 1853 1126 1880 sed
1138 1852 1283 1888 aliquando
1295 1856 1456 1886 respectans.
1467 1849 1566 1884 perduc
1578 1858 1617 1878 eo,
1627 1849 1674 1874 ubi
1687 1853 1730 1874 tua

930 1892 1037 1919 tandem
1049 1891 1225 1918 collocutione
1237 1894 1437 1924 conspectuque
1451 1887 1534 1914 fruar:
1551 1891 1613 1912 utet
1627 1886 1730 1920 parenti

930 1930 969 1956 tui
981 1930 1174 1959 amantissimo,
1186 1936 1267 1963 quam
1280 1927 1452 1962 potissimum
1462 1931 1553 1959 optare
1565 1924 1656 1953 debes.
1670 1932 1731 1958 grn-

931 1968 993 1994 tiam
1012 1967 1123 1997 referas,
1147 1971 1172 1992 et
1187 1974 1237 2001 ego
1254 1964 1337 1990 multo
1354 1963 1420 1989 milii
1437 1963 1579 1998 gratiorem
1593 1961 1731 1994 multoque

929 2052 1001 2078 gam,
1018 2051 1099 2077 quam
1113 2041 1235 2068 insuavis
1247 2045 1271 2066 et
1283 2039 1395 2065 acerbus
1407 2038 1545 2073 digressus
1557 2036 1617 2062 fuit.

1153 2136 1213 2162 ⁶284.
1246 2136 1264 2161 S
1275 2135 1294 2161 t·
1307 2135 1328 2161 N
1339 2136 1361 2161 O
1373 2135 1394 2160 N
1407 2134 1425 2160 Υ
1439 2134 1461 2159 Μ
1475 2134 1506 2159 Α.

931 2183 988 2207 (Mal.
1001 2183 1021 2201 tu
1032 2181 1098 2200 cimil.
1111 2181 1177 2200 Comi.
1189 2181 1287 2199 Ambros.
1299 2180 1352 2198 LVI.
1364 2180 1399 2202 qut
1410 2180 1449 2197 linc
1459 2184 1511 2201 opus
1527 2178 1620 2200 spurium
1635 2176 1719 2194 luunt-1.

1260 2236 1392 2248 *unv—

1301 2302 1360 2326 2⁸3.

1209 2355 1241 2387 Q.
1275 2354 1456 2381 etenim

949 2411 1051 2448 DE
1139 2406 1489 2446 PE't‘t't‘l

1121 2473 1536 2505 CONSULATUS

1312 2545 1325 2559 Α
1341 2542 1357 2558 Ι)

1041 2590 1076 2616 Μ.
1106 2586 1335 2615 TULLIUM
1369 2581 1620 2610 FRATREM.

1537 2403 1714 2441 ONE

983 2684 1060 2705 ΛΚΕ
1080 2685 1150 2708 Quum
1166 2686 1251 2708 tempn-
1266 2679 1372 2703 tnui-ret.
1388 2686 1430 2705 qun
1446 2678 1474 2699 M.
1487 2676 1579 2697 Tulliu-
1590 2675 1668 2697 cit-en·
1679 2682 1729 2695 enii-

931 2719 1026 2741 nilutuni
1042 2726 1071 2740 ex
1085 2718 1133 2744 lege
1148 2716 1224 2738 unitati
1239 2720 1314 2743 petere
1325 2718 1413 2742 pinso—t,
1430 2713 1521 2740 scrip-it
1537 2712 1562 2732 uui
1574 2719 1621 2732 eum
1634 2710 1730 2735 Quintu-

1443 2751 1509 2778 171·
