1941 3052
804 135 828 158 8.
864 133 897 159 M,
933 132 963 158 Τ.
997 132 1269 158 ‹lici-:tumis

231 138 276 161 tofi

228 206 315 235 nibus.
340 210 367 231 ut
389 205 454 231 nihil
473 205 505 231 ml
523 214 613 231 vorum
630 209 729 230 invntus
743 204 859 229 oratione
873 202 1014 228 flecti-ndns
1034 207 1043 241 μἸ
1065 211 1133 237 quae
1152 202 1289 236 probitatis
1306 202 1532 230 commendatione
1551 204 1612 231 boni
1633 206 1680 232 viri
1699 204 1777 232 debet
1791 214 1851 241 spe-

228 243 352 278 prolicere
374 243 516 277 imminuis,
542 251 573 268 m·
596 247 639 267 nut
662 241 781 267 irrisioni·
803 244 848 265 unt
865 240 926 265 odio
939 239 1013 273 digni
1065 240 1133 265 ciem
1148 240 1224 269 tueri,
1238 239 1313 270 lenis.
1327 244 1354 265 ut
1367 248 1445 275 saepe
1460 242 1511 267 iam
1525 240 1590 271 dixi,
1603 247 1681 276 atque
1691 243 1850 274 summissa,

228 284 360 314 putemur,
381 281 402 305 ni
418 285 461 305 ant
476 279 620 312 tragoedias
635 287 744 311 angi-sinu„
760 278 784 302 in
800 277 879 311 nugis
893 281 938 302 aut
951 285 1014 302 con-
1065 277 1103 302 uie
1118 275 1189 304 haee.
1206 284 1274 310 quae
1288 277 1433 312 suscipitur
1447 277 1480 304 ab
1493 283 1592 305 oratore
1605 279 1637 305 ad
1651 279 1852 306 commutando·

229 316 324 343 vellere
347 316 497 342 adoriuntur
518 326 556 345 vn,
578 324 645 350 quae
661 324 711 340 non
727 314 829 348 possint
842 314 1012 339 commoveri.
1041 325 1043 347 Ι
1065 313 1167 339 animos
1181 317 1260 348 nuque
1273 313 1345 339 omni
1360 315 1458 340 ratione
1468 313 1724 346 nectendo-,intenta
1734 325 1763 342 nc
1773 316 1853 343 veh&

227 355 285 380 206.
307 354 371 380 Num
390 354 515 387 quonian·
535 353 597 378 lim-c
617 352 668 377 [vro
690 351 804 376 nmium
823 355 884 376 uum
903 351 928 376 in
944 350 1015 376 iudi·
1040 351 1043 397 Ι
1066 359 1140 376 merui
1154 358 1212 375 cnse
1225 350 1313 376 debet.
1353 350 1416 377 Ltu.
1432 353 1490 378 212.
1506 351 1558 378 Sed
1571 358 1611 378 est
1624 353 1754 388 quaedam
1769 353 1796 379 in
1811 353 1853 380 tn·

227 399 288 417 curn
313 391 408 416 animi»
427 395 480 419 aut,
505 390 669 423 quicumque
693 388 729 414 illi
754 392 840 417 crunt,
861 387 931 421 apud
946 395 1013 421 quos
1042 407 1043 410 ,
1065 386 1170 413 duobus
1192 387 1349 422 generibus,
1373 396 1487 422 quorum
1510 388 1621 416 alterum
1644 390 1715 420 lene.
1741 389 1852 417 alterum

227 436 346 461 agemus,
366 428 480 452 oratione
496 425 634 454 molienda,
651 434 732 454 umor,
747 424 848 453 odium,
866 424 1010 454 iracundia,
1042 429 1043 462 ζ
1067 423 1209 450 vehemens
1224 433 1282 450 esse
1299 423 1434 455 volumus.
1455 424 1573 452 difficili·
1586 427 1618 453 od
1632 426 1852 462 distinguendum

228 465 336 494 invidia,
357 463 544 492 irrisorii-ordin,
561 471 630 496 spes,
652 461 757 491 laetitia,
775 461 861 491 timor,
878 461 1010 487 molestia:
1064 460 1222 487 similitudo.
1264 462 1328 487 Nam
1347 470 1379 487 ex
1398 461 1442 488 illa
1465 461 1583 493 leuitate.
1607 472 1659 498 qua
1680 463 1853 490 conciliamur

226 502 356 527 sentimus
379 509 492 526 amori-in
515 498 657 529 conciliari,
681 499 703 524 si
723 497 749 524 id
765 498 878 528 videare,
894 498 965 532 quod
980 498 1014 524 sit
1040 509 1043 537 g
1065 498 1107 528 iis,
1119 498 1165 532 qui
1180 497 1301 528 audiunt,
1313 498 1345 524 ad
1361 499 1426 525 lianc
1441 499 1494 525 vim
1508 500 1671 530 acerrimam,
1683 510 1735 535 qua
1745 500 1852 527 eosdem

228 538 291 564 utile
315 539 388 571 ipsis,
414 536 483 570 apud
506 545 574 570 quos
598 544 668 569 agas,
688 535 842 567 ‹les‹·n‹lere;
867 535 889 561 si
908 539 953 560 aut
967 543 1013 569 pro

228 575 302 600 bonis
319 575 391 603 viris,
407 578 451 599 nut
465 578 533 599 certe
548 581 594 607 pro
608 574 650 602 iis,
661 573 708 607 qui
724 572 776 599 illis
792 572 851 598 boni
868 576 946 606 utque
962 572 1014 598 uti-

229 611 264 636 les
279 612 343 641 sint,
366 610 490 636 laborare.
531 610 650 645 Namque
665 610 728 636 haec
743 619 783 635 res
797 618 912 635 amorem
929 609 1013 643 magis

226 648 358 677 vum-inat,
385 647 428 673 illa
453 647 558 673 virtutis
581 647 700 673 defensio
721 647 870 678 caritatem3
899 646 1014 681 plusque
1034 654 1036 683 ¹,

227 685 340 719 prolicit,
365 685 387 710 si
403 685 557 719 proponitur
570 693 631 719 spes
650 684 770 710 utilitatis
791 683 907 714 suturae,
933 692 1013 718 quam
1034 685 1036 702 V

227 721 357 756 praeteriti
373 721 492 748 beneficii
507 722 730 748 commemoratio.
770 721 828 747 207.
852 720 1012 747 Enitendum
1034 727 1035 754 j

225 763 272 788 est.
290 763 318 784 ut
331 759 463 788 ostendas,
480 759 506 785 in
521 768 548 784 ea
564 768 599 789 re,
615 767 696 793 quam
710 757 846 789 defendas,
867 762 912 784 aut
926 758 1014 792 digni·
1034 776 1035 786 ,

226 800 304 822 tatem
324 796 410 822 inesse
428 800 473 822 aut
491 796 643 826 utilitatem,
668 804 798 830 eumque.
823 795 866 821 cui
890 794 1014 821 concilies
1034 818 1036 824 ,

226 832 296 859 hunc
311 841 435 863 amorem,
451 833 586 868 significes
601 832 666 859 nillil
681 832 713 858 ad
729 832 867 858 utilitatem
883 841 958 858 suam
973 840 1015 857 re-

225 869 319 896 tulisse
333 878 362 896 ac
377 870 441 896 nihil
455 871 563 896 omnino
578 869 669 896 sevisse
683 878 776 895 caussa
791 878 849 895 sua.
880 868 1015 895 Invidetur
1034 890 1035 896 ,

224 907 296 933 enim
313 907 458 934 commodis
482 907 619 933 homiuum
645 907 776 941 ipsorum,
805 906 902 932 studiis
925 910 1013 932 autem

225 952 316 970 eorum
330 945 423 971 ceteris
437 944 620 970 commodandi
636 943 747 970 favetur.
774 946 832 970 208.
848 943 1014 969 Videndum·
1034 961 1035 966 ,

225 989 277 1016 que
293 981 341 1007 lioc
356 981 411 1007 loco
424 986 476 1011 est,
498 991 542 1011 nc,
567 990 634 1016 quos
653 981 686 1007 oli
701 980 835 1007 benefacta
850 980 926 1015 diligi
942 979 1014 1006 vole-
1033 973 1035 1000 l

225 1027 298 1048 mus,
320 1027 410 1044 eorum
427 1018 530 1044 laudem
546 1023 624 1053 atque
637 1018 763 1053 gloriam,
783 1018 826 1044 cui
842 1018 958 1044 maxime
972 1018 1014 1043 in-
1041 1031 1042 1052 i

225 1055 308 1081 videri
327 1055 404 1086 solet,
427 1056 506 1081 niniis
525 1055 614 1081 efferre
629 1056 776 1081 videamur.
817 1055 903 1090 Atque
917 1054 1012 1080 iisdem

194 1089 199 1096 ’
224 1092 267 1118 his
285 1101 318 1119 ex
336 1092 400 1119 locis
418 1097 443 1119 et
460 1093 551 1119 odium
569 1093 596 1119 in
614 1092 679 1119 alios
697 1097 799 1118 struere
812 1092 947 1118 discemus
961 1096 986 1118 et
999 1100 1012 1118 a

225 1129 300 1155 nobis
318 1138 348 1156 ac
366 1130 462 1156 nostris
480 1129 631 1162 demovere3
660 1129 806 1164 cademque
829 1129 894 1155 haec
916 1137 1012 1164 genera

224 1167 356 1193 tractanda
366 1172 428 1193 sunt
443 1167 469 1193 in
480 1167 613 1193 iracundia
625 1166 665 1193 vel
682 1166 819 1193 excitanda
830 1166 870 1192 vel
885 1165 1010 1192 sedanda⁴

224 1204 290 1229 Nam
304 1204 340 1235 si,
364 1204 435 1239 quod
450 1205 529 1238 ipsis,
554 1205 601 1239 qui
620 1204 745 1234 audiunt,
770 1204 949 1238 perniciosum
967 1207 1013 1229 aut

223 1240 318 1267 inutile
335 1241 382 1272 sit,
408 1241 433 1267 id
454 1241 551 1267 sactum
570 1250 679 1277 augeas,
704 1241 795 1268 odium
814 1245 930 1273 creatur,
958 1240 1010 1271 sin,

223 1278 294 1312 quod
309 1283 354 1304 aut
367 1278 394 1304 in
409 1278 490 1305 bonos
504 1279 583 1309 viros,
598 1283 643 1305 aut
657 1279 683 1304 in
698 1287 756 1309 eos,
772 1278 799 1304 in
813 1287 881 1313 quos
895 1278 1012 1313 quisque
1033 1297 1034 1300 η

223 1315 333 1341 minime
347 1315 476 1346 debuerit,
489 1320 533 1342 aut
547 1316 573 1341 in
589 1315 790 1350 rempublicam,
803 1320 860 1342 tum
871 1316 1009 1346 excitatur,

224 1353 245 1378 si
260 1361 311 1378 non
326 1356 377 1378 tam
392 1353 515 1379 acerbum
534 1353 638 1384 odium,
665 1357 751 1379 tamen
770 1357 815 1378 aut
832 1352 948 1379 invidiae
966 1356 1012 1378 aut

221 1389 275 1415 odii
291 1398 342 1416 non
356 1389 496 1416 dissimilis
510 1389 627 1416 offensio.
662 1391 721 1416 209.
743 1390 807 1416 Item
822 1390 900 1416 timor
914 1390 1012 1416 incuti-

223 1431 265 1452 tur
287 1431 332 1452 aut
354 1435 388 1453 ex
410 1427 529 1461 ipsorum
553 1426 679 1462 periculis
697 1431 742 1453 aut
759 1435 793 1453 ex
809 1427 1009 1453 communibus.

223 1464 330 1490 Interior
344 1468 383 1490 est
397 1463 441 1490 ille
455 1465 593 1498 proprius:
621 1464 669 1490 sed
683 1464 726 1490 hie
738 1472 847 1499 quoque
860 1464 1010 1490 communis

222 1501 254 1526 ad
268 1501 387 1527 eamdem
401 1501 605 1528 similitudinem
621 1506 660 1528 est
674 1501 870 1536 perducendus.
893 1501 946 1528 L11.
962 1501 1010 1527 Par
1031 1499 1040 1536 1Χ
1063 1537 1068 1563 ¹
1105 1538 1110 1542 .
1177 1536 1195 1563 S
1213 1537 1230 1563 d
1457 1538 1462 1543 .
1524 1537 1541 1563 d
1715 1538 1731 1543 ..

1031 1545 1039 1560 *1
1071 1546 1136 1563 ocis.
1197 1546 1210 1563 e
1243 1542 1398 1573 argumento
1412 1542 1522 1564 resisten
1544 1546 1589 1564 um
1603 1542 1643 1564 est
1655 1542 1701 1564 aut
1714 1546 1761 1569 us,
1781 1545 1851 1573 quae

222 1543 300 1572 atque
315 1546 366 1564 una
377 1539 442 1564 ratio
452 1542 491 1564 est
501 1539 566 1573 spei,
581 1538 701 1570 laetitiae,
715 1538 864 1571 molestiae;
880 1538 928 1565 sed
939 1538 1010 1564 haud

222 1575 316 1606 sciam,
341 1583 373 1601 an
392 1576 536 1601 acerrimus
555 1575 632 1611 longe
650 1576 685 1602 sit
702 1576 823 1602 omnium
837 1580 926 1602 motus
940 1575 1010 1602 invi-

221 1611 288 1643 diae,
309 1620 356 1638 nec
370 1613 460 1638 minus
475 1613 572 1639 virium
586 1621 654 1647 opus
668 1613 703 1639 sit
715 1613 743 1639 in
757 1621 786 1638 ea
800 1611 1006 1647 comprimenda,

221 1657 301 1684 quam
315 1650 343 1675 in
357 1649 503 1675 excitanda.
525 1649 647 1676 Invident
660 1653 748 1676 autem
763 1649 884 1676 homines
894 1649 1009 1675 maxime

221 1686 331 1721 paribus
345 1690 390 1712 aut
402 1685 586 1717 inferioribus,
610 1695 696 1721 quum
714 1695 743 1712 se
760 1686 866 1713 relictos
879 1686 1006 1717 sentiunt,

221 1722 281 1750 illos
299 1727 386 1749 autem
404 1723 494 1749 dolent
511 1723 644 1756 evolasse,
671 1723 719 1750 sed
732 1724 811 1750 etiam
825 1723 1009 1758 superioribus

220 1759 356 1786 invidetur
369 1768 447 1795 saepe
461 1760 630 1787 vehementer
643 1765 668 1787 et
681 1769 712 1787 eo
725 1761 820 1796 magis,
833 1761 856 1787 si
867 1759 1010 1787 intoleran-

223 1797 276 1823 tius
299 1806 327 1823 se
350 1797 445 1823 iactant
467 1801 491 1823 et
517 1797 731 1832 aequabilitatem
757 1798 824 1824 iuris
850 1798 1009 1832 praestantia

221 1833 357 1870 dignitatis
375 1839 421 1860 aut
439 1833 558 1860 fortunae
575 1843 639 1861 suae
658 1839 804 1861 transeunt.
844 1834 917 1867 Quae
931 1835 1010 1861 siin-

221 1870 378 1897 flammanda
396 1876 471 1902 sunt,
499 1872 614 1898 maxime
631 1871 774 1898 dicendum
797 1876 849 1903 est,
876 1880 928 1898 non
950 1879 1009 1898 esse

221 1909 318 1934 virtute
328 1912 413 1943 parta;
430 1908 525 1935 deinde
535 1909 613 1935 etiam
625 1909 696 1935 vitiis
706 1913 785 1944 atque
796 1909 924 1943 peccatis;
941 1913 1006 1939 tum,

221 1945 244 1971 si
262 1950 340 1971 erunt
357 1945 505 1972 honestiora
523 1950 602 1980 atque
619 1946 753 1982 graviora,
779 1950 867 1973 tamen
885 1954 937 1973 non
951 1954 1009 1972 esse

1034 534 1043 555 ¹,
1064 535 1224 566 excitamus,
1246 535 1337 562 inssuat
1351 541 1451 570 oportet
1464 536 1579 571 aliquid.
1599 542 1624 563 et
1637 546 1670 564 ex
1684 537 1732 564 bac
1747 538 1771 565 vi
1786 547 1852 564 non-

1041 557 1043 608 l
1065 580 1212 607 numquam
1227 573 1307 599 animi
1323 572 1423 608 aliquid
1439 571 1584 600 inflandum
1600 574 1610 585 ”
1624 580 1664 600 eat
1678 574 1716 601 illi
1736 574 1850 605 leniuit,

1041 612 1043 662 ἵ
1066 617 1152 643 neque
1165 614 1206 635 est
1220 609 1272 635 ulla
1288 611 1454 644 tenqwratior
1467 611 1561 641 oratio,
1585 619 1665 646 quam
1680 610 1738 642 illa,
1759 611 1786 638 in
1799 620 1852 647 qua

1065 646 1193 681 asperitas
1207 647 1382 673 contentionis
1396 648 1505 674 oratoris
1520 648 1606 683 ipsius
1617 648 1779 675 hum-nitate
1790 657 1853 675 oon-

1065 682 1150 714 ditur,
1175 684 1296 709 remissio
1314 689 1400 710 autem
1421 684 1535 711 lenitatis
1552 685 1667 720 quadarn
1685 686 1814 720 gravitate
1827 690 1853 711 et

1065 721 1230 747 contentione
1245 720 1372 747 firmatur.
1407 723 1464 748 213.
1487 722 1514 748 ln
1530 727 1641 757 utroque
1654 727 1742 749 autem
1756 731 1853 758 genere

1065 756 1180 788 dicendi,
1196 762 1221 783 et
1235 757 1289 788 illo,
1307 758 1332 784 in
1346 767 1400 793 quo
1415 759 1455 785 vis
1469 763 1547 794 atque
1561 760 1692 786 contentio
1705 760 1850 794 quaeritur.

1065 798 1090 820 et
1108 793 1170 825 hoc,
1194 794 1266 829 quod
1284 794 1316 821 ad
1335 796 1415 822 vitam
1433 800 1458 822 et
1476 805 1561 822 morea
1579 796 1803 828 accommodatur,
1827 802 1853 822 et

1065 831 1195 866 principia
1211 831 1281 857 tarda
1295 837 1358 858 sunt
1371 837 1397 858 et
1410 833 1497 859 exitus
1508 837 1594 859 tamen
1604 834 1684 868 spissi
1695 838 1719 860 et
1730 833 1852 868 produco

1065 876 1123 894 esse
1141 868 1247 895 debent.
1288 869 1354 895 Nam
1373 878 1459 904 neque
1477 870 1651 897 assiliendum
1665 871 1752 897 statim
1767 875 1807 897 eat
1819 870 1851 896 ad

1065 905 1132 931 illud
1145 914 1231 940 genus
1243 906 1381 938 orationis,
1406 906 1480 933 abest
1492 907 1563 933 enim
1577 912 1660 934 totum
1674 916 1688 934 a
1701 916 1807 938 caussa,
1827 912 1852 933 et

1066 942 1186 969 homines
1200 943 1275 977 prius
1290 943 1378 977 ipsum
1394 943 1470 974 illud,
1487 944 1558 979 quod
1573 944 1710 979 proprium
1724 945 1766 970 sui
1781 943 1852 971 iudi-

1064 980 1098 1005 cii
1113 984 1166 1010 est,
1187 979 1278 1006 audire
1292 979 1456 1013 desiderant;
1482 990 1542 1012 nec,
1562 990 1647 1016 quum
1662 982 1688 1007 in
1702 990 1760 1008 eam
1774 981 1852 1008 ratio—

1066 1025 1126 1042 nem
1135 1017 1272 1052 ingressus
1282 1017 1328 1049 sis,
1337 1017 1455 1044 celeriter
1464 1017 1654 1044 discedendum
1665 1023 1713 1044 est.
1729 1018 1851 1045 2tt.Nou

1065 1054 1149 1085 enim,
1174 1054 1245 1080 sicut
1257 1059 1459 1090 argumentum,
1483 1055 1564 1081 simul
1578 1060 1657 1090 atque
1671 1056 1788 1090 positum
1801 1060 1850 1086 est,

1064 1091 1190 1125 arripitur
1202 1090 1370 1126 alterumque
1383 1096 1409 1118 et
1422 1092 1527 1118 tertium
1543 1093 1672 1127 poscitur,
1699 1093 1733 1119 ita
1747 1093 1852 1119 miseri-

1064 1128 1179 1154 cordiam
1197 1133 1243 1155 aut
1261 1129 1390 1155 invidiam
1408 1133 1454 1155 aut
1471 1129 1648 1161 iracundiam,
1673 1129 1755 1156 simul
1773 1134 1852 1165 atque

1064 1165 1196 1196 intuleris.
1210 1166 1297 1200 possis
1310 1174 1485 1193 commovere.
1507 1167 1702 1202 Argumentum
1716 1167 1781 1193 ratio
1794 1166 1850 1202 ipsa

1063 1202 1211 1234 confirmat,
1236 1203 1279 1229 cui
1294 1202 1304 1215 ’
1319 1202 1400 1230 simul
1414 1207 1493 1238 atque
1510 1204 1639 1230 emissum
1654 1204 1665 1214 ⁸
1678 1208 1730 1235 est.
1755 1203 1851 1230 adhae-

1063 1240 1156 1272 rescit;
1181 1239 1250 1266 illud
1267 1244 1354 1266 autem
1371 1249 1458 1276 genus
1471 1241 1595 1267 orationis
1610 1249 1660 1268 non
1673 1241 1851 1276 cognitionem

1064 1277 1173 1308 iudicis,
1198 1277 1245 1304 sed
1268 1278 1353 1313 magis
1376 1277 1600 1312 perturbationem
1622 1279 1745 1313 requirit.
1769 1286 1850 1313 quam

1062 1314 1204 1349 consequi,
1230 1314 1281 1341 nisi
1300 1314 1383 1341 multa
1401 1319 1426 1341 et
1444 1315 1514 1341 varia
1533 1319 1558 1341 et
1575 1315 1680 1350 copiosa
1697 1315 1813 1341 oratione
1826 1319 1852 1341 et

1063 1351 1145 1378 simili
1159 1352 1325 1378 contentione
1338 1353 1456 1383 aetionis,
1474 1360 1551 1378 nemo
1564 1357 1659 1387 potest.
1685 1353 1744 1379 2⁴5.
1764 1351 1851 1384 Quare

1063 1389 1110 1423 qui
1124 1393 1170 1415 aut
1182 1388 1297 1415 breviter
1314 1393 1359 1415 aut
1376 1389 1521 1415 summisse
1538 1389 1643 1420 dicunt,
1667 1388 1762 1416 docere
1779 1388 1851 1416 iudi-

1062 1434 1119 1452 cem
1133 1430 1258 1460 possunt.
1284 1434 1450 1453 commovere
1464 1435 1516 1452 non
1529 1430 1654 1461 possunt;
1679 1426 1707 1453 in
1720 1434 1775 1462 quo
1787 1431 1852 1452 sunt

1038 1471 1040 1491 ῐ
1061 1463 1160 1490 omnia.
1200 1463 1254 1489 lam
1272 1462 1339 1489 illud
1358 1464 1529 1498 perspicuum
1547 1467 1599 1494 est,
1624 1464 1744 1490 omnium
1761 1471 1850 1490 rerum

1061 1501 1089 1526 in
1102 1501 1245 1527 contrarias
1259 1504 1347 1535 partes
1361 1500 1512 1527 facultatem
1525 1508 1559 1527 ex
1571 1500 1667 1527 iisdem
1684 1500 1850 1536 suppeditari

1061 1573 1248 1609 comprobandi
1264 1575 1323 1600 eius
1336 1582 1430 1600 caussa
1444 1579 1597 1606 sumuntur,
1613 1574 1847 1609 reprehendendis,

1060 1615 1106 1637 aut
1127 1611 1332 1638 demonstrando
1355 1611 1396 1642 id,
1420 1611 1493 1646 quod
1514 1611 1671 1638 concludere
1693 1611 1733 1638 illi
1755 1610 1847 1643 velint,

1030 1646 1031 1650 ’
1061 1657 1112 1674 non
1126 1647 1195 1674 eftici
1208 1657 1242 1674 ex
1255 1649 1397 1683 propositis
1411 1656 1459 1675 nec
1471 1657 1530 1675 esse
1543 1657 1721 1684 consequens3
1746 1653 1804 1680 aut.
1825 1649 1849 1675 si

1037 1694 1038 1697 ¹
1061 1685 1095 1711 ita
1110 1693 1161 1711 non
1175 1684 1289 1716 refellas,
1300 1685 1463 1712 afferendum
1473 1690 1512 1712 est
1526 1686 1553 1712 in
1566 1686 1722 1712 contrariam
1736 1690 1846 1721 partem,

1060 1722 1132 1757 quod
1145 1723 1180 1748 sit
1189 1727 1234 1748 aut
1243 1723 1352 1758 gravius
1361 1727 1407 1749 aut
1417 1731 1499 1758 aeque
1508 1731 1598 1758 grave.
1620 1724 1678 1749 2¹6.
1692 1722 1739 1749 tna
1749 1727 1847 1754 autem,

1060 1768 1128 1795 quae
1142 1764 1188 1786 aut
1201 1759 1392 1786 conciliationis
1402 1768 1497 1786 caussa
1507 1760 1609 1791 leniter,
1621 1764 1667 1786 aut
1676 1760 1848 1795 permotionis

1061 1797 1230 1823 vehementer
1243 1801 1372 1832 aguntur,
1395 1798 1533 1824 contrariis
1551 1797 1773 1824 commotionibus
1786 1796 1849 1824 effe-

1060 1833 1140 1860 renda
1154 1838 1229 1865 sunt,
1251 1838 1280 1860 ut
1292 1833 1352 1860 odio
1365 1833 1562 1866 benevolentia,
1583 1834 1764 1861 misericordia
1776 1835 1848 1861 invi-

1036 1887 1038 1902 1
1060 1871 1104 1898 dia
1118 1870 1235 1897 tollatur.

1114 1908 1180 1934 LIV.
1201 1908 1299 1934 Suavis
1312 1912 1401 1934 autem
1414 1912 1454 1934 est
1467 1913 1492 1934 et
1510 1907 1680 1934 vehementer
1697 1916 1776 1943 saepe
1795 1909 1847 1934 uti-

1036 1955 1038 1958 ·
1060 1945 1092 1972 lis
1107 1946 1180 1972 iocus
1194 1949 1220 1972 et
1233 1945 1355 1978 facetiae3
1379 1953 1461 1980 quae,
1487 1945 1590 1972 etiamsi
1608 1944 1659 1971 alia
1677 1946 1765 1971 omnia
1780 1945 1845 1972 tradi

221 1983 284 2008 tanti
299 1981 353 2008 ulla
368 1983 473 2013 merita,
497 1987 595 2017 quanta
612 1982 751 2010 insolentia
769 1983 899 2014 hominis,
923 1991 1010 2018 quan—

221 2024 332 2054 tumque
347 2018 492 2046 fastidium.
514 2021 572 2046 2¹0.
587 2019 627 2046 Ad
641 2020 788 2046 sedandum
802 2025 900 2051 autem,
912 2029 1009 2056 magno
1030 2031 1031 2037 ¹

221 2055 265 2082 illa
280 2056 380 2087 labore,
405 2057 508 2092 magnis
523 2057 648 2091 periculis
662 2065 720 2083 esse
733 2062 806 2092 parta
820 2066 868 2084 nec
881 2057 915 2083 ad
928 2066 1008 2084 suum
1030 2086 1037 2091 Η

220 2093 402 2124 commodum,
419 2095 465 2120 sed
481 2094 513 2120 ad
526 2094 638 2120 aliorum
651 2102 710 2120 esse
723 2094 828 2125 collata,
847 2102 969 2129 seseque,
985 2095 1008 2120 si

220 2138 301 2165 quam
314 2129 425 2166 gloriam
439 2131 574 2165 peperisse
589 2131 722 2162 videatur,
738 2132 787 2157 etsi
801 2139 830 2158 ea
845 2139 896 2158 non
909 2132 944 2157 sit
957 2132 1009 2158 ini-

219 2175 273 2202 qua
287 2176 386 2193 merces
400 2167 520 2202 periculi,
533 2173 619 2194 tamen
629 2176 658 2194 ea
672 2177 723 2195 non
737 2168 860 2195 delectari
875 2173 1008 2203 totamque
1028 2196 1029 2199 ,

220 2204 332 2230 abiicere
358 2209 437 2239 atque
459 2204 604 2239 deponere;
632 2206 794 2240 omninoque
815 2205 1007 2240 perficiendum
1028 2210 1029 2243 ι

220 2246 271 2272 est,
296 2241 431 2276 (quoniam
449 2241 569 2277 plerique
587 2247 651 2269 sunt
668 2242 752 2269 invidi
772 2243 940 2278 maximeque
959 2243 1008 2269 hoc
1028 2247 1029 2256 ¹

219 2283 259 2304 est
272 2287 413 2305 commune
424 2279 519 2305 vitium
530 2283 556 2305 et
568 2284 754 2315 pervagatum3
770 2279 906 2306 invidetur
919 2285 1007 2306 autem

220 2316 361 2349 praestanti
372 2314 527 2351 florentique
537 2315 679 2352 fortunae:)
689 2321 719 2343 ut
729 2317 792 2343 haec
802 2317 892 2351 opinio
902 2318 1008 2343 minua-

220 2357 263 2378 tur
279 2357 305 2378 et
322 2352 367 2378 illa
385 2353 518 2379 excellens
535 2354 660 2388 opinione
678 2353 781 2380 fortuna
795 2362 857 2380 cum
871 2354 1006 2381 laboribus

221 2393 246 2415 et
260 2389 374 2416 miseriis
388 2390 518 2424 permixta
532 2399 590 2417 esse
603 2391 730 2417 videatur.
762 2392 819 2417 ΞΗ.
833 2392 888 2418 Iam
902 2391 1007 2417 miseri-

219 2425 307 2451 cordia
320 2431 453 2458 movetur,
473 2428 546 2459 siis,
566 2428 613 2463 qui
627 2428 714 2460 audit,
739 2427 835 2454 adduci
854 2433 953 2463 potest,
977 2433 1007 2454 ut

219 2461 277 2493 illa,
293 2471 361 2497 quae
374 2463 406 2489 de
420 2464 500 2490 altero
514 2464 697 2499 deplorentur,
713 2465 746 2491 ad
759 2474 822 2491 suas
835 2474 877 2492 res
891 2470 1003 2496 revocet,

219 2507 286 2533 quas
300 2504 344 2525 aut
358 2500 447 2527 tulerit
459 2502 565 2528 acerbas
580 2507 625 2528 aut
638 2503 735 2533 timeat,
747 2507 793 2529 aut
802 2503 909 2529 intuens
922 2502 1005 2529 alium
1032 2511 1034 2526 :

219 2535 310 2562 crebro
324 2536 356 2562 ad
369 2537 488 2571 seipsum
502 2543 656 2565 revertatur.
696 2540 731 2565 lta
749 2547 834 2574 quum
848 2539 949 2575 singuli
962 2547 1006 2566 ca-

219 2581 266 2598 sus
281 2572 456 2600 humanarum
470 2575 637 2602 miseriarum
650 2576 766 2612 graviter
779 2576 960 2611 accipiuntur,
981 2576 1005 2602 si

219 2609 345 2635 dicuntur
357 2610 483 2642 dolenter,
497 2616 553 2638 tum
564 2612 658 2638 afflicta
668 2618 694 2639 et
707 2617 836 2647 prostrata
849 2613 934 2639 virtus
948 2622 1006 2639 ma-

219 2647 290 2672 xime
309 2646 427 2673 luctuosa
446 2652 498 2679 est;
523 2653 560 2679 et,
586 2654 615 2675 ut
632 2649 677 2676 illa
695 2650 776 2676 altera
792 2658 854 2684 pars
867 2651 1001 2681 orationis,

1028 2179 1037 2194 ω
1058 2168 1117 2203 quit
1128 2167 1230 2199 Caesar,
1243 2168 1315 2194 omni
1328 2167 1361 2194 de
1374 2175 1400 2193 re
1411 2166 1521 2193 facetius
1532 2171 1596 2202 puto
1607 2175 1685 2202 posse
1695 2167 1728 2194 ab
1737 2166 1845 2193 homine

1059 1987 1113 2008 arte
1127 1987 1248 2017 possunt,
1264 1987 1372 2009 naturae
1385 1987 1448 2008 sunt
1462 1982 1566 2017 propria
1576 1987 1654 2013 certe,
1666 1990 1753 2017 neque
1764 1981 1845 2008 ullam

1059 2024 1141 2046 artem
1155 2019 1314 2046 desiderant.
1352 2019 1382 2046 In
1395 2019 1495 2054 quibus
1508 2023 1537 2045 tu
1552 2018 1628 2055 longe
1642 2018 1701 2045 aliis
1715 2027 1773 2045 mea
1785 2028 1847 2046 sen-

1060 2057 1148 2087 tentia,
1165 2056 1267 2088 Caesar,
1285 2055 1407 2088 excellis;
1431 2064 1486 2091 quo
1498 2056 1584 2091 magis
1598 2056 1665 2082 mihi
1679 2056 1758 2083 etiam
1772 2057 1846 2083 testis

1059 2102 1117 2120 esse
1131 2098 1206 2128 potes
1219 2098 1264 2120 aut
1278 2093 1378 2120 nullam
1392 2101 1450 2119 esse
1463 2097 1545 2119 artem
1559 2092 1622 2119 salis
1633 2097 1687 2124 aut,
1698 2093 1722 2120 si
1731 2101 1784 2128 qua
1795 2098 1842 2124 est,

1036 2135 1037 2138 ’
1059 2139 1116 2157 eam
1131 2139 1178 2157 nos
1192 2135 1220 2157 tu
1233 2131 1403 2165 potissimum
1417 2129 1534 2156 docebis.
1574 2131 1632 2157 217.
1647 2129 1705 2166 Ego
1718 2138 1788 2161 vero,
1803 2130 1846 2156 in-

1059 2213 1110 2232 non
1124 2204 1263 2236 inurbane,
1279 2213 1360 2239 quam
1373 2204 1406 2230 de
1420 2205 1486 2239 ipsis
1500 2203 1602 2230 facetiis
1615 2204 1754 2239 disputari.
1794 2204 1846 2230 lta-

1035 2241 1037 2270 ἶ
1057 2250 1111 2277 que
1127 2250 1213 2277 quum
1234 2241 1365 2276 quosdam
1383 2241 1496 2268 Graecos
1519 2241 1659 2276 inscriptos
1682 2239 1764 2267 libros
1786 2249 1845 2267 esse

1034 2284 1036 2307 ξ
1058 2279 1186 2305 vidissem
1200 2278 1232 2305 de
1246 2278 1380 2309 ridiculis,
1406 2277 1561 2305 nonnullam
1579 2278 1607 2304 in
1619 2285 1695 2312 spem
1709 2285 1842 2309 veneram,

1057 2324 1136 2351 posse
1150 2324 1192 2342 me
1205 2315 1308 2350 aliquid
1321 2324 1355 2342 ex
1367 2316 1426 2342 istis
1440 2314 1551 2341 discere.
1590 2314 1684 2341 Inveni
1700 2320 1790 2341 autem
1807 2315 1838 2341 ri-

1057 2352 1146 2380 dicula
1159 2357 1185 2379 et
1197 2352 1267 2379 salsa
1281 2352 1364 2379 multa
1374 2352 1548 2384 Graecorum;
1564 2359 1625 2378 nam
1638 2356 1664 2378 et
1674 2350 1758 2378 Siculi
1771 2352 1800 2378 in
1813 2359 1844 2378 eo

1056 2398 1153 2426 genere
1170 2395 1196 2416 et
1209 2389 1304 2416 Rhodii
1322 2395 1347 2416 et
1360 2389 1480 2426 Byzantii
1497 2393 1523 2415 et
1536 2392 1638 2423 praeter
1650 2393 1750 2415 ceteros
1762 2388 1842 2415 Attici

1033 2432 1035 2459 j
1056 2426 1204 2460 excellunt,
1219 2427 1267 2453 sed
1280 2427 1327 2462 qui
1341 2427 1401 2453 eius
1414 2426 1452 2453 rei
1463 2425 1591 2452 rationem
1602 2425 1746 2460 quamdam
1756 2425 1843 2452 eonati

1033 2472 1035 2496 ι
1056 2469 1120 2491 sunt
1141 2469 1278 2499 artemque
1299 2463 1414 2495 tradere,
1437 2463 1477 2489 sic
1497 2461 1594 2488 insulsi
1618 2463 1789 2494 exstiterunt,
1813 2467 1843 2489 ut

1056 2501 1124 2528 nihil
1149 2500 1223 2528 aliud
1249 2509 1354 2532 eorum,
1386 2500 1439 2526 nisi
1467 2500 1525 2534 ipsa
1550 2499 1688 2526 insulsitas
1713 2499 1840 2526 rideatur.

1032 2537 1034 2568 ᾖ
1055 2540 1114 2565 218.
1129 2538 1214 2570 Quare
1227 2538 1295 2564 mihi
1307 2537 1417 2573 quidem
1431 2535 1505 2563 nullo
1518 2536 1623 2563 n'detur
1635 2536 1714 2563 modo
1723 2535 1841 2563 doctrina

1032 2582 1033 2585 ’
1054 2576 1104 2602 ista
1123 2584 1164 2602 res
1182 2584 1260 2610 posse
1277 2575 1353 2601 tradi.
1391 2573 1497 2600 Etenim
1514 2581 1599 2608 quum
1613 2573 1666 2600 duo
1677 2581 1775 2609 genera
1787 2573 1841 2600 sint

1031 2617 1033 2633 ³
1055 2612 1222 2643 facetiarum,
1247 2611 1359 2638 alterum
1381 2609 1555 2645 aequabiliter
1576 2610 1604 2636 in
1625 2610 1698 2637 omni
1719 2618 1842 2637 sermone

1029 2639 1033 2681 Ι
1054 2649 1159 2680 fusum,
1183 2648 1295 2675 alterum
1308 2652 1463 2683 peracutum
1477 2651 1503 2673 et
1515 2647 1604 2678 breve,
1619 2647 1664 2674 illa
1677 2656 1692 2673 a
1706 2646 1840 2674 veteribus
