1941 3052
477 125 527 150 DE
558 124 868 151 DIVINATIONE
899 125 980 150 LIB.
1012 125 1047 150 Il.

86 205 154 232 quos
175 195 220 222 illa
240 195 332 222 furens
349 194 452 221 fudisse
467 195 576 221 dicitur.
616 195 736 228 Quorum
751 196 882 230 interpres

86 242 172 268 nuper
187 232 253 259 falsa
269 232 386 267 quadam
399 232 539 258 bominum
551 232 621 258 fama
632 232 754 259 dicturus
766 233 792 259 in
804 242 882 259 sena-

86 275 115 298 tu
126 270 282 305 putabatur3
305 278 380 300 eum,
394 278 475 304 quem
488 278 515 296 re
527 278 589 296 vera
601 279 690 306 regem
703 270 879 300 habebamus,

85 307 278 342 appellandum
289 315 397 342 quoque
411 315 469 333 esse
481 315 571 342 regem
580 328 586 339 ‚
603 308 627 333 si
643 307 711 334 salvi
728 316 786 334 esse
798 307 882 333 velle-

85 353 157 371 mus.
197 345 251 371 Hoc
268 345 291 370 si
307 349 347 370 est
362 345 390 370 in
407 344 496 375 libris,
519 345 547 370 in
562 353 644 379 quem
661 345 797 371 hominem
813 349 838 371 et
854 345 881 370 in

84 381 158 417 quod
174 386 281 416 tempus
297 380 355 407 est‘?
370 381 472 408 Callide
487 382 572 411 enim,
595 383 643 416 qui
660 382 704 408 illa
720 383 879 417 composuit,

84 419 211 454 perfecit,
225 424 266 449 ut,
284 418 477 454 quodcumque
488 419 642 449 accidisset,
661 419 827 454 praedictum
840 420 882 445 vi-

84 456 206 487 deretur,
229 456 370 483 hominum
387 461 412 482 et
427 461 577 491 temporum
594 456 749 483 definitione
764 456 879 483 sublata.

87 495 143 520 111.
164 493 298 520 Adhibuit
313 494 393 520 etiam
410 493 539 520 latebram
554 493 739 524 obscuritatis,
759 499 787 520 ut
799 494 881 520 iidem

84 540 179 557 versus
186 531 286 557 aliasin
298 530 378 557 aliam
390 539 446 556 rem
458 539 537 565 posse
548 531 744 557 accommodari
757 531 882 557 videren-

83 573 136 596 tur.
177 569 235 595 Non
255 577 314 594 esse
330 572 419 594 autem
436 567 504 594 illud
519 577 626 594 carmen
646 568 773 598 furentis,
795 577 881 603 quum

84 606 175 640 ipsum
186 614 281 640 poema
293 605 542 640 declarat(estenim
555 606 641 641 magis
653 606 716 632 artis
728 611 753 632 et
763 605 881 641 diligen-

83 644 150 674 tiae,
168 651 250 678 quam
262 643 426 669 incitationis
437 647 463 669 et
474 643 586 678 motus).
605 648 662 670 tum
677 652 739 669 vero
750 652 793 674 ea,
811 651 881 678 quae

83 679 231 716 ἀκροστιχίς
242 679 350 711 dicitur,
364 689 450 715 quum
461 680 589 714 deinceps
600 690 635 707 ex
646 681 741 715 primis
752 689 881 706 versuum

84 717 180 744 litteris
196 717 300 752 aliquid
315 719 494 748 connectitur,
518 722 547 744 ut
562 718 588 744 in
605 718 770 752 quibusdam
781 718 882 743 Ennia-

84 755 140 781 nis:
164 754 191 781 id
202 759 273 781 certe
285 755 371 790 magis
383 759 423 781 est
438 756 530 781 attenti
543 756 640 786 animi,
658 764 739 790 quam
757 755 880 781 furentis.

85 793 142 818 4¹2.
156 792 241 826 Atque
254 792 429 827 inSibyllinis
441 801 475 818 ex
485 793 572 827 primo
584 801 663 818 versu
675 793 808 827 cuiusque
820 801 882 818 sen-

84 830 181 856 tentiae
203 830 298 864 primis
315 829 410 855 litteris
426 829 501 855 illius
517 830 663 856 sententiae
679 838 786 855 carmen
803 838 881 856 omne
911 858 912 863 Ἰ

83 867 257 901 praetexitur.
298 867 352 893 Hoc
367 867 505 901 scriptoris
518 871 570 897 est,
589 876 641 893 non
658 866 784 893 furentis:
804 867 883 893 adhi-

83 904 171 930 bentis
182 904 361 939 diligentiam,
375 912 426 930 non
438 904 537 930 insani.
556 904 737 936 Quamobrem
749 904 881 940 Sibyllam
904 902 905 929 i

84 941 195 976 quidem
207 941 351 975 sepositam
363 945 389 967 et
399 941 534 967 conditam
547 941 708 974 habeamus,
723 946 760 972 ut,
771 941 797 967 id
809 941 882 976 quod

83 978 219 1013 proditum
231 983 270 1004 est
281 987 294 1004 a
307 978 464 1009 maioribus,
474 979 580 1005 iniussu
595 984 703 1005 senatus
716 988 748 1005 ne
761 979 883 1015 legantur

83 1016 195 1050 quidem
211 1015 282 1046 libri,
292 1015 452 1050 valeantque
462 1016 494 1042 ad
507 1016 680 1051 deponendas
692 1017 790 1051 potius,
799 1025 882 1051 quam

83 1133 154 1161 rant3
168 1137 250 1163 quem
258 1129 355 1154 Romae
366 1128 493 1162 posthaec
505 1137 553 1154 nec
563 1128 612 1159 dii,
630 1138 677 1154 nec
691 1129 812 1155 homines
824 1138 882 1155 esse

85 1166 229 1200 patientur.

84 1202 241 1234 Cassandra,

158 1241 264 1274 lemque
274 1242 342 1266 mari
352 1242 443 1274 maqno'
454 1255 490 1260 ·—

84 1278 233 1312 eademque
245 1277 336 1312 paullo
346 1282 420 1312 post:

158 1315 227 1341 Eherc
238 1317 318 1341 videte
328 1330 365 1334 —

86 1354 142 1379 113.
169 1353 240 1378 Num
269 1353 352 1387 igitur
372 1361 414 1378 me
437 1353 513 1388 cogis
533 1353 614 1379 etiam
635 1352 736 1379 fabulis
757 1352 884 1379 credere?

84 1399 153 1425 quae
169 1389 359 1416 delectationes
376 1390 504 1420 habeant,
523 1395 655 1425 quantum
669 1390 755 1417 voles:
780 1391 881 1421 verbis,
905 1401 907 1412 ι

84 1428 238 1458 sententiis,
262 1427 398 1458 numeris,
420 1427 545 1454 cantibus
566 1427 744 1454 adiuventur.-
767 1429 884 1455 auctori-

85 1469 164 1491 tatem
185 1464 297 1499 quidem
314 1464 416 1490 nullam
432 1464 564 1491 debemus
581 1474 629 1491 nec
647 1465 726 1492 fldem
745 1474 884 1492 commen-
913 1486 914 1489 ,

86 1503 153 1529 titiis
179 1502 260 1528 rebus
287 1501 445 1537 adiungere.
486 1502 642 1537 Eodemque
666 1503 744 1529 modo
766 1512 814 1530 nec
834 1512 883 1539 ego

85 1539 207 1566 Publicio
226 1540 316 1565 nescio
334 1540 392 1570 cui,
411 1548 459 1566 nec
477 1540 585 1566 Marciis
602 1540 724 1571 vatibus,
742 1550 790 1567 nec
802 1541 884 1575 Apol·
912 1557 914 1575 1=

85 1577 149 1603 linis
169 1577 268 1611 opertis
289 1576 454 1603 credendum
478 1577 617 1604 existimo:
649 1586 765 1612 quorum
787 1579 883 1613 partim
905 1586 907 1591 ’

85 1614 143 1640 sicta
156 1619 259 1648 aperte,
272 1615 370 1648 partim
381 1614 482 1640 effutita
495 1619 606 1645 temere,
624 1624 772 1650 numquam
784 1624 816 1642 ne
827 1624 885 1642 me-

84 1652 169 1678 diocri
180 1651 292 1686 quidem
306 1652 448 1686 cuiquam.
467 1660 518 1678 non
530 1652 609 1678 modo
621 1652 760 1687 prudenti,
775 1653 883 1688 probata

84 1693 157 1716 sunt.
200 1689 256 1715 tit.
278 1688 368 1721 Quid?
387 1689 507 1723 inquies:
530 1689 678 1716 remexille
690 1690 722 1715 de
734 1690 820 1716 classe
833 1691 884 1717 Co-

85 1727 160 1762 ponii
176 1734 264 1752 nonne
279 1734 310 1753 ea
326 1726 474 1761 praedixit,
487 1735 556 1761 quae
570 1726 730 1753 factasunt?
750 1728 796 1753 llle
809 1737 881 1759 vero,

84 1769 110 1790 et
120 1773 150 1790 ea
161 1763 286 1798 quidem,
304 1772 373 1798 quae
385 1772 478 1790 omncs
490 1773 520 1790 eo
532 1769 663 1799 tempore,
677 1773 709 1790 ne
721 1765 881 1797 acciderent,

84 1801 257 1828 timebamus.
297 1800 388 1828 Castra
407 1801 479 1827 enim
493 1801 519 1827 in
531 1802 668 1828 Thessalia
680 1803 774 1828 castris
789 1802 883 1829 collata

84 1838 276 1871 audiebamus;
299 1838 496 1873 videbaturque
518 1839 595 1865 nobis
611 1840 746 1866 exercitus
762 1840 884 1867 Caesaris
905 1850 907 1861 ι

84 1881 110 1902 et
125 1875 252 1903 audaciae
267 1875 330 1910 plus
346 1875 458 1906 babere,
481 1876 583 1911 quippe
599 1877 646 1911 qui
663 1877 763 1911 patriae
780 1877 882 1904 bellum

85 1913 234 1944 intulisset,
258 1917 285 1939 et
305 1912 421 1944 roboriS,
445 1918 553 1947 propter
574 1919 743 1941 vetustatem.

83 1989 132 2019 ita,
151 1992 179 2014 ut
194 1987 380 2014 constantibus
398 1987 554 2013 hominibus
571 1996 618 2022 par
631 1993 698 2017 erat,
718 1998 769 2015 non
782 1995 881 2024 aperte.

82 2025 129 2052 llle
145 2029 233 2052 autem
251 2024 384 2054 Graecus,
405 2024 472 2059 quid
489 2026 602 2055 mirum,
615 2026 638 2051 si
651 2027 838 2060 magnitudine
850 2028 884 2053 ti—

84 2063 179 2094 moris,
200 2067 229 2089 ιιι
245 2061 406 2097 plerumque
418 2062 459 2092 fit,
477 2071 491 2087 a
503 2063 651 2088 constantia
668 2067 748 2097 atque
764 2072 778 2089 a
795 2069 883 2090 mente

83 2105 163 2135 atque
186 2108 201 2126 a
215 2108 244 2126 se
261 2100 318 2134 ipse
335 2098 479 2125 discessit?
502 2108 554 2134 qua
572 2099 771 2134 perturbatione
787 2101 881 2132 animi,

83 2146 166 2172 quae,
189 2145 272 2163 sanus
286 2145 372 2171 quum
386 2141 470 2167 esset.
489 2137 613 2167 timebat,
632 2146 664 2163 ne
679 2138 832 2169 evenirent,
853 2147 883 2164 ea

83 2175 195 2201 demens
212 2178 340 2200 eventura
359 2182 418 2199 esse
434 2173 549 2200 dicebat.
591 2175 684 2200 Utrum
697 2174 818 2206 tandein,
837 2185 884 2210 per

83 2212 147 2239 deos
164 2217 244 2246 atquo
261 2211 396 2237 homines!
421 2211 508 2246 magis
520 2211 668 2237 verisimile
682 2217 736 2243 ost,
753 2222 883 2239 vesanum

84 2250 229 2285 remigem,
247 2257 280 2274 an
295 2247 413 2283 aliquem
430 2253 565 2279 nostrum,
583 2249 629 2283 qui
647 2249 685 2275 ibi
698 2254 753 2275 tum
765 2258 881 2281 eramus,

84 2296 140 2318 me,
158 2288 298 2317 Catonem,
316 2285 475 2316 Varronem,
489 2285 638 2320 Coponium
651 2286 755 2320 ipsum,
771 2288 884 2314 consiliu

84 2325 198 2351 Deorum
213 2322 405 2350 immortalium
416 2323 568 2358 perspicere
580 2323 718 2358 potuisse?
746 2325 811 2351 LVI.
827 2326 882 2351 ⁴⁴5.
906 2351 907 2355 ,

86 2361 140 2389 Sed
152 2362 204 2388 iam
216 2361 249 2387 ad
262 2366 285 2387 te
298 2360 390 2391 venio,

124 2397 166 2436 [O]
188 2401 276 2425 sancte
294 2399 396 2431 Apollo,
421 2399 465 2431 qui
482 2398 628 2423 umbilicum
645 2401 739 2424 certum
755 2403 884 2425 lei-rurum

517 2436 623 2463 obsides,

123 2475 188 2499 unde
202 2475 379 2505 superstitiosa
392 2475 504 2504 primum
519 2475 594 2497 suern
610 2475 690 2497 erasi!
707 2475 755 2497 ναι·
765 2475 829 2505 Ῑιϊη.

86 2510 151 2536 Tuis
174 2510 247 2536 enim
267 2509 384 2536 oraculis
399 2509 570 2544 Chrysippus
588 2513 671 2534 totum
688 2508 813 2535 volumen
833 2510 884 2535 im—

87 2547 184 2583 plevit,
202 2547 299 2581 partim
317 2546 405 2577 salsis,
427 2552 455 2573 ut
471 2554 520 2581 ego
531 2546 638 2580 opinor,
653 2546 748 2580 partim
761 2555 824 2572 casu
838 2556 884 2572 ve—

87 2585 132 2615 ris,
147 2588 176 2610 ut
187 2584 215 2611 lit
228 2584 256 2610 in
266 2585 341 2610 omni
352 2585 470 2611 oratione
481 2583 653 2617 saepissimo.
673 2584 768 2617 partim
781 2583 884 2610 flexilo-

86 2621 149 2657 quis
167 2626 192 2648 et
207 2621 344 2652 obscuris,
362 2626 392 2648 ut
407 2622 538 2655 interpres
548 2625 623 2654 egem
637 2620 779 2654 interprete
791 2626 815 2647 et
826 2630 883 2647 sors

88 2659 146 2694 ipsa
161 2658 194 2686 ad
210 2663 294 2686 sortes
311 2658 449 2686 reserenda
460 2660 508 2688 sit,
523 2658 618 2694 partim
631 2657 768 2693 ambiguis
780 2663 803 2684 et
815 2667 883 2693 (litae

909 648 910 652 ¹
933 642 1053 667 Primum
1070 642 1161 668 Latine
1178 642 1270 676 Apollo
1283 651 1429 676 numquam
1444 642 1546 667 loeutus
1558 646 1607 667 est.

911 968 912 976 ἵ
934 948 1026 966 manos
1043 940 1141 966 valere.

911 978 912 995 l
934 977 1053 1012 decepit,
1067 977 1109 1003 vel
1122 977 1305 1013 Chrysippum
1318 977 1448 1011 potuisset
1460 976 1564 1007 fallere,
1590 976 1653 1001 haec
1667 984 1728 1002 vero

911 1018 913 1030 l
935 1024 967 1041 ne
984 1015 1131 1049 Epicurum
1148 1014 1270 1049 quidem.

83 1053 117 1080 ad
129 1053 317 1088 suscipiendas
329 1053 487 1088 religiones:
506 1062 568 1079 cum
580 1054 746 1080 antistitibus
759 1063 880 1089 agamus,
904 1054 912 1069 Γ

83 1096 113 1117 ιιι
127 1091 239 1126 quidvis
252 1091 342 1125 potius
358 1099 392 1117 ex
407 1090 462 1116 illis
480 1090 570 1121 libris,
588 1100 670 1126 quam
688 1100 777 1125 regem
794 1091 883 1126 profe·
904 1087 913 1129 ᾗ

270 1165 323 1192 LV.
345 1165 379 1193 At
399 1165 478 1192 multi
498 1174 578 1201 saepe
600 1174 660 1192 veru
680 1166 831 1197 vaticinati.
855 1172 883 1193 ut
905 1170 906 1177 ¹

784 1915 882 1941 Casum

83 1956 173 1977 autem
185 1949 294 1985 praelii,
312 1958 390 1975 nemo
402 1954 522 1976 nostrum
533 1955 600 1982 erat,
615 1952 681 1985 quin
694 1952 812 1978 timeret:
835 1953 882 1979 sed
905 1945 913 1986 J

1079 126 1130 151 CA
1146 126 1173 151 l‘.
1201 126 1230 151 49
1251 140 1287 144 —
1307 127 1348 151 38.
1666 128 1728 154 1163

933 195 965 220 ad
978 194 1152 221 Dialecticuiu
1163 195 1306 221 deserenda
1319 197 1382 222 sint.
1423 196 1490 222 Nam
1507 204 1592 230 quum
1608 204 1665 222 sors
1683 196 1727 222 illa

933 232 1003 258 edita
1014 238 1054 259 est
1064 232 1269 267 opulentissimo
1281 234 1337 268 regi
1349 233 1436 264 Asiae,

973 270 1079 296 Croesus
1099 270 1192 303 Halym
1210 275 1347 303 penetrans
1370 279 1487 303 maffliam
1507 275 1632 303 pervertet
1654 279 1728 303 opum

1332 310 1393 333 rim:

934 344 1052 370 hostium
1068 344 1124 370 vim
1137 352 1195 370 sese
1207 353 1397 378 perversurum
1410 344 1523 379 putavit,
1539 344 1667 378 pervertit
1679 353 1728 370 au-

933 386 986 406 tem
997 390 1084 407 suam.
1129 383 1184 407 116.
1206 382 1299 408 Utrum
1313 382 1395 416 igitur
1406 390 1497 408 eorum
1510 381 1663 411 accidisset,
1681 390 1728 407 ve-

934 427 993 444 rum
1009 418 1147 444 oraculum
1167 418 1272 445 fuisset.
1312 419 1366 445 Cur
1384 424 1472 444 autem
1488 419 1537 444 hoc
1548 418 1655 444 credam
1667 427 1728 444 um-

933 464 1014 489 quam
1026 455 1128 481 editum
1140 456 1254 482 Croeso‘?
1277 461 1322 482 aut
1334 456 1494 482 Herodotum
1505 465 1554 481 eur
1565 456 1727 482 veraciorem

933 492 1030 518 ducam
1057 492 1161 519 Ennio‘?
1190 494 1261 518 Num
1282 494 1373 519 minus
1395 493 1438 519 ille
1459 494 1544 527 potuit
1564 493 1596 519 dr:
1620 493 1725 522 Croeso.

933 539 1013 564 quam
1029 529 1062 555 de
1074 530 1174 565 Pyrrho
1186 531 1284 565 tingere
1296 530 1414 556 Ennius‘?
1452 531 1518 562 Quis
1529 531 1601 556 enim
1613 535 1665 556 est.
1679 531 1727 565 qui

933 567 1035 597 credat,
1054 567 1188 602 Apollinis
1204 577 1237 593 ex
1252 567 1358 593 oraculo
1374 567 1473 603 l'yrrlio
1485 576 1544 593 esse
1557 576 1724 602 responsum.

970 606 1024 633 Aio,
1038 610 1068 633 le,
1081 607 1201 633 .›1e‹1cic1a,
1215 606 1340 630 Ronninos
1353 608 1451 631 vincere
1463 614 1544 637 posse.

1647 642 1728 668 Dein—

933 679 965 704 de
989 680 1036 704 ista
1058 688 1114 705 sors
1130 679 1249 705 inaudita
1267 680 1376 705 Graes-is
1391 685 1440 705 est.
1482 680 1616 705 Praeterea
1633 679 1727 704 Pvrrhi

910 731 911 734 =
934 716 1100 750 temporibus
1117 717 1169 742 iam
1185 716 1279 751 Apollo
1296 725 1390 742 versus
1413 716 1498 742 facere
1514 716 1638 742 desierat.
1655 709 1661 714 '
1680 716 1728 742 l‘o-

903 767 911 773 ==
933 758 1044 784 stremo,
1058 762 1223 788 quamquam
1235 763 1341 788 semper
1353 753 1411 784 fuit,
1427 758 1454 779 ut
1465 753 1536 788 apud
1549 754 1664 779 Ennium
1677 759 1725 779 est.

970 806 1006 809 —
1016 793 1135 816 stolidum
1146 800 1224 824 yemis
1235 793 1405 817 .-le‹1cului·um
1412 801 1419 817 ,-

972 830 1142 860 bellipotentes
1152 833 1209 853 sunl
1225 830 1307 861 iiittqi',
1323 837 1402 861 quum
1413 831 1653 860 sapieniipntentes:

934 870 1022 891 tamen
1034 865 1102 891 hanc
1114 865 1308 899 amphiboliam
1323 874 1416 890 versus
1429 865 1576 899 intelligere
1588 865 1725 898 potuisset⁴

933 906 1034 928 elucere
1051 907 1072 928 le
1089 904 1226 932 Romanos,
1244 902 1329 928 nihilo
1345 903 1431 936 magis
1448 903 1474 928 in
1486 912 1528 931 se,
1545 910 1626 936 quam
1639 902 1665 926 in
1679 901 1729 927 lio-

1183 940 1248 965 Nam
1266 940 1310 965 illa
1329 939 1508 974 amphibolia,
1521 948 1589 974 quae
1601 939 1728 965 Croesum

1312 1015 1384 1040 LVII.
1407 1015 1462 1040 ⁴17.
1484 1013 1549 1043 Sed,
1567 1013 1638 1048 quod
1650 1018 1730 1047 caput

934 1057 987 1083 est,
1005 1061 1052 1078 cur
1067 1053 1117 1079 isto
1137 1052 1214 1078 modo
1232 1053 1284 1078 iani
1299 1051 1405 1078 oracula
1418 1051 1526 1086 Delphis
1539 1060 1590 1077 non
1602 1050 1728 1079 eduntur.

935 1099 987 1116 non
999 1089 1078 1116 niodo
1090 1094 1177 1116 nostra
1190 1094 1286 1119 aetate,
1300 1089 1347 1115 sed
1359 1089 1469 1119 iamdiu,
1485 1089 1536 1114 iam
1549 1093 1577 1114 ut
1589 1087 1655 1114 nihil
1669 1096 1731 1122 pos-

935 1128 970 1154 sit
987 1136 1047 1153 esse
1058 1126 1256 1162 contemptius?
1276 1127 1328 1153 lloc
1340 1126 1396 1152 loeo
1407 1135 1492 1161 quum
1507 1130 1650 1161 urgentur,
1668 1134 1731 1150 eva-

936 1165 1028 1191 nuisse
1047 1165 1122 1191 aiunt
1141 1169 1271 1191 vetustate
1287 1165 1342 1190 vim
1360 1164 1410 1190 loci
1422 1164 1494 1194 eius,
1511 1163 1582 1189 unde
1597 1161 1731 1188 anhelitus

912 1223 913 1231 ,
936 1203 980 1228 ille
1002 1207 1085 1229 terrae
1107 1202 1193 1231 lieret,
1215 1210 1268 1237 qno
1285 1201 1378 1236 Pythia
1397 1206 1484 1227 niente
1501 1201 1608 1226 incitata
1623 1199 1729 1226 oracula

1074 1240 1109 1266 De
1131 1241 1193 1265 vino
1214 1244 1259 1265 aut
1278 1239 1439 1265 salsamento
1459 1243 1537 1272 putes
1554 1237 1641 1272 loqui,
1662 1245 1730 1272 quae

1297 1277 1331 1302 De
1348 1277 1374 1301 vi
1393 1275 1442 1302 loci
1458 1276 1560 1310 agitur,
1585 1283 1671 1308 neque
1687 1284 1731 1300 so-

935 1240 1033 1266 ederet.

935 1282 1099 1304 evanescunt
1116 1282 1256 1303 vetustate.

912 1323 913 1350 i
936 1315 991 1341 lum
1003 1314 1126 1345 naturali,
1140 1314 1187 1340 sed
1199 1315 1278 1340 etiam
1290 1313 1395 1345 divina3
1409 1322 1477 1347 qnae
1492 1321 1545 1347 quo
1560 1311 1731 1338 tandemmo-

912 1371 913 1375 ,
934 1352 968 1379 do
982 1352 1109 1378 evanuit?
1130 1353 1277 1381 Vetustate,
1301 1351 1418 1385 inquies.

1458 1352 1531 1381 Quae
1548 1354 1665 1375 vetustas
1680 1354 1728 1378 est.

935 1398 1003 1425 quae
1026 1390 1081 1416 vim
1097 1389 1219 1416 divinam
1235 1388 1364 1415 conficere
1381 1387 1483 1422 possit?
1503 1386 1569 1421 quid
1587 1391 1638 1412 tam
1658 1386 1731 1412 divi-

936 1436 1000 1454 num
1017 1432 1119 1457 autem,
1142 1436 1223 1462 quam
1240 1425 1344 1452 asllatus
1360 1434 1393 1451 ex
1411 1430 1476 1450 terra
1494 1430 1609 1450 mentem
1627 1424 1661 1450 ita
1674 1432 1731 1449 mo-

937 1474 1015 1495 venS,
1037 1470 1065 1491 ιιι
1081 1473 1139 1490 eam
1156 1464 1296 1499 providam
1310 1471 1397 1488 rerum
1411 1462 1560 1488 suturarum
1573 1460 1684 1490 efliciat,
1703 1466 1731 1487 ιιι

935 1512 964 1528 ea
986 1511 1038 1528 non
1060 1502 1138 1528 modo
1157 1506 1247 1527 cernat
1272 1500 1355 1526 inulto
1370 1505 1443 1530 ante,
1462 1499 1507 1525 sed
1524 1500 1603 1524 etiam
1620 1507 1732 1524 numero

936 1548 1071 1574 versuque
1093 1538 1264 1574 pronuntiet?
1287 1537 1399 1569 Quando
1422 1542 1511 1563 autent
1535 1537 1583 1562 ista
1605 1537 1646 1561 vis
1668 1544 1732 1561 eva-

936 1576 1011 1603 nuit‘?
1036 1578 1075 1603 An
1092 1582 1234 1611 postquam
1251 1575 1372 1601 homines
1385 1575 1475 1600 minus
1486 1573 1588 1600 creduli
1601 1582 1659 1598 esse
1671 1582 1731 1599 eoe-

936 1614 1050 1649 perunt‘?
1092 1616 1147 1640 118.
1171 1613 1361 1639 Demosthenes
1376 1611 1501 1646 quidem,
1515 1611 1562 1645 qui
1575 1610 1673 1636 abhinc
1684 1620 1731 1636 an—

912 1660 914 1672 i
936 1661 983 1678 nos
995 1660 1076 1686 prope
1088 1660 1135 1677 cre
1149 1651 1207 1681 suit,
1223 1652 1274 1677 iam
1287 1655 1342 1676 tum
1354 1650 1509 1683 (μι.ι;ι,-ιι“,”ων
1522 1648 1643 1684 Pythiam
1657 1647 1732 1674 diee—

936 1689 993 1720 hat,
1017 1689 1042 1715 id
1059 1694 1112 1719 est,
1130 1689 1207 1723 quasi
1225 1697 1286 1714 euni
1304 1687 1428 1721 l'hilippo
1441 1686 1536 1712 facere.
1579 1686 1630 1710 lloe
1642 1691 1731 1711 autem

935 1736 965 1753 eo
985 1726 1135 1761 spectabat,
1159 1731 1188 1752 ut
1207 1734 1265 1751 eam
1282 1734 1295 1750 a
1313 1725 1437 1758 Philippo
1452 1728 1603 1757 corruptam
1619 1722 1729 1748 diceret.

935 1766 993 1796 Quo
1016 1764 1075 1790 lieet
1096 1765 1265 1792 existimare,
1291 1763 1316 1788 in
1337 1762 1397 1787 aliis
1413 1770 1521 1796 quoque
1536 1759 1652 1785 uim-ulis
1672 1759 1732 1785 Del—

936 1802 1024 1836 phieis
1036 1801 1139 1835 aliquid
1153 1810 1203 1827 non
1215 1800 1312 1826 sinceri
1325 1799 1419 1825 fuisse.
1443 1798 1504 1827 Sed,
1519 1799 1608 1823 neseio
1619 1806 1732 1831 quomo-

935 1839 969 1865 do
981 1839 1024 1865 isti
1037 1838 1191 1873 philosophi
1206 1837 1386 1872 superstitiosi
1399 1841 1423 1862 et
1438 1844 1520 1870 paene
1534 1835 1639 1861 fanatici
1651 1834 1733 1869 quid-

936 1877 977 1902 vis
990 1876 1068 1902 malle
1082 1876 1216 1906 videntur,
1230 1883 1311 1910 (piam
1323 1884 1351 1900 se
1365 1883 1415 1899 non
1429 1874 1541 1907 ineptos.
1583 1873 1732 1897 Evanuisse

935 1913 1064 1940 mavultis
1075 1918 1100 1939 et
1112 1914 1275 1939 exstinctum
1287 1921 1345 1938 esse
1359 1911 1397 1940 id,
1411 1910 1483 1945 quod
1493 1931 1498 1939 ,
1512 1911 1534 1935 si
1549 1918 1677 1944 tunquam
1691 1909 1733 1934 fu-

936 1952 1012 1981 isset,
1031 1955 1101 1977 certe
1117 1956 1254 1977 aeternum
1273 1954 1355 1979 esset,
1373 1957 1453 1983 quam
1466 1956 1510 1977 ea,
1527 1956 1595 1981 quae
1608 1956 1658 1973 non
1671 1951 1732 1972 sunt

935 1989 1082 2019 credenda,
1099 1998 1150 2014 non
1161 1988 1280 2014 credere.

992 2027 1079 2052 LVIll.
1096 2027 1152 2052 tw.
1174 2025 1278 2051 Similis
1289 2029 1330 2050 est
1339 2032 1411 2049 error
1424 2023 1448 2048 in
1464 2022 1590 2048 somniis:
1617 2029 1731 2055 quorum

935 2063 1047 2098 quidem
1073 2062 1194 2088 defensio
1216 2062 1326 2097 repetita
1347 2069 1427 2095 quami
1451 2059 1527 2095 longe
1548 2059 1599 2084 est!
1624 2059 1732 2083 Divinos

936 2101 1040 2127 animos
1060 2105 1169 2126 censent
1184 2109 1242 2125 esse
1259 2104 1374 2127 nostros,
1393 2106 1492 2131 eosque
1508 2106 1566 2122 esse
1580 2100 1674 2121 tructos
1685 2104 1732 2120 ex-

937 2138 1079 2167 trinsecus,
1093 2138 1298 2170 animorumzpie
1310 2135 1535 2161 consentientium
1559 2132 1732 2158 multitudiiu·

913 2173 914 2178 ¹
936 2174 1101 2209 completum
1113 2183 1172 2199 esse
1184 2173 1330 2199 mundum:
1355 2172 1403 2197 hae
1417 2172 1499 2206 igitur
1512 2171 1731 2203 inentisetipsms

913 2217 915 2223 ¹
936 2212 1078 2237 divinitate
1103 2216 1127 2237 et
1151 2211 1340 2236 conium-tione
1365 2218 1426 2234 eum
1452 2208 1570 2234 externis
1597 2206 1732 2232 mentibus

935 2249 1018 2279 cerni,
1031 2257 1100 2283 quae
1112 2249 1165 2274 sint
1178 2247 1274 2273 futuru.
1316 2246 1441 2272 Contrahi
1453 2251 1540 2271 autem
1553 2245 1672 2270 animum
1685 2244 1732 2268 Ze—

937 2296 970 2312 no
990 2291 1014 2312 et
1028 2286 1106 2320 quasi
1125 2285 1176 2310 lalii
1195 2290 1268 2319 putat
1281 2289 1359 2318 atque
1371 2283 1524 2311 concidere,
1543 2287 1566 2307 et
1589 2281 1626 2306 id¹
1642 2282 1731 2314 ipsum

936 2333 994 2349 esse
1015 2323 1142 2348 dormire.
1185 2323 1236 2347 lam
1255 2321 1416 2355 l’pthrigoras
1433 2325 1457 2345 et
1475 2319 1558 2347 Plato,
1579 2318 1732 2351 locupletis-

913 2378 915 2394 ,
936 2361 999 2386 simi
1011 2365 1140 2387 auctores,
1154 2368 1207 2393 quo
1221 2360 1245 2384 in
1261 2367 1362 2383 somnis
1373 2358 1483 2382 certiora
1493 2356 1641 2382 vidi-annus.
1657 2363 1732 2388 prae-

937 2402 1041 2432 paratos
1061 2396 1178 2431 quodam
1194 2396 1267 2421 enlin
1286 2401 1365 2429 aitque
1383 2395 1454 2419 xietu
1473 2393 1605 2427 proticisci
1622 2392 1653 2417 ud
1670 2392 1731 2417 dor-

937 2434 1075 2460 miendum
1103 2434 1204 2460 inlu-ut.
1247 2432 1315 2458 Faba
1335 2430 1446 2466 (pridem
1464 2430 1620 2465 l'ithagorei
1639 2430 1732 2463 utique

936 2472 1104 2497 abstinuere:
1127 2471 1204 2505 quasi
1223 2480 1284 2495 vero
1300 2478 1330 2494 eo
1347 2468 1406 2493 ribo
1419 2477 1507 2495 mens,
1522 2476 1573 2492 nnn
1586 2472 1676 2492 venter
1691 2468 1732 2492 in-

937 2508 1022 2534 lletur.
1063 2507 1125 2537 Sed,
1141 2508 1230 2534 nesi-io
1244 2505 1387 2541 quomodo,
1402 2505 1468 2531 nihil
1485 2510 1537 2530 tam
1549 2503 1665 2529 absurde
1677 2503 1731 2530 ‹hci

937 2551 1035 2580 potest.
1057 2545 1128 2580 quod
1154 2554 1204 2571 non
1221 2545 1325 2570 dicatur
1341 2543 1374 2568 ul)
1390 2542 1481 2576 aliquo
1497 2541 1729 2576 philosophorum.

940 2585 993 2609 120.
1017 2583 1109 2609 Utrum
1123 2583 1204 2617 igitur
1214 2589 1356 2607 censemus
1367 2579 1558 2605 dormientium
1569 2579 1673 2604 nmmos
1685 2587 1732 2612 per

935 2625 1019 2646 semet
1037 2621 1108 2654 ipsos
1129 2621 1154 2645 in
1170 2618 1329 2645 somni-mdo
1342 2617 1456 2644 inm-eri.
1470 2625 1512 2645 nn,
1526 2621 1553 2642 ιιι
1566 2616 1731 2642 Democritus

935 2662 1038 2687 reiisct,
1061 2662 1169 2683 externa
1189 2662 1213 2682 et
1233 2655 1378 2682 adventitia
1401 2654 1502 2680 visione
1518 2653 1639 2689 pulsari?
1668 2653 1731 2679 Sive

1453 2703 1499 2727 1³15
1517 2700 1526 2711 ‘
