1941 3052
261 125 293 149 715
840 123 865 149 7.
901 123 935 149 M.
971 123 999 149 T.
1035 123 1077 149 (ΣΙ

261 199 388 220 etam-ero
411 199 455 220 tuo
474 194 502 219 (Σ.
524 194 619 223 Lac-lio,
640 203 707 229 qum
726 198 827 220 constat
845 194 950 220 dicendi
969 193 1051 227 gloria
1072 195 1075 243 i

262 232 433 266 prm-stitisse.
469 233 509 256 50.
528 232 579 256 Nec
592 232 662 258 vuiiu
679 232 780 264 negabo
794 240 853 256 ‹wst-
866 231 996 266 «quamdam
1011 241 1052 257 nr-

261 274 300 295 tvs
324 270 442 304 proprias
465 278 565 298 corun»,
586 270 632 303 qui
653 270 678 294 in
703 270 743 294 his
761 269 953 301 cognom-endis
972 273 1051 304 atque
1073 289 1074 295 ,

262 307 402 332 tractandi-e
417 306 536 331 studium
552 315 630 331 suurn
646 315 723 331 omne
742 310 902 340 postiemum
929 305 975 331 scd
993 315 1052 332 ora-
1073 305 1075 323 l

261 348 342 370 tore-m
367 343 474 378 ple-nuru
500 348 578 377 utque
602 343 747 377 persi-ctum
772 351 830 369 esso
852 352 923 373 eum,
949 344 995 377 qui
1019 344 1051 369 de

259 381 385 406 omnihus
400 380 479 406 relius
494 381 577 415 possit
592 381 661 405 varic
675 381 835 415 copioseque
849 380 945 406 dicere.
982 381 1049 407 XlV.
1073 404 1074 407 ,

260 418 363 444 Etenim
379 426 456 452 saepe
472 418 496 443 iu
513 418 545 442 iis
559 418 670 446 caussis,
680 426 747 452 quas
758 426 851 443 omnes
863 418 982 452 proprias
993 427 1051 444 esse
1072 430 1073 450 3

259 459 390 481 oratorum
409 455 575 484 cantitentur,
594 458 633 479 cst
652 454 763 488 aliquid,
784 455 855 489 quod
876 464 926 481 nou
945 463 979 481 ex
999 464 1049 481 usu

260 492 367 519 fors-nsi.
392 500 472 526 quem
496 490 582 516 solum
607 491 754 517 oratoribus
779 492 931 521 conceditia.
953 492 999 518 sed
1018 502 1050 519 ex

257 529 410 555 obscuriore
425 528 512 563 aliqua
523 528 632 554 scientia
644 529 678 554 sit
689 529 864 563 promendum
876 534 900 555 ct
911 538 1051 556 assumen-

258 566 332 592 dum.
356 568 396 591 60.
412 567 514 597 Quaero
529 566 608 596 enim,
626 574 690 592 num
706 567 790 600 possit
803 571 848 592 aut
861 571 949 592 contra
966 568 1050 602 impe-

259 608 368 629 ratorem
384 607 428 628 aut
444 611 490 637 pro
505 603 661 637 imperatore
675 603 727 629 dici
743 604 800 629 sine
815 605 850 630 rei
865 604 987 630 militaris
999 613 1049 630 usu

257 645 302 666 uut
317 649 394 674 saepe
408 640 486 666 etiam
502 640 559 666 sine
573 641 711 676 rebdonum
731 641 895 667 terrestrium
911 646 955 667 aut
971 642 1050 668 mari-

257 679 381 703 timarum
405 678 527 706 scientia:
557 686 621 703 num
645 678 715 712 apud
740 678 869 713 populum
893 678 926 705 de
945 678 1050 712 legibus

258 715 382 741 iubendis
401 719 446 741 aut
465 715 598 745 vetandis,
623 724 686 741 num
707 716 733 742 in
752 721 845 742 senatu
864 716 897 742 de
911 717 982 742 omni
999 718 1050 743 rei-

257 752 379 786 publicae
397 760 494 787 genere
507 752 560 778 dici
575 753 632 778 sine
646 762 752 779 summa
767 762 855 779 rerum
869 753 990 780 civilium
1006 763 1049 780 co-
1078 783 1079 791 ἵ

255 790 374 825 ,unitione
388 794 413 816 et
427 789 582 824 prudentia,
599 799 662 816 num
678 790 812 817 admoveri
828 791 911 825 possit
925 792 1007 818 oratio
1017 792 1049 818 ad

255 836 352 853 sensus
373 827 522 853 animorum
538 831 617 862 atquc
631 832 718 853 motus
735 828 774 854 vel
790 828 992 855 inflammandos
1008 829 1048 855 vel

255 865 334 890 etiam
350 864 567 898 exstinguendos,
580 865 661 900 (quod
677 874 760 892 unum
777 866 802 891 in
818 871 918 892 oratore
928 866 1049 893 domina—

256 902 319 937 tur,)
333 903 390 928 sine
405 902 611 937 diligentissima
627 903 848 938 pervestigatione
860 912 950 930 earum
962 905 1050 931 omni-

256 948 300 965 um
326 940 466 969 rationum,
494 948 562 974 quae
585 939 618 965 de
642 941 743 966 naturis
767 940 876 966 humani
896 943 1001 975 generis
1019 951 1048 968 ac
1070 967 1071 970 ,

255 977 375 1003 moribus
390 986 402 1003 a
418 976 586 1011 philosophis
600 977 777 1012 explicantur.
813 979 853 1004 6⁴.
874 978 961 1013 Atque
977 979 1048 1005 haud
1070 977 1071 999 ἶ

254 1015 317 1045 scio,
339 1024 371 1040 an
391 1015 480 1040 minus
500 1014 548 1040 hoc
563 1015 639 1040 vobis
653 1015 703 1041 sim
719 1015 892 1050 probaturus:
922 1016 1047 1051 equidem

210 1081 214 1088 ι
254 1060 306 1078 non
320 1051 457 1082 dubitabo,
473 1051 545 1086 quod
560 1052 654 1081 sentio.
670 1052 771 1079 dicere:
800 1052 911 1088 physica
926 1054 975 1080 ista
989 1054 1047 1088 ipsa
1070 1048 1077 1074 i

1076 1093 1077 1121 ζ
1098 1092 1176 1122 dicat,
1197 1100 1266 1126 quas
1283 1091 1316 1117 ad
1334 1096 1431 1117 certam
1445 1100 1567 1117 caussam
1583 1096 1743 1126 tempusque
1756 1090 1893 1127 cognorit?

1076 1134 1077 1142 ¹
1098 1130 1140 1155 70.
1156 1129 1203 1155 Est
1217 1129 1288 1155 enim
1303 1128 1434 1155 finitimus
1451 1129 1546 1155 oratori
1567 1133 1655 1163 poeta,
1677 1129 1796 1154 numeris
1814 1129 1892 1155 astri-

253 1093 279 1115 ct
294 1089 477 1115 mathematica
492 1093 517 1115 et
530 1098 599 1124 quae
614 1089 704 1124 paullo
718 1094 777 1116 ante
791 1094 938 1116 ceterarum
950 1092 1046 1117 artium

253 1127 360 1161 propria
379 1127 500 1161 posuisti,
521 1127 646 1153 scientiae
665 1131 727 1153 suut
746 1136 847 1158 eorum,
863 1128 911 1163 qui
926 1128 970 1154 illa
986 1137 1047 1163 pro·
1068 1145 1070 1159 ‚

253 1164 374 1196 fitentur,
403 1163 536 1190 illustrare
550 1168 638 1190 autem
652 1165 768 1191 oratione
782 1165 804 1191 si
819 1165 882 1200 quis
896 1166 960 1191 istas
974 1166 1046 1201 ipsas
1068 1163 1069 1166 ¹

253 1205 322 1227 artes
340 1201 412 1232 velit,
434 1201 466 1227 ad
484 1202 594 1228 oratoris
613 1202 636 1227 ei
654 1201 866 1238 confugiendum
881 1207 920 1228 est
936 1202 1047 1230 faculta-

252 1243 315 1264 tem.
332 1240 373 1265 62.
389 1239 481 1273 Neque
495 1239 576 1269 enirn,
589 1239 611 1265 si
624 1238 760 1265 Philonem
772 1239 849 1265 illum
861 1240 1043 1272 architectum,

251 1275 298 1310 qui
314 1275 522 1302 Atheniensibus
536 1277 770 1303 armamentarium
786 1276 855 1307 fecit,
872 1282 973 1304 constat
987 1286 1046 1312 per-

251 1313 349 1339 diserte
364 1313 463 1348 populo
477 1314 604 1340 rationem
618 1314 706 1348 operis
720 1314 763 1340 sui
778 1314 935 1346 reddidisse,
952 1316 1046 1342 existi—

251 1350 379 1377 mandum
410 1355 463 1382 est,
494 1351 629 1377 architecti
653 1352 743 1386 potius
766 1351 878 1378 artificio
903 1352 1042 1383 disertum,

250 1397 332 1422 quam
347 1389 465 1419 oratoris,
482 1387 576 1414 fuisse.
612 1389 674 1419 Nec,
700 1389 723 1415 si
742 1388 805 1415 huic
819 1389 854 1415 M.
870 1388 984 1416 Antonio
998 1398 1045 1425 pro

250 1425 412 1452 Hermodoro
426 1425 521 1452 suisset
533 1425 566 1452 de
578 1425 714 1452 navalium
725 1434 804 1460 opere
813 1426 967 1458 dicendum,
981 1436 1042 1458 non,

250 1471 335 1497 quum
347 1463 379 1489 ab
391 1462 436 1489 illo
450 1471 572 1489 caussam
584 1463 731 1494 didicisset,
744 1464 802 1498 ipse
814 1468 903 1490 ornate
915 1463 948 1490 de
959 1464 1045 1491 alieno

250 1500 360 1526 artifieio
377 1500 538 1535 copioseque
557 1500 678 1526 dixisset.
716 1500 810 1535 Neque
829 1509 891 1527 vero
908 1501 1045 1537 Asclepia—

249 1537 296 1563 des
320 1537 352 1569 is,
377 1546 431 1573 quo
449 1546 496 1564 nos
515 1537 618 1565 medico
635 1538 775 1573 amicoque
793 1539 835 1564 usi
853 1547 959 1570 sumus,
975 1543 1042 1571 tum,

249 1583 334 1609 quum
349 1574 500 1610 eloquentia
511 1575 634 1602 vincebat
643 1579 744 1602 ceteros
754 1575 881 1607 medicos,
893 1576 920 1602 in
932 1584 964 1603 eo
974 1576 1042 1611 ipso,

250 1612 322 1647 quod
344 1617 434 1639 ornate
456 1612 569 1644 dicebat,
594 1612 742 1639 medicinae
765 1612 889 1639 facultate
908 1613 1041 1645 utebatur,

250 1658 302 1676 non
316 1649 492 1685 eloquentiae.
515 1651 556 1676 63.
571 1649 659 1684 Atque
672 1649 741 1676 illud
754 1654 794 1676 est
808 1649 983 1685 probabilius,
997 1659 1044 1676 ne-

249 1695 301 1722 que
312 1691 399 1713 tamen
410 1696 513 1718 verum,
521 1687 593 1722 quod
604 1686 723 1713 Socrates
734 1687 822 1713 dicere
833 1686 942 1718 solebat,
950 1695 1043 1714 omnes

249 1725 277 1750 in
294 1733 333 1756 eo,
350 1724 422 1759 quod
436 1725 543 1756 scirent,
564 1725 628 1751 satis
644 1732 703 1751 esse
716 1723 885 1759 eloquentes3
914 1724 983 1751 illud
997 1733 1044 1751 ve—
1064 1734 1073 1744 *v

249 1762 314 1793 rius,
340 1770 428 1797 neque
450 1770 614 1797 quemquam
637 1762 666 1788 in
679 1770 710 1788 eo
727 1761 857 1788 disertum
876 1770 935 1788 esse
952 1770 1040 1797 posse,

249 1799 321 1834 quod
341 1799 448 1830 nesciat,
469 1807 564 1834 neque,
585 1799 609 1825 si
626 1799 726 1833 optime
739 1799 813 1830 sciat,
830 1799 995 1834 ignarusque
1008 1800 1043 1826 sit

250 1836 389 1863 facundiae
411 1845 441 1863 ac
463 1835 602 1871 poliendae
624 1836 759 1867 orationis,
783 1836 881 1862 diserte
902 1836 931 1863 id
951 1837 1042 1871 ipsum
1063 1857 1065 1870 ⁴,

249 1882 336 1909 posse,
349 1873 443 1909 quod*
456 1874 530 1905 sciat,
543 1873 640 1900 dicere.
661 1873 720 1900 XV.
732 1874 774 1900 64.
789 1872 874 1905 Quam
889 1873 923 1900 ob
937 1882 1002 1905 rem,
1019 1874 1042 1900 si
1063 1883 1065 1911 ς

249 1912 311 1947 quis
334 1911 486 1937 universam
511 1915 537 1937 et
558 1911 692 1946 propriam
720 1911 830 1937 oratoris
853 1911 908 1937 vim
931 1910 1042 1937 definire

248 1948 444 1984 complectique
461 1947 528 1979 vult,
548 1949 572 1974 is
590 1953 675 1975 orator
692 1948 750 1979 erit,
766 1956 824 1974 mea
837 1949 976 1979 sententia,
993 1948 1042 1975 hoc

250 1991 302 2012 tam
319 1986 395 2021 gravi
413 1985 513 2022 dignus
531 1986 647 2017 nomine,
667 1985 724 2020 qui,
743 1993 931 2020 quaecumque
944 1994 986 2012 res
1000 1986 1042 2012 in-

249 2023 351 2054 ciderit,
376 2031 445 2058 quae
467 2023 502 2049 sit
524 2023 639 2049 dictione
662 2022 828 2057 explicanda,
854 2022 998 2057 prudenter
1016 2027 1041 2049 et
1063 2045 1065 2058 ,

248 2061 394 2095 composite
408 2065 434 2087 et
447 2064 537 2087 ornate
551 2064 576 2086 et
589 2061 741 2087 memoriter
754 2059 833 2091 dicat,
848 2068 911 2086 cum
925 2059 1041 2095 quadam

249 2098 327 2124 etiam
342 2098 452 2124 actionis
466 2097 603 2133 dignitate.
635 2099 676 2124 65.
693 2097 740 2124 Sin
754 2097 871 2132 cuipiam
886 2097 967 2124 nimis
980 2097 1042 2124 infi-

249 2135 336 2161 nitum
350 2134 464 2166 videtur,
480 2134 553 2170 quod
567 2134 602 2161 ita
616 2135 703 2169 posui,
719 2143 878 2168 quacumque
890 2137 921 2160 de
930 2143 967 2166 re,
982 2134 1042 2161 licet

248 2172 320 2204 hinc,
341 2176 473 2207 quantum
490 2173 588 2207 cuique
606 2171 750 2203 videbitur,
771 2171 944 2198 circumcidat
961 2176 1041 2207 atque

248 2214 376 2244 amputet,
393 2213 481 2236 tamen
495 2209 564 2236 illud
579 2209 681 2240 tenebo,
697 2210 729 2240 si,
746 2217 815 2244 quae
828 2209 922 2235 ceteris
936 2209 963 2235 in
978 2210 1041 2236 arti-

247 2247 300 2273 bus
318 2251 364 2273 aut
382 2247 480 2273 studiis
498 2247 548 2273 sita
565 2251 637 2278 sunt,
657 2251 743 2273 orator
755 2247 866 2282 ignoret,
883 2250 1041 2282 tantumque

248 2293 278 2310 ea
292 2288 386 2315 teneat,
402 2292 471 2319 quae
489 2284 543 2310 sint
555 2284 583 2310 in
597 2284 836 2318 disceptationibus
853 2287 933 2318 atque
946 2284 974 2310 in
988 2292 1041 2310 usu

249 2321 356 2353 sorensi,
377 2325 465 2348 tamen
482 2321 525 2348 his
539 2321 572 2348 de
586 2321 666 2348 rebus
680 2321 747 2356 ipsis
761 2321 785 2347 si
798 2321 833 2347 sit
846 2321 871 2347 ei
884 2320 1038 2352 dicendum,

248 2367 332 2393 quum
346 2359 500 2394 cognoverit
513 2359 546 2385 ab
560 2359 602 2390 iis,
618 2359 666 2394 qui
681 2362 778 2389 tenent,
794 2366 863 2393 quae
873 2358 963 2384 sintin
973 2367 1041 2393 qua-

248 2404 301 2430 que
323 2405 359 2427 re,
385 2396 469 2423 multo
491 2400 620 2423 oratorem
643 2395 749 2427 melius,
775 2404 857 2431 quam
880 2395 954 2430 ipsos
967 2395 1037 2427 illos,

248 2441 362 2467 quorum
377 2442 422 2459 eae
436 2438 499 2460 sunt
513 2438 590 2465 artes,
606 2441 665 2460 esse
679 2433 824 2459 dicturum.
863 2434 904 2459 66.
920 2433 957 2459 lta
970 2433 994 2459 si
1007 2432 1040 2459 de

248 2478 276 2496 re
290 2469 396 2496 militari
411 2470 555 2497 dicendum
570 2471 634 2497 huic
646 2470 696 2497 erit
709 2469 838 2505 Sulpicio,
858 2474 968 2505 quaeret
980 2478 995 2496 a
1009 2469 1038 2497 C.

248 2507 330 2534 Mario
343 2506 416 2533 affini
431 2512 518 2535 nostro
531 2512 565 2539 et,
581 2517 667 2543 quum
687 2508 824 2542 acceperit,
837 2508 873 2534 ita
884 2507 1041 2542 pronuntia-

248 2544 295 2575 bit,
321 2548 351 2570 ut
372 2545 425 2579 ipsi
448 2544 477 2572 C.
496 2546 579 2572 Mario
596 2554 680 2580 paene
693 2545 737 2571 hic
751 2544 858 2576 metius,
873 2553 956 2579 quam
969 2544 1037 2579 ipse,

248 2580 293 2607 illa
307 2582 374 2608 scire
388 2581 523 2614 videatur3
543 2583 586 2609 sin
599 2583 632 2609 de
645 2583 703 2609 iure
716 2582 799 2613 civili,
816 2586 905 2608 tecum
917 2590 1040 2608 commu—

248 2618 354 2649 nicabit,
371 2623 449 2654 teque
464 2619 598 2646 hominem
613 2619 854 2655 prudentissimum
868 2623 893 2645 et
907 2619 1040 2654 peritissi-

249 2664 322 2682 mum
337 2656 364 2682 in
378 2656 412 2682 iis
425 2657 492 2691 ipsis
506 2657 595 2688 rebus,
609 2666 676 2692 quas
690 2657 738 2683 abs
752 2660 777 2682 te
788 2656 918 2687 didicerit,
931 2655 1037 2682 dicendi

1093 123 1310 151 (niuosis

1103 199 1156 221 arte
1171 195 1320 230 superabssz
1349 197 1389 222 67.
1413 197 1454 222 sin
1468 204 1536 231 quae
1551 205 1592 223 res
1607 197 1736 228 inciderit.
1754 198 1780 224 in
1794 206 1847 234 qun
1861 198 1895 225 de

1073 241 1081 255 υ
1104 238 1203 263 natura¹
1217 233 1249 258 de
1263 233 1334 258 vitiis
1346 233 1493 263 hominum,
1507 234 1540 260 de
1550 235 1751 270 cupiditatibus,
1762 236 1794 261 de
1806 236 1891 266 modo,

1102 269 1135 295 de
1158 271 1327 300 rontinentia,
1352 270 1385 296 dc
1407 270 1505 301 dolore,
1530 271 1563 297 de
1586 278 1668 298 morte
1687 272 1830 299 dicendum
1850 274 1892 302 sit.

1104 306 1221 337 forsitan.
1238 308 1260 333 ui
1275 308 1298 333 ei
1313 308 1348 333 sit
1362 308 1461 338 visum,
1482 308 1540 334 (eui
1556 308 1619 335 haec
1632 309 1742 344 quidem
1757 318 1835 336 nosse
1848 310 1894 336 de-

1103 344 1146 370 bet
1160 344 1265 378 orator.)
1288 353 1350 370 cum
1375 344 1437 371 Sex.
1461 345 1594 380 Pompeio,
1619 347 1723 372 erudito
1742 347 1848 373 homine
1867 347 1894 374 in

1103 381 1281 416 philosophia,
1302 382 1514 413 communicarit,
1534 382 1583 409 hoc
1597 383 1714 418 profecto
1727 383 1833 414 efficiet,
1855 389 1891 413 ut.

1101 427 1302 454 quamcumque
1316 428 1370 445 rem
1385 428 1398 444 a
1412 428 1520 454 quoque
1533 421 1660 455 cognorit,
1676 421 1709 446 de
1719 431 1747 446 ea
1759 420 1843 447 multo
1852 421 1894 447 di-

1101 461 1141 482 cat
1155 457 1283 486 ornatius,
1299 465 1380 491 quam
1395 456 1440 483 ille
1455 457 1520 491 ipse,
1538 457 1608 483 unde
1621 459 1750 493 cognorit,
1783 460 1825 484 6⁸.
1841 458 1893 484 Sed

1102 494 1122 519 si
1148 503 1189 519 mc
1211 493 1334 524 audierit,
1359 495 1486 529 quoniam
1506 494 1674 529 philosophia
1694 496 1719 521 in
1739 500 1792 521 tres
1806 500 1893 530 partes

1101 535 1140 557 est
1164 531 1270 561 tributa,
1296 532 1322 557 in
1347 536 1455 557 naturae
1478 532 1675 562 obscuritatem,
1700 533 1726 559 in
1745 532 1893 559 disserendi

1100 568 1284 599 subtilitatem,
1299 569 1325 594 in
1342 569 1420 595 vitam
1436 573 1515 604 atque
1529 569 1687 599 mores-,duo
1701 569 1744 595 illa
1759 569 1894 605 relinqun-

1101 615 1162 632 mus
1176 610 1255 640 atque
1275 605 1418 641 largiamur
1432 607 1540 632 inertiae
1555 611 1671 633 nostrae:
1700 607 1805 633 tertium
1821 615 1891 638 vero,

1078 646 1079 650 ¹
1100 643 1172 678 quod
1187 652 1293 677 semper
1306 643 1416 669 oratoris
1435 643 1494 674 fuit,
1511 644 1561 670 nisi
1578 644 1737 675 tenebimus,
1754 643 1821 670 nihil
1835 653 1894 671 ora-

1078 677 1079 684 *
1101 681 1158 711 tori,
1187 681 1212 707 in
1231 689 1285 715 quo
1307 689 1421 716 magnus
1439 689 1498 707 esse
1512 682 1604 716 possit,
1622 681 1815 716 relinquemus.
1850 683 1891 708 59.

1100 719 1186 750 Quare
1210 718 1252 744 hic
1272 717 1345 744 locus
1363 717 1396 743 de
1416 719 1467 744 vita
1486 723 1511 744 ct
1526 719 1646 745 moribus
1661 723 1730 744 totus
1744 723 1784 744 est
1797 719 1892 745 oratori

1100 755 1306 790 perdiscendum
1331 760 1416 785 cetera
1431 756 1453 781 si
1468 764 1519 782 non
1533 755 1664 786 didicerit,
1686 761 1772 782 tamen
1787 756 1890 791 poterit,

1100 794 1122 819 si
1145 793 1253 828 quando
1274 801 1343 827 opus
1361 793 1418 823 erit,
1439 801 1531 819 ornare
1548 793 1669 823 dicendo,
1686 794 1708 819 si
1724 793 1802 819 modo
1815 797 1893 820 erunt

1077 824 1079 854 ἶ
1100 830 1132 856 ad
1146 839 1208 856 eum
1227 829 1312 856 delata
1331 834 1356 856 et
1373 830 1397 856 ei
1412 830 1516 856 tradita.
1550 830 1619 856 xvt.
1635 830 1739 856 Etenim
1754 831 1776 856 si
1791 835 1893 857 constat

1070 868 1071 878 ³
1100 868 1168 894 inter
1177 867 1276 898 doctoe,
1286 867 1422 893 hominem
1433 867 1555 902 ignarum
1569 867 1761 902 philosophiae,
1771 868 1890 898 Aratum.

1099 905 1277 931 ornatissimis
1291 909 1370 939 atque
1384 905 1492 939 optimis
1511 905 1634 931 versibus
1652 904 1685 930 de
1703 905 1776 931 caelo
1793 904 1894 931 stellis-

1099 951 1152 977 que
1170 942 1285 974 dixisse,
1314 942 1336 967 si
1355 941 1388 968 de
1406 942 1486 968 rebus
1505 942 1611 968 rusticis
1630 942 1765 968 hominem
1783 942 1816 968 ab
1829 950 1893 978 agro

1099 980 1322 1009 remotissimum,
1356 979 1520 1005 Nicandrum
1548 979 1757 1014 Colophonium,
1790 979 1892 1014 poetica

1099 1017 1214 1052 quadam
1230 1016 1362 1047 facultate,
1388 1025 1440 1042 non
1455 1017 1562 1046 rustica,
1590 1017 1730 1051 scripsisse
1744 1016 1890 1051 praeclare:

1098 1054 1164 1089 quid
1183 1058 1232 1085 est,
1252 1062 1300 1080 cur
1317 1062 1368 1080 non
1383 1058 1468 1080 orator
1481 1054 1514 1080 de
1528 1053 1608 1080 rebus
1627 1054 1660 1080 iis
1673 1053 1892 1089 eloquentissime

1097 1167 1163 1193 ctior
1176 1165 1275 1201 paullo,
1289 1165 1431 1192 verborum
1446 1170 1534 1192 autem
1551 1165 1654 1192 licentia
1670 1165 1784 1197 liberior,
1798 1165 1891 1192 multis

1098 1212 1160 1230 vero
1177 1202 1288 1230 ornandi
1306 1203 1451 1239 generibus
1469 1203 1558 1230 socius
1572 1211 1601 1229 ac
1615 1211 1698 1238 paene
1712 1211 1772 1237 par;
1800 1203 1827 1229 in
1842 1203 1891 1229 hoc

1097 1240 1207 1276 quidem
1221 1244 1290 1267 certe
1304 1248 1386 1275 prope
1401 1240 1481 1271 idem,
1501 1240 1584 1267 nullis
1599 1245 1628 1266 ut
1642 1241 1762 1266 terminis
1775 1241 1892 1267 circum-

1096 1278 1195 1304 scribat
1209 1282 1254 1304 aut
1267 1277 1376 1304 deliniat
1389 1278 1432 1304 ius
1446 1286 1537 1309 suum,
1553 1286 1608 1313 quo
1621 1278 1712 1304 minus
1726 1278 1749 1303 ei
1762 1277 1891 1304 liceatea·

1096 1315 1156 1341 dem
1171 1315 1216 1342 illa
1232 1314 1355 1341 facultate
1369 1319 1394 1341 et
1407 1315 1482 1350 copia
1496 1315 1596 1350 vagari.
1611 1323 1665 1350 qua
1680 1314 1753 1341 velit.
1768 1315 1811 1341 Ἡ.
1823 1315 1889 1341 Nam

1096 1352 1163 1379 illud
1177 1361 1269 1388 quare,
1286 1352 1421 1384 Scaevola,
1442 1353 1544 1388 negasti
1559 1356 1583 1378 te
1597 1351 1681 1378 fuisse
1696 1351 1821 1383 laturum,
1837 1352 1890 1378 nisi

1095 1390 1124 1416 in
1142 1398 1201 1416 meo
1218 1398 1300 1425 regno
1317 1398 1400 1421 esses,
1421 1389 1494 1424 quod
1508 1390 1536 1416 in
1550 1389 1622 1416 omni
1636 1397 1733 1425 genere
1747 1390 1888 1420 sermonis,

1095 1427 1123 1454 in
1141 1427 1214 1454 omni
1232 1431 1305 1462 parte
1323 1427 1498 1453 humanitatis
1519 1427 1634 1454 dixerim
1656 1431 1786 1454 oratorem
1803 1426 1891 1462 perfe-

1095 1469 1167 1491 ctum
1186 1472 1245 1491 esse
1262 1463 1377 1491 debere?
1401 1465 1554 1500 Numquam
1573 1463 1725 1490 mehercule
1747 1464 1797 1491 hoc
1817 1463 1890 1491 dice-

1095 1511 1160 1533 rem,
1179 1502 1203 1528 si
1221 1509 1293 1533 eum,
1313 1510 1394 1536 quem
1413 1501 1492 1538 fingo,
1513 1502 1647 1536 meipsum
1666 1509 1724 1528 esse
1737 1501 1888 1528 arbitrarer.

1094 1541 1137 1566 72.
1165 1538 1227 1570 Sed,
1253 1543 1283 1565 ut
1299 1538 1402 1565 solebat
1415 1538 1444 1566 C.
1460 1538 1581 1565 Lucilius
1594 1547 1674 1574 saepe
1687 1538 1784 1570 dicere,
1809 1538 1890 1565 homo

1095 1577 1143 1603 tibi
1157 1576 1303 1607 subiratus,
1324 1575 1391 1602 mihi
1409 1580 1516 1610 propter
1529 1584 1587 1602 eam
1600 1576 1687 1611 ipsam
1701 1584 1823 1602 caussam
1837 1576 1890 1602 mi-

1094 1622 1155 1644 nus,
1171 1621 1253 1648 quam
1266 1612 1379 1644 volebat,
1397 1613 1544 1645 familiaris,
1560 1613 1608 1640 sed
1622 1618 1709 1640 tamen
1723 1617 1749 1639 et
1759 1613 1853 1640 doctus
1863 1617 1890 1640 et

1094 1650 1275 1686 perurbanus:
1300 1651 1339 1676 sic
1361 1650 1447 1677 sentio
1470 1651 1604 1677 neminem
1623 1659 1682 1677 esse
1699 1651 1728 1677 in
1753 1654 1889 1677 oratorum

1094 1696 1206 1714 numero
1219 1687 1383 1718 habendum,
1403 1688 1450 1722 qui
1467 1696 1519 1714 non
1537 1688 1572 1714 sit
1585 1687 1712 1714 omnibus
1726 1688 1760 1714 iis
1773 1687 1886 1719 artibus,

1093 1733 1162 1760 quae
1175 1729 1240 1751 sunt
1254 1724 1337 1751 libero
1349 1725 1455 1761 dignae,
1475 1724 1638 1760 perpolitus;
1666 1725 1769 1760 quibus
1782 1724 1849 1760 ipsis
1863 1725 1889 1752 si

1093 1763 1120 1789 in
1139 1762 1252 1789 dicendo
1270 1771 1322 1789 non
1340 1763 1451 1793 utimur,
1475 1767 1562 1789 tamen
1575 1767 1685 1797 apparet
1697 1767 1777 1797 atque
1790 1766 1885 1794 exstat,

1093 1804 1182 1826 utrum
1197 1800 1284 1826 simus
1301 1807 1393 1826 earum
1411 1799 1501 1831 rudes,
1521 1808 1554 1826 an
1568 1799 1753 1826 didicerimus.
1784 1799 1828 1826 73.
1842 1799 1886 1831 Ut,

1092 1837 1140 1872 qui
1154 1836 1208 1872 pila
1223 1836 1328 1868 ludunt,
1348 1845 1401 1863 non
1415 1841 1530 1863 utuntur
1545 1837 1574 1864 in
1587 1837 1646 1872 ipsa
1660 1836 1764 1864 lusione
1776 1836 1888 1864 artificio

1093 1875 1200 1909 proprio
1213 1873 1368 1909 palaestrae,
1383 1874 1431 1900 sed
1445 1874 1545 1901 indicat
1556 1874 1616 1909 ipse
1626 1878 1723 1905 motus,
1731 1873 1888 1900 didicerint-

1093 1920 1126 1938 ne
1139 1911 1306 1946 palaestram,
1323 1919 1356 1938 an
1370 1911 1502 1944 nesciant;
1530 1915 1557 1938 et
1578 1911 1626 1946 qui
1649 1910 1753 1946 aliquid
1770 1911 1884 1947 fingunt,

1092 1949 1142 1975 etsi
1156 1953 1214 1975 tum
1228 1949 1331 1983 pictura
1345 1948 1411 1975 nihil
1427 1953 1549 1980 utuntur,
1574 1953 1670 1979 tamen,
1692 1953 1783 1975 utrum
1800 1948 1887 1975 sciant

1092 1987 1202 2022 pingere
1227 1994 1260 2012 an
1279 1986 1407 2017 nesciant,
1428 1995 1480 2013 non
1494 1986 1639 2013 obscurum
1653 1990 1706 2012 est:
1734 1986 1774 2012 sic
1786 1985 1814 2012 in
1827 1993 1887 2012 ora-

1093 2023 1211 2050 tionibus
1225 2023 1298 2049 hisce
1313 2023 1380 2058 ipsis
1393 2023 1564 2054 iudiciomm,
1579 2023 1748 2054 concionum,
1763 2026 1882 2053 senatus.

1091 2061 1195 2087 etiamsi
1209 2060 1315 2095 proprie
1328 2065 1429 2087 ceterae
1443 2069 1495 2087 non
1509 2060 1687 2087 adhibeantur
1699 2064 1777 2092 artes,
1797 2064 1886 2086 tamen

1092 2097 1169 2124 facile
1183 2097 1340 2129 declaratur,
1357 2102 1448 2124 utrum
1462 2097 1494 2128 is,
1509 2097 1558 2132 qui
1571 2097 1650 2129 dicat,
1664 2096 1885 2124 tantummodoin

1091 2135 1142 2161 hoc
1155 2134 1342 2161 declamatorio
1354 2135 1390 2161 sit
1402 2143 1481 2169 opere
1498 2135 1620 2166 iactatus,
1638 2143 1672 2161 an
1689 2134 1723 2161 ad
1739 2133 1884 2161 dicendum

1091 2172 1218 2199 omnibus
1231 2172 1357 2207 ingenuis
1370 2172 1473 2198 artibus
1486 2172 1634 2199 instructus
1647 2171 1796 2198 accesserit.

1147 2209 1229 2236 XVII.
1240 2210 1283 2236 74.
1299 2209 1367 2235 Tum
1378 2209 1468 2235 ridens
1478 2209 1618 2236 Scaevola:
1633 2209 1691 2235 Non
1702 2208 1830 2240 luctabor,
1841 2209 1885 2235 in-

1091 2247 1159 2281 quit,
1176 2251 1273 2278 tecum,
1289 2245 1391 2278 Crasse,
1407 2246 1534 2281 amplius.
1567 2246 1597 2273 Id
1609 2246 1682 2273 enim
1695 2245 1795 2280 ipsum,
1810 2245 1885 2281 quod

1091 2288 1180 2310 contra
1194 2292 1237 2310 me
1252 2283 1355 2310 locutus
1369 2292 1407 2315 es,
1423 2283 1533 2311 artificio
1546 2283 1663 2319 quodam
1673 2291 1702 2309 es
1712 2287 1881 2314 consecutus,

1091 2325 1122 2347 ut
1134 2325 1159 2347 et
1173 2321 1249 2352 mihi,
1264 2329 1334 2356 quae
1347 2329 1397 2357 ego
1409 2320 1516 2352 vellem,
1532 2329 1585 2347 non
1597 2328 1656 2347 esse
1669 2320 1779 2347 oratoris
1789 2327 1885 2347 conee-

1091 2358 1168 2384 deres
1186 2363 1211 2384 et
1229 2366 1259 2384 ea
1276 2359 1335 2393 ipsa
1353 2359 1444 2385 nescio
1455 2357 1591 2393 quomodo
1603 2365 1698 2384 rursus
1711 2357 1883 2392 detorqueres

1091 2400 1171 2430 atque
1183 2395 1279 2422 oratori
1292 2396 1398 2430 propria
1412 2395 1538 2422 traderes.
1573 2395 1616 2421 75.
1634 2395 1712 2426 Haeo,
1732 2402 1818 2429 quum
1831 2402 1884 2430 ego

1090 2437 1195 2467 praetor
1207 2432 1332 2459 Rhodum
1346 2433 1480 2459 venissem
1493 2436 1519 2458 et
1531 2440 1594 2458 eum
1603 2439 1711 2458 summo
1720 2431 1768 2458 illo
1777 2431 1883 2458 doctore

1089 2469 1169 2496 istius
1183 2469 1341 2504 disciplinae
1354 2469 1495 2504 Apollonio
1507 2477 1546 2500 ea,
1561 2477 1630 2504 quae
1643 2478 1659 2496 a
1671 2469 1796 2495 Panaetio
1807 2476 1883 2495 acee-

1089 2515 1190 2541 peram,
1214 2506 1398 2538 contulissem,
1423 2507 1506 2533 irrisit
1522 2505 1569 2533 ille
1586 2506 1706 2542 quidem,
1725 2510 1757 2532 ut
1768 2504 1879 2537 solebat,

1089 2543 1288 2579 philosophiam
1309 2548 1389 2579 atque
1409 2544 1576 2578 contempsit,
1600 2543 1739 2578 multaque
1760 2551 1813 2569 non
1827 2547 1881 2569 tam

1089 2581 1206 2616 graviter
1227 2580 1304 2611 dixit,
1329 2589 1411 2616 quam
1429 2580 1521 2607 facete.
1555 2581 1612 2607 Tua
1631 2585 1720 2607 autem
1734 2579 1786 2606 suit
1797 2580 1880 2606 oratio

1089 2617 1230 2648 eiusmodi,
1246 2626 1299 2644 non
1313 2622 1343 2644 ut
1353 2617 1436 2644 ullam
1446 2622 1529 2644 artem
1538 2617 1720 2644 doctrinamve
1727 2621 1881 2644 contemne-

1089 2663 1144 2686 res,
1165 2654 1213 2681 sed
1230 2659 1261 2681 ut
1275 2663 1369 2681 omnes
1381 2655 1492 2682 comites
1506 2663 1535 2681 ac
1548 2655 1684 2682 ministras
1696 2654 1807 2682 oraton's
1820 2661 1880 2680 esse
