1941 3052
331 157 384 183 DE
417 155 717 183 PROVINCIIS
751 154 1151 182 CONSULARIBUS.
1191 154 1288 181 CAP.
1323 155 1455 180 6—43.

71 229 149 256 rediit
159 229 186 254 in
197 227 327 264 gratiam?
347 227 388 254 An
399 236 449 263 ego
461 236 571 262 possum
583 226 647 253 huic
657 235 716 252 esse
727 226 864 257 inimicus,

69 268 148 294 euius
160 265 262 296 litteris,
275 265 354 296 fama,
367 265 469 291 nuntiis
480 264 648 291 celebrantur
658 272 736 290 aures
747 263 867 299 quotidie

70 312 144 330 meae
159 303 236 329 novis
250 303 406 330 nominibus
421 303 556 338 gentium,
571 303 717 333 nationum,
732 300 868 327 locorum?

70 343 112 368 23.
134 340 233 371 Ardeo,
252 340 320 366 mihi
335 339 447 370 credite,
465 344 552 374 patres
567 339 724 373 conscripti,
742 339 780 374 (id
794 338 867 373 quod

70 382 175 406 vosmet
193 377 226 404 de
241 386 284 404 me
299 378 471 409 existimatis,
488 382 513 403 et
529 377 616 403 facitis
632 376 706 412 ipsi,)
717 375 867 402 incredibili

69 415 187 451 quodam
199 423 287 441 amore
298 415 410 450 patriae:
426 416 523 450 quime
534 423 607 441 amor
617 419 643 440 et
653 414 798 440 subvenire
804 413 867 439 olim

70 452 291 488 impendentibus
316 451 444 487 periculis
468 453 595 478 maximis
615 460 676 478 cum
697 451 868 477 dimicatione

70 491 178 525 capitis,
192 494 218 516 et
231 498 353 520 rursum,
367 498 452 524 quum
464 490 552 516 omnia
564 488 615 515 tela
626 488 747 523 undique
758 497 817 515 esse
827 489 869 514 in-

71 532 142 555 tenta
158 528 186 554 in
201 528 314 562 patriam
330 527 463 558 viderem,
477 527 568 553 subire
583 527 682 561 coegit,
701 530 781 560 atque
797 525 870 551 exci-

71 574 134 601 pere
145 574 230 592 unum
242 573 289 600 pro
300 565 445 591 universis.
481 565 528 590 Hie
539 573 582 590 me
594 572 670 590 meus
682 564 708 589 in
720 562 870 597 rempubli-

70 612 129 630 cam
145 604 252 629 animus
264 602 394 637 pristinus
405 610 435 628 ac
446 602 580 636 peremnis
591 609 652 627 cum
665 600 693 627 C.
707 600 817 627 Caesare
829 608 869 625 re-

71 641 155 671 ducit,
169 640 335 670 reconciliat,
349 640 466 666 restituit
476 640 504 665 in
516 639 638 674 gratiam.
670 639 712 665 24,
734 637 812 669 Quod
824 645 871 663 vo-

73 678 127 705 lent
137 678 262 712 denique,
272 677 395 703 homines
406 677 574 708 existiment3
591 675 691 702 nemini
703 683 751 710 ego
758 683 869 709 possum

71 724 131 742 esse
142 715 210 742 bene
220 715 253 741 de
264 714 399 749 republica
407 714 518 740 merenti
531 722 582 740 non
593 713 705 739 amicus.
721 713 756 738 X.
764 712 869 738 Etenim

72 753 96 779 si
108 753 207 788 iis,qui
214 752 278 778 haec
289 752 377 778 omnia
384 750 488 777 flamma
499 760 530 777 ac
541 749 703 777 ferrodelere
714 749 867 780 voluerunt,

74 799 126 817 non
160 790 316 816 inimicitias
345 788 446 819 solum,
477 788 526 814 sed
553 789 632 814 etiam
658 787 759 814 bellum
782 787 870 813 indixi

74 833 155 863 atque
175 826 269 857 intuli,
291 835 378 861 quum
394 826 491 861 partim
507 825 575 852 mihi
590 825 698 851 illorum
714 824 867 855 familiares,

73 866 170 900 partim
187 865 265 890 etiam
282 872 324 890 me
339 863 498 890 defendente
510 864 605 898 capitis
616 863 725 889 iudiciis
737 867 827 888 essent
839 861 871 887 li-

73 903 171 933 berati:
193 910 241 928 cur
256 901 348 927 eadem
364 901 529 935 respublica,
547 909 616 935 quae
627 901 707 926 mein
719 900 818 926 amicos
830 900 871 925 in—

73 939 209 966 flammare
228 939 327 973 potuit,
349 939 467 964 inimicis
484 938 587 972 placare
603 946 655 964 non
671 937 775 972 possit?
794 937 871 969 Quod

74 977 140 1004 mihi
152 976 244 1003 odium
255 985 317 1002 cum
329 977 356 1002 P.
370 975 462 1002 Clodio
474 975 532 1007 snit,
547 975 599 1001 nisi
610 975 682 1010 quod
690 975 871 1009 perniciosum

74 1014 174 1050 patriae
189 1014 276 1040 civem
292 1013 347 1040 fore
362 1013 505 1048 putabam,
522 1014 570 1048 qui
587 1013 743 1047 turpissima
759 1012 872 1038 libidine

74 1053 201 1079 incensus
212 1051 280 1078 duas
292 1059 334 1077 res
351 1051 547 1082 sanctissimas,
561 1050 718 1086 religionem
730 1054 756 1076 et
767 1049 873 1085 pudici-

74 1090 152 1121 tiam,
167 1097 222 1116 uno
237 1088 335 1115 scelere
350 1088 495 1115 violasset?
514 1089 585 1114 Num
601 1092 642 1114 est
659 1089 743 1123 igitur
756 1088 871 1114 dubium

74 1136 108 1154 ex
118 1127 152 1154 iis
163 1126 253 1158 rebus,
266 1135 333 1161 quas
346 1126 369 1152 is
380 1127 435 1162 egit
445 1127 554 1162 agitque
564 1125 693 1160 quotidie,
707 1126 773 1160 quin
785 1134 834 1161 ego
845 1125 871 1151 in

73 1164 121 1192 illo
141 1163 322 1200 oppugnando
342 1163 505 1198 reipublicae
528 1163 605 1198 plus,
627 1172 708 1198 quam
733 1163 786 1190 otio
803 1171 870 1194 meo,

75 1202 211 1232 nonnulli,
229 1202 255 1228 in
272 1201 364 1228 eodem
381 1201 561 1232 defendendo,
575 1210 624 1227 suo
639 1200 700 1235 plus
711 1201 777 1232 otio,
790 1209 872 1236 quam

74 1240 211 1266 communi
223 1238 426 1274 prospexerint?
445 1239 551 1275 25.Ego
561 1247 603 1264 me
615 1239 746 1265 aCaesare
758 1239 784 1264 in
792 1247 873 1273 repu-

75 1277 145 1304 blica
169 1277 331 1303 dissensisse
355 1276 437 1303 t'ateor
457 1280 483 1302 et
502 1276 620 1302 sensisse
643 1275 798 1302 vobiscum:
826 1275 873 1302 sed

76 1323 148 1341 nunc
157 1314 255 1341 iisdem
267 1314 344 1341 vobis
354 1314 494 1344 assentior,
502 1323 564 1340 cum
575 1313 677 1348 quibus
688 1318 763 1340 antea
774 1314 874 1340 sentie-

75 1352 147 1378 bam.
173 1352 226 1379 Vos
238 1352 318 1382 enim,
332 1351 365 1378 ad
376 1360 443 1387 quos
456 1351 556 1378 litteras
567 1351 595 1377 L.
607 1351 668 1377 Piso
679 1350 712 1377 de
723 1351 780 1377 suis
793 1351 873 1377 rebus

76 1397 129 1416 non
140 1389 220 1416 audet
231 1389 348 1419 mittere.
364 1389 527 1424 quiGabinii
539 1388 638 1415 litteras
649 1388 872 1424 insigniquadam

76 1431 136 1454 nota
151 1431 231 1462 atque
246 1427 393 1462 ignominia
409 1435 477 1453 nova
491 1426 703 1457 condemnastis,
722 1426 751 1452 C.
768 1426 874 1453 Caesari

75 1463 286 1499 supplicationes
297 1464 468 1497 decrevistis:
485 1472 610 1495 numero,
625 1467 653 1490 ut
665 1464 764 1490 nemini
777 1472 831 1490 uno
841 1472 875 1490 ex

76 1501 161 1528 bello:
184 1501 291 1533 honore,
307 1506 336 1528 ut
346 1502 455 1528 omnino
467 1502 577 1528 nemini.
618 1501 765 1537 Curigitur
776 1509 874 1536 exspe-

75 1544 145 1566 ctem
165 1539 301 1565 hominem
318 1538 449 1574 aliquem,
466 1540 514 1574 qui
531 1547 573 1564 me
587 1547 649 1565 cum
664 1538 711 1565 illo
722 1539 749 1565 in
761 1539 873 1574 gratiam

76 1575 203 1603 reducat?
222 1576 338 1603 Reduxit
348 1576 412 1603 ordo
423 1576 609 1611 amplissimus
621 1581 647 1602 et
657 1576 721 1602 ordo
731 1577 763 1607 is,
777 1577 823 1611 qui
836 1580 876 1602 est

76 1618 102 1640 et
123 1613 225 1649 publici
246 1614 351 1640 consilii
372 1618 398 1640 et
417 1622 537 1640 meorum
558 1614 679 1640 omnium
700 1614 873 1640 consiliorum

77 1656 168 1678 auctor
188 1656 214 1678 et
237 1652 371 1686 princeps.
413 1651 465 1678 Vos
481 1659 592 1686 sequor,
609 1656 698 1686 patres
714 1652 872 1686 conscripti:

76 1688 154 1716 vobis
174 1688 341 1723 obtempero,
361 1688 438 1715 vobis
453 1689 597 1721 assentior;
619 1689 681 1723 qui.
698 1688 828 1724 quamdiu
846 1689 873 1715 C.

76 1726 197 1754 Caesaris
208 1726 318 1752 consilia
329 1726 357 1752 in
369 1726 506 1761 republica
517 1735 569 1753 non
581 1727 698 1752 maxime
709 1726 871 1761 diligebatis,

76 1772 120 1791 me
142 1772 251 1799 quoque
270 1772 333 1790 cum
353 1763 400 1790 illo
420 1764 511 1790 minus
531 1764 704 1790 coniunctum
725 1764 872 1790 videbatis:

77 1806 251 1837 posteaquam
273 1801 353 1828 rebus
369 1801 452 1837 gestis
468 1806 571 1828 mentes
586 1806 689 1828 vestras
710 1801 875 1828 voluntates-

76 1847 131 1874 que
141 1839 276 1870 mutastis,
290 1847 333 1865 me
348 1847 400 1866 non
416 1838 503 1866 solum
518 1839 642 1865 comitem
659 1847 718 1866 esse
728 1839 875 1866 sententiae

79 1880 190 1908 vestrae,
204 1876 251 1902 sed
262 1876 342 1902 etiam
354 1876 517 1903 laudatorem
530 1876 646 1903 vidistis.

131 1913 178 1939 XI.
201 1915 243 1941 26.
257 1913 309 1939 Sed
324 1913 392 1948 quid
403 1918 455 1945 est,
469 1913 541 1948 quod
553 1914 580 1940 in
593 1913 642 1940 hac
652 1922 747 1940 caussa
759 1914 875 1940 maxime

79 1950 200 1977 homines
211 1950 376 1977 admirentur
386 1955 411 1978 et
417 1951 613 1986 reprehendant
624 1959 713 1978 meum
720 1951 873 1982 consilium,

78 1996 164 2023 quum
180 1994 229 2023 ego
240 1987 311 2014 idem
323 1992 399 2014 antea
410 1988 494 2014 multa
505 1988 648 2019 decrerim,
662 1997 731 2023 quae
746 1989 831 2024 inagis
843 1989 875 2014 ad

79 2024 196 2052 hominis
207 2024 374 2059 dignitatem,
382 2034 463 2060 quam
475 2025 508 2052 ad
520 2025 683 2060 reipublicae
691 2027 874 2053 necessitatem

79 2062 258 2097 pertinerent?
269 2062 495 2097 Supplicationem
507 2062 661 2097 quindecim
673 2063 876 2090 ‹lierumdecre-

79 2101 106 2126 vi
121 2100 250 2126 sententia
267 2108 335 2126 mea.
376 2100 549 2134 Reipublicae
564 2100 628 2126 satis
644 2105 699 2126 erat
712 2105 747 2126 tot
759 2100 873 2132 dierum,

78 2141 145 2173 quot
163 2136 193 2164 C.
216 2137 308 2163 Mario.
348 2137 403 2164 Diis
425 2137 622 2164 immortalibus
639 2146 690 2164 non
706 2143 761 2164 erat
778 2139 874 2173 exigua

79 2174 171 2202 eadem
186 2174 342 2209 gratulatio,
359 2183 428 2209 quae
439 2183 472 2201 ex
482 2175 608 2201 maximis
621 2175 710 2201 bellis.
750 2176 820 2211 Ergo
831 2175 876 2202 ille

79 2212 207 2239 cumulus
218 2212 322 2238 dierum
336 2212 451 2238 hominis
463 2216 502 2238 est
513 2212 637 2247 dignitati
649 2212 775 2239 tributus.
796 2214 838 2240 27.
848 2214 875 2239 ln

79 2257 134 2285 quo
144 2257 200 2285 ego,
215 2258 269 2285 quo
279 2249 387 2275 consule
398 2249 526 2276 referente
538 2250 655 2284 primum
667 2250 758 2276 decem
770 2250 874 2276 dierum

80 2287 241 2322 supplicatio
251 2287 354 2313 ‹lecreta
366 2287 415 2314 Cn.
428 2287 562 2321 Pompeio,
575 2287 727 2314 Mithridate
739 2287 876 2314 interfecto

79 2324 252 2360 confectoque
258 2324 438 2351 Mithridatico
445 2324 523 2355 bello,
531 2325 609 2350 cuius
620 2325 750 2351 sententia
758 2326 875 2360 primum

79 2361 214 2397 duplicata
229 2367 269 2389 est
284 2361 446 2396 supplicatio
460 2361 618 2392 consularis,
636 2362 713 2397 (mihi
728 2363 800 2388 enim
812 2363 876 2388 estis

80 2400 192 2428 assensi.
205 2408 301 2435 quum,
310 2399 431 2426 eiusdem
443 2399 562 2433 Pompeii
576 2398 670 2425 litteris
682 2399 877 2430 recitatis,con-

81 2435 156 2463 fectis
171 2437 298 2464 omnibus
314 2437 454 2463 maritimis
470 2436 695 2471 terrestribusque
711 2437 798 2468 bellis,
812 2445 878 2471 sup-

79 2473 250 2508 plicationem
269 2474 374 2501 dierum
390 2473 531 2500 duodecim
546 2473 730 2507 decrevistisz)
749 2482 811 2500 sum
827 2474 875 2500 Cn.

80 2510 200 2546 Pompeii
214 2512 341 2539 virtutem
357 2515 383 2538 et
398 2512 480 2538 animi
493 2511 707 2545 magnitudinem
719 2511 875 2542 admiratus,

81 2548 167 2583 quod,
184 2557 269 2584 quum
285 2549 343 2584 ipse
358 2549 452 2575 ceteris
466 2549 594 2575 omnibus
609 2553 679 2574 esset
694 2549 767 2574 omni
780 2548 877 2575 honore

82 2584 225 2618 antelatus,
243 2586 399 2621 ampliorem
412 2586 537 2612 honorem
549 2585 623 2611 alteri
636 2585 782 2617 tribuebat,
795 2595 876 2621 quarn

83 2621 141 2656 ipse
150 2627 205 2649 erat
214 2628 384 2651 consecutus.
406 2623 476 2659 Ergo
488 2623 514 2649 in
526 2622 571 2649 illa
582 2622 787 2657 supplicatione,
795 2632 876 2658 quam

83 2667 132 2695 ego
147 2659 265 2692 decrevi,
282 2670 324 2688 res
339 2662 398 2696 ipsa
414 2661 512 2687 tributa
530 2665 571 2686 est
582 2660 635 2686 diis
645 2660 841 2687 immortalibus
853 2666 878 2687 et

83 2696 213 2724 maiorum
228 2698 359 2726 institutis
374 2702 400 2726 et
410 2698 519 2726 utilitati
530 2697 707 2733 reipublicae:
730 2698 776 2726 sed
788 2698 877 2734 digni-

1665 155 1715 180 535

920 230 958 251 tas
973 225 1130 256 verborum,
1148 225 1241 256 honos,
1259 230 1285 251 et
1300 226 1416 255 novitas,
1435 229 1460 250 et
1471 232 1600 250 numerus
1612 223 1716 250 dierum

920 263 1039 289 Caesaris
1050 263 1138 297 ipsius
1150 262 1222 289 laudi
1233 262 1388 298 gloriaeque
1398 270 1542 288 concessus
1554 266 1603 287 est.
1617 262 1718 288 28:110-

921 300 1003 326 latum
1015 305 1054 326 est
1065 301 1098 326 ad
1108 309 1156 327 nos
1168 300 1291 335 nuperde
1302 299 1436 334 stipendio
1446 300 1594 325 exercitus:
1608 307 1659 324 non
1672 299 1718 324 de-

919 338 991 363 crevi
1003 337 1105 368 solum,
1119 337 1166 364 sed
1177 339 1266 368 etiam,
1283 343 1312 363 ut
1324 346 1370 363 vos
1382 337 1569 365 decerneretis,
1584 336 1716 362 laboravi:

921 375 1003 401 multa
1015 375 1237 401 dissentientibus
1249 375 1388 409 respondi:
1402 373 1633 400 scribendoadfui.
1651 374 1718 400 Tum

920 421 1028 447 quoque
1044 413 1147 438 homini
1163 412 1224 447 plus
1240 413 1335 443 tribui,
1353 421 1434 447 quam
1447 412 1589 438 nesciocui
1602 412 1720 437 necessi-

920 451 976 476 tati.
1017 450 1097 476 Illum
1113 450 1185 476 enim
1201 450 1361 480 arbitrabar,
1375 450 1454 476 etiam
1467 450 1524 475 sine
1536 449 1585 475 hoc
1597 448 1720 474 subsidio

921 487 1062 521 pecuniae,
1086 488 1200 513 retinere
1227 488 1375 513 exercitum
1397 487 1494 521 praeda
1515 491 1575 512 ante
1596 491 1670 520 parta
1695 490 1721 512 et

920 524 1024 551 bellum
1041 525 1169 551 conficere
1186 533 1278 559 posse:
1301 525 1349 550 sed
1365 524 1447 550 decus
1462 523 1531 550 illud
1543 528 1567 550 et
1579 532 1721 550 ornamen-

921 566 979 588 tum
992 562 1122 596 triumphi
1138 562 1316 588 minuendum
1332 566 1420 588 nostra
1433 562 1595 596 parsimonia
1608 570 1659 587 nou
1670 569 1721 595 pu-

921 600 985 626 tavi.
1026 600 1122 626 Actum
1138 604 1179 625 est
1193 599 1226 625 de
1241 599 1334 625 decem
1352 599 1458 634 legatis,
1476 608 1544 633 quos
1555 598 1601 624 alii
1612 599 1722 625 omnino

922 646 974 663 nou
989 636 1101 667 dabant.
1115 637 1160 663 alii
1172 636 1293 671 exempla
1305 636 1477 671 quaerebant,
1491 636 1537 662 alii
1549 641 1655 670 teinpus
1668 635 1721 662 dif—

922 674 1053 704 ferebant,
1071 674 1115 700 alii
1127 675 1185 700 sine
1200 674 1264 700 ullis
1276 674 1419 700 verborum
1431 674 1595 700 ornamentis
1606 673 1718 699 dabant:

922 712 949 737 in
965 720 994 737 ea
1010 720 1118 746 quoque
1138 720 1166 737 re
1180 712 1219 737 sie
1235 720 1295 737 sum
1309 711 1426 741 locutus,
1444 716 1473 738 ut
1484 719 1576 737 omnes
1589 710 1722 746 intellige-

922 753 993 779 rent.
1006 758 1049 775 me
1063 749 1104 780 id,
1117 749 1190 783 quod
1202 748 1366 783 reipublicae
1377 758 1472 775 caussa
1486 749 1622 777 sentirem,
1636 747 1721 774 facere

923 787 1033 812 uberius
1045 790 1152 821 propter
1162 787 1252 821 ipsius
1264 786 1384 812 Caesaris
1396 786 1564 821 dignitatern.

978 824 1036 850 xli,
1054 825 1095 850 29.
1109 823 1143 850 At
1154 832 1203 859 ego
1214 824 1285 850 idem
1297 832 1369 850 nunc
1381 824 1408 850 in
1420 823 1565 858 provinciis
1577 822 1722 848 decernen-

922 861 974 892 dis,
987 862 1035 896 qui
1046 861 1105 887 illas
1117 870 1210 888 omnes
1221 870 1264 887 res
1274 862 1316 897 egi
1328 859 1619 894 silenti0,interpellor;
1636 869 1721 894 quum

923 899 1108 933 superioribus
1129 900 1233 925 caussis
1255 899 1372 925 hominis
1393 903 1547 924 ornamenta
1569 897 1677 927 fuerint,
1695 898 1721 923 in

923 936 972 962 hac
987 945 1030 962 me
1041 936 1108 962 nihil
1125 936 1212 967 aliud,
1231 937 1284 963 nisi
1300 937 1366 963 ratio
1377 936 1450 967 belli,
1465 936 1518 962 nisi
1529 943 1636 962 summa
1648 935 1723 961 utili-

923 978 962 1000 tas
978 974 1141 1008 reipublicae
1158 979 1272 1000 moveat.
1304 975 1370 1000 Nam
1388 975 1446 1008 ipse
1462 973 1570 1003 Caesar,
1587 972 1654 1007 quid
1671 977 1720 1001 est,

922 1020 970 1037 cur
982 1012 1008 1038 in
1020 1012 1157 1046 provincia
1172 1012 1330 1038 commorari
1347 1011 1424 1041 velit,
1440 1011 1492 1037 nisi
1505 1015 1533 1037 ut
1544 1020 1582 1040 ea.
1596 1018 1665 1044 quae
1677 1018 1724 1044 per

923 1057 985 1075 eum
1001 1049 1091 1075 affecta
1108 1053 1180 1081 sunt,
1198 1049 1313 1084 perfecta
1328 1048 1492 1083 reipublicae
1504 1048 1607 1074 tradat?
1627 1048 1724 1074 Amoe-

924 1087 993 1113 nitas
1004 1095 1075 1119 eum,
1089 1087 1180 1118 credo,
1195 1086 1326 1118 locorum,
1340 1087 1450 1113 urbium
1467 1085 1653 1120 pulchritudo,
1675 1084 1724 1111 ho-

924 1125 1029 1151 minum
1045 1125 1238 1160 nationumque
1255 1125 1362 1151 illarum
1380 1124 1533 1150 humanitas
1550 1127 1574 1149 et
1587 1122 1668 1157 lepos,
1684 1123 1724 1148 vi-

924 1162 1020 1188 ctoriae
1035 1162 1178 1197 cupiditas,
1197 1162 1292 1188 sinium
1303 1162 1411 1196 imperii
1422 1162 1504 1188 nostri
1517 1161 1672 1195 propagatio
1683 1168 1723 1186 reL

925 1200 1000 1226 tinet.
1026 1199 1097 1232 Quid
1109 1200 1164 1226 illis
1176 1201 1253 1226 terris
1265 1199 1405 1235 asperius?
1427 1199 1493 1234 quid
1506 1198 1635 1224 incultius
1647 1198 1724 1232 oppi—

924 1237 985 1263 dis‘?
1008 1237 1076 1273 quid
1093 1238 1246 1264 nationibus
1262 1236 1427 1264 immanius?
1451 1236 1518 1271 quid
1536 1244 1613 1271 porro
1630 1240 1665 1262 tot
1684 1236 1724 1260 vi-

924 1275 1014 1301 ctoriis
1035 1275 1241 1310 praestabilius?
1270 1275 1336 1310 quid
1357 1274 1461 1301 Oceano
1482 1273 1587 1309 longius
1609 1273 1722 1299 inveniri

925 1312 1029 1347 potest?
1052 1312 1094 1339 An
1110 1313 1212 1339 reditus
1228 1313 1255 1339 in
1272 1313 1384 1347 patriam
1397 1312 1477 1338 habet
1488 1311 1605 1346 aliquam
1617 1310 1724 1336 offensi-

925 1349 1021 1376 onem‘?
1045 1355 1135 1376 utrum
1151 1350 1223 1385 apud
1239 1350 1379 1385 populum,
1393 1359 1407 1375 a
1418 1358 1473 1384 quo
1484 1349 1593 1378 missus,
1608 1357 1640 1374 an
1652 1347 1723 1382 apud

926 1392 1059 1419 senatum,
1077 1396 1092 1413 a
1107 1396 1161 1422 quo
1176 1393 1285 1414 ornatus
1300 1386 1358 1414 est‘?
1378 1396 1411 1413 an
1422 1387 1480 1413 dies
1492 1390 1570 1421 auget
1583 1386 1641 1412 eius
1652 1385 1723 1411 desi-

926 1425 1041 1455 derium,
1060 1433 1092 1451 an
1108 1425 1194 1461 magis
1209 1424 1393 1451 oblivionem?
1416 1433 1445 1450 ac
1461 1424 1549 1450 laurea
1562 1422 1606 1449 illa
1618 1423 1724 1457 magnis

926 1462 1053 1497 periculis
1073 1467 1147 1497 parta
1172 1462 1269 1489 amittit
1290 1462 1368 1496 longo
1383 1461 1523 1488 intervallo
1544 1459 1724 1486 viriditatem?

926 1500 1022 1532 Quare,
1040 1500 1063 1526 si
1078 1500 1126 1534 qui
1142 1500 1279 1526 hominem
1296 1509 1348 1526 non
1364 1499 1491 1531 diligunt,
1510 1498 1576 1524 011111
1589 1503 1638 1527 cst,
1651 1497 1724 1532 quod

926 1546 988 1564 eum
1009 1537 1043 1564 de
1064 1537 1201 1572 provincia
1216 1538 1356 1563 devocent.
1390 1537 1431 1563 Ad
1451 1536 1563 1571 gloriam
1584 1535 1722 1563 devocant,

927 1575 959 1601 ad
974 1575 1152 1609 triumphum,
1171 1574 1202 1601 ad
1218 1574 1431 1610 gratulationem,
1445 1574 1478 1599 ad
1490 1581 1628 1599 summum
1642 1572 1725 1598 11000-

927 1621 982 1638 rem
1000 1617 1118 1643 senatus,
1131 1613 1265 1647 equestris
1276 1612 1378 1638 ordinis
1389 1611 1511 1647 gratiam,
1527 1610 1619 1645 populi
1630 1611 1725 1636 carita—

927 1655 990 1676 tem.
1017 1652 1058 1676 30.
1076 1649 1138 1680 Sed,
1156 1650 1180 1676 si
1195 1649 1240 1676 ille
1257 1650 1305 1676 hac
1317 1654 1369 1675 tam
1379 1649 1478 1675 eximia
1491 1648 1604 1678 fortuna,
1619 1652 1725 1682 propter

927 1687 1068 1714 utilitatem
1082 1687 1255 1722 reipublicae,
1269 1686 1321 1713 frui
1335 1696 1386 1713 non
1399 1690 1529 1721 properat,
1544 1690 1573 1712 ut
1584 1684 1724 1711 omniailla

926 1725 1061 1751 conficiat:
1092 1725 1160 1759 quid
1176 1733 1227 1760 ego
1241 1729 1347 1751 senator
1363 1724 1447 1750 facere
1463 1723 1560 1753 debeo.
1578 1731 1673 1757 quem,
1687 1727 1726 1748 et—

927 1763 1005 1789 iamsi
1018 1762 1062 1788 ille
1074 1762 1148 1789 aliud
1160 1762 1249 1793 vellet,
1258 1758 1726 1797 reipublicaeconsulereoporteret‘?

927 1800 983 1835 Ego
998 1809 1061 1826 vero
1077 1800 1115 1826 sic
1127 1799 1257 1835 intelligo,
1271 1805 1359 1834 patres
1370 1799 1523 1833 conscripti,
1537 1806 1585 1824 nos
1598 1798 1647 1824 hoc
1659 1801 1726 1824 tcm-

927 1846 989 1872 pore
1006 1838 1032 1864 in
1045 1838 1191 1872 provinciis
1202 1837 1378 1864 decernendis
1389 1841 1532 1871 perpetuae
1544 1835 1616 1870 pacis
1629 1835 1726 1862 habere

926 1879 1047 1909 oportere
1067 1876 1206 1901 rationem.
1229 1875 1295 1901 Nam
1315 1875 1378 1909 quis
1400 1874 1449 1900 hoc
1465 1882 1516 1900 non
1531 1873 1620 1903 sentit,
1637 1872 1725 1899 omnia

926 1913 978 1939 alia
994 1921 1052 1939 esse
1069 1913 1145 1939 nobis
1158 1921 1240 1939 vacua
1253 1913 1285 1939 ab
1297 1912 1369 1939 omni
1382 1911 1500 1946 periculo
1511 1916 1591 1945 atque
1603 1910 1681 1936 etiam
1693 1909 1726 1935 ab

926 1951 998 1977 omni
1011 1951 1165 1985 suspicione
1176 1949 1259 1976 beln‘?
1279 1951 1306 1976 31
1316 1949 1431 1976 .lamdiu
1444 1957 1515 1975 mare
1527 1947 1725 1974 videmusillud

927 1988 1100 2018 immensum,
1114 1988 1193 2014 cuius
1204 1987 1307 2014 fervore
1319 1995 1370 2013 non
1382 1986 1470 2013 5011101
1481 1986 1607 2012 maritimi
1619 1993 1723 2011 cursus.

927 2025 975 2051 sed
986 2025 1067 2051 urbes
1082 2026 1161 2052 etiam
1176 2029 1202 2051 et
1217 2025 1275 2051 viae
1286 2024 1415 2051 militares
1426 2025 1478 2050 iam
1491 2023 1658 2052 tenebantur.
1673 2023 1726 2048 vir-

928 2067 983 2089 tute
1004 2063 1051 2089 Cn.
1078 2063 1198 2097 Pompeii
1218 2063 1257 2089 sic
1277 2071 1291 2088 a
1313 2061 1413 2097 populo
1433 2062 1551 2088 Romano
1570 2060 1603 2086 ab
1623 2060 1727 2086 Oceano

928 2108 1014 2135 usque
1030 2100 1062 2126 ad
1075 2100 1200 2126 ultimum
1216 2100 1344 2130 Pontum,
1358 2104 1494 2133 tamquam
1508 2106 1592 2124 unum
1608 2097 1725 2132 aliquem

928 2142 1034 2172 portum
1043 2158 1048 2168 ,
1067 2142 1154 2163 tutum
1166 2142 1192 2164 et
1202 2137 1325 2164 clausum
1339 2137 1435 2163 teneri:
1458 2136 1576 2162 nationes
1587 2144 1631 2160 cas
1640 2155 1645 2164 ,
1658 2143 1726 2168 (luae

927 2183 1040 2201 numero
1052 2175 1191 2201 bominum
1203 2183 1234 2200 ac
1245 2174 1419 2200 multitudine
1431 2174 1488 2208 ipsa
1502 2177 1621 2207 poterant
1633 2172 1658 2198 in
1667 2180 1725 2206 pro-

928 2213 1030 2238 vincias
1047 2217 1150 2238 nostras
1166 2211 1329 2242 redundare,
1348 2212 1382 2237 ita
1398 2211 1431 2237 ab
1446 2210 1539 2236 eodeni
1555 2217 1614 2235 esse
1631 2210 1725 2243 partim

928 2250 1035 2280 recisas,
1049 2251 1145 2284 partim
1158 2257 1291 2283 repressas
1300 2269 1306 2279 ,
1321 2253 1349 2274 ut
1361 2249 1432 2277 Asia.
1445 2256 1514 2282 quae
1525 2248 1668 2281 imperium
1681 2255 1726 2271 an—

929 2291 968 2312 tea
985 2291 1104 2313 nostrum
1120 2286 1293 2316 terminabat,
1312 2294 1383 2311 nunc
1395 2285 1481 2311 tribus
1493 2285 1570 2311 noris
1582 2283 1727 2318 provinciis

928 2325 986 2358 ipsa
1006 2324 1139 2359 cingatur.
1180 2324 1292 2349 Possum
1312 2323 1345 2348 de
1365 2322 1438 2348 omni
1460 2322 1579 2355 regione.
1601 2320 1635 2346 de
1654 2320 1726 2346 omni

929 2361 1046 2387 bostium
1063 2369 1160 2395 genero
1171 2360 1268 2387 dicere.
1310 2359 1388 2386 Nulla
1399 2368 1465 2394 gens
1476 2364 1524 2388 cst,
1537 2367 1606 2393 quim
1618 2366 1669 2383 0011
1683 2362 1728 2383 aut

930 2399 963 2424 ita
979 2397 1084 2424 sublata
1100 2399 1148 2428 sit,
1167 2402 1195 2424 ut
1207 2398 1252 2423 vix
1264 2402 1363 2423 exstet:
1386 2401 1431 2422 aut
1442 2397 1476 2422 ita
1489 2396 1597 2424 dunum,
1611 2395 1726 2429 utquie-

928 2440 998 2462 scat:
1021 2440 1066 2462 aut
1078 2436 1112 2461 ita
1125 2439 1224 2470 pacata,
1234 2440 1262 2461 ut
1274 2435 1382 2461 victoria
1395 2439 1482 2460 nostra
1495 2433 1662 2467 imperioque
1675 2431 1726 2457 lae-

929 2477 1008 2499 tetur.
1040 2473 1110 2499 xm.
1132 2474 1173 2499 32.
1189 2472 1294 2499 Bellum
1310 2471 1458 2500 Gallicum,
1473 2475 1559 2504 patres
1571 2469 1724 2504 conscripti,

929 2511 958 2537 C.
972 2510 1082 2537 Caesare
1094 2511 1252 2544 imperatore
1263 2514 1369 2543 gestum
1381 2513 1434 2538 est,
1457 2513 1532 2534 autea
1544 2505 1727 2534 tantummodo

929 2547 1078 2582 repulsum.
1119 2548 1231 2582 Semper
1247 2547 1305 2573 illas
1322 2547 1442 2573 nationes
1458 2546 1539 2572 nostri
1555 2547 1726 2579 imperatores

929 2585 1082 2611 refutandas
1094 2587 1183 2620 potius
1194 2584 1272 2614 bello,
1281 2594 1296 2619 q
1302 2593 1361 2610 uam
1376 2583 1541 2609 lacessendas
1553 2586 1723 2617 putaverunt.

928 2623 987 2657 lpse
1003 2622 1048 2648 1110
1064 2622 1093 2649 C.
1107 2623 1221 2652 Murius,
1239 2623 1318 2648 citius
1333 2621 1424 2647 divina
1440 2626 1520 2655 atquo
1531 2620 1628 2646 eximia
1640 2620 1725 2645 virtus

929 2660 1033 2695 magnis
1045 2659 1137 2695 populi
1146 2660 1255 2686 Romani
1263 2659 1380 2685 luctibus
1389 2658 1582 2692 itineribusque
1588 2657 1723 2685 subvenit.

929 2696 1069 2725 influentes
1082 2698 1108 2724 iu
1121 2696 1367 2724 ltaliamGallorum
1379 2696 1510 2722 maximas
1521 2695 1610 2730 copias
1622 2702 1725 2729 repres-
