1941 3052
233 151 282 178 ⁵62
809 151 851 175 5¹.
887 149 921 175 M.

234 226 315 251 vatus,
334 231 384 247 non
399 221 536 255 largitione
547 218 704 254 corruptas?
723 218 793 250 Quid
805 220 876 245 enim
889 223 974 253 potest
985 219 1026 245 di-

232 267 299 289 ccre,
313 267 360 284 cur
375 259 423 284 ista
435 259 516 283 editio
528 267 578 283 nou
591 265 724 282 suminam
738 256 832 282 habeat
844 256 1024 286 acerbitatem,

233 301 329 322 remota
343 297 440 321 ratione
453 295 505 324 illa,
519 303 599 328 quam
613 294 638 319 in
650 292 1028 319 decernendosecutisumus?

233 334 273 359 to.
292 334 330 358 Tu
346 333 449 365 deligas
465 340 496 357 ex
512 332 583 357 omui
602 331 700 365 populo
715 335 761 356 out
775 331 874 356 amicos
891 334 964 359 tuos,
981 333 1027 355 aut
1047 327 1049 356 l

233 370 354 396 inimicos
375 378 447 395 meos
467 374 512 394 aut
532 368 649 402 deniquo
670 376 723 397 eoa,
746 376 814 402 quos
836 367 1023 397 inexorabiles.
1047 358 1049 384 ⁴

231 416 299 442 quos
314 407 484 435 inhumanos,
502 414 570 440 quos
586 405 709 431 crudeles
725 404 882 431 existimes?
916 405 965 434 Tu,
984 412 1026 430 me

233 445 331 477 ignaro,
351 452 397 469 nec
413 444 546 477 opinante,
566 443 659 473 inst-io,
679 447 752 468 notes
762 446 788 468 et
800 446 868 472 tuos,
882 446 907 467 et
919 446 1024 468 tuorum

232 481 403 510 necessarios,
423 481 529 515 iniquos
545 480 586 505 vel
604 488 685 510 meos,
706 479 746 505 vel
762 479 841 505 etiam
853 478 1025 505 defensorum

232 517 370 544 meorum?
385 518 532 552 eodemque
543 517 682 553 adiungas,
691 525 759 552 quos
767 521 858 543 natura
866 521 943 551 putes
950 525 1026 551 aspe-

232 564 287 586 mS,
315 559 394 590 utque
417 555 543 581 omuibus
559 554 685 589 iniquos‘?
717 554 814 580 deinde
839 553 960 580 effundas
985 562 1026 579 re·

232 597 318 627 pente,
345 597 375 618 ut
395 597 454 618 ante
475 601 631 618 consessum
653 600 744 618 eorum
766 591 886 618 iudicum
909 591 1023 620 videam,

230 638 310 664 quam
333 630 474 664 potuerim,
495 630 543 664 qui
559 634 649 655 essent
665 629 757 659 futuri,
775 628 925 663 suspicari?
954 627 1025 663 apud

230 675 330 702 cosque
347 675 397 697 me.
416 675 447 693 ne
459 668 580 702 quinquo
591 666 701 702 quidem
714 666 828 696 reiectis,
841 665 914 701 quod
925 666 952 692 in
966 674 1027 700 pro—

231 705 303 730 ximo
320 713 364 731 reo
378 704 410 730 de
425 704 531 730 consilii
547 705 677 730 sententia
692 704 868 730 constitutum
885 707 933 733 est.
947 711 1026 737 cogas

229 749 352 768 caussam
372 741 404 767 de
421 741 535 768 fortunis
551 742 677 768 omnibus
693 740 799 767 dicere?
819 742 860 767 Η.
874 741 930 767 Non
942 741 1024 771 enim,

230 779 252 805 si
264 783 310 805 aut
321 778 444 805 Plancius
456 780 490 805 ita
503 779 578 810 vixit,
591 783 621 805 ut
631 778 774 805 offenderet
785 778 1024 808 sciensneminem,

230 820 275 842 aut
289 820 317 842 tu
331 816 365 842 ita
379 817 481 847 errasti,
496 821 525 843 ut
535 825 580 843 eos
591 816 682 842 ederes
694 815 860 850 imprudens,
875 819 903 841 ut
915 824 971 846 nos,
986 815 1027 840 in-

230 853 285 879 vito
296 858 328 884 te,
343 858 429 880 tamen
441 854 473 879 ad
486 854 597 885 iudices,
611 862 662 880 non
674 853 849 879 adcarnilices
857 853 1024 879 veniremus:

229 890 328 917 idcirco
338 891 387 917 ista
399 891 480 917 editio
492 899 538 925 per
549 900 578 917 so
589 899 640 917 non
652 891 744 917 acerba
755 895 806 917 cst.
837 890 917 916 XVll.
929 890 969 916 An
981 897 1027 915 ve-

231 936 260 954 ro
270 936 356 962 nuper
366 928 508 955 clarissimi
521 929 594 955 cives
607 936 703 954 nomen
714 928 779 954 editi
791 928 888 954 iudicis
900 936 951 954 non
959 927 1027 953 tule-

216 960 300 996 'runt,
323 974 408 1000 quum
425 974 458 992 ex
469 974 542 992 cxxv
553 965 700 997 iudicibus,
713 965 882 1000 principibus
894 965 1026 1000 equestris

229 1002 340 1033 ordinis,
358 1003 479 1038 quinque
495 1007 520 1029 et
534 1012 586 1029 ixx
600 1012 661 1029 rcus
674 1003 800 1033 reiiceret.
815 1012 827 1028 i.
839 1002 955 1033 referret.
969 1011 1027 1028 om-

230 1040 327 1075 niaque
339 1040 429 1075 potius
441 1041 663 1075 permiscuerunt,
676 1049 757 1075 quam
769 1041 794 1066 ei
807 1039 857 1075 legi
867 1040 1027 1066 conditioni-

229 1085 282 1112 que
294 1082 429 1112 parerent;
452 1086 500 1104 nos
512 1086 599 1113 neque
610 1086 643 1104 ex
654 1078 764 1104 delectis
777 1078 922 1108 iudicibus,
936 1077 982 1103 sed
994 1085 1026 1103 ex

229 1116 302 1142 omni
318 1114 426 1150 populo,
443 1124 530 1150 neque
540 1116 625 1141 editos
639 1115 671 1141 ad
683 1115 867 1145 reiiciendum.
881 1114 928 1141 sed
939 1115 972 1141 ab
983 1123 1027 1141 ac-

229 1156 350 1179 cusatore
365 1153 523 1179 constitutos
539 1153 641 1179 iudices
657 1153 691 1179 ita
708 1152 832 1184 feremus,
851 1157 880 1178 ut
892 1153 1026 1178 neminem

229 1189 402 1216 reiiciamus‘?
431 1191 472 1216 42.
494 1191 588 1225 Neque
607 1198 657 1226 ego
677 1198 748 1216 nunc
770 1190 836 1225 legis
856 1190 1025 1224 iniquitatem

228 1235 334 1262 queror.
352 1227 400 1253 sed
417 1226 514 1253 sactum
531 1232 608 1254 tuum
627 1236 641 1253 a
656 1228 787 1254 sententia
801 1228 867 1263 legis
878 1227 960 1253 doceo
970 1227 1027 1253 dis-

228 1272 349 1299 crepare:
372 1269 397 1290 et
418 1265 485 1291 illud
501 1265 625 1291 acerbum
643 1265 783 1295 iudicium,
801 1266 833 1296 si,
850 1264 1027 1299 quemadmo-

229 1301 294 1328 dum
314 1306 422 1328 senatus
437 1303 543 1328 censuit
558 1302 730 1337 populusque
750 1303 837 1333 iussit,
854 1303 890 1328 ita
905 1301 1024 1332 fecisses,

229 1339 296 1365 utin
308 1339 379 1365 hunc
390 1343 416 1365 et
427 1348 514 1370 suam,
526 1344 552 1366 et
562 1340 595 1366 ab
603 1340 651 1366 hoc
664 1340 911 1366 observatastribus
918 1339 1024 1372 ederes3

229 1384 280 1402 non
292 1376 370 1402 modo
382 1385 433 1403 non
444 1385 578 1411 quererer.
592 1377 639 1403 sed
652 1377 731 1408 hunc,
745 1376 1024 1407 hisiudicibuseduu,

227 1413 275 1448 qui
296 1418 377 1440 testes
398 1413 479 1440 iidem
500 1422 560 1440 esse
581 1419 698 1449 possent.
719 1413 873 1441 absolutum
889 1418 1024 1449 putarem:

228 1459 315 1485 neque
331 1459 404 1477 nunc
420 1451 505 1477 multo
519 1460 598 1478 secus
613 1451 748 1478 existimo.
784 1451 874 1484 Quum
890 1452 962 1477 enim
978 1451 1026 1477 bas

229 1488 315 1514 tribus
326 1488 443 1519 edidisti,
457 1489 555 1524 ignotis
566 1493 591 1515 te
602 1488 739 1515 iudicibus
751 1489 789 1515 uti
801 1489 881 1515 malle
891 1497 972 1524 quam
980 1497 1028 1515 no-

227 1525 262 1551 tis
277 1525 440 1552 iudicavisti.
459 1526 562 1561 Fugisti
577 1527 736 1552 sententiam
752 1525 832 1561 legis;
864 1527 1025 1561 aequitatem

227 1570 334 1589 omnem
349 1563 478 1589 reiecisti:
506 1564 533 1589 in
549 1563 675 1594 tenebris,
687 1572 770 1598 quam
782 1564 809 1590 in
822 1563 890 1594 luce,
902 1572 1026 1590 caussam

227 1601 327 1626 versari
335 1600 463 1627 maluisti.
481 1601 523 1627 43.
530 1600 643 1627 Voltinia
651 1601 736 1627 tribus
742 1601 775 1627 ab
782 1601 968 1635 hoccorrupta.
977 1601 1027 1627 Te-

228 1638 357 1664 rentinam
374 1637 503 1664 habuerat
514 1637 645 1664 venalem.
667 1637 738 1670 Quid
749 1638 849 1665 diceret
859 1638 931 1673 apud
943 1638 1026 1664 Volti-

227 1675 343 1706 nienses,
361 1679 407 1701 aut
422 1675 494 1709 apud
509 1674 622 1701 tribules
640 1683 704 1701 suos
719 1675 842 1702 iudices‘.⁷
865 1676 949 1701 immo
964 1683 1026 1701 vero

228 1716 256 1738 tu
272 1712 338 1746 quid
354 1711 475 1738 diceres?
503 1720 584 1747 quem
600 1712 717 1739 iudicem
733 1721 767 1739 ex
781 1712 836 1739 illis
853 1717 898 1738 aut
915 1713 1024 1738 tacitum

228 1753 322 1775 testem
339 1749 462 1779 haberes,
478 1754 525 1776 aut
539 1758 603 1776 vero
613 1750 693 1776 etiam
704 1749 853 1776 excitares?
873 1750 988 1780 Etenim,
1002 1750 1025 1776 si

228 1793 290 1812 reus
306 1786 406 1812 tribum
422 1786 518 1818 ederet,
534 1786 678 1813 Voltiniam
697 1786 808 1813 fortasse
823 1787 948 1813 Plancius
964 1795 1026 1821 pro-

226 1827 286 1857 pter
293 1823 517 1850 necessitudinem
524 1824 732 1854 acvicinitatem‚
741 1832 818 1850 suam
825 1833 888 1851 vero
894 1829 963 1850 certe
968 1824 1026 1850 edi—

227 1860 324 1887 disset:
347 1864 381 1892 et,
395 1861 418 1887 si
429 1862 564 1896 quaesitor
575 1860 695 1887 edendus
707 1861 811 1892 fuisset,
824 1870 906 1897 quem
916 1861 1024 1887 tandem

228 1898 326 1932 potius,
340 1906 422 1933 quam
434 1898 505 1924 hunc
515 1898 542 1925 C.
554 1897 663 1929 Alfium,
676 1907 758 1933 quem
770 1898 857 1930 habet,
865 1899 909 1925 cui
917 1899 1026 1925 notissi—

228 1943 289 1961 mus
314 1943 373 1961 csse
393 1935 485 1966 debet,
507 1936 642 1966 vicinum,
666 1935 791 1962 tribulem
803 1956 808 1966 ,
830 1936 1023 1972 gravissimum

228 1971 364 1998 hominem
380 1972 629 2007 iustissimumque,
647 1972 795 1999 edidisset?
823 1973 902 1999 cuius
913 1973 1024 2008 quidem

227 2010 359 2044 aequitas,
383 2014 408 2036 et
429 2018 458 2035 ea
481 2009 603 2036 voluntas
623 2018 685 2045 erga
706 2010 754 2036 Cn.
777 2009 877 2036 Plancii
898 2010 1022 2041 salutem,

227 2055 309 2081 quam
324 2046 371 2073 ille
385 2047 444 2073 siue
455 2046 509 2073 ulla
520 2047 676 2081 cupiditatis
686 2048 840 2082 suspicione
851 2056 913 2082 prae
923 2057 952 2074 se
964 2047 1022 2077 sert,

228 2083 306 2110 facile
325 2083 449 2115 declarat,
472 2092 523 2110 non
544 2083 628 2110 fuisse
643 2083 802 2120 fugiendum
819 2085 945 2111 tribulem
962 2085 1025 2111 huic

228 2121 354 2152 iudicem.
371 2121 416 2148 cui
431 2122 611 2157 quaesitorem
623 2122 750 2148 tribulem
762 2122 944 2157 exoptandum
957 2121 1026 2148 suis-

228 2167 256 2184 se
269 2158 390 2185 videatis.

282 2195 376 2222 xvm.
394 2196 436 2222 44.
452 2196 546 2231 Neque
560 2204 611 2232 ego
621 2205 694 2223 nunc
703 2196 847 2223 consilium
860 2196 1026 2231 reprehendo

228 2237 314 2264 tuum,
331 2233 404 2268 quod
421 2241 472 2260 non
483 2241 527 2260 eas
539 2234 634 2265 tribus,
647 2234 749 2268 quibus
761 2234 806 2260 hic
817 2235 933 2261 maxime
945 2238 1024 2260 notus

227 2274 291 2301 erat,
309 2270 438 2297 edideris:
460 2271 508 2297 sed
519 2279 532 2296 a
545 2275 569 2297 te
579 2271 661 2298 doceo
671 2271 814 2298 consilium
826 2280 878 2298 non
889 2276 1023 2298 servatum

227 2312 345 2334 senatus.
366 2307 472 2334 Etenim
483 2308 545 2343 quis
557 2313 581 2334 te
593 2313 650 2335 tum
661 2308 766 2335 audiret
776 2308 894 2340 illorum,
907 2309 1025 2344 autquid

227 2344 348 2371 diceres?
374 2345 582 2380 Sequestremne
592 2345 749 2372 Plancium?
769 2350 926 2381 respuerent
935 2355 1022 2376 aures.

229 2390 306 2408 nemo
321 2387 486 2418 agnosceret,
502 2383 697 2418 repudiaretur.
730 2384 772 2410 An
787 2383 956 2419 gratiosum?
985 2383 1025 2409 illi

229 2418 342 2445 libenter
352 2420 487 2446 audirent:
510 2428 558 2447 nos
569 2429 621 2447 non
633 2420 726 2446 timide
737 2421 933 2447 confiteremur.
964 2420 1025 2447 Noli

228 2457 299 2482 enim
323 2461 429 2491 putare,
447 2457 606 2488 Laterensis,
626 2457 732 2492 legibus
746 2458 815 2488 istis,
832 2466 900 2493 quas
915 2462 1025 2484 senatus

229 2491 262 2518 de
277 2494 379 2520 ambitu
395 2495 498 2521 sancire
513 2495 642 2525 volucrit,
660 2494 687 2520 id
702 2503 762 2521 esse
778 2500 876 2526 actum,
889 2500 919 2521 ut
929 2495 1025 2521 suffra-

228 2529 307 2563 gatio,
329 2535 359 2556 ut
381 2531 558 2563 observantia,
580 2536 611 2558 ut
629 2532 713 2567 gratia
734 2531 879 2558 tolleretur.
912 2531 1025 2566 Semper

230 2565 338 2592 fuerunt
351 2567 413 2593 honi
428 2568 488 2599 viri,
506 2569 554 2604 qui
565 2569 636 2604 apud
647 2568 760 2595 tribules
771 2577 835 2595 suos
845 2570 954 2605 gratiosi
965 2577 1025 2595 esse

228 2602 338 2629 vellent.
370 2605 410 2630 45.
430 2605 523 2640 Neque
538 2614 600 2633 vero
615 2611 669 2632 tam
683 2605 768 2633 durus
779 2606 806 2632 in
818 2605 924 2640 plebem
935 2610 1026 2633 noster

229 2639 294 2666 ordo
308 2639 367 2671 tuit,
381 2645 410 2667 ut
420 2649 476 2667 eam
489 2642 539 2668 coli
551 2648 638 2670 nostra
648 2642 752 2669 modica
763 2642 920 2669 liberalitate
930 2643 1026 2670 nolue-

229 2676 276 2703 rit:
308 2685 395 2712 neque
410 2677 459 2704 hoc
475 2678 566 2705 liberis
581 2681 678 2707 nostris
694 2679 909 2707 interdicendum
923 2685 973 2713 est,
989 2688 1024 2708 ne

955 150 985 175 Τ.
1020 149 1295 176 etet-:noxis

1078 220 1220 245 observent
1235 219 1346 245 tribules
1361 228 1434 250 suos,
1453 228 1484 246 na
1498 220 1620 255 diligant.
1638 229 1670 248 ne
1685 221 1814 248 conficere
1825 230 1872 248 ne-

1078 257 1200 282 cessariis
1216 257 1274 282 suis
1290 265 1365 282 suam
1382 257 1480 283 tribum
1493 260 1605 292 possint.
1620 267 1651 285 ne
1663 267 1710 294 par
1721 259 1799 284 abiis
1811 267 1872 285 mu-

1079 303 1129 319 nus
1143 294 1168 319 in
1180 302 1227 319 sua
1240 294 1365 328 petitione
1378 299 1539 328 respectent:
1563 295 1626 322 haec
1637 298 1707 322 enim
1721 296 1797 330 plena
1810 300 1873 322 sunt

1078 330 1166 360 officii.
1188 330 1265 364 plena
1286 331 1479 361 observantiae.
1501 332 1578 366 plena
1599 334 1676 359 etiarn
1694 334 1871 368 antiquitatis.

1078 368 1131 393 isto
1142 368 1168 393 in
1180 376 1277 401 genere
1288 373 1314 394 et
1326 367 1427 394 suimus
1439 369 1500 403 ipsi.
1516 378 1601 404 quum
1608 370 1762 396 ambitionis
1769 375 1873 396 nostrae

1078 409 1195 439 tempora
1208 405 1386 439 postulabant,
1400 405 1594 433 etclarissimos
1601 407 1735 433 virosesse
1743 408 1872 438 vidimus,

1077 446 1102 467 et
1114 441 1192 468 bodie
1203 450 1262 468 esse
1273 442 1622 478 vidcmusquamplurimos
1676 445 1767 471 tiosos.
1789 445 1874 471 Decu-

1078 479 1154 505 riatio
1165 479 1314 510 tribulium,
1326 479 1472 515 descriptio
1483 480 1584 515 populi,
1597 489 1630 507 su
1651 482 1722 517 ragin
1735 481 1874 516 largitione

1077 516 1199 542 devincta
1211 518 1379 544 severitatem
1391 522 1499 543 senatus
1508 539 1513 548 ,
1522 523 1547 544 et
1553 518 1682 545 bonorum
1690 519 1810 545 omnium
1818 519 1872 545 vim

1078 562 1106 579 ac
1117 553 1234 580 dolorem
1247 555 1405 581 excitarunt.
1429 555 1496 581 Haec
1506 555 1580 585 doce,
1590 555 1654 581 haec
1665 555 1761 590 profer,
1769 556 1822 582 huc
1832 557 1874 582 in·

1077 591 1184 621 cumbe,
1202 592 1360 622 Laterensis,
1372 592 1527 619 decuriasse
1538 592 1685 623 Plancium.
1698 594 1874 629 conscripsis-

1078 636 1115 659 se,
1133 634 1299 663 sequestrem
1316 629 1409 659 fuisse,
1428 631 1624 664 pronuntiasse,
1641 630 1784 656 divisisse:
1815 635 1872 656 tum

1078 666 1202 696 mirabor.
1217 671 1240 692 te
1252 666 1285 692 iis
1296 667 1378 692 armis
1389 667 1437 697 uti,
1449 676 1518 702 quae
1530 667 1578 694 tibi
1594 667 1636 693 lex
1647 667 1735 697 dabat,
1745 667 1873 693 noluisse.

1078 703 1236 729 Tribulibus
1254 704 1326 730 enim
1343 704 1489 735 iudicibus,
1507 713 1559 731 non
1571 704 1650 731 modo
1661 705 1829 731 severitatem
1841 703 1875 731 il-

1079 740 1174 771 lorum,
1197 741 1220 767 si
1236 741 1286 767 ista
1303 749 1363 768 vera
1379 746 1452 772 sunt,
1469 741 1517 768 sed
1533 750 1565 768 ne
1582 742 1674 768 vultus
1685 742 1795 774 quidem
1807 741 1875 768 ferre

1078 786 1230 812 possemus.
1281 779 1321 804 46.
1354 779 1426 805 llanc
1452 784 1479 805 tu
1501 779 1629 805 rationem
1650 788 1735 814 quum
1761 778 1873 814 fugeris,

1078 823 1218 850 quumque
1233 824 1278 842 eos
1292 815 1396 842 iudices
1408 816 1504 842 habere
1519 815 1645 847 nolueris,
1657 825 1772 851 quorum
1783 817 1811 842 in
1823 815 1876 843 hu-

1078 853 1122 878 ius
1142 852 1239 879 delicto
1258 861 1344 888 quum
1361 854 1471 880 scientia
1484 855 1644 884 certissima,
1661 858 1718 880 tum
1728 853 1804 880 dolor
1814 861 1875 889 gra·

1079 890 1208 917 vissimus
1219 898 1279 916 esse
1289 890 1426 917 debuerit:
1449 891 1515 926 quid
1531 891 1602 926 apud
1614 891 1662 918 lios
1673 891 1755 922 dices,
1768 891 1815 926 qui
1827 890 1875 917 abs

1079 931 1103 953 te
1115 928 1185 954 taciti
1198 928 1347 962 requirunt.
1360 937 1408 954 cur
1419 928 1469 954 hoc
1479 928 1532 954 sibi
1544 929 1632 955 oneris
1643 929 1814 963 imposueris,
1827 936 1876 954 cur

1078 973 1107 991 se
1123 965 1292 999 potissimum
1309 965 1449 1001 delegeris,
1462 974 1510 992 cur
1520 965 1637 1000 denique
1648 974 1676 992 se
1686 966 1807 992 divinare
1818 973 1875 992 ma-

1079 1002 1171 1033 lueris,
1194 1010 1275 1037 quam
1297 1011 1351 1033 eos,
1374 1004 1422 1038 qui
1438 1003 1545 1033 scirent,
1562 1002 1700 1030 iudicare?
1727 1002 1801 1029 xlx.
1817 1002 1876 1038 Ego

1079 1039 1227 1070 Plancium,
1246 1040 1405 1071 Laterensis,
1423 1045 1449 1066 et
1464 1041 1554 1075 ipsum
1571 1041 1719 1076 gratiosum
1734 1048 1794 1067 esse
1803 1039 1874 1071 dieo.

1078 1081 1103 1103 et
1115 1077 1243 1103 habuisse
1255 1078 1281 1103 in
1294 1078 1420 1112 petitione
1430 1078 1529 1104 multos
1540 1077 1653 1112 cupidos
1663 1078 1716 1107 sui,
1728 1078 1873 1113 gratiosos:

1077 1123 1146 1149 quos
1158 1119 1185 1140 tu
1197 1115 1220 1140 si
1231 1114 1336 1141 sodales
1348 1123 1439 1145 vocas,
1460 1114 1606 1142 officiosam
1618 1115 1877 1141 amicitiamnomine

1078 1152 1204 1187 inquinas
1215 1152 1373 1179 criminoso:
1399 1152 1451 1183 sin,
1469 1153 1532 1188 quia
1543 1153 1652 1188 gratiosi
1666 1153 1728 1182 sint.
1746 1160 1876 1179 accusan-

1078 1189 1126 1215 dos
1145 1194 1237 1224 putas,
1270 1189 1322 1216 noli
1339 1190 1438 1220 mirari,
1455 1194 1481 1216 te
1491 1189 1533 1221 id,
1550 1189 1624 1224 quod
1638 1194 1681 1216 tua
1695 1189 1812 1225 dignitas
1827 1197 1876 1224 po—

1078 1226 1192 1257 stularit,
1216 1226 1391 1261 repudiandis
1413 1227 1589 1262 gratiosorum
1605 1227 1731 1253 amicitiis
1747 1235 1799 1253 non
1813 1234 1876 1253 esse

1078 1269 1241 1290 assecutum.
1273 1265 1314 1291 47.
1328 1265 1392 1295 Iam,
1406 1269 1435 1290 ut
1445 1272 1495 1300 ego
1515 1264 1604 1295 doceo,
1617 1264 1766 1300 gratiosum
1776 1272 1836 1290 esse
1847 1264 1874 1290 in

1078 1310 1126 1327 sua
1143 1301 1214 1328 tribu
1231 1301 1379 1333 Plancium,
1395 1302 1468 1336 quod
1485 1301 1577 1328 multis
1589 1301 1704 1337 benigne
1715 1300 1814 1331 fecerit.
1827 1308 1876 1335 pro

1079 1338 1172 1365 multis
1187 1339 1369 1374 spoponderit,
1381 1339 1408 1365 in
1421 1347 1514 1373 operas
1525 1338 1656 1374 plurimos
1667 1339 1750 1373 patris
1761 1338 1876 1365 auctori-

1079 1381 1130 1402 tate
1146 1380 1171 1402 et
1185 1377 1269 1412 gratia
1284 1377 1401 1403 miserit:
1431 1376 1503 1411 quod
1514 1376 1631 1411 denique
1642 1376 1768 1403 omnibus
1777 1375 1875 1402 officiis

1079 1422 1126 1448 per
1140 1422 1178 1444 se,
1195 1422 1242 1449 per
1257 1418 1369 1448 patrem,
1386 1421 1434 1448 per
1448 1414 1562 1440 maiores
1572 1422 1636 1441 suos
1651 1418 1730 1440 totam
1742 1413 1874 1440 Atinatem

1079 1450 1273 1485 praefecturam
1293 1451 1539 1486 comprehenderit:
1569 1452 1608 1477 sic
1632 1456 1660 1477 tu
1680 1450 1753 1481 doce.
1777 1457 1876 1485 seque-

1079 1493 1161 1515 strem
1181 1488 1279 1520 fuisse,
1302 1488 1429 1524 largitum
1443 1496 1514 1519 esse,
1533 1488 1739 1523 conscripsisse,
1761 1487 1875 1514 tribules

1078 1525 1270 1552 decuriavisse.
1301 1525 1379 1558 Quod
1396 1526 1419 1552 si
1435 1535 1487 1552 non
1497 1530 1587 1560 potes:
1621 1525 1674 1552 noli
1687 1524 1778 1552 tollere
1789 1533 1823 1551 ex
1832 1533 1876 1551 or-

1078 1562 1141 1589 dine
1155 1568 1244 1590 nostro
1259 1562 1454 1593 liberalitatem.
1472 1563 1526 1589 noli
1540 1562 1701 1589 maleficium
1712 1567 1805 1598 putare
1816 1569 1877 1588 esse

1077 1600 1199 1636 gratiam,
1213 1600 1267 1627 noli
1277 1600 1474 1627 observantiam
1488 1600 1591 1626 sancire
1602 1608 1696 1635 poena.

1133 1638 1226 1672 Itaque
1241 1637 1415 1664 haesitantem
1432 1642 1456 1664 te
1471 1638 1499 1664 in
1515 1637 1564 1664 hoc
1575 1637 1761 1664 sodalitiorum
1772 1635 1876 1663 tribua-

1078 1675 1117 1701 rio
1131 1675 1244 1701 crimine
1271 1675 1304 1701 ad
1319 1683 1490 1701 communem
1505 1674 1624 1701 ambitus
1638 1682 1762 1700 caussam
1780 1677 1876 1700 contu·

1078 1711 1142 1743 listi,
1159 1712 1187 1738 in
1203 1720 1257 1747 qua
1271 1711 1428 1738 desinamus
1439 1711 1593 1747 aliquando,
1606 1711 1630 1737 si
1641 1711 1756 1741 videtur,
1769 1710 1874 1746 vulgari

1077 1753 1102 1775 et
1117 1754 1259 1785 pervagata
1275 1749 1468 1776 declamatione
1483 1748 1651 1775 contendere.
1688 1748 1733 1774 Sic
1747 1748 1819 1774 enim
1835 1752 1876 1774 te-

1077 1795 1138 1812 cum
1150 1795 1210 1822 ago.
1233 1788 1274 1813 48.
1287 1786 1373 1818 Quam
1385 1786 1433 1812 tibi
1443 1786 1615 1813 commodum
1625 1790 1674 1815 est.
1684 1785 1874 1811 unamtribum

1076 1823 1178 1859 delige:
1200 1828 1229 1850 tu
1241 1823 1305 1850 doce
1317 1823 1353 1854 id,
1364 1823 1438 1859 quod
1447 1823 1539 1854 debes,
1552 1832 1598 1858 per
1608 1827 1872 1858 quemsequestrem,

1076 1869 1130 1896 quo
1140 1861 1258 1888 divisore
1271 1866 1394 1895 corrupta
1405 1861 1454 1888 sit:
1476 1869 1534 1896 ego,
1548 1861 1571 1887 si
1581 1860 1609 1887 id
1621 1860 1706 1886 faeere
1717 1868 1768 1886 non
1780 1864 1876 1894 potue-

1076 1899 1122 1929 ris,
1140 1898 1222 1934 quod,
1240 1903 1270 1925 ut
1284 1899 1375 1933 opinio
1386 1906 1442 1924 mea
1455 1897 1513 1929 fert,
1527 1906 1559 1924 ne
1571 1898 1683 1933 incipies
1694 1897 1814 1932 quidem.
1827 1904 1875 1932 per
1914 1929 1915 1934 ¹

1076 1944 1158 1970 quem
1179 1935 1282 1966 tulerit,
1308 1935 1419 1962 docebo.
1450 1936 1533 1962 Estne
1556 1935 1621 1961 haec
1642 1943 1703 1961 vera
1723 1932 1876 1961 contentio?

1076 1978 1197 2008 placetne
1213 1973 1252 1999 sic
1267 1972 1328 2008 agi?
1347 1973 1418 1999 Num
1430 1981 1541 2008 possum
1553 1973 1638 2008 magis
1649 1971 1745 2007 pedem
1755 1970 1875 1998 conferre

1075 2011 1116 2045 (ut
1126 2010 1211 2045 aiunt)
1221 2015 1267 2036 aut
1278 2010 1389 2045 propius
1400 2009 1543 2036 accedere?
1561 2009 1633 2042 Quid
1642 2008 1732 2036 taces?
1744 2007 1876 2044 quiddis—

1076 2047 1209 2074 simulas?
1223 2048 1290 2083 quid
1302 2047 1506 2083 tergiversaris?
1524 2047 1612 2073 Etiam
1623 2051 1702 2081 atque
1713 2046 1792 2072 etiam
1803 2046 1876 2072 insto
1909 2062 1915 2067 -

1076 2090 1156 2120 atque
1175 2094 1267 2121 urgeo,
1289 2086 1413 2115 insector,
1437 2093 1526 2120 posco,
1543 2089 1625 2119 atque
1639 2084 1704 2110 adeo
1718 2082 1808 2120 flagito
1823 2082 1875 2110 cri-

1076 2131 1151 2155 men;
1169 2131 1370 2158 quamcumque
1381 2122 1490 2153 tribum,
1503 2122 1624 2157 inquam,
1637 2120 1778 2156 delegeris.
1791 2128 1874 2155 quam

1076 2159 1167 2186 tulerit
1177 2159 1312 2190 Plancius,
1325 2164 1353 2186 tu
1363 2159 1506 2190 ostendito,
1518 2160 1543 2186 si
1553 2159 1662 2194 poteriS,
1675 2159 1787 2184 vitium:
1813 2165 1872 2193 ego,

1075 2206 1129 2232 qua
1150 2197 1250 2224 ratione
1272 2197 1373 2228 tulerit,
1395 2196 1510 2223 docebo:
1536 2205 1585 2222 nec
1599 2196 1650 2222 erit
1664 2195 1729 2222 haec
1742 2194 1795 2221 alia
1807 2195 1876 2221 ratio

1075 2234 1184 2261 Plancio
1198 2243 1229 2260 ac
1244 2234 1302 2265 tibi,
1320 2234 1480 2261 Laterensis.

1076 2271 1172 2303 tulisti,
1190 2272 1214 2298 si
1229 2272 1283 2298 iam
1298 2280 1332 2298 ex
1347 2276 1373 2298 te
1387 2271 1533 2306 requiram,
1546 2271 1644 2306 possis,
1656 2277 1772 2305 quorum
1783 2268 1875 2296 studio

1075 2309 1178 2340 tuleris,
1196 2308 1343 2344 explicare:
1370 2309 1410 2335 sic
1425 2317 1475 2344 ego
1489 2308 1539 2335 hoc
1553 2307 1692 2338 contendo,
1705 2315 1749 2333 me
1760 2306 1875 2341 tibiipsi
1903 2334 1907 2340 ¹

1075 2346 1236 2377 adversario,
1254 2347 1452 2381 cuiuscumque
1463 2345 1552 2372 tribus
1562 2345 1691 2371 rationem
1706 2344 1870 2379 poposceris,
1905 2375 1907 2378 .

1075 2383 1255 2410 redditurum.

1130 2421 1194 2447 XX.
1212 2421 1253 2447 49.
1270 2420 1324 2447 Sed
1337 2428 1386 2447 cur
1401 2428 1451 2456 ego
1464 2419 1503 2446 sic
1516 2417 1585 2454 ago?
1602 2418 1681 2453 quasi
1693 2426 1745 2445 non
1755 2417 1874 2444 comitiis

1075 2459 1130 2484 iam
1155 2458 1341 2493 superioribus
1365 2458 1401 2484 sit
1428 2456 1552 2483 Plancius
1576 2455 1735 2491 designatus
1759 2454 1870 2481 aedilis:

1075 2504 1145 2530 quae
1159 2495 1266 2522 comitia
1278 2495 1397 2530 primum
1408 2494 1504 2520 habere
1515 2494 1601 2528 eoepit
1611 2492 1706 2519 consul
1717 2500 1803 2527 quum
1813 2500 1873 2518 om-

1075 2533 1157 2559 nibus
1171 2533 1200 2559 in
1215 2532 1296 2559 rebus
1312 2539 1418 2558 summa
1432 2531 1596 2560 auctoritate,
1613 2535 1671 2556 tum
1687 2529 1782 2556 harum
1797 2529 1874 2564 ipsa-

1075 2578 1135 2596 rum
1152 2569 1244 2605 legum
1259 2569 1377 2596 ambitus
1387 2572 1490 2600 auctor,
1507 2567 1604 2594 deinde
1619 2567 1717 2594 habere
1726 2565 1815 2601 coepit
1823 2574 1872 2593 su-

1075 2607 1139 2638 bito,
1158 2611 1263 2641 praeter
1277 2606 1429 2641 opinionem
1443 2605 1579 2635 omnium,
1595 2609 1627 2631 ut
1641 2613 1674 2630 ne
1689 2604 1713 2630 si
1727 2604 1873 2639 cogitasset

1074 2644 1185 2678 quidem
1200 2644 1337 2678 quispiam
1353 2642 1453 2678 largiri.
1469 2641 1576 2668 daretur
1586 2642 1704 2676 spatium
1713 2648 1873 2675 comparau-

1074 2681 1114 2708 di.
1142 2682 1254 2708 Vocatae
1271 2680 1368 2712 tribus,
1381 2679 1464 2707 latum
1478 2679 1647 2716 suffragium,
1659 2678 1816 2714 descriptae,
1829 2685 1872 2704 re-

1521 2234 1588 2260 Nam
1605 2238 1643 2263 ut.
1663 2241 1731 2268 quas
1742 2232 1833 2258 tribus
1844 2236 1874 2258 tu
1908 2225 1911 2249 Ῑ
