1941 3052
213 95 260 120 715
788 93 828 118 77.

369 163 510 189 (tullius)
535 163 562 188 S.
590 163 618 188 l).
645 162 850 188 TREBATto.

275 204 294 227 Ι,
317 197 469 226 ,himinum-
480 200 546 225 rnilii
559 199 630 224 v··1in
644 198 706 229 fuit,
727 198 799 233 quod
812 204 835 225 te
846 198 880 224 ab
890 206 919 224 ea
931 198 1003 224 neni-i

214 239 306 264 nmnri.
341 238 391 263 Soc!
404 237 469 272 quial
481 246 530 269 ego
540 236 626 261 (licam
639 241 675 263 te:
689 244 769 270 quem
781 236 844 270 quis
855 244 905 262 non
918 235 1005 261 amnt‘?

215 277 298 305 llulio,
314 274 418 300 nii-ilius
431 274 524 303 lidius,
541 278 602 299 tuus
615 274 648 299 ita
660 272 875 302 desiderabatur.
889 277 916 298 ut
927 273 950 298 si
962 281 1004 297 cs-

214 318 253 338 sct
268 320 337 338 unus
349 321 362 336 e
375 311 461 336 nobis.
501 310 552 335 Sed
565 318 614 343 ego
626 314 649 336 te
662 318 712 336 non
725 309 900 344 reprehendo,
912 310 959 344 qui
973 309 1005 335 il-

215 350 269 376 lum
282 349 313 374 a‹l
326 348 535 373 aedificationem
549 351 619 372 tuam
636 347 795 373 traduxi-ris.
835 347 1003 381 Quamquam

213 387 284 412 enini
298 385 369 411 Velia
382 394 432 410 non
444 389 484 410 est
497 384 582 414 vilior.
595 383 822 418 quambupcrcal,
837 389 923 410 tamen
937 384 1004 409 istuc

214 423 384 457 nm10.qunn1
399 422 462 447 hacc
473 421 573 447 omnia.
604 421 653 452 Tu,
666 422 688 447 si
701 429 742 447 rne
753 421 856 450 audies.
869 429 949 455 quem
961 429 1005 446 so-

214 460 265 487 les.
284 459 331 485 has
348 463 470 493 paternas
486 459 670 493 possessiones
686 458 803 484 tenebis:
826 458 926 492 (nescio
937 457 1003 492 quid

213 497 284 523 enim
297 496 435 522 Velienses
446 495 631 529 verebanturz)
643 494 874 530 nequellalethem
887 494 1003 521 nobilem

213 542 318 560 amnem
340 533 476 567 relinques
497 540 545 559 nec
563 533 732 567 Papirianam
753 532 864 558 domum
885 532 1002 558 deseres.

212 572 380 605 Quamquam
393 570 437 596 illa
449 569 560 605 quidem
572 569 652 596 habet
663 569 759 600 lotum,
775 578 789 595 a
801 577 855 604 quo
865 570 945 595 ctiam
957 568 1004 594 atl-

214 616 296 634 venac
308 608 390 634 teneri
401 606 500 634 solent:
513 615 594 641 quem
605 611 691 633 tamen
703 607 726 633 si
737 606 879 637 excideris,
888 606 1003 632 multum

213 645 393 679 prospexeris
433 646 458 671 2.
480 644 533 670 Sed
549 645 576 670 in
588 645 683 679 primis
693 649 874 679 opportunum
886 643 1001 674 videtur.

214 683 255 708 his
271 682 427 716 praesertim
444 681 624 716 temporibus,
646 681 742 707 habere
758 680 926 716 perfugium,
948 681 1004 715 pri-

213 727 287 745 mum
303 727 394 745 eorum
411 718 520 749 urbem,
539 719 641 753 quibus
656 726 734 744 carus
749 718 800 748 sis.
817 717 915 744 deinde
930 722 1002 744 tuam

212 756 322 782 domum
335 761 448 790 tuosque
459 764 548 791 agros;
562 764 647 790 eaque
659 759 771 785 remoto,
784 754 901 785 salubri.
914 763 1004 781 amoe-

213 802 246 820 no
259 793 328 820 loeo:
342 792 424 828 idque
435 794 515 819 etiam
528 801 585 819 mea
597 793 737 823 interesse=
755 792 791 818 mi
803 792 918 822 Trebati,
931 792 1004 818 arbi—

213 835 275 857 tror.
315 830 368 856 Sed
384 829 500 860 valebis.
519 838 631 865 meaque
647 830 751 865 negotia
769 829 889 861 videbis,
907 837 1003 863 meque

212 867 266 894 diis
279 867 435 893 iuvantibus
471 871 532 894 ante
547 867 670 893 brumam
682 866 862 901 exspectabis
901 868 926 893 3.
947 866 1003 900 Ego

213 913 226 931 a
238 904 300 931 Sex.
313 904 408 935 Fadio,
426 904 536 931 Niconis
547 904 695 939 discipulo,
714 904 812 930 librum
824 903 937 934 abstuli,
954 904 1003 929 :vl-

208 952 294 975 μωνος
307 942 367 977 περὶ
378 942 552 977 πολυφαγίας.
590 941 612 968 O
623 941 759 968 medicum
771 949 891 971 suavem.
905 948 1002 976 meque

212 978 326 1005 docilem
343 978 375 1005 ad
392 978 460 1004 hanc
473 978 660 1014 disciplinam!
681 978 733 1005 Sed
744 979 842 1004 Bassus
859 983 947 1005 noster
961 986 1003 1004 me

212 1017 245 1042 (le
257 1016 306 1042 hoc
319 1016 386 1042 libro
396 1015 506 1042 celavit:
524 1021 548 1042 te
559 1016 670 1051 quidem
682 1025 733 1042 non
746 1015 862 1042 videtur.
902 1015 1002 1041 Ventus

213 1053 394 1080 increbrescit.
434 1053 512 1084 Cura,
526 1058 555 1080 ut
566 1053 665 1080 valeas.
677 1061 736 1079 xm.
749 1052 807 1079 Kal.
819 1052 892 1079 Sext.
904 1052 989 1079 Velia.

265 1138 330 1159 XXI.
349 1138 366 1158 Α
374 1138 426 1159 Rc.
441 1138 494 1159 Silii
505 1145 604 1159 caunum
615 1138 723 1160 Trebatio
732 1138 874 1160 commendat.

344 1177 400 1198 (δι-τ..
411 1179 430 1193 ut
442 1175 523 1196 videtur,
534 1176 612 1194 Caes-rr
622 1176 644 1193 V.
656 1176 739 1194 Antonio
749 1182 796 1193 tou.
808 1177 862 1196 ΠΟ.)

371 1226 514 1254 CICERO
534 1227 563 1254 S.
584 1228 615 1254 D.
636 1226 842 1254 TREBATIO.

265 1266 331 1298 Silii
341 1280 465 1299 caussam
480 1277 504 1299 te
519 1272 609 1299 docui.
649 1273 673 1299 Is
688 1278 778 1308 postea
797 1272 848 1299 fuit
863 1271 934 1307 apud
949 1280 1002 1298 me.

210 1310 299 1342 Quum
315 1310 339 1335 ei
353 1309 484 1341 dicerem,
505 1310 554 1336 tibi
570 1309 656 1336 videri
672 1311 844 1345 sponsionem
865 1309 939 1336 illam
955 1317 1003 1336 nos

209 1348 268 1374 sine
279 1347 399 1382 periculo
411 1346 495 1374 facere
507 1355 585 1382 posse
593 1367 599 1378 ,
621 1347 657 1374 Ni
669 1349 790 1374 bonorum
803 1348 935 1380 Turpiliae
942 1355 1003 1380 pos-

209 1388 344 1411 sessionem
360 1383 403 1420 [Q.
422 1383 524 1420 Caepio]
542 1389 649 1418 praetor·
662 1394 696 1411 ez·
706 1387 787 1411 edicto
799 1393 846 1410 suo
856 1385 918 1410 mihi
927 1386 1003 1410 dede-

208 1424 258 1453 rit,
280 1429 377 1457 negare
393 1421 480 1448 aiebat
495 1421 633 1453 Servium,
655 1421 760 1448 tabulas
775 1421 927 1448 testamenti
942 1429 1003 1447 esse

209 1467 264 1490 eas,
276 1467 344 1494 quas
355 1459 516 1486 instituisset
526 1459 559 1489 is,
575 1460 623 1494 qui
635 1459 776 1486 factionem
787 1458 939 1486 testamenti
949 1467 1002 1485 non

210 1496 347 1523 habuerit:
361 1496 411 1522 hoc
422 1496 493 1523 idem
504 1496 615 1523 Ofilium
626 1496 729 1523 dicere:
743 1501 832 1523 tecum
842 1504 872 1522 se
883 1495 1002 1522 locutum

210 1533 337 1569 negabat,
355 1541 452 1568 meque
467 1534 584 1569 rogavit,
606 1538 636 1560 ut
650 1542 679 1560 se
694 1538 719 1561 et
729 1542 853 1560 caussam
863 1541 941 1560 suam
952 1532 1002 1559 tibi

209 1570 436 1597 commendarem.
475 1571 529 1597 Nec
541 1571 583 1596 vir
593 1570 701 1602 melior,
717 1572 755 1597 mi
766 1571 856 1600 Testa.
875 1578 923 1596 nec
934 1569 1002 1595 mihi

210 1607 428 1634 amiciorP.Silio
439 1608 585 1643 quisquam
595 1613 644 1639 est.
657 1613 682 1634 te
692 1613 780 1635 tamen
792 1612 913 1642 excepto.
935 1607 1003 1633 Gra-

209 1645 346 1671 tissimum
361 1645 445 1680 igitur
455 1645 523 1671 mihi
534 1644 644 1676 feceris,
661 1646 684 1671 si
695 1645 729 1671 ad
740 1653 802 1672 eum
813 1644 883 1671 ultro
895 1643 1002 1670 veneris

208 1682 288 1717 eique
299 1681 436 1716 pollicitus
447 1682 512 1715 eris;
526 1681 583 1713 sed,
596 1683 620 1708 si
631 1691 673 1709 me
684 1691 766 1713 amas,
779 1690 861 1717 quam
870 1681 1000 1717 primum.

208 1719 263 1745 Hoc
275 1723 299 1745 te
311 1718 484 1745 vehementer
493 1719 573 1746 etiam
585 1724 665 1754 atque
675 1720 756 1746 etiam
766 1727 840 1756 rogo.

262 1817 340 1838 xxu.
355 1817 432 1838 ΑΒΘ.
447 1818 481 1838 De
491 1817 578 1838 actione
585 1817 641 1838 furti
650 1818 751 1838 tenorum
761 1817 884 1838 cententio
895 1818 967 1839 affert.

520 1854 584 1877 (Anno
594 1852 685 1876 incerto.)

345 1896 513 1924 CICERO
532 1896 762 1924 TREBATIO
781 1897 810 1924 S.
831 1898 862 1924 D.

263 1933 393 1964 Illuseras
408 1937 467 1964 heri
478 1937 547 1964 inter
557 1938 688 1974 scyphos,
705 1938 778 1974 quod
790 1938 921 1971 dixeram,
935 1948 1001 1967 con—

208 1975 366 2002 troversiam
380 1983 453 2005 esse,
469 1980 594 2009 possetne
611 1975 702 2004 heres.
718 1976 791 2011 quod
806 1976 908 2003 furtum
923 1983 999 2004 antea

208 2012 308 2039 factum
328 2017 409 2043 esset,
431 2016 500 2039 recte
521 2012 585 2039 furti
601 2020 690 2048 agere.
721 2014 998 2048 Itaque‚etsidomum

207 2049 276 2076 bene
296 2054 375 2084 potus
394 2057 508 2084 seroque
528 2049 669 2079 redieramv
691 2054 780 2077 tamen
795 2050 824 2077 id
839 2056 933 2086 caput,
950 2052 998 2078 ubi

207 2086 274 2113 haec
289 2087 470 2113 controversia
485 2091 534 2117 est,
552 2087 651 2118 notavi,
668 2091 695 2114 et
709 2087 875 2123 descriptum
886 2089 935 2115 tibi
946 2090 999 2115 mi-

206 2124 244 2150 si:
271 2128 300 2150 ut
315 2124 407 2154 scires,
425 2123 462 2154 id,
475 2123 548 2158 quod
559 2128 588 2150 tu
600 2125 736 2151 neminem
746 2126 866 2152 sensisse
877 2125 996 2158 dicebas,

206 2160 270 2188 Sex.
290 2160 921 2192 Aelium‚M'.Manilium‚M.Brutumsensisse.
940 2164 998 2199 Ego

206 2202 296 2225 tamen
307 2197 449 2225 Scaevolae
458 2202 484 2224 et
494 2198 587 2225 Testae
597 2199 738 2226 assentior.
761 2198 857 2236 [Vale]

259 2273 346 2295 xxm.
373 2274 450 2295 ARG.
468 2275 502 2296 De
521 2275 591 2301 signis
610 2275 713 2297 Ciceroni
727 2283 740 2297 n
753 2277 819 2297 Gallo
833 2277 920 2305 emptis,
935 2282 957 2299 et
970 2279 998 2300 de

205 2308 268 2329 domo
279 2310 305 2329 nb
315 2309 390 2330 eodem
400 2310 482 2330 Romae
492 2313 570 2337 empta.
582 2310 703 2331 Tullianae
716 2312 824 2338 proxima.
836 2315 900 2337 (Anno
909 2314 997 2339 incerto.)

344 2345 487 2373 CICERO
501 2345 531 2373 S.
544 2347 575 2373 D.
590 2346 706 2374 FADIO
719 2347 861 2376 GALLO.

264 2389 287 2414 l.
313 2383 435 2416 Tantum
455 2390 528 2425 quod
548 2400 582 2418 ex
600 2391 723 2426 Arpinati
743 2401 884 2425 veneram,
909 2402 996 2429 quum

207 2424 276 2450 mihi
291 2433 306 2450 a
320 2429 345 2451 te
357 2426 458 2453 litterae
469 2427 589 2455 redditae
599 2433 676 2454 sunt:
698 2428 733 2454 ab
743 2429 894 2464 eodemque
903 2431 995 2466 accepi

206 2460 303 2503 Aviani
320 2461 428 2494 litteras.
446 2465 474 2491 in
488 2465 590 2499 quibus
606 2465 656 2491 hoc
667 2465 751 2492 inerat
762 2465 995 2499 liberalissimum,

207 2505 316 2539 nomina
331 2507 359 2525 se
375 2499 518 2532 facturum,
534 2510 620 2536 quum
631 2502 760 2533 venisset,
772 2511 826 2538 qua
837 2512 886 2539 ego
897 2504 995 2531 vellem

207 2533 262 2560 die.
283 2535 343 2576 Fac,
356 2543 464 2570 quaeso,
477 2539 526 2572 qui
537 2547 586 2574 ego
596 2547 667 2570 sum,
680 2547 740 2565 esse
751 2544 786 2566 te.
807 2541 888 2567 Estne
899 2546 946 2568 aut
955 2542 995 2568 tui

207 2570 332 2605 pudons,
359 2578 405 2599 aut
424 2575 515 2605 nostri,
532 2576 652 2609 primum
667 2584 759 2611 rogare
774 2576 807 2603 de
823 2577 881 2608 die,
897 2578 995 2605 deinde

207 2606 269 2642 plus
286 2616 373 2635 annua
392 2610 544 2645 postulare?
567 2612 621 2639 Sed
636 2618 735 2645 essent,
751 2614 791 2640 mi
805 2613 890 2646 Galle,
905 2616 995 2642 omnia

861 91 1262 118 M.T.‹:11:13nosts

1024 162 1025 165 ’
1057 160 1152 189 facilia.
1167 161 1189 186 si
1201 166 1264 186 eten
1278 165 1409 186 mercatu-i
1420 168 1502 190 «maen,
1516 160 1842 196 quaeegodesiclerabam.

1056 202 1080 223 et
1096 197 1127 222 ad
1144 206 1202 223 eam
1218 206 1361 226 suminam,
1379 206 1459 232 quain
1476 198 1621 224 votui-ram.
1644 199 1679 224 Ac
1696 203 1782 224 tanwn
1796 199 1844 224 issu

1057 235 1123 268 ipsa,
1148 243 1217 268 quae
1238 239 1261 259 te
1282 235 1379 260 emisse
1399 234 1505 265 acribia.
1529 244 1580 261 non
1601 235 1687 261 solum
1707 241 1760 261 rata
1777 235 1844 261 mihi

1056 276 1144 300 crunt.
1160 271 1206 296 scil
1222 271 1300 296 ctiam
1315 276 1401 304 grata:
1429 271 1507 305 plane
1521 273 1592 298 enim
1608 273 1736 304 inicium„
1754 278 1777 298 te
1793 281 1844 298 non

1058 308 1135 333 mmlo
1149 308 1247 337 studio,
1261 308 1307 333 sed
1319 309 1398 334 etiam
1411 317 1499 334 amore
1511 317 1599 338 usum.
1612 318 1681 344 quae
1693 315 1717 335 te
1728 309 1846 335 delecta-

1056 346 1117 374 rint,
1135 345 1279 374 bominem.
1294 350 1321 370 ut
1331 354 1381 379 ego
1392 353 1498 380 semper
1510 346 1636 376 iudicavi,
1651 347 1677 372 in
1687 347 1760 372 omni
1774 346 1846 372 iudi-

1024 383 1026 402 ’ν
1055 383 1096 407 cio
1107 381 1349 415 elegantissimum,
1361 390 1430 417 quae
1442 391 1484 408 inc
1495 383 1844 417 ‹lignaputaris,c1›eu11sse.

1055 421 1080 446 2.
1093 419 1145 445 Sed
1161 419 1241 445 velim
1257 424 1361 445 maneat
1375 420 1552 454 Damasippus
1567 420 1592 446 in
1608 422 1747 446 sonu-nnn.
1769 421 1846 447 Pror-

1055 465 1102 482 sus
1117 457 1189 482 enim
1205 465 1239 482 cx
1256 457 1313 482 istis
1329 457 1512 490 emptionibus
1530 456 1631 483 nullam
1642 457 1774 483 desidero.
1805 458 1844 483 Tu

1056 498 1144 519 autem
1158 494 1266 528 ignarus
1278 494 1390 519 instituti
1404 494 1465 523 mei.
1479 495 1572 528 «iuranti
1584 503 1634 527 ego
1645 495 1846 527 ¹nqenuiiomnino

1055 531 1194 563 signorum
1215 531 1335 556 omnium
1357 539 1408 556 non
1429 532 1549 561 aestimo,
1571 532 1635 557 tanti
1658 532 1706 556 ista
1722 536 1846 566 quattuor

1055 568 1233 602 autquinque
1244 568 1395 602 sumpsisti.
1418 568 1533 594 Bacchas
1549 569 1611 594 istas
1622 577 1683 594 cum
1697 568 1779 594 Musis
1790 568 1846 594 Me-

1056 604 1111 631 telli
1123 613 1272 639 comparas.
1307 604 1378 636 Quid
1388 605 1495 630 simile?
1515 606 1632 640 primum
1645 606 1716 639 ipsas
1727 614 1777 640 ego
1787 605 1845 631 Mu-

1055 651 1098 667 sas
1112 642 1483 676 numquamtantiputassem,
1497 647 1576 677 atque
1587 642 1613 668 id
1626 641 1748 668 fecissem
1762 643 1846 668 Musis

1055 679 1181 705 omnibus
1193 679 1414 713 approbantibus.
1436 679 1488 705 Sed
1500 684 1587 705 tamen
1598 684 1653 705 crat
1664 685 1754 713 aptum
1763 679 1845 705 bibli-

1054 716 1163 742 othecae
1179 716 1331 751 studiisque
1351 717 1448 742 nostris
1462 724 1623 749 congruens,
1656 716 1767 742 Bacchis
1783 725 1846 742 vero

1055 753 1103 779 ubi
1123 758 1163 779 cst
1185 753 1256 788 apud
1278 762 1320 779 me
1337 753 1428 779 locus?
1455 755 1487 780 At
1502 750 1653 788 pulchellae
1668 758 1740 780 sunt.
1777 753 1845 780 Novi

1054 791 1164 825 optime.
1181 796 1206 816 et
1216 799 1296 825 saepe
1308 790 1374 816 vidi.
1397 791 1558 817 Nominatim
1571 791 1619 817 tibi
1629 792 1706 826 signa
1718 790 1785 816 mihi
1798 799 1846 817 no-

1055 832 1079 854 ta
1101 827 1284 858 mandassem,
1308 828 1330 853 si
1351 828 1517 862 probassem.
1547 828 1584 854 Ea
1605 829 1677 854 enim
1698 829 1774 863 signa
1795 836 1846 863 ego

1055 873 1142 891 emere
1162 864 1244 894 soleo.
1266 873 1335 899 quae
1359 865 1392 890 ad
1412 864 1620 891 similitudinem
1641 866 1844 900 gymnasiorum

1054 907 1183 928 exornent
1193 902 1260 928 mibi
1272 903 1298 928 in
1310 901 1439 936 palaestra
1452 902 1549 928 locum.
1571 903 1661 928 Martis
1668 903 1844 937 verosignum

1053 948 1108 974 quo
1122 939 1189 965 mihi
1205 940 1278 973 pacis
1294 939 1412 965 auctori?
1440 939 1550 966 Gaudeo
1569 939 1673 965 nullum
1688 939 1796 965 Saturni
1807 940 1845 965 si-

1054 985 1138 1012 gnum
1154 976 1248 1002 fuisse.
1270 977 1338 1002 ilaec
1354 977 1426 1002 enim
1437 977 1490 1003 duo
1501 977 1577 1011 signa
1589 982 1709 1011 putarem
1721 977 1788 1002 mibi
1800 985 1846 1002 aes

1054 1014 1173 1040 alienum
1187 1013 1318 1040 attulisse.
1344 1014 1469 1040 Mercurii
1485 1014 1592 1040 mallem
1611 1013 1720 1048 aliquod
1733 1013 1843 1040 fuisset:

1056 1050 1175 1081 felicius.
1202 1056 1280 1085 puto.
1310 1059 1373 1077 cum
1394 1051 1496 1077 Aviano
1521 1051 1667 1086 transigere
1691 1059 1843 1085 possemus.

1055 1090 1080 1114 3.
1092 1087 1169 1120 Quod
1189 1088 1238 1114 tibi
1258 1087 1408 1114 destinaras
1422 1087 1630 1123 τραπεζοφόρον,
1645 1088 1668 1114 si
1680 1092 1705 1114 te
1719 1087 1843 1118 delectat,

1055 1125 1184 1154 habebis;
1211 1125 1254 1151 sin
1269 1130 1358 1151 autem
1372 1126 1531 1151 sententiam
1548 1126 1666 1155 mutasti.
1679 1133 1729 1160 ego
1740 1124 1846 1151 habebo

1054 1162 1167 1195 scilicet.
1193 1162 1243 1188 Ista
1259 1162 1370 1197 quidem
1384 1170 1490 1188 summa
1502 1170 1550 1188 nae
1560 1170 1610 1198 ego
1621 1161 1705 1188 multo
1716 1161 1845 1188 libentius

1054 1200 1167 1226 emerim
1185 1198 1369 1225 deversorium
1388 1200 1554 1230 Tarracinae,
1572 1208 1605 1226 ne
1623 1207 1730 1234 semper
1745 1199 1844 1234 hospiti

1054 1237 1184 1264 molestus
1195 1237 1257 1263 sim.
1279 1235 1396 1263 Omnino
1410 1236 1499 1263 liberti
1510 1237 1564 1263 mei
1575 1236 1842 1271 videoesseculpam.

1053 1275 1098 1301 cui
1109 1274 1188 1309 plane
1200 1282 1242 1300 res
1251 1279 1336 1300 certas
1350 1274 1518 1306 mandaram;
1541 1275 1659 1308 itemque
1670 1274 1749 1304 lunii,
1762 1281 1844 1308 quem

1054 1316 1118 1347 puto
1137 1311 1188 1338 tibi
1203 1315 1296 1337 notum
1310 1319 1380 1341 esse,
1396 1311 1493 1338 Aviani
1509 1311 1678 1337 familiarem.
1708 1310 1845 1337 Exhedria

1053 1348 1187 1384 quaedam
1197 1348 1266 1374 mihi
1277 1356 1345 1374 nova
1355 1353 1419 1375 sunt
1429 1349 1550 1375 instituta
1561 1349 1588 1374 in
1599 1347 1730 1383 porticula
1740 1348 1845 1374 Tuscu-

1055 1386 1119 1412 lani.
1154 1386 1191 1412 Ea
1207 1385 1330 1412 volebam
1346 1385 1453 1412 tabellis
1466 1394 1570 1412 ornare.
1606 1386 1721 1416 Etenim,
1738 1385 1761 1411 si
1776 1384 1844 1420 quid

1053 1423 1162 1459 generis
1173 1422 1327 1450 istiusmodi
1339 1431 1380 1449 me
1392 1422 1514 1454 delectat,
1526 1424 1630 1458 pictura
1641 1422 1764 1449 delectat.
1790 1421 1844 1448 Sed

1054 1466 1152 1492 tamen,
1164 1461 1189 1486 si
1200 1461 1249 1486 ista
1260 1460 1329 1486 mihi
1340 1465 1403 1487 sunt
1413 1460 1546 1491 habenda,
1558 1461 1698 1486 certiorem
1708 1459 1791 1486 velim
1801 1467 1845 1486 me

1053 1498 1145 1527 facias.
1162 1497 1211 1524 ubi
1229 1497 1292 1527 sint,
1308 1497 1416 1532 quando
1431 1502 1608 1528 arcessantur,
1621 1505 1675 1532 quo
1685 1505 1783 1533 genere
1795 1504 1845 1523 ve-

1053 1540 1154 1562 cturae.
1180 1534 1209 1561 Si
1225 1535 1298 1561 enim
1312 1535 1492 1569 Damasippus
1508 1536 1535 1561 in
1546 1535 1678 1561 sententia
1687 1542 1740 1561 non
1751 1541 1845 1560 mane-

1053 1573 1102 1603 bit.
1119 1571 1238 1606 aliquem
1253 1571 1549 1606 pseudodamasippum
1562 1571 1606 1598 vel
1616 1580 1678 1598 cum
1690 1571 1789 1597 iactura
1801 1578 1846 1597 re-

1053 1610 1201 1644 periemus.
1224 1610 1248 1635 4.
1256 1608 1332 1640 Quod
1344 1608 1377 1635 ad
1388 1617 1431 1635 me
1442 1608 1560 1635 dedomo
1570 1608 1668 1635 scribis
1674 1609 1780 1639 iterum,
1789 1609 1843 1634 iam

1052 1647 1081 1673 id
1091 1654 1142 1682 ego
1152 1646 1324 1681 proficiscens
1336 1645 1490 1672 mandaram
1502 1654 1576 1672 meae
1587 1645 1701 1672 Tulliae.
1722 1645 1758 1671 Ea
1769 1645 1843 1671 enim

1052 1685 1111 1718 ipsa
1123 1683 1186 1710 hora
1198 1691 1352 1717 acceperam
1363 1688 1422 1709 tuas
1433 1682 1544 1710 litteras.
1564 1683 1678 1718 Egeram
1689 1683 1768 1708 etiam
1779 1690 1843 1708 cum

1053 1726 1098 1748 tuo
1113 1721 1198 1751 Nicia,
1215 1720 1288 1755 quod
1304 1721 1328 1746 is
1338 1721 1432 1751 utitur,
1445 1725 1475 1746 ut
1484 1721 1548 1751 scis,
1561 1719 1729 1746 familiariter
1738 1719 1842 1746 Cassio.

1052 1758 1085 1785 Ut
1099 1757 1168 1784 redii
1183 1762 1287 1786 autem.
1303 1758 1394 1792 prius,
1410 1765 1493 1792 quam
1508 1762 1567 1784 tuas
1583 1757 1636 1793 legi
1647 1757 1695 1783 has
1706 1757 1843 1791 proximas

1053 1795 1163 1825 litteras,
1185 1795 1310 1830 quaesivi
1329 1794 1363 1821 de
1383 1803 1442 1821 mea
1457 1794 1554 1825 Tullia,
1571 1793 1638 1829 quid
1653 1794 1763 1830 egisset.
1793 1794 1844 1820 Per

1052 1833 1184 1859 Liciniam
1199 1841 1229 1858 se
1243 1833 1332 1868 egisse
1347 1832 1466 1863 dicebat;
1496 1831 1544 1858 sed
1559 1832 1654 1866 opinor
1667 1831 1791 1858 Cassium
1802 1831 1843 1857 uti

1051 1878 1104 1896 non
1120 1870 1156 1896 ita
1170 1868 1287 1896 multum
1301 1877 1400 1896 sorore.
1420 1870 1486 1895 Eam
1497 1877 1575 1904 porro
1585 1877 1682 1904 negare
1693 1876 1722 1894 se
1733 1867 1841 1899 audere,

1051 1915 1136 1942 quum
1152 1907 1194 1933 vir
1209 1906 1323 1937 abesset,
1341 1906 1392 1941 (est
1405 1907 1478 1933 enim
1492 1905 1628 1941 profectus
1643 1906 1671 1932 in
1685 1905 1841 1940 Hispaniam

1050 1944 1172 1978 Dexius.)
1184 1943 1230 1970 illo
1241 1949 1267 1971 et
1277 1943 1386 1970 absente
1397 1948 1423 1970 et
1437 1944 1567 1970 insciente
1573 1943 1699 1979 migrare.
1720 1941 1842 1969 Estmibi

1050 1982 1246 2017 gratissimum,
1268 1981 1334 2008 tanti
1354 1989 1369 2007 a
1389 1986 1414 2008 te
1432 1981 1599 2007 aestimatam
1619 1979 1841 2006 consuetudinem

1050 2019 1121 2045 vitae
1138 2019 1280 2053 victusque
1295 2018 1391 2050 nostri;
1418 2019 1547 2053 primum,
1564 2023 1594 2044 ut
1603 2026 1662 2044 eam
1673 2017 1784 2043 domum
1794 2024 1842 2043 su-

1050 2064 1146 2087 meres,
1163 2060 1194 2082 ut
1209 2064 1261 2082 non
1275 2055 1355 2082 modo
1365 2063 1448 2090 prope
1461 2064 1513 2086 me,
1527 2055 1575 2081 sed
1585 2055 1665 2090 plane
1675 2062 1782 2080 mecum
1792 2053 1842 2080 ha-

1049 2093 1134 2120 bitare
1149 2101 1256 2127 posses:
1283 2092 1382 2119 deinde
1392 2098 1422 2119 ut
1432 2093 1548 2128 migrare
1558 2097 1629 2119 tanto
1639 2099 1719 2126 opere
1730 2090 1842 2118 festina-

1049 2139 1102 2156 res.
1127 2129 1181 2157 Sed
1196 2138 1229 2156 ne
1245 2130 1347 2161 vivam,
1359 2131 1383 2156 si
1395 2130 1445 2156 tibi
1455 2129 1580 2160 concedo,
1593 2134 1625 2155 ut
1633 2129 1693 2155 eius
1704 2128 1743 2155 rei
1753 2132 1782 2155 tu
1792 2135 1842 2154 cu-

1048 2167 1138 2202 pidior
1156 2167 1204 2197 sis,
1226 2175 1309 2202 quam
1329 2175 1379 2203 ego
1398 2176 1470 2193 sum.
1495 2168 1586 2202 ltaque
1601 2166 1691 2193 omnia
1705 2165 1839 2200 experiar.

1048 2204 1132 2231 Video
1137 2205 1220 2235 enim.
1227 2204 1295 2239 quid
1300 2212 1358 2230 mea
1366 2205 1479 2235 intersit,
1486 2204 1554 2239 quid
1559 2203 1702 2238 utriusque
1707 2207 1838 2229 nostrum.

1048 2241 1079 2268 Si
1089 2241 1157 2277 quid
1170 2249 1259 2277 egero.
1273 2241 1368 2268 faciam
1380 2246 1410 2268 ut
1419 2241 1500 2268 scias.
1522 2241 1561 2267 Tu
1572 2245 1598 2267 et
1608 2239 1736 2267 adomnia
1743 2239 1841 2265 rescri-

1048 2279 1096 2305 bes
1111 2283 1147 2309 et,
1165 2278 1274 2313 quando
1289 2283 1314 2306 te
1328 2283 1492 2314 exspectem,
1509 2277 1592 2305 facies
1601 2285 1655 2308 me,
1666 2276 1692 2303 si
1701 2276 1752 2303 tibi
1762 2275 1840 2302 vide-

1048 2320 1099 2347 tur,
1111 2316 1263 2342 certiorem.

1100 2384 1187 2405 XXIV.
1203 2384 1281 2405 ABG.
1295 2383 1406 2411 Exponit.
1421 2389 1484 2410 quern
1497 2382 1582 2403 iniuste
1599 2380 1645 2402 sibi
1665 2380 1780 2406 ‘tigelliu-
1793 2381 1838 2401 ir·-

1047 2423 1130 2440 sutur.
1154 2421 1184 2442 (In
1194 2421 1309 2442 'ru-sonmo,
1319 2421 1397 2439 caes-m
1406 2421 1439 2438 IV.
1449 2426 1486 2437 ma.
1495 2426 1511 2437 a.
1521 2419 1565 2436 uulf.
1580 2420 1637 2438 709.)

1157 2463 1300 2491 CICERO
1313 2463 1342 2490 S.
1356 2463 1388 2489 D.
1402 2463 1440 2489 M.
1454 2460 1572 2489 FADIO
1585 2459 1726 2488 GALLO.

1104 2507 1127 2532 l.
1147 2501 1261 2532 Amoris
1280 2505 1392 2540 quidem
1412 2505 1462 2535 tui.
1478 2511 1588 2539 quoquo
1604 2511 1647 2529 me
1663 2503 1740 2533 verti,
1754 2502 1837 2529 vesti-

1046 2543 1104 2578 gia:
1135 2542 1178 2568 vel
1190 2543 1314 2577 proxime
1324 2542 1358 2568 de
1368 2541 1491 2577 Tigellio.
1522 2540 1601 2567 Sensi
1611 2540 1685 2566 enim
1695 2548 1730 2566 ex
1740 2538 1838 2566 litteris

1047 2580 1100 2606 tuis
1115 2579 1194 2606 valde
1209 2584 1234 2606 te
1250 2579 1394 2606 laborasse.
1415 2578 1483 2605 Amo
1493 2578 1577 2613 igi'tur
1586 2577 1760 2604 voluntatem.
1782 2574 1837 2602 Sed

1045 2624 1131 2651 pauca
1146 2616 1180 2643 de
1194 2621 1230 2643 te.
1256 2616 1356 2652 Capius
1370 2615 1484 2651 (opinor)
1497 2614 1572 2646 olim,
1587 2623 1638 2642 non
1647 2616 1763 2641 omnibus
1774 2615 1836 2640 dor-
