1941 3052
806 129 864 154 2⁸3.
898 127 931 153 M.

244 208 273 224 ac
284 200 416 225 sustinere
427 203 514 233 quent.
553 198 616 224 Suis
627 202 714 224 autem
726 197 874 224 commodis
886 206 916 223 ac
928 198 1036 223 rationi-

245 236 296 262 bus
308 237 474 271 prospiciens
486 240 511 261 et
521 235 664 260 romuleus
674 240 759 260 cetera
770 236 881 264 omittet,
891 235 923 260 de
937 244 965 260 se
979 236 1036 269 ipso
1056 250 1058 256 .

243 273 302 299 ‹lii—s
314 278 456 307 noctesque
468 272 604 305 cogitabit.
637 272 671 298 lta
685 281 731 297 nec
744 272 805 298 boni
817 273 895 302 vivis,
915 281 961 298 nec
973 272 1035 298 honi
1056 263 1058 299 l

244 312 294 337 viri
318 311 442 343 fungetur
457 309 553 334 officio.
596 309 695 334 Bonum
712 310 783 334 euim
804 310 890 335 virum
907 309 983 335 decet
1003 309 1035 334 do

243 346 634 380 ceterorumminmiodisaeque
643 345 758 371 laborare
766 355 795 371 ac
805 346 838 371 de
850 347 920 373 suis:
936 347 1034 372 bonum

246 394 306 410 vero
327 386 412 409 civi-iu
453 392 500 408 sua
521 383 609 408 omnia
631 384 774 417 posteriora
799 383 912 413 habere,
936 384 1034 418 patriae

243 421 380 447 commoda
399 421 482 455 prima
499 425 524 445 et
540 421 655 446 maxima
671 420 782 450 dut-erc,
809 429 822 446 a
834 421 936 455 quibus
949 429 1034 454 neque

243 458 340 486 dolore,
355 466 440 491 neque
454 457 506 482 ulla
517 458 626 483 omnino
639 457 754 483 humanu
767 457 845 483 avelli
858 458 1035 492 perturbatio-

243 505 274 521 ne
286 495 426 520 debemus.

243 533 308 558 intra
321 531 494 566 quatriduum
507 531 613 557 duobus
626 531 702 562 liliis,
725 532 840 557 eximiae
857 532 954 558 indolis
971 532 1035 557 ado-

243 569 418 598 lescentibus,
440 577 498 594 esse
518 569 650 594 orbatum.
691 568 742 600 Qui
762 577 848 603 usque
869 578 899 595 eo
916 568 990 595 fortis
1005 578 1034 594 ac

241 611 365 632 constans
381 607 406 631 in
420 605 490 631 luctu
505 605 563 634 fuit.
579 610 606 631 ut
618 605 684 631 nihil
697 614 806 640 prorsus
817 606 850 631 de
862 607 975 640 pristino
988 606 1035 631 ha—

242 643 298 669 bitu
311 643 439 677 cultuque
451 643 626 673 deminuerit.
644 643 690 669 sed
703 643 841 672 eumdem,
855 652 935 678 quem
947 648 1031 673 antea.

242 681 267 706 in
287 680 462 706 concionibus
485 679 615 706 habendis
637 689 735 706 morem
757 681 891 715 ritumque
910 682 1031 710 servarit,

242 726 289 743 nec
312 726 439 752 umquam
456 726 578 743 coronam
595 725 608 743 e
624 718 710 752 capite
726 717 889 752 deposuerit.
931 718 965 743 De
980 726 1034 752 quo

241 754 366 780 traditum
379 760 431 785 est,
449 754 514 780 nihil
528 763 589 780 eum
602 755 738 789 putavisse
751 755 890 790 indignius
901 754 1031 784 futurum,

239 800 320 826 quam
337 793 359 818 si
377 791 484 826 aliquod
498 791 572 818 fracti
584 793 666 818 animi
679 793 787 827 signum
800 793 927 818 maeroris
938 800 1032 818 caussa

240 828 366 855 muliebri
384 838 455 855 more
471 829 610 855 edidisset.
652 829 754 855 Fortem
770 838 834 856 sane
856 829 990 855 hominem
1008 834 1033 855 et

239 875 334 901 magna
349 866 426 892 laude
437 871 596 901 aeternaque
607 866 943 902 memoriadignissimum,
951 875 1031 901 quem

239 912 326 938 neque
339 908 446 929 naturae
460 905 509 934 vis,
519 903 551 929 ad
565 904 678 929 nimium
690 912 770 938 saepe
782 912 898 930 amorem
914 904 1029 934 trahens.
1053 903 1054 931 J

239 941 354 975 potuerit
374 940 407 966 de
425 945 493 967 statu
509 941 646 967 dimovere
661 946 687 967 et
702 941 734 967 ad
750 941 868 967 dolorem
887 941 1029 970 abducere.
1052 941 1054 958 ³

213 971 217 978 ¹
239 986 287 1004 nec
299 977 444 1004 liberorum
456 978 635 1008 desiderium,
658 987 726 1012 quos
743 983 829 1004 tamen
845 987 951 1004 summe
962 978 1031 1004 dile-

238 1015 311 1041 xisse
326 1015 438 1045 dicitur.
457 1015 510 1041 ulla
526 1016 625 1041 ratione
640 1015 810 1049 perturbarit.
851 1017 892 1042 83.
915 1017 968 1042 Nec
981 1016 1032 1041 mi—

237 1061 308 1078 rum.
349 1053 412 1078 Vera
422 1053 493 1078 enim
508 1052 632 1079 fortitudo
648 1053 740 1079 inanes
751 1053 947 1079 sollicitudines
958 1053 1032 1079 eiicit

237 1089 533 1124 acdepeltit,opprimit
544 1090 713 1124 cupiditates.
728 1091 840 1125 imperat
852 1091 948 1119 timori,
963 1089 1030 1116 nihil
1059 1117 1060 1123 ,

1059 1126 1060 1135 ¹
1083 1128 1180 1153 amittit
1191 1127 1275 1153 dolor.
1302 1127 1353 1159 Qui
1365 1128 1387 1153 si
1401 1128 1500 1154 ratione
1512 1129 1732 1163 comprimendus
1742 1133 1792 1159 est,
1804 1128 1877 1164 quod

237 1132 326 1153 autem
338 1128 439 1161 appetit
451 1127 510 1153 forti
523 1128 580 1154 viro
592 1127 747 1161 indignum,
771 1136 819 1154 nec
835 1127 868 1153 ab
881 1127 934 1153 ulla
949 1136 976 1153 re
988 1126 1030 1153 vel

236 1168 309 1190 metu
327 1164 367 1190 vel
384 1165 558 1191 inconstantia
574 1164 721 1198 repellitur.
762 1165 793 1191 Et
804 1165 930 1199 quamvis
941 1163 1031 1191 excel-

236 1210 293 1227 sam
305 1200 455 1236 elatamque
467 1207 587 1228 naturam
601 1202 665 1227 ratio
678 1203 748 1236 ipsa,
773 1202 908 1228 doctrinae
922 1210 1031 1236 praece-

236 1239 289 1273 ptis
301 1238 417 1268 imbuta,
435 1239 585 1265 confirmet:
607 1239 679 1273 quod
693 1239 800 1270 Pericli,
816 1239 972 1266 doctissimo
983 1239 1031 1265 ho-

236 1276 302 1301 mini
316 1277 487 1311 maximoque
499 1277 607 1311 ingenio
623 1276 755 1310 praedito,
778 1277 837 1303 sine
853 1276 908 1303 ulla
922 1276 1031 1303 dubita—

235 1313 306 1338 tione
317 1313 471 1349 configisse,
480 1322 589 1348 prorsus
601 1314 667 1340 mihi
680 1314 841 1348 persuadeo:
856 1315 930 1349 ipsae
942 1319 1029 1340 tamen

235 1349 401 1376 tortitudinis
413 1350 516 1376 radices
529 1352 554 1377 in
567 1353 656 1378 animo
669 1352 811 1386 praecipue
823 1351 950 1378 insident.
978 1351 1029 1383 Qui

234 1395 319 1421 quum
332 1387 447 1414 humana
459 1388 587 1422 despicit.
606 1397 653 1415 nec
665 1388 697 1414 ad
713 1388 840 1419 humilia,
858 1389 936 1423 quasi
953 1388 1030 1415 humi

233 1424 392 1458 depressus,
411 1425 465 1451 ullo
477 1430 552 1460 pacto
565 1425 743 1452 adhaerescit:
766 1425 843 1452 facile
858 1426 899 1456 fit,
917 1430 947 1452 ut
961 1425 1030 1452 ube-

233 1462 317 1488 riores
328 1467 353 1488 et
365 1463 522 1489 maturiores
534 1462 636 1489 fructus
648 1462 726 1494 ferat,
739 1472 824 1498 quum
836 1463 869 1489 ad
881 1472 955 1494 euni,
972 1462 1029 1489 vel—

233 1499 272 1525 uti
285 1499 317 1525 ad
328 1508 423 1535 agrum
433 1500 565 1534 optimum
579 1500 698 1531 cultura,
719 1501 784 1527 ratio
795 1502 875 1527 etiam
887 1501 1029 1527 accesserit

232 1535 460 1571 conformatioque
472 1537 617 1564 doctrinae.
652 1538 709 1564 Non
720 1538 792 1564 enim
803 1546 885 1564 sensu
895 1539 969 1564 omni
980 1537 1028 1564 do-

233 1572 296 1599 loris
312 1575 431 1600 caruisse
446 1583 567 1600 summos
583 1576 655 1601 viros
670 1575 834 1601 credendum
846 1580 895 1602 est.
935 1575 1028 1608 Qualis

232 1612 304 1636 enim
316 1611 383 1637 nihil
395 1613 536 1638 sentientis
547 1613 630 1638 animi
641 1621 778 1647 sensuque
790 1621 899 1647 prorsus
913 1613 1027 1639 carentis

231 1655 290 1674 esse
312 1648 438 1675 fortitudo
458 1649 606 1683 potuisset?
628 1649 680 1675 Sed
701 1649 820 1676 dolorem
834 1651 979 1677 sentientes
994 1649 1028 1676 ad

231 1692 294 1711 eum
313 1686 523 1720 opprimendum
544 1695 574 1712 ac
595 1686 758 1713 vincendum
784 1696 919 1713 summam
944 1688 1027 1714 animi

231 1724 426 1749 contentionem
443 1723 609 1750 adhibebant
624 1729 780 1759 tantumque
791 1725 957 1756 nitebantur,
973 1729 1003 1751 ut
1013 1733 1027 1750 e

230 1767 322 1796 pugna
333 1760 503 1787 discederent
513 1762 676 1796 superiores.
710 1763 751 1788 84.
764 1762 863 1788 Verum
875 1762 947 1788 enim
959 1761 1027 1788 illud

230 1802 284 1828 est,
308 1797 410 1824 nullam
432 1799 522 1825 animo
538 1799 665 1825 maiorem
680 1803 784 1833 pestem
800 1807 852 1825 una
870 1800 1027 1826 remissione

230 1842 309 1868 posse
319 1836 484 1871 contingere.
525 1835 576 1867 Qui
592 1837 616 1862 si
631 1837 749 1863 intentus
763 1841 804 1862 est
818 1845 902 1871 seque
915 1836 949 1862 ad
960 1837 1028 1862 resi-

230 1872 357 1898 stendum
367 1878 449 1907 parat,
462 1873 550 1899 omnia
562 1874 677 1899 sustinet
687 1873 813 1908 pondera,
826 1874 915 1900 omnia
927 1873 969 1899 vel
982 1873 1028 1899 fir-

230 1910 353 1935 missima
364 1914 493 1936 tormenta
506 1909 582 1936 facile
594 1910 705 1937 discutit
716 1919 745 1937 ac
756 1910 881 1945 depellit:
894 1915 920 1937 at
931 1911 1028 1936 remis-

229 1947 305 1972 sione
316 1951 458 1973 enervatus
470 1951 495 1973 et
506 1947 674 1974 effeminatus
685 1948 721 1974 ita
731 1947 893 1982 deprimitur
906 1952 932 1974 et
946 1956 1026 1983 urge-

228 1988 282 2013 tur,
299 1988 329 2010 ut
338 1992 367 2009 se
378 1983 411 2010 ad
423 1985 583 2018 aequitatem
595 1989 710 2019 nequeat
720 1984 857 2011 extollere.
897 1985 952 2011 Nec
962 1993 1026 2011 vero

228 2021 375 2056 quisquam
387 2020 486 2047 doloris
497 2022 629 2055 impetum
640 2022 764 2056 excipere
776 2030 805 2048 ac
817 2021 918 2048 fortiter
928 2030 1025 2057 perpe-

228 2059 249 2085 ti
260 2062 362 2093 posset‚
386 2058 438 2083 nisi
454 2066 482 2084 se
497 2059 573 2092 prius
589 2058 621 2084 ad
635 2058 822 2085 obsistendum
833 2064 1022 2094 comparasset,

229 2100 274 2122 aut
284 2094 468 2122 fortitudinem
479 2096 631 2130 acquirere,
651 2096 703 2122 nisi
714 2097 790 2130 prius
802 2096 941 2123 doloribus
953 2096 1024 2123 mul-

227 2133 263 2159 tis
274 2133 402 2158 acerrime
413 2140 443 2158 ac
454 2131 599 2158 fortissime
610 2133 760 2159 restitisset.
800 2133 897 2160 XXIV.
920 2135 962 2160 85.
983 2134 1025 2160 Ex

227 2177 281 2204 quo
297 2169 463 2196 consuetudo
481 2169 522 2200 fit,
542 2177 611 2204 quae
622 2169 721 2196 callum
732 2170 844 2197 obducit
857 2171 947 2198 animo
962 2179 1025 2197 nos-

227 2215 281 2242 que
291 2211 381 2233 contra
392 2215 485 2233 omnes
496 2206 538 2232 vel
551 2211 659 2233 naturae
671 2207 712 2233 vel
726 2207 846 2234 fortunae
858 2209 975 2243 impetus
981 2217 1024 2234 ar—

226 2249 290 2270 mat.
331 2244 372 2270 An
387 2252 530 2270 censemus
542 2244 695 2280 Harpagum
706 2245 814 2271 Medum
831 2249 934 2272 tantum
948 2245 1024 2272 forti-

226 2281 330 2308 tudinis
345 2280 515 2316 exemplum,
537 2286 669 2316 quantum
685 2282 718 2308 ab
734 2282 865 2309 Herodoto
879 2284 1023 2309 memoriae

225 2318 382 2345 mandatum
394 2323 442 2349 est,
457 2318 535 2345 edere
546 2320 675 2354 potuisse,
689 2320 742 2345 nisi
753 2320 829 2354 prius
840 2320 868 2346 in
879 2320 1023 2354 patientiae

226 2364 255 2381 ac
267 2355 432 2382 fortitudinis
443 2356 631 2383 exercitatione
641 2357 800 2391 saepissime
808 2361 929 2383 versatus
935 2357 1023 2384 esset‘?

226 2401 274 2419 nec
285 2393 344 2419 sine
355 2394 473 2419 maximo
484 2393 582 2424 fructu.
598 2402 749 2429 magnaque
760 2394 849 2428 potius
860 2403 923 2420 cum
934 2395 1022 2421 nomi-

225 2430 268 2456 nis
279 2431 321 2456 sui
333 2430 428 2466 gloria.
474 2431 588 2457 Tantum
604 2431 677 2457 enim
693 2430 848 2457 fortitudine
860 2440 890 2458 ac
901 2432 1022 2466 pruden-

225 2467 261 2492 tia
271 2468 415 2501 praestitit,
429 2472 459 2494 ut
469 2467 673 2494 acerbissimam
684 2468 812 2494 iniuriam
823 2468 881 2495 sine
893 2468 949 2495 ullo
960 2469 1021 2503 pla-

225 2511 258 2529 ne
272 2503 371 2530 doloris
385 2513 467 2531 sensu
487 2504 641 2540 pertulerit,
657 2509 684 2532 et
700 2513 759 2531 sese
778 2505 914 2532 cumulate
930 2511 1020 2533 contra

224 2541 295 2575 regis
307 2541 501 2568 immanitatem
511 2541 606 2569 ulcisci
617 2543 742 2577 potuerit.
773 2542 851 2573 Nam,
864 2551 950 2578 quum
960 2544 1020 2569 eius

224 2576 310 2603 filium
327 2586 374 2604 rex
383 2578 513 2615 Astyages
528 2579 697 2606 interfectum
709 2578 743 2605 ad
757 2579 924 2614 epulandum
935 2589 1021 2615 appo-

223 2614 252 2639 ni
264 2613 401 2646 iussisset,
422 2621 556 2651 caputque
570 2617 596 2643 ei
610 2621 671 2652 post
685 2624 794 2643 coenam
807 2616 918 2644 allatum
929 2622 1020 2644 osten-

469 494 564 520 xxm.
587 496 627 520 82.
652 494 778 520 Periclem
792 500 897 520 narrant
911 495 1034 521 historiae
1055 491 1064 520 n*

1055 359 1065 411 i:

1055 413 1064 486 l.

1054 573 1057 588 l

962 127 992 153 Τ.
1023 126 1299 154 ClCERONlS

1088 203 1139 229 μου
1156 197 1199 224 ille
1208 207 1278 227 vero.
1288 197 1354 224 nihil
1363 199 1572 232 perterritusnec
1583 199 1672 225 animo
1683 198 1765 226 ullam
1778 200 1804 226 in
1819 208 1880 235 par—

1089 241 1139 261 tem
1152 235 1263 265 deiecto.
1278 236 1407 269 Agnosco.
1418 236 1587 270 inquit.quid
1600 237 1634 262 sit
1645 237 1879 272 actum.ac.quid-

1088 272 1152 306 quid
1166 273 1220 305 regi
1233 272 1341 307 placuit,
1351 273 1417 298 mihi
1429 281 1537 307 quoquc
1549 273 1652 307 placere
1662 275 1813 308 pronuntio.
1828 274 1880 300 ttoc

1089 315 1175 335 autern
1193 310 1419 335 immanissimum
1435 318 1521 344 genus
1539 311 1650 336 iniuriae
1666 316 1718 337 tarn
1734 311 1782 337 diu
1797 311 1881 337 dissi-

1089 346 1214 375 mulavit.
1233 346 1319 381 quoad
1336 348 1435 381 Cyrum
1452 355 1485 372 cx
1501 347 1587 373 Persia
1605 348 1631 373 in
1645 348 1758 374 Mediam
1769 357 1880 374 evocare

1087 384 1185 418 potuit:
1209 392 1263 417 quo
1282 383 1454 413 adveniente,
1476 392 1561 418 quum
1583 385 1716 411 exercitus
1737 386 1882 420 imperator

1086 426 1175 446 contra
1187 429 1248 446 eum
1263 430 1276 446 a
1294 429 1355 455 rege
1372 421 1472 446 missus
1483 426 1566 450 esset.
1589 427 1614 447 et
1631 430 1742 455 regnum
1753 427 1778 448 et
1790 431 1879 457 regem

1087 458 1126 483 illi
1138 457 1256 483 tradidit.
1297 458 1387 492 ltaque
1399 460 1527 493 Astyages
1539 459 1564 484 in
1576 459 1638 494 Cyri
1650 464 1814 493 potestatem.
1830 460 1881 485 im-

1087 496 1192 529 pictatis
1205 503 1268 520 suat·
1279 503 1376 529 poenas
1388 495 1512 524 ‹latum-1,
1527 495 1649 522 redactus
1660 501 1708 523 cst.
1750 498 1791 522 86.
1806 496 1829 522 Ο
1841 496 1878 522 fa-

1086 537 1157 558 etuin
1179 533 1300 557 omnium
1321 533 1441 567 gentium
1463 541 1492 558 ac
1507 533 1675 559 saeculorum
1692 534 1818 559 memoria
1836 533 1880 559 di-

1086 569 1262 603 gnissimum!
1283 577 1315 594 ex
1328 578 1381 603 quo
1394 578 1443 595 non
1457 569 1548 600 modo,
1562 571 1609 604 qui
1621 570 1705 596 dolori
1717 570 1829 600 cedunt.
1846 570 1878 596 ad

1086 607 1240 640 patientiam
1256 614 1286 631 ac
1303 606 1484 632 fortitudinem
1500 608 1663 637 excitentur.
1681 607 1727 633 sed
1742 609 1821 634 etiam
1838 616 1880 634 re-

1085 644 1252 678 ges.quique
1266 643 1420 669 hominibus
1433 644 1572 678 imperant,
1587 654 1619 671 ne
1631 645 1696 680 quid
1710 646 1823 679 impium
1834 650 1879 671 aut

1087 680 1212 706 indecens
1229 681 1355 709 audeant.
1374 681 1541 707 erudiantur.
1583 682 1648 708 Nam
1665 682 1795 708 adversus
1807 683 1879 708 iniu-

1085 719 1184 744 stitiam
1196 723 1275 752 atque
1291 718 1453 752 impietatem
1467 723 1567 745 tantum
1580 719 1736 747 estodium.
1755 724 1824 745 tanta
1837 720 1879 746 in-

1087 755 1168 785 vidia,
1179 760 1207 781 ut
1221 764 1252 781 nc
1265 756 1353 789 ipsum
1365 755 1476 790 quidem
1488 756 1591 782 caelum
1603 762 1648 782 aut
1657 757 1754 787 sidera,
1763 758 1843 783 etiam
1855 757 1879 783 si

1086 792 1207 818 homines
1220 792 1311 822 velint,
1321 793 1476 819 huiusmodi
1488 793 1587 819 scelera
1601 794 1654 828 pati
1666 803 1695 820 ac
1705 793 1879 822 dissimulare

1086 830 1198 863 possint.
1240 830 1289 860 Ac,
1311 831 1333 855 si
1345 838 1402 856 sera
1413 830 1524 856 deorum
1537 831 1652 857 vindicta
1669 832 1717 861 sit.
1736 831 1879 858 noluerunt

1085 872 1172 892 tamen
1187 868 1283 901 impios
1296 868 1354 901 ipso
1366 868 1392 893 in
1406 867 1520 894 facinore
1535 868 1601 894 adeo
1615 868 1764 897 exsultare.
1782 873 1811 895 ut
1825 876 1877 894 non

1085 905 1366 939 angoreconscientiae
1379 904 1536 940 fraudisque
1547 906 1676 936 cruciatu,
1686 911 1822 940 tamquam
1829 905 1879 932 do·

1085 942 1202 967 mesticis
1220 941 1311 970 furiis,
1331 942 1439 968 assidue
1463 948 1602 969 vexentur.
1644 944 1685 969 87.
1707 943 1878 978 Tantumque

1084 983 1169 1013 potest
1185 979 1330 1013 impietatis
1345 979 1452 1009 odium,
1470 985 1497 1005 ut
1513 985 1656 1015 tyrannum
1670 981 1833 1006 exstinctum
1848 988 1878 1006 ac

1083 1016 1241 1042 saevissime
1257 1017 1440 1042 excruciatum
1457 1025 1534 1043 nemo
1551 1019 1720 1046 misereatur,
1737 1026 1816 1044 nemo
1829 1017 1878 1043 do-

1084 1052 1143 1078 leat.
1184 1054 1249 1079 Nam
1261 1053 1391 1079 adversus
1403 1053 1452 1079 hoc
1464 1054 1602 1080 hominum
1614 1063 1710 1090 genus.
1725 1055 1810 1081 necin
1823 1054 1878 1080 ullo

1083 1095 1232 1124 praeterea,
1253 1099 1359 1116 omnem
1379 1099 1488 1124 prorsus
1509 1092 1563 1117 vini
1585 1100 1732 1126 omnesque
1753 1091 1878 1118 stimulos

1083 1173 1163 1199 supra
1174 1164 1309 1194 diximus,
1325 1164 1409 1191 multo
1422 1165 1501 1191 etiam
1514 1166 1600 1201 magis
1611 1165 1805 1193 consuetudine
1818 1166 1878 1192 vin-

1083 1207 1170 1228 cetur:
1184 1203 1263 1228 cuius
1275 1206 1361 1228 tantae
1372 1207 1436 1228 sunt
1447 1203 1531 1233 vires,
1545 1208 1636 1229 utnon
1649 1203 1727 1230 modo
1737 1202 1877 1238 perturba-

1083 1240 1168 1265 tiones
1184 1240 1267 1265 animi
1282 1239 1390 1269 sedare,
1412 1239 1459 1265 sed
1475 1240 1554 1266 etiam
1572 1245 1681 1266 naturae
1702 1241 1757 1266 vim
1773 1239 1875 1271 afferre,

1082 1285 1195 1311 eamque
1210 1277 1369 1311 saepissime
1385 1277 1526 1303 immutare
1542 1285 1572 1304 ac
1583 1278 1690 1312 penitus
1701 1277 1780 1304 aliam
1792 1278 1878 1312 possit

1082 1313 1198 1340 efficere.
1239 1314 1323 1340 Cuius
1334 1313 1436 1340 auxilio
1447 1323 1499 1341 non
1513 1314 1591 1341 modo
1602 1314 1701 1342 doloris
1712 1314 1812 1345 aculei,
1829 1314 1876 1340 sed

1058 1355 1059 1361 ¹
1081 1352 1161 1377 etiam
1177 1351 1297 1377 fortunae
1309 1350 1422 1377 fulmina
1433 1351 1533 1386 depelli
1548 1360 1578 1378 ac
1593 1353 1728 1379 contemni
1740 1351 1817 1378 facile
1828 1360 1877 1386 po-

1083 1394 1180 1415 terunt.
1220 1388 1380 1415 Meditemur
1394 1389 1478 1424 igitur
1491 1394 1517 1415 et
1527 1390 1637 1416 omnino
1647 1394 1796 1416 statuamus
1807 1388 1876 1416 nibil

1050 1431 1051 1435 ¹
1081 1434 1191 1460 prorsus
1203 1425 1352 1452 humanum
1363 1434 1422 1452 esse
1433 1425 1588 1457 dolendum,
1598 1435 1649 1453 non
1662 1431 1782 1457 mortem,
1794 1434 1876 1461 quam

1082 1464 1134 1489 iam
1146 1464 1275 1497 optimam
1287 1471 1346 1489 esse
1357 1464 1547 1499 cognovimus:
1565 1472 1617 1491 non
1631 1469 1774 1500 egestatem
1783 1485 1789 1494 ,
1806 1471 1876 1498 quae

1080 1501 1239 1535 saepissime
1255 1501 1367 1527 maximi
1383 1501 1446 1527 boni
1461 1509 1557 1527 caussa
1573 1510 1586 1527 a
1602 1501 1656 1527 diis
1677 1500 1875 1528 immortalibus

1081 1538 1227 1569 tribuatur:
1246 1546 1298 1565 non
1309 1537 1451 1568 exsilium,
1468 1547 1553 1573 quum
1563 1538 1637 1565 orbis
1648 1544 1777 1565 terrarum
1787 1538 1877 1564 omni-

1081 1575 1132 1601 bus
1143 1580 1243 1610 pateat;
1265 1584 1316 1602 non
1332 1580 1418 1601 cetera
1434 1576 1542 1611 generis
1556 1575 1692 1606 eiusdem,
1714 1583 1784 1611 quae
1799 1574 1875 1610 vulgi

1079 1613 1205 1647 opinione
1222 1613 1394 1648 gravissimis
1409 1613 1437 1639 in
1449 1612 1527 1639 malis
1539 1618 1724 1640 numerantur.
1763 1611 1875 1639 Nullum

1049 1655 1051 1659 ¹
1080 1650 1151 1676 enim
1164 1655 1217 1676 tam
1228 1658 1310 1685 grave
1322 1649 1423 1676 malum
1434 1650 1587 1685 apparebit,
1609 1651 1676 1685 quin
1687 1659 1722 1677 ex
1731 1658 1763 1676 eo
1774 1649 1875 1676 bonum

1080 1687 1189 1722 aliquod
1202 1687 1286 1714 multo
1297 1688 1385 1713 maius
1396 1687 1535 1722 multoque
1545 1687 1692 1722 optabilius
1704 1695 1801 1722 magno
1811 1686 1875 1713 deo-

1048 1724 1050 1732 *
1079 1733 1140 1750 rum
1154 1724 1286 1751 beneficio
1301 1724 1446 1759 aliquando
1461 1724 1612 1760 colligatur.
1652 1724 1728 1751 Pleni
1737 1728 1801 1750 sunt
1813 1723 1874 1750 libri

1080 1761 1312 1796 philosophorum,
1323 1761 1434 1788 refertae
1444 1763 1611 1797 argumentis
1624 1770 1654 1788 ac
1665 1761 1815 1788 rationibus
1826 1769 1875 1795 pa-

1078 1799 1157 1834 ginae
1168 1798 1222 1824 fere
1233 1806 1326 1825 omnes
1335 1819 1341 1829 ,
1359 1803 1429 1825 tanta
1441 1804 1529 1825 autem
1541 1798 1727 1834 exemplorum
1737 1799 1813 1833 copia
1821 1818 1827 1828 ,
1845 1803 1875 1824 ut

1079 1835 1146 1861 nihil
1159 1836 1244 1870 possit
1254 1844 1313 1862 esse
1324 1835 1499 1862 cumulatius.
1539 1836 1625 1862 XXV.
1641 1838 1682 1862 88.
1704 1835 1777 1868 Quae
1787 1843 1874 1870 quum

1078 1873 1114 1899 ita
1124 1873 1187 1903 sint.
1195 1874 1307 1908 quaiam
1319 1881 1347 1899 re
1358 1877 1513 1903 terreamur.
1522 1878 1567 1900 aut
1577 1874 1622 1899 cui
1633 1873 1718 1900 dolori
1728 1871 1875 1899 cedamus?

1078 1910 1144 1937 Dion
1155 1915 1239 1941 certe,
1261 1911 1309 1945 qui
1320 1918 1334 1936 e
1345 1910 1462 1937 Platonis
1473 1910 1565 1937 schola
1575 1909 1701 1941 defluxit,
1718 1918 1803 1945 quum
1814 1910 1874 1936 eius

1079 1947 1151 1974 filius
1162 1949 1190 1974 in
1202 1948 1300 1974 atrium
1310 1955 1324 1973 e
1335 1952 1402 1974 tecto
1417 1947 1546 1983 delapsus
1561 1948 1709 1978 interisset,
1730 1955 1783 1974 non
1795 1946 1874 1973 modo

1078 1993 1130 2011 non
1146 1984 1245 2015 doluit,
1268 1984 1316 2011 sed
1331 1985 1411 2011 etiam
1426 1986 1454 2011 in
1470 1993 1515 2016 eo,
1537 1984 1610 2020 quod
1621 1990 1679 2011 tum
1690 1983 1756 2011 forte
1767 1983 1871 2020 agebat,

1077 2027 1229 2048 constanter
1239 2022 1365 2056 perstitit.
1380 2022 1439 2054 Quo
1450 2021 1518 2049 facto
1529 2022 1661 2048 iudicavit
1671 2027 1696 2048 et
1706 2022 1871 2056 virsapienS.

1077 2064 1102 2085 et
1113 2059 1229 2086 Platonis
1240 2059 1403 2093 discipulus,
1418 2059 1485 2094 quid
1496 2064 1607 2090 ceteros,
1619 2060 1668 2094 qui
1679 2059 1814 2094 sapientes
1825 2057 1874 2085 ba-

1077 2096 1134 2122 beri
1147 2096 1249 2127 volunt,
1263 2096 1350 2123 facere
1360 2101 1488 2131 oporteat.
1528 2098 1570 2123 89.
1582 2097 1616 2123 At
1625 2096 1790 2130 Traheaspas
1801 2094 1874 2122 mul—

1053 2146 1055 2153 ·
1076 2138 1102 2160 to
1113 2133 1222 2160 fortius:
1235 2134 1260 2160 si
1271 2133 1382 2169 quidem
1394 2133 1444 2160 filii
1455 2134 1607 2163 morientis,
1620 2141 1705 2168 quum
1716 2132 1786 2160 ferro
1796 2132 1873 2159 traii-

1075 2176 1189 2202 ceretur,
1201 2171 1260 2197 sine
1271 2170 1328 2197 ullo
1338 2179 1448 2205 prorsus
1459 2171 1549 2198 dolore
1559 2175 1691 2205 spectator
1702 2169 1762 2197 fuit.
1792 2170 1872 2196 Cam-

1075 2207 1157 2244 byses
1170 2208 1243 2234 enim
1259 2209 1343 2234 iratus
1358 2213 1384 2234 et
1396 2208 1490 2235 ebrius
1500 2216 1586 2243 quum
1597 2209 1657 2234 eius
1668 2207 1756 2234 filium
1765 2207 1872 2242 sagittis

1075 2250 1176 2280 peteret
1193 2246 1302 2280 iamque
1323 2250 1417 2280 pectus
1439 2245 1576 2272 reclusum
1595 2249 1748 2280 appareret,
1768 2249 1871 2279 patrem

1075 2283 1154 2309 iussit
1164 2283 1307 2317 inspicere,
1321 2291 1386 2309 num
1397 2291 1442 2309 eor
1452 2291 1612 2318 percussum
1622 2287 1703 2308 esset.
1724 2282 1774 2308 Cui
1784 2289 1870 2316 quum

1074 2325 1149 2354 pater
1159 2319 1356 2354 respondisset,
1378 2320 1432 2346 iam
1445 2320 1520 2346 cordi
1535 2320 1658 2355 sagittam
1672 2327 1732 2346 esse
1743 2318 1868 2345 infixam:

1074 2362 1131 2384 tum
1143 2357 1304 2392 Cambyses,
1317 2356 1458 2392 Numquid
1468 2362 1581 2388 certam,
1594 2357 1696 2391 inquit,
1714 2356 1799 2382 habeo
1812 2363 1870 2381 ma-

1074 2394 1158 2421 num?
1176 2394 1210 2421 At
1220 2398 1304 2429 pater,
1318 2393 1393 2420 nullo
1403 2393 1504 2420 doloris
1514 2395 1593 2430 signo
1603 2393 1673 2424 dato,
1690 2402 1740 2420 nec
1752 2400 1869 2427 usquam

1073 2440 1202 2458 conversa
1212 2435 1259 2457 aut
1273 2436 1404 2458 commota
1418 2430 1500 2462 facie,
1523 2432 1562 2457 Ne
1576 2430 1729 2466 Apollinem
1743 2429 1865 2464 quidem.

1073 2470 1171 2504 inquit,
1179 2468 1305 2495 certiores
1311 2469 1421 2504 sagittas
1432 2469 1598 2495 emissurum
1608 2467 1779 2494 crediderim.
1795 2466 1868 2499 Quid

1073 2506 1145 2532 hunc
1159 2511 1262 2541 patrem
1273 2510 1400 2540 putemus
1411 2505 1545 2532 facturum
1556 2505 1682 2535 fuisse,si
1693 2504 1766 2530 filius
1776 2503 1804 2530 in
1814 2511 1868 2539 pu—

1071 2551 1123 2579 gna
1135 2543 1238 2570 fortiter
1247 2542 1382 2569 dimicans
1392 2542 1577 2573 occubuisset,
1598 2542 1647 2576 qui
1658 2540 1760 2567 nullius
1771 2540 1867 2576 culpae

1071 2581 1210 2607 conscium
1227 2579 1313 2606 filium
1328 2579 1517 2606 crudelissime
1528 2578 1656 2606 trucidari
1669 2586 1721 2605 non
1733 2577 1867 2604 doluerit?

1071 2618 1142 2644 Num
1157 2617 1313 2648 credamus,
1331 2616 1381 2644 filii
1395 2621 1508 2644 mortem
1523 2616 1662 2642 honestam
1677 2624 1708 2641 ac
1723 2623 1771 2650 pro
1780 2615 1866 2650 patria

223 2649 316 2682 disset,
330 2660 435 2687 rogans,
448 2654 527 2679 cuius
539 2653 609 2680 ferae
621 2654 724 2680 viscera
739 2654 766 2680 in
780 2662 873 2680 mensa
883 2655 1019 2681 comedis·
1040 2657 1042 2678 l
1071 2660 1223 2690 susceptam
1238 2653 1284 2682 tali
1299 2655 1368 2689 patri
1383 2653 1499 2681 futuram
1516 2652 1600 2679 fuisse
1621 2651 1866 2679 iucundissimam?
