<?xml version="1.0" encoding="UTF-8"?>
<!DOCTYPE html PUBLIC "-//W3C//DTD XHTML 1.0 Transitional//EN"
    "http://www.w3.org/TR/xhtml1/DTD/xhtml1-transitional.dtd">
<html xmlns="http://www.w3.org/1999/xhtml" xml:lang="en" lang="en">
 <head>
  <title>
</title>
<meta http-equiv="Content-Type" content="text/html;charset=utf-8" />
  <meta name='ocr-system' content='tesseract 3.04.00' />
  <meta name='ocr-capabilities' content='ocr_page ocr_carea ocr_par ocr_line ocrx_word'/>
</head>
<body>
  <div class='ocr_page' id='page_1' title='image "./operaomniaunovol00ciceuoft_0547.png"; bbox 0 0 1941 3052; ppageno 0'>
   <div class='ocr_carea' id='block_1_1' title="bbox 464 167 1690 197">
    <p class='ocr_par' dir='ltr' id='par_1_1' title="bbox 464 167 1690 197">
     <span class='ocr_line' id='line_1_1' title="bbox 464 167 1690 197; baseline -0.002 -1"><span class='ocrx_word' id='word_1_1' title='bbox 464 169 649 197; x_wconf 81' lang='lat' dir='ltr'><strong>ORATIO</strong></span> <span class='ocrx_word' id='word_1_2' title='bbox 681 168 769 196; x_wconf 76' lang='lat' dir='ltr'>PRO</span> <span class='ocrx_word' id='word_1_3' title='bbox 802 169 837 195; x_wconf 82' lang='lat' dir='ltr'>M.</span> <span class='ocrx_word' id='word_1_4' title='bbox 871 168 1062 195; x_wconf 78' lang='lat' dir='ltr'>CAELIO.</span> <span class='ocrx_word' id='word_1_5' title='bbox 1096 167 1194 194; x_wconf 72' lang='lat' dir='ltr'>CAP.</span> <span class='ocrx_word' id='word_1_6' title='bbox 1220 167 1288 192; x_wconf 56' lang='lat'>[2</span> <span class='ocrx_word' id='word_1_7' title='bbox 1640 167 1690 193; x_wconf 70' lang='lat'>523</span> 
     </span>
    </p>
   </div>
   <div class='ocr_carea' id='block_1_2' title="bbox 898 236 1691 424">
    <p class='ocr_par' dir='ltr' id='par_1_2' title="bbox 898 236 1691 424">
     <span class='ocr_line' id='line_1_2' title="bbox 899 236 1691 275; baseline -0.004 -10"><span class='ocrx_word' id='word_1_8' title='bbox 899 239 957 275; x_wconf 87' lang='lat' dir='ltr'>lege</span> <span class='ocrx_word' id='word_1_9' title='bbox 976 238 1157 265; x_wconf 87' lang='lat' dir='ltr'>accusandum</span> <span class='ocrx_word' id='word_1_10' title='bbox 1176 238 1284 264; x_wconf 89' lang='lat' dir='ltr'>omnino</span> <span class='ocrx_word' id='word_1_11' title='bbox 1299 236 1383 263; x_wconf 77' lang='lat' dir='ltr'>fuisse</span> <span class='ocrx_word' id='word_1_12' title='bbox 1398 245 1492 272; x_wconf 80' lang='lat' dir='ltr'>negaS.</span> <span class='ocrx_word' id='word_1_13' title='bbox 1510 244 1539 262; x_wconf 88' lang='lat' dir='ltr'>ea</span> <span class='ocrx_word' id='word_1_14' title='bbox 1556 236 1613 271; x_wconf 75' lang='lat' dir='ltr'>lege</span> <span class='ocrx_word' id='word_1_15' title='bbox 1627 244 1691 263; x_wconf 85' lang='lat' dir='ltr'>con-</span> 
     </span>
     <span class='ocr_line' id='line_1_3' title="bbox 898 274 1691 311; baseline -0.004 -9"><span class='ocrx_word' id='word_1_16' title='bbox 898 276 1019 302; x_wconf 83' lang='lat' dir='ltr'>demnari</span> <span class='ocrx_word' id='word_1_17' title='bbox 1034 281 1113 311; x_wconf 88' lang='lat' dir='ltr'>putes</span> <span class='ocrx_word' id='word_1_18' title='bbox 1127 274 1263 310; x_wconf 68' lang='lat' dir='ltr'>oportere?</span> <span class='ocrx_word' id='word_1_19' title='bbox 1282 277 1335 304; x_wconf 81' lang='lat' dir='ltr'>aut,</span> <span class='ocrx_word' id='word_1_20' title='bbox 1349 274 1372 300; x_wconf 83' lang='lat' dir='ltr'>si</span> <span class='ocrx_word' id='word_1_21' title='bbox 1386 278 1412 300; x_wconf 90' lang='lat' dir='ltr'>te</span> <span class='ocrx_word' id='word_1_22' title='bbox 1423 274 1452 300; x_wconf 89' lang='lat' dir='ltr'>in</span> <span class='ocrx_word' id='word_1_23' title='bbox 1466 274 1617 300; x_wconf 81' lang='lat' dir='ltr'>testimonio</span> <span class='ocrx_word' id='word_1_24' title='bbox 1627 282 1691 300; x_wconf 91' lang='lat' dir='ltr'>con—</span> 
     </span>
     <span class='ocr_line' id='line_1_4' title="bbox 898 310 1691 347; baseline -0.005 -7"><span class='ocrx_word' id='word_1_25' title='bbox 898 313 951 340; x_wconf 85' lang='lat' dir='ltr'>suli</span> <span class='ocrx_word' id='word_1_26' title='bbox 963 313 1040 344; x_wconf 82' lang='lat' dir='ltr'>nolis,</span> <span class='ocrx_word' id='word_1_27' title='bbox 1055 321 1088 339; x_wconf 88' lang='lat' dir='ltr'>ne</span> <span class='ocrx_word' id='word_1_28' title='bbox 1098 313 1165 347; x_wconf 86' lang='lat' dir='ltr'>quid</span> <span class='ocrx_word' id='word_1_29' title='bbox 1176 312 1224 338; x_wconf 91' lang='lat' dir='ltr'>tibi</span> <span class='ocrx_word' id='word_1_30' title='bbox 1236 312 1397 338; x_wconf 71' lang='lat' dir='ltr'>auctoritatis</span> <span class='ocrx_word' id='word_1_31' title='bbox 1409 320 1423 337; x_wconf 87' lang='lat' dir='ltr'>a</span> <span class='ocrx_word' id='word_1_32' title='bbox 1436 319 1479 337; x_wconf 89' lang='lat' dir='ltr'>me</span> <span class='ocrx_word' id='word_1_33' title='bbox 1491 310 1621 337; x_wconf 88' lang='lat' dir='ltr'>tributum</span> <span class='ocrx_word' id='word_1_34' title='bbox 1632 318 1691 336; x_wconf 83' lang='lat' dir='ltr'>esse</span> 
     </span>
     <span class='ocr_line' id='line_1_5' title="bbox 898 348 1690 383; baseline -0.004 -6"><span class='ocrx_word' id='word_1_35' title='bbox 898 351 1028 381; x_wconf 75' lang='lat' dir='ltr'>videatur,</span> <span class='ocrx_word' id='word_1_36' title='bbox 1042 350 1177 376; x_wconf 82' lang='lat' dir='ltr'>dixerisne</span> <span class='ocrx_word' id='word_1_37' title='bbox 1192 350 1219 376; x_wconf 93' lang='lat' dir='ltr'>in</span> <span class='ocrx_word' id='word_1_38' title='bbox 1234 357 1296 375; x_wconf 88' lang='lat' dir='ltr'>eum</span> <span class='ocrx_word' id='word_1_39' title='bbox 1311 348 1494 375; x_wconf 80' lang='lat' dir='ltr'>testimonium</span> <span class='ocrx_word' id='word_1_40' title='bbox 1509 348 1542 375; x_wconf 85' lang='lat' dir='ltr'>de</span> <span class='ocrx_word' id='word_1_41' title='bbox 1557 348 1593 379; x_wconf 83' lang='lat' dir='ltr'>vi.</span> <span class='ocrx_word' id='word_1_42' title='bbox 1609 355 1690 383; x_wconf 90' lang='lat' dir='ltr'>quem</span> 
     </span>
     <span class='ocr_line' id='line_1_6' title="bbox 899 384 1515 424; baseline -0.005 -10"><span class='ocrx_word' id='word_1_43' title='bbox 899 389 1004 424; x_wconf 81' lang='lat' dir='ltr'>negaris</span> <span class='ocrx_word' id='word_1_44' title='bbox 1016 396 1091 414; x_wconf 89' lang='lat' dir='ltr'>reum</span> <span class='ocrx_word' id='word_1_45' title='bbox 1101 388 1211 415; x_wconf 87' lang='lat' dir='ltr'>omnino</span> <span class='ocrx_word' id='word_1_46' title='bbox 1220 386 1254 414; x_wconf 91' lang='lat' dir='ltr'>de</span> <span class='ocrx_word' id='word_1_47' title='bbox 1264 387 1292 413; x_wconf 86' lang='lat' dir='ltr'>vi</span> <span class='ocrx_word' id='word_1_48' title='bbox 1303 386 1360 413; x_wconf 84' lang='lat' dir='ltr'>fieri</span> <span class='ocrx_word' id='word_1_49' title='bbox 1370 384 1515 413; x_wconf 68' lang='lat' dir='ltr'>debuisse?</span> 
     </span>
    </p>
   </div>
   <div class='ocr_carea' id='block_1_3' title="bbox 53 276 849 387">
    <p class='ocr_par' dir='ltr' id='par_1_3' title="bbox 53 276 849 387">
     <span class='ocr_line' id='line_1_7' title="bbox 55 276 849 312; baseline -0.003 -8"><span class='ocrx_word' id='word_1_50' title='bbox 55 278 136 304; x_wconf 89' lang='lat' dir='ltr'>huius</span> <span class='ocrx_word' id='word_1_51' title='bbox 152 278 268 304; x_wconf 76' lang='lat' dir='ltr'>actiones</span> <span class='ocrx_word' id='word_1_52' title='bbox 284 277 406 312; x_wconf 81' lang='lat' dir='ltr'>probatas</span> <span class='ocrx_word' id='word_1_53' title='bbox 422 277 499 303; x_wconf 89' lang='lat' dir='ltr'>bonis</span> <span class='ocrx_word' id='word_1_54' title='bbox 510 285 569 303; x_wconf 87' lang='lat' dir='ltr'>esse</span> <span class='ocrx_word' id='word_1_55' title='bbox 579 276 655 307; x_wconf 67' lang='lat' dir='ltr'>dicis.</span> <span class='ocrx_word' id='word_1_56' title='bbox 669 285 696 303; x_wconf 84' lang='lat' dir='ltr'>in</span> <span class='ocrx_word' id='word_1_57' title='bbox 708 285 752 302; x_wconf 85' lang='lat' dir='ltr'>eas</span> <span class='ocrx_word' id='word_1_58' title='bbox 763 277 849 311; x_wconf 89' lang='lat' dir='ltr'>pluri-</span> 
     </span>
     <span class='ocr_line' id='line_1_8' title="bbox 54 314 848 349; baseline -0.003 -8"><span class='ocrx_word' id='word_1_59' title='bbox 54 315 106 341; x_wconf 88' lang='lat' dir='ltr'>mis</span> <span class='ocrx_word' id='word_1_60' title='bbox 118 315 207 341; x_wconf 88' lang='lat' dir='ltr'>verbis</span> <span class='ocrx_word' id='word_1_61' title='bbox 219 315 401 341; x_wconf 87' lang='lat' dir='ltr'>testimonium</span> <span class='ocrx_word' id='word_1_62' title='bbox 413 314 518 340; x_wconf 83' lang='lat' dir='ltr'>dixisti:</span> <span class='ocrx_word' id='word_1_63' title='bbox 541 314 652 349; x_wconf 63' lang='lat' dir='ltr'>quicum</span> <span class='ocrx_word' id='word_1_64' title='bbox 664 319 755 340; x_wconf 86' lang='lat' dir='ltr'>autem</span> <span class='ocrx_word' id='word_1_65' title='bbox 766 314 848 340; x_wconf 88' lang='lat' dir='ltr'>huius</span> 
     </span>
     <span class='ocr_line' id='line_1_9' title="bbox 53 350 849 387; baseline -0.001 -9"><span class='ocrx_word' id='word_1_66' title='bbox 53 360 176 378; x_wconf 82' lang='lat' dir='ltr'>caussam</span> <span class='ocrx_word' id='word_1_67' title='bbox 187 351 392 386; x_wconf 81' lang='lat' dir='ltr'>periculumque</span> <span class='ocrx_word' id='word_1_68' title='bbox 403 353 557 387; x_wconf 81' lang='lat' dir='ltr'>coniungaS.</span> <span class='ocrx_word' id='word_1_69' title='bbox 567 359 628 377; x_wconf 92' lang='lat' dir='ltr'>eum</span> <span class='ocrx_word' id='word_1_70' title='bbox 639 351 755 377; x_wconf 89' lang='lat' dir='ltr'>summis</span> <span class='ocrx_word' id='word_1_71' title='bbox 763 350 849 377; x_wconf 86' lang='lat' dir='ltr'>laudi-</span> 
     </span>
    </p>
   </div>
   <div class='ocr_carea' id='block_1_4' title="bbox 54 238 870 424">
    <p class='ocr_par' dir='ltr' id='par_1_4' title="bbox 54 238 870 424">
     <span class='ocr_line' id='line_1_10' title="bbox 54 238 847 271; baseline -0.003 -4"><span class='ocrx_word' id='word_1_72' title='bbox 54 240 259 267; x_wconf 84' lang='lat' dir='ltr'>inconstantiam</span> <span class='ocrx_word' id='word_1_73' title='bbox 269 240 394 267; x_wconf 84' lang='lat' dir='ltr'>orationis</span> <span class='ocrx_word' id='word_1_74' title='bbox 405 248 435 266; x_wconf 85' lang='lat' dir='ltr'>ac</span> <span class='ocrx_word' id='word_1_75' title='bbox 447 240 592 266; x_wconf 83' lang='lat' dir='ltr'>testimonii</span> <span class='ocrx_word' id='word_1_76' title='bbox 604 244 652 266; x_wconf 80' lang='lat' dir='ltr'>tui.</span> <span class='ocrx_word' id='word_1_77' title='bbox 692 238 764 271; x_wconf 85' lang='lat' dir='ltr'>Quas</span> <span class='ocrx_word' id='word_1_78' title='bbox 775 239 847 265; x_wconf 88' lang='lat' dir='ltr'>enim</span> 
     </span>
     <span class='ocr_line' id='line_1_11' title="bbox 54 244 870 424; baseline -0.002 -8"><span class='ocrx_word' id='word_1_79' title='bbox 54 389 106 416; x_wconf 85' lang='lat' dir='ltr'>bus</span> <span class='ocrx_word' id='word_1_80' title='bbox 122 389 252 416; x_wconf 80' lang='lat' dir='ltr'>extulisti.</span> <span class='ocrx_word' id='word_1_81' title='bbox 292 388 343 416; x_wconf 86' lang='lat' dir='ltr'>Sed</span> <span class='ocrx_word' id='word_1_82' title='bbox 355 389 404 416; x_wconf 89' lang='lat' dir='ltr'>hoc</span> <span class='ocrx_word' id='word_1_83' title='bbox 414 398 521 424; x_wconf 75' lang='lat' dir='ltr'>quaero,</span> <span class='ocrx_word' id='word_1_84' title='bbox 536 397 601 415; x_wconf 89' lang='lat' dir='ltr'>num</span> <span class='ocrx_word' id='word_1_85' title='bbox 612 389 641 415; x_wconf 87' lang='lat' dir='ltr'>P.</span> <span class='ocrx_word' id='word_1_86' title='bbox 654 388 782 419; x_wconf 80' lang='lat' dir='ltr'>Sestium,</span> <span class='ocrx_word' id='word_1_87' title='bbox 795 396 848 423; x_wconf 83' lang='lat' dir='ltr'>qua</span> <span class='ocrx_word' id='word_1_88' title='bbox 867 244 870 415; x_wconf 81' lang='lat' dir='ltr'>l</span> 
     </span>
    </p>
   </div>
   <div class='ocr_carea' id='block_1_5' title="bbox 872 244 876 416">
    <p class='ocr_par' dir='ltr' id='par_1_5' title="bbox 872 244 876 416">
     <span class='ocr_line' id='line_1_12' title="bbox 872 244 876 416; baseline 0 0"><span class='ocrx_word' id='word_1_89' title='bbox 872 244 876 416; x_wconf 95' lang='lat' dir='ltr'> </span> 
     </span>
    </p>
   </div>
   <div class='ocr_carea' id='block_1_6' title="bbox 761 486 990 502">
    <p class='ocr_par' dir='ltr' id='par_1_6' title="bbox 761 486 990 502">
     <span class='ocr_line' id='line_1_13' title="bbox 761 486 990 502; baseline -0.004 -2"><span class='ocrx_word' id='word_1_90' title='bbox 761 486 990 502; x_wconf 40' lang='lat' dir='ltr'>—a-—fflessfess—</span> 
     </span>
    </p>
   </div>
   <div class='ocr_carea' id='block_1_7' title="bbox 597 641 1151 740">
    <p class='ocr_par' dir='ltr' id='par_1_7' title="bbox 597 641 1151 740">
     <span class='ocr_line' id='line_1_14' title="bbox 862 641 902 667; baseline -0.025 0"><span class='ocrx_word' id='word_1_91' title='bbox 862 641 902 667; x_wconf 76' lang='lat'>47.</span> 
     </span>
     <span class='ocr_line' id='line_1_15' title="bbox 597 708 1151 740; baseline 0.002 -2"><span class='ocrx_word' id='word_1_92' title='bbox 597 711 633 738; x_wconf 88' lang='lat' dir='ltr'>M.</span> <span class='ocrx_word' id='word_1_93' title='bbox 668 711 840 739; x_wconf 87' lang='lat' dir='ltr'>TULLII</span> <span class='ocrx_word' id='word_1_94' title='bbox 874 708 1151 740; x_wconf 88' lang='lat' dir='ltr'>CICERONIS</span> 
     </span>
    </p>
   </div>
   <div class='ocr_carea' id='block_1_8' title="bbox 827 792 915 812">
    <p class='ocr_par' dir='ltr' id='par_1_8' title="bbox 827 792 915 812">
     <span class='ocr_line' id='line_1_16' title="bbox 827 792 915 812; baseline 0.011 -1"><span class='ocrx_word' id='word_1_95' title='bbox 827 792 915 812; x_wconf 85' lang='lat' dir='ltr'>PRO</span> 
     </span>
    </p>
   </div>
   <div class='ocr_carea' id='block_1_9' title="bbox 285 856 1454 995">
    <p class='ocr_par' dir='ltr' id='par_1_9' title="bbox 285 856 1454 995">
     <span class='ocr_line' id='line_1_17' title="bbox 285 856 1454 907; baseline 0 -2"><span class='ocrx_word' id='word_1_96' title='bbox 285 857 342 906; x_wconf 89' lang='lat' dir='ltr'>M.</span> <span class='ocrx_word' id='word_1_97' title='bbox 530 858 560 907; x_wconf 84' lang='lat' dir='ltr'>C</span> <span class='ocrx_word' id='word_1_98' title='bbox 706 858 746 907; x_wconf 90' lang='lat' dir='ltr'><strong>A</strong></span> <span class='ocrx_word' id='word_1_99' title='bbox 892 858 926 906; x_wconf 87' lang='lat' dir='ltr'><strong>E</strong></span> <span class='ocrx_word' id='word_1_100' title='bbox 1074 857 1107 907; x_wconf 94' lang='lat' dir='ltr'>L</span> <span class='ocrx_word' id='word_1_101' title='bbox 1226 857 1271 906; x_wconf 95' lang='grc' dir='ltr'>-Ι</span> <span class='ocrx_word' id='word_1_102' title='bbox 1419 856 1454 905; x_wconf 85' lang='grc' dir='ltr'>Ο</span> 
     </span>
     <span class='ocr_line' id='line_1_18' title="bbox 659 955 1094 995; baseline -0.002 -1"><span class='ocrx_word' id='word_1_103' title='bbox 659 955 1094 995; x_wconf 73' lang='lat' dir='ltr'>ORATlo.</span> 
     </span>
    </p>
   </div>
   <div class='ocr_carea' id='block_1_10' title="bbox 555 1107 1191 1135">
    <p class='ocr_par' dir='ltr' id='par_1_10' title="bbox 555 1107 1191 1135">
     <span class='ocr_line' id='line_1_19' title="bbox 555 1107 1191 1135; baseline 0 0"><span class='ocrx_word' id='word_1_104' title='bbox 555 1107 792 1135; x_wconf 87' lang='lat' dir='ltr'>NOTITIA</span> <span class='ocrx_word' id='word_1_105' title='bbox 829 1107 1191 1135; x_wconf 82' lang='lat' dir='ltr'>LITTERARIA.</span> 
     </span>
    </p>
   </div>
   <div class='ocr_carea' id='block_1_11' title="bbox 54 1168 1695 1236">
    <p class='ocr_par' dir='ltr' id='par_1_11' title="bbox 54 1168 1695 1236">
     <span class='ocr_line' id='line_1_20' title="bbox 159 1168 1695 1200; baseline -0.001 -9"><span class='ocrx_word' id='word_1_106' title='bbox 159 1170 193 1191; x_wconf 82' lang='lat' dir='ltr'>M.</span> <span class='ocrx_word' id='word_1_107' title='bbox 207 1170 297 1192; x_wconf 70' lang='lat' dir='ltr'>caelius</span> <span class='ocrx_word' id='word_1_108' title='bbox 310 1170 401 1199; x_wconf 72' lang='lat' dir='ltr'>Rufus,</span> <span class='ocrx_word' id='word_1_109' title='bbox 416 1178 481 1199; x_wconf 73' lang='lat' dir='ltr'>eques</span> <span class='ocrx_word' id='word_1_110' title='bbox 491 1171 620 1198; x_wconf 71' lang='lat' dir='ltr'>Romamn,</span> <span class='ocrx_word' id='word_1_111' title='bbox 635 1172 695 1194; x_wconf 74' lang='lat' dir='ltr'>idem</span> <span class='ocrx_word' id='word_1_112' title='bbox 708 1177 750 1198; x_wconf 77' lang='lat' dir='ltr'>est,</span> <span class='ocrx_word' id='word_1_113' title='bbox 766 1173 833 1194; x_wconf 72' lang='lat' dir='ltr'>cuius</span> <span class='ocrx_word' id='word_1_114' title='bbox 843 1172 935 1194; x_wconf 79' lang='lat' dir='ltr'>nomine</span> <span class='ocrx_word' id='word_1_115' title='bbox 948 1176 1024 1194; x_wconf 69' lang='lat' dir='ltr'>exutae</span> <span class='ocrx_word' id='word_1_116' title='bbox 1033 1172 1089 1194; x_wconf 71' lang='lat' dir='ltr'>liber</span> <span class='ocrx_word' id='word_1_117' title='bbox 1098 1172 1249 1200; x_wconf 74' lang='lat' dir='ltr'>epistolarum</span> <span class='ocrx_word' id='word_1_118' title='bbox 1258 1172 1289 1192; x_wconf 82' lang='lat' dir='ltr'>ad</span> <span class='ocrx_word' id='word_1_119' title='bbox 1302 1170 1431 1192; x_wconf 77' lang='lat' dir='ltr'>Ciceronem</span> <span class='ocrx_word' id='word_1_120' title='bbox 1440 1169 1621 1196; x_wconf 67' lang='lat' dir='ltr'>(1&#39;111.Epp.aa</span> <span class='ocrx_word' id='word_1_121' title='bbox 1630 1168 1695 1194; x_wconf 72' lang='lat' dir='ltr'>Dio.)</span> 
     </span>
     <span class='ocr_line' id='line_1_21' title="bbox 54 1204 1651 1236; baseline -0.002 -9"><span class='ocrx_word' id='word_1_122' title='bbox 54 1206 121 1228; x_wconf 69' lang='lat' dir='ltr'>Illius</span> <span class='ocrx_word' id='word_1_123' title='bbox 132 1212 239 1228; x_wconf 70' lang='lat' dir='ltr'>caussam</span> <span class='ocrx_word' id='word_1_124' title='bbox 248 1206 296 1234; x_wconf 73' lang='lat' dir='ltr'>egit</span> <span class='ocrx_word' id='word_1_125' title='bbox 306 1205 383 1228; x_wconf 75' lang='lat' dir='ltr'>Cicero</span> <span class='ocrx_word' id='word_1_126' title='bbox 392 1208 457 1234; x_wconf 78' lang='lat' dir='ltr'>apud</span> <span class='ocrx_word' id='word_1_127' title='bbox 468 1206 507 1227; x_wconf 80' lang='lat' dir='ltr'>Cn.</span> <span class='ocrx_word' id='word_1_128' title='bbox 519 1207 648 1229; x_wconf 80' lang='lat' dir='ltr'>Domitium</span> <span class='ocrx_word' id='word_1_129' title='bbox 655 1212 784 1236; x_wconf 74' lang='lat' dir='ltr'>praetorem</span> <span class='ocrx_word' id='word_1_130' title='bbox 793 1215 815 1229; x_wconf 81' lang='lat' dir='ltr'>a.</span> <span class='ocrx_word' id='word_1_131' title='bbox 827 1211 874 1230; x_wconf 77' lang='grc'>898.</span> <span class='ocrx_word' id='word_1_132' title='bbox 887 1208 927 1229; x_wconf 85' lang='lat' dir='ltr'>Gn.</span> <span class='ocrx_word' id='word_1_133' title='bbox 940 1208 1042 1229; x_wconf 71' lang='lat' dir='ltr'>Cornelio</span> <span class='ocrx_word' id='word_1_134' title='bbox 1051 1208 1148 1230; x_wconf 82' lang='lat' dir='ltr'>Lentulo</span> <span class='ocrx_word' id='word_1_135' title='bbox 1157 1207 1296 1228; x_wconf 73' lang='lat' dir='ltr'>Marcellino</span> <span class='ocrx_word' id='word_1_136' title='bbox 1305 1210 1327 1227; x_wconf 77' lang='lat' dir='ltr'>et</span> <span class='ocrx_word' id='word_1_137' title='bbox 1337 1206 1363 1227; x_wconf 87' lang='lat' dir='ltr'>L.</span> <span class='ocrx_word' id='word_1_138' title='bbox 1374 1205 1466 1227; x_wconf 71' lang='lat' dir='ltr'>Marcio</span> <span class='ocrx_word' id='word_1_139' title='bbox 1475 1204 1585 1233; x_wconf 73' lang='lat' dir='ltr'>Philippo</span> <span class='ocrx_word' id='word_1_140' title='bbox 1595 1210 1651 1225; x_wconf 80' lang='lat' dir='ltr'>ton.</span> 
     </span>
    </p>
   </div>
   <div class='ocr_carea' id='block_1_12' title="bbox 54 1317 1696 1545">
    <p class='ocr_par' dir='ltr' id='par_1_12' title="bbox 54 1317 1696 1545">
     <span class='ocr_line' id='line_1_22' title="bbox 108 1317 1696 1358; baseline 0.003 -18"><span class='ocrx_word' id='word_1_141' title='bbox 108 1319 126 1340; x_wconf 86' lang='grc' dir='ltr'>Α</span> <span class='ocrx_word' id='word_1_142' title='bbox 135 1319 187 1340; x_wconf 80' lang='lat' dir='ltr'>RG.</span> <span class='ocrx_word' id='word_1_143' title='bbox 207 1319 237 1341; x_wconf 82' lang='lat' dir='ltr'>M.</span> <span class='ocrx_word' id='word_1_144' title='bbox 253 1318 344 1341; x_wconf 75' lang='lat' dir='ltr'>Caelius</span> <span class='ocrx_word' id='word_1_145' title='bbox 359 1319 384 1340; x_wconf 88' lang='lat' dir='ltr'>C.</span> <span class='ocrx_word' id='word_1_146' title='bbox 399 1319 520 1341; x_wconf 78' lang='lat' dir='ltr'>Antonium</span> <span class='ocrx_word' id='word_1_147' title='bbox 531 1324 553 1342; x_wconf 82' lang='lat' dir='ltr'>et</span> <span class='ocrx_word' id='word_1_148' title='bbox 561 1320 688 1342; x_wconf 77' lang='lat' dir='ltr'>Atratinum</span> <span class='ocrx_word' id='word_1_149' title='bbox 700 1324 849 1342; x_wconf 73' lang='lat' dir='ltr'>acm-avent.</span> <span class='ocrx_word' id='word_1_150' title='bbox 900 1323 1050 1358; x_wconf 69' lang='lat' dir='ltr'>quidquam</span> <span class='ocrx_word' id='word_1_151' title='bbox 1066 1322 1222 1349; x_wconf 71' lang='lat' dir='ltr'>habiturum</span> <span class='ocrx_word' id='word_1_152' title='bbox 1233 1321 1292 1357; x_wconf 77' lang='lat' dir='ltr'>spei</span> <span class='ocrx_word' id='word_1_153' title='bbox 1303 1320 1396 1352; x_wconf 71' lang='lat' dir='ltr'>fuisse,</span> <span class='ocrx_word' id='word_1_154' title='bbox 1410 1320 1463 1347; x_wconf 80' lang='lat' dir='ltr'>nisi</span> <span class='ocrx_word' id='word_1_155' title='bbox 1474 1319 1589 1346; x_wconf 79' lang='lat' dir='ltr'>alicuius</span> <span class='ocrx_word' id='word_1_156' title='bbox 1600 1317 1696 1345; x_wconf 77' lang='lat' dir='ltr'>intole-</span> 
     </span>
     <span class='ocr_line' id='line_1_23' title="bbox 56 1353 1696 1391; baseline 0.004 -17"><span class='ocrx_word' id='word_1_157' title='bbox 56 1354 166 1380; x_wconf 69' lang='lat' dir='ltr'>Quucirca</span> <span class='ocrx_word' id='word_1_158' title='bbox 181 1361 194 1375; x_wconf 72' lang='lat' dir='ltr'>e</span> <span class='ocrx_word' id='word_1_159' title='bbox 211 1354 298 1380; x_wconf 70' lang='lat' dir='ltr'>Clodia.</span> <span class='ocrx_word' id='word_1_160' title='bbox 309 1353 401 1375; x_wconf 84' lang='lat' dir='ltr'>muliere</span> <span class='ocrx_word' id='word_1_161' title='bbox 411 1354 542 1381; x_wconf 76' lang='lat' dir='ltr'>libidinosa.</span> <span class='ocrx_word' id='word_1_162' title='bbox 553 1357 580 1377; x_wconf 86' lang='grc' dir='ltr'>Ρ.</span> <span class='ocrx_word' id='word_1_163' title='bbox 591 1355 666 1377; x_wconf 70' lang='lat' dir='ltr'>clodii</span> <span class='ocrx_word' id='word_1_164' title='bbox 675 1362 759 1382; x_wconf 70' lang='lat' dir='ltr'>sorore.</span> <span class='ocrx_word' id='word_1_165' title='bbox 769 1355 850 1384; x_wconf 80' lang='lat' dir='ltr'>impul·</span> <span class='ocrx_word' id='word_1_166' title='bbox 901 1360 978 1387; x_wconf 67' lang='lat' dir='ltr'>rabili</span> <span class='ocrx_word' id='word_1_167' title='bbox 990 1359 1102 1386; x_wconf 66' lang='lat' dir='ltr'>libidine</span> <span class='ocrx_word' id='word_1_168' title='bbox 1113 1364 1139 1387; x_wconf 68' lang='lat' dir='ltr'>et</span> <span class='ocrx_word' id='word_1_169' title='bbox 1150 1359 1230 1386; x_wconf 74' lang='lat' dir='ltr'>nimis</span> <span class='ocrx_word' id='word_1_170' title='bbox 1244 1358 1339 1385; x_wconf 73' lang='lat' dir='ltr'>acerbo</span> <span class='ocrx_word' id='word_1_171' title='bbox 1348 1358 1410 1385; x_wconf 86' lang='lat' dir='ltr'>odio</span> <span class='ocrx_word' id='word_1_172' title='bbox 1420 1357 1557 1383; x_wconf 77' lang='lat' dir='ltr'>niteretur.</span> <span class='ocrx_word' id='word_1_173' title='bbox 1583 1355 1636 1382; x_wconf 81' lang='lat' dir='ltr'>Sed</span> <span class='ocrx_word' id='word_1_174' title='bbox 1647 1363 1696 1391; x_wconf 81' lang='lat' dir='ltr'>ego</span> 
     </span>
     <span class='ocr_line' id='line_1_24' title="bbox 55 1389 1696 1431; baseline 0.004 -21"><span class='ocrx_word' id='word_1_175' title='bbox 55 1397 93 1411; x_wconf 80' lang='lat' dir='ltr'>sus</span> <span class='ocrx_word' id='word_1_176' title='bbox 104 1389 221 1410; x_wconf 71' lang='lat' dir='ltr'>Atratinus</span> <span class='ocrx_word' id='word_1_177' title='bbox 230 1389 299 1415; x_wconf 75' lang='lat' dir='ltr'>filius.</span> <span class='ocrx_word' id='word_1_178' title='bbox 312 1389 410 1411; x_wconf 78' lang='lat' dir='ltr'>caelium</span> <span class='ocrx_word' id='word_1_179' title='bbox 422 1391 468 1418; x_wconf 73' lang='lat' dir='ltr'>Iege</span> <span class='ocrx_word' id='word_1_180' title='bbox 477 1391 575 1412; x_wconf 70' lang='lat' dir='ltr'>Latmia</span> <span class='ocrx_word' id='word_1_181' title='bbox 584 1392 610 1412; x_wconf 74' lang='lat' dir='ltr'>de</span> <span class='ocrx_word' id='word_1_182' title='bbox 620 1391 644 1412; x_wconf 76' lang='grc' dir='ltr'>ω’</span> <span class='ocrx_word' id='word_1_183' title='bbox 650 1398 710 1412; x_wconf 85' lang='lat' dir='ltr'>reum</span> <span class='ocrx_word' id='word_1_184' title='bbox 721 1390 782 1417; x_wconf 79' lang='lat' dir='ltr'>feeit,</span> <span class='ocrx_word' id='word_1_185' title='bbox 793 1391 850 1418; x_wconf 76' lang='lat' dir='ltr'>quod</span> <span class='ocrx_word' id='word_1_186' title='bbox 901 1398 1020 1425; x_wconf 58' lang='lat' dir='ltr'>Atratino</span> <span class='ocrx_word' id='word_1_187' title='bbox 1047 1397 1243 1424; x_wconf 63' lang='lat' dir='ltr'>humanissimo</span> <span class='ocrx_word' id='word_1_188' title='bbox 1253 1401 1332 1431; x_wconf 63' lang='lat' dir='ltr'>atque</span> <span class='ocrx_word' id='word_1_189' title='bbox 1343 1395 1444 1430; x_wconf 65' lang='lat' dir='ltr'>optimo</span> <span class='ocrx_word' id='word_1_190' title='bbox 1454 1393 1624 1424; x_wconf 71' lang='lat' dir='ltr'>adolescenti,</span> <span class='ocrx_word' id='word_1_191' title='bbox 1636 1401 1696 1419; x_wconf 86' lang='lat' dir='ltr'>meo</span> 
     </span>
     <span class='ocr_line' id='line_1_25' title="bbox 55 1418 1696 1471; baseline 0.005 -27"><span class='ocrx_word' id='word_1_192' title='bbox 55 1431 68 1445; x_wconf 71' lang='lat' dir='ltr'>a</span> <span class='ocrx_word' id='word_1_193' title='bbox 78 1424 157 1464; x_wconf 37' lang='lat' dir='ltr'>*clodia</span> <span class='ocrx_word' id='word_1_194' title='bbox 167 1431 242 1445; x_wconf 84' lang='lat' dir='ltr'>aurum</span> <span class='ocrx_word' id='word_1_195' title='bbox 254 1431 281 1445; x_wconf 83' lang='lat' dir='ltr'>ex</span> <span class='ocrx_word' id='word_1_196' title='bbox 292 1424 386 1446; x_wconf 76' lang='lat' dir='ltr'>armario</span> <span class='ocrx_word' id='word_1_197' title='bbox 396 1429 492 1446; x_wconf 84' lang='lat' dir='ltr'>mutuum</span> <span class='ocrx_word' id='word_1_198' title='bbox 504 1425 644 1453; x_wconf 71' lang='lat' dir='ltr'>sumpsi-set.</span> <span class='ocrx_word' id='word_1_199' title='bbox 656 1433 698 1453; x_wconf 86' lang='lat' dir='ltr'>quo</span> <span class='ocrx_word' id='word_1_200' title='bbox 709 1433 784 1447; x_wconf 71' lang='lat' dir='ltr'>servm</span> <span class='ocrx_word' id='word_1_201' title='bbox 795 1427 850 1448; x_wconf 82' lang='lat' dir='ltr'>Luc·</span> <span class='ocrx_word' id='word_1_202' title='bbox 902 1418 1051 1462; x_wconf 65' lang='lat' dir='ltr'>necessar’io</span> <span class='ocrx_word' id='word_1_203' title='bbox 1072 1435 1182 1471; x_wconf 67' lang='lat' dir='ltr'><strong>ignosco</strong></span> <span class='ocrx_word' id='word_1_204' title='bbox 1203 1434 1250 1469; x_wconf 70' lang='lat' dir='ltr'>qui</span> <span class='ocrx_word' id='word_1_205' title='bbox 1263 1434 1343 1460; x_wconf 56' lang='lat' dir='ltr'>habet</span> <span class='ocrx_word' id='word_1_206' title='bbox 1353 1432 1551 1459; x_wconf 62' lang='lat' dir='ltr'>excusationem</span> <span class='ocrx_word' id='word_1_207' title='bbox 1563 1430 1696 1465; x_wconf 70' lang='lat' dir='ltr'>velpieta-</span> 
     </span>
     <span class='ocr_line' id='line_1_26' title="bbox 54 1454 1684 1499; baseline 0.004 -19"><span class='ocrx_word' id='word_1_208' title='bbox 54 1466 99 1480; x_wconf 79' lang='lat' dir='ltr'>cen</span> <span class='ocrx_word' id='word_1_209' title='bbox 114 1460 140 1480; x_wconf 79' lang='lat' dir='ltr'>ad</span> <span class='ocrx_word' id='word_1_210' title='bbox 155 1460 241 1481; x_wconf 78' lang='lat' dir='ltr'>caedem</span> <span class='ocrx_word' id='word_1_211' title='bbox 253 1459 333 1481; x_wconf 82' lang='lat' dir='ltr'>Dionis</span> <span class='ocrx_word' id='word_1_212' title='bbox 344 1460 412 1486; x_wconf 70' lang='lat' dir='ltr'>legati</span> <span class='ocrx_word' id='word_1_213' title='bbox 423 1460 624 1482; x_wconf 77' lang='lat' dir='ltr'>Alexandrinorum</span> <span class='ocrx_word' id='word_1_214' title='bbox 634 1461 773 1488; x_wconf 75' lang='lat' dir='ltr'>impelleret3</span> <span class='ocrx_word' id='word_1_215' title='bbox 788 1461 850 1482; x_wconf 75' lang='lat' dir='ltr'>ilein-</span> <span class='ocrx_word' id='word_1_216' title='bbox 902 1473 936 1499; x_wconf 56' lang='lat' dir='ltr'>tis</span> <span class='ocrx_word' id='word_1_217' title='bbox 956 1472 999 1499; x_wconf 66' lang='lat' dir='ltr'>vel</span> <span class='ocrx_word' id='word_1_218' title='bbox 1015 1454 1190 1498; x_wconf 49' lang='lat' dir='ltr'><strong>negessitatis’</strong></span> <span class='ocrx_word' id='word_1_219' title='bbox 1202 1471 1245 1497; x_wconf 65' lang='lat' dir='ltr'>vel</span> <span class='ocrx_word' id='word_1_220' title='bbox 1265 1471 1358 1497; x_wconf 56' lang='lat' dir='ltr'>aetatis</span> <span class='ocrx_word' id='word_1_221' title='bbox 1409 1469 1439 1496; x_wconf 73' lang='lat' dir='ltr'>Si</span> <span class='ocrx_word' id='word_1_222' title='bbox 1458 1468 1544 1495; x_wconf 64' lang='lat' dir='ltr'>voluit</span> <span class='ocrx_word' id='word_1_223' title='bbox 1558 1475 1684 1494; x_wconf 61' lang='lat' dir='ltr'>accusgre</span> 
     </span>
     <span class='ocr_line' id='line_1_27' title="bbox 55 1487 1696 1545; baseline 0.004 -30"><span class='ocrx_word' id='word_1_224' title='bbox 55 1495 89 1520; x_wconf 76' lang='lat' dir='ltr'>ile.</span> <span class='ocrx_word' id='word_1_225' title='bbox 105 1495 169 1522; x_wconf 77' lang='lat' dir='ltr'>quod,</span> <span class='ocrx_word' id='word_1_226' title='bbox 185 1502 248 1522; x_wconf 87' lang='lat' dir='ltr'>quum</span> <span class='ocrx_word' id='word_1_227' title='bbox 260 1494 340 1516; x_wconf 67' lang='lat' dir='ltr'>clodia</span> <span class='ocrx_word' id='word_1_228' title='bbox 354 1502 429 1516; x_wconf 79' lang='lat' dir='ltr'>aurum</span> <span class='ocrx_word' id='word_1_229' title='bbox 439 1495 575 1524; x_wconf 73' lang='lat' dir='ltr'>repetiisset,</span> <span class='ocrx_word' id='word_1_230' title='bbox 586 1499 608 1518; x_wconf 86' lang='lat' dir='ltr'>et</span> <span class='ocrx_word' id='word_1_231' title='bbox 617 1496 666 1524; x_wconf 66' lang='lat' dir='ltr'>ipse</span> <span class='ocrx_word' id='word_1_232' title='bbox 677 1495 734 1517; x_wconf 69' lang='lat' dir='ltr'>alio·</span> <span class='ocrx_word' id='word_1_233' title='bbox 746 1495 794 1517; x_wconf 79' lang='lat' dir='ltr'>eiua</span> <span class='ocrx_word' id='word_1_234' title='bbox 804 1503 850 1517; x_wconf 72' lang='lat' dir='ltr'>eer-</span> <span class='ocrx_word' id='word_1_235' title='bbox 902 1510 993 1545; x_wconf 53' lang='lat' dir='ltr'>pietati</span> <span class='ocrx_word' id='word_1_236' title='bbox 1013 1509 1114 1537; x_wconf 51' lang='lat' dir='ltr'>ustum,</span> <span class='ocrx_word' id='word_1_237' title='bbox 1136 1509 1159 1535; x_wconf 70' lang='lat' dir='ltr'>si</span> <span class='ocrx_word' id='word_1_238' title='bbox 1174 1509 1267 1535; x_wconf 70' lang='lat' dir='ltr'>iussus</span> <span class='ocrx_word' id='word_1_239' title='bbox 1283 1512 1323 1534; x_wconf 66' lang='lat' dir='ltr'>est</span> <span class='ocrx_word' id='word_1_240' title='bbox 1353 1490 1518 1533; x_wconf 65' lang='lat' dir='ltr'>[iecessstati&#39;</span> <span class='ocrx_word' id='word_1_241' title='bbox 1541 1506 1563 1531; x_wconf 60' lang='lat' dir='ltr'>&lt;i</span> <span class='ocrx_word' id='word_1_242' title='bbox 1578 1487 1696 1540; x_wconf 51' lang='lat' dir='ltr'>spel-avi}</span> 
     </span>
    </p>

    <p class='ocr_par' dir='ltr' id='par_1_13' title="bbox 1108 1526 1549 1542">
     <span class='ocr_line' id='line_1_28' title="bbox 1108 1526 1549 1542; baseline 0.005 0"><span class='ocrx_word' id='word_1_243' title='bbox 1108 1529 1114 1542; x_wconf 75' lang='lat'>⁷</span> <span class='ocrx_word' id='word_1_244' title='bbox 1330 1527 1336 1539; x_wconf 77' lang='lat'>²</span> <span class='ocrx_word' id='word_1_245' title='bbox 1513 1527 1518 1535; x_wconf 64' lang='lat'>¹</span> <span class='ocrx_word' id='word_1_246' title='bbox 1541 1526 1549 1531; x_wconf 63' lang='grc'><strong>“</strong></span> 
     </span>
    </p>
   </div>
   <div class='ocr_carea' id='block_1_13' title="bbox 55 1529 1697 1614">
    <p class='ocr_par' dir='ltr' id='par_1_14' title="bbox 55 1529 1697 1614">
     <span class='ocr_line' id='line_1_29' title="bbox 55 1529 1561 1557; baseline 0.001 -7"><span class='ocrx_word' id='word_1_247' title='bbox 55 1536 95 1551; x_wconf 67' lang='lat' dir='ltr'>vus</span> <span class='ocrx_word' id='word_1_248' title='bbox 110 1530 137 1550; x_wconf 77' lang='lat' dir='ltr'>ad</span> <span class='ocrx_word' id='word_1_249' title='bbox 151 1529 260 1551; x_wconf 75' lang='lat' dir='ltr'>«luminum</span> <span class='ocrx_word' id='word_1_250' title='bbox 275 1537 359 1552; x_wconf 80' lang='lat' dir='ltr'>veneno</span> <span class='ocrx_word' id='word_1_251' title='bbox 371 1530 490 1552; x_wconf 77' lang='lat' dir='ltr'>tollendam</span> <span class='ocrx_word' id='word_1_252' title='bbox 501 1531 656 1557; x_wconf 71' lang='lat' dir='ltr'>sollicitasset.</span> <span class='ocrx_word' id='word_1_253' title='bbox 668 1534 689 1552; x_wconf 83' lang='lat' dir='ltr'>et</span> <span class='ocrx_word' id='word_1_254' title='bbox 699 1531 801 1553; x_wconf 75' lang='lat' dir='ltr'>Licinius</span> <span class='ocrx_word' id='word_1_255' title='bbox 811 1530 850 1552; x_wconf 86' lang='lat' dir='ltr'>uni</span> <span class='ocrx_word' id='word_1_256' title='bbox 930 1548 934 1553; x_wconf 92' lang='lat'>.</span> <span class='ocrx_word' id='word_1_257' title='bbox 979 1547 984 1552; x_wconf 88' lang='lat'>.</span> <span class='ocrx_word' id='word_1_258' title='bbox 1100 1547 1105 1552; x_wconf 90' lang='lat'>.</span> <span class='ocrx_word' id='word_1_259' title='bbox 1121 1547 1126 1552; x_wconf 87' lang='lat'>.</span> <span class='ocrx_word' id='word_1_260' title='bbox 1289 1546 1294 1550; x_wconf 91' lang='lat'>.</span> <span class='ocrx_word' id='word_1_261' title='bbox 1497 1544 1501 1548; x_wconf 86' lang='lat'><em>-</em></span> <span class='ocrx_word' id='word_1_262' title='bbox 1527 1543 1531 1548; x_wconf 85' lang='lat'><em>-</em></span> <span class='ocrx_word' id='word_1_263' title='bbox 1557 1543 1561 1548; x_wconf 85' lang='lat'><em>-</em></span> 
     </span>
     <span class='ocr_line' id='line_1_30' title="bbox 56 1542 1697 1594; baseline -0.007 -14"><span class='ocrx_word' id='word_1_264' title='bbox 56 1571 130 1586; x_wconf 81' lang='lat' dir='ltr'>eurum</span> <span class='ocrx_word' id='word_1_265' title='bbox 141 1571 247 1586; x_wconf 80' lang='lat' dir='ltr'>venenum</span> <span class='ocrx_word' id='word_1_266' title='bbox 258 1565 396 1586; x_wconf 35' lang='lat' dir='ltr'>...adminst-</span> <span class='ocrx_word' id='word_1_267' title='bbox 416 1566 441 1587; x_wconf 83' lang='lat' dir='ltr'>ln</span> <span class='ocrx_word' id='word_1_268' title='bbox 451 1570 545 1594; x_wconf 78' lang='lat' dir='ltr'>utruque</span> <span class='ocrx_word' id='word_1_269' title='bbox 554 1566 646 1588; x_wconf 73' lang='lat' dir='ltr'>crimine</span> <span class='ocrx_word' id='word_1_270' title='bbox 655 1565 761 1587; x_wconf 54' lang='lat' dir='ltr'>diluenti«,</span> <span class='ocrx_word' id='word_1_271' title='bbox 772 1566 850 1587; x_wconf 78' lang='lat' dir='ltr'>Cicero</span> <span class='ocrx_word' id='word_1_272' title='bbox 902 1546 1014 1582; x_wconf 78' lang='lat' dir='ltr'>aliquid,</span> <span class='ocrx_word' id='word_1_273' title='bbox 1031 1551 1169 1589; x_wconf 77' lang='lat' dir='ltr'>pueritiae.</span> <span class='ocrx_word' id='word_1_274' title='bbox 1186 1584 1191 1589; x_wconf 30' lang='grc' dir='ltr'>ι</span> <span class='ocrx_word' id='word_1_275' title='bbox 1210 1546 1310 1572; x_wconf 80' lang='lat' dir='ltr'>Ceteris</span> <span class='ocrx_word' id='word_1_276' title='bbox 1322 1553 1374 1588; x_wconf 73' lang='lat' dir='ltr'>non</span> <span class='ocrx_word' id='word_1_277' title='bbox 1387 1543 1465 1570; x_wconf 91' lang='lat' dir='ltr'>modo</span> <span class='ocrx_word' id='word_1_278' title='bbox 1477 1542 1543 1569; x_wconf 79' lang='lat' dir='ltr'>nihi!</span> <span class='ocrx_word' id='word_1_279' title='bbox 1554 1550 1697 1578; x_wconf 77' lang='lat' dir='ltr'>ignoscen-</span> 
     </span>
     <span class='ocr_line' id='line_1_31' title="bbox 901 1581 1484 1614; baseline -0.007 -3"><span class='ocrx_word' id='word_1_280' title='bbox 901 1585 976 1614; x_wconf 86' lang='lat' dir='ltr'>dum.</span> <span class='ocrx_word' id='word_1_281' title='bbox 990 1584 1038 1611; x_wconf 87' lang='lat' dir='ltr'>sed</span> <span class='ocrx_word' id='word_1_282' title='bbox 1049 1589 1127 1610; x_wconf 82' lang='lat' dir='ltr'>etiam</span> <span class='ocrx_word' id='word_1_283' title='bbox 1140 1587 1235 1610; x_wconf 80' lang='lat' dir='ltr'>acriter</span> <span class='ocrx_word' id='word_1_284' title='bbox 1244 1587 1284 1609; x_wconf 87' lang='lat' dir='ltr'>est</span> <span class='ocrx_word' id='word_1_285' title='bbox 1294 1581 1484 1609; x_wconf 71' lang='lat' dir='ltr'>resustendum.</span> 
     </span>
    </p>
   </div>
   <div class='ocr_carea' id='block_1_14' title="bbox 55 1599 1697 1663">
    <p class='ocr_par' dir='ltr' id='par_1_15' title="bbox 55 1599 1697 1663">
     <span class='ocr_line' id='line_1_32' title="bbox 55 1599 1681 1628; baseline 0.005 -8"><span class='ocrx_word' id='word_1_286' title='bbox 55 1599 88 1620; x_wconf 82' lang='lat' dir='ltr'>ita</span> <span class='ocrx_word' id='word_1_287' title='bbox 106 1603 214 1625; x_wconf 77' lang='lat' dir='ltr'>versatur.</span> <span class='ocrx_word' id='word_1_288' title='bbox 229 1603 254 1621; x_wconf 85' lang='lat' dir='ltr'>ut</span> <span class='ocrx_word' id='word_1_289' title='bbox 267 1607 337 1628; x_wconf 82' lang='lat' dir='ltr'>neque</span> <span class='ocrx_word' id='word_1_290' title='bbox 351 1607 416 1628; x_wconf 76' lang='lat' dir='ltr'>posue</span> <span class='ocrx_word' id='word_1_291' title='bbox 430 1607 521 1623; x_wconf 76' lang='lat' dir='ltr'>caussas</span> <span class='ocrx_word' id='word_1_292' title='bbox 531 1601 615 1627; x_wconf 79' lang='lat' dir='ltr'>afferri.</span> <span class='ocrx_word' id='word_1_293' title='bbox 631 1601 711 1628; x_wconf 74' lang='lat' dir='ltr'>qulbu-</span> <span class='ocrx_word' id='word_1_294' title='bbox 722 1600 813 1622; x_wconf 78' lang='lat' dir='ltr'>Caeliu·</span> <span class='ocrx_word' id='word_1_295' title='bbox 823 1601 850 1621; x_wconf 73' lang='lat' dir='ltr'>ad</span> <span class='ocrx_word' id='word_1_296' title='bbox 1125 1622 1130 1626; x_wconf 92' lang='lat'>.</span> <span class='ocrx_word' id='word_1_297' title='bbox 1156 1621 1160 1626; x_wconf 93' lang='lat'>.</span> <span class='ocrx_word' id='word_1_298' title='bbox 1214 1621 1218 1626; x_wconf 90' lang='lat'>.</span> <span class='ocrx_word' id='word_1_299' title='bbox 1315 1620 1320 1625; x_wconf 89' lang='lat'><em>-</em></span> <span class='ocrx_word' id='word_1_300' title='bbox 1425 1619 1430 1623; x_wconf 91' lang='lat'><em>-</em></span> <span class='ocrx_word' id='word_1_301' title='bbox 1474 1618 1478 1623; x_wconf 87' lang='lat'><strong>·</strong></span> <span class='ocrx_word' id='word_1_302' title='bbox 1570 1616 1575 1621; x_wconf 89' lang='lat'>·</span> <span class='ocrx_word' id='word_1_303' title='bbox 1605 1616 1609 1621; x_wconf 83' lang='lat'><em>-</em></span> <span class='ocrx_word' id='word_1_304' title='bbox 1676 1616 1681 1620; x_wconf 92' lang='lat'>·</span> 
     </span>
     <span class='ocr_line' id='line_1_33' title="bbox 56 1616 1697 1663; baseline -0.004 -8"><span class='ocrx_word' id='word_1_305' title='bbox 56 1634 97 1656; x_wconf 84' lang='lat' dir='ltr'>linc</span> <span class='ocrx_word' id='word_1_306' title='bbox 112 1634 199 1656; x_wconf 71' lang='lat' dir='ltr'>fucinus</span> <span class='ocrx_word' id='word_1_307' title='bbox 213 1634 317 1656; x_wconf 72' lang='lat' dir='ltr'>inductus</span> <span class='ocrx_word' id='word_1_308' title='bbox 332 1635 369 1660; x_wconf 79' lang='lat' dir='ltr'>ait.</span> <span class='ocrx_word' id='word_1_309' title='bbox 385 1642 456 1663; x_wconf 88' lang='lat' dir='ltr'>neque</span> <span class='ocrx_word' id='word_1_310' title='bbox 469 1642 505 1656; x_wconf 78' lang='lat' dir='ltr'>res</span> <span class='ocrx_word' id='word_1_311' title='bbox 515 1635 584 1663; x_wconf 77' lang='lat' dir='ltr'>ipras.</span> <span class='ocrx_word' id='word_1_312' title='bbox 596 1635 676 1663; x_wconf 78' lang='lat' dir='ltr'>quibu·</span> <span class='ocrx_word' id='word_1_313' title='bbox 686 1635 769 1657; x_wconf 77' lang='lat' dir='ltr'>crimen</span> <span class='ocrx_word' id='word_1_314' title='bbox 779 1635 850 1657; x_wconf 79' lang='lat' dir='ltr'>eonti—</span> <span class='ocrx_word' id='word_1_315' title='bbox 956 1622 987 1648; x_wconf 75' lang='grc' dir='ltr'>Π·</span> <span class='ocrx_word' id='word_1_316' title='bbox 1005 1623 1030 1648; x_wconf 83' lang='grc'>3·</span> <span class='ocrx_word' id='word_1_317' title='bbox 1047 1621 1084 1648; x_wconf 65' lang='grc' dir='ltr'>ΑΟ</span> <span class='ocrx_word' id='word_1_318' title='bbox 1095 1621 1160 1647; x_wconf 78' lang='lat' dir='ltr'>m¹h¹</span> <span class='ocrx_word' id='word_1_319' title='bbox 1173 1620 1284 1656; x_wconf 69' lang='lat' dir='ltr'>qmdem</span> <span class='ocrx_word' id='word_1_320' title='bbox 1295 1619 1410 1650; x_wconf 69' lang='lat' dir='ltr'>Videtur,</span> <span class='ocrx_word' id='word_1_321' title='bbox 1424 1618 1535 1647; x_wconf 72' lang='lat' dir='ltr'>ludices.</span> <span class='ocrx_word' id='word_1_322' title='bbox 1549 1616 1592 1642; x_wconf 84' lang='lat' dir='ltr'>hle</span> <span class='ocrx_word' id='word_1_323' title='bbox 1603 1621 1697 1642; x_wconf 60' lang='lat' dir='ltr'><strong>mum·</strong></span> 
     </span>
    </p>
   </div>
   <div class='ocr_carea' id='block_1_15' title="bbox 55 1654 1698 2741">
    <p class='ocr_par' dir='ltr' id='par_1_16' title="bbox 56 1654 1698 1844">
     <span class='ocr_line' id='line_1_34' title="bbox 56 1654 1696 1698; baseline -0.003 -8"><span class='ocrx_word' id='word_1_324' title='bbox 56 1673 141 1694; x_wconf 72' lang='lat' dir='ltr'>nentur.</span> <span class='ocrx_word' id='word_1_325' title='bbox 156 1669 216 1690; x_wconf 82' lang='lat' dir='ltr'>inter</span> <span class='ocrx_word' id='word_1_326' title='bbox 229 1676 253 1691; x_wconf 78' lang='lat' dir='ltr'>ae</span> <span class='ocrx_word' id='word_1_327' title='bbox 263 1672 342 1691; x_wconf 76' lang='lat' dir='ltr'>etcum</span> <span class='ocrx_word' id='word_1_328' title='bbox 351 1669 470 1698; x_wconf 74' lang='lat' dir='ltr'>principiis</span> <span class='ocrx_word' id='word_1_329' title='bbox 479 1671 606 1692; x_wconf 79' lang='lat' dir='ltr'>consentire</span> <span class='ocrx_word' id='word_1_330' title='bbox 616 1671 725 1692; x_wconf 76' lang='lat' dir='ltr'>ostendat.</span> <span class='ocrx_word' id='word_1_331' title='bbox 753 1671 786 1692; x_wconf 84' lang='grc' dir='ltr'>Λι·</span> <span class='ocrx_word' id='word_1_332' title='bbox 796 1678 849 1698; x_wconf 79' lang='lat' dir='ltr'>qun·</span> <span class='ocrx_word' id='word_1_333' title='bbox 902 1663 946 1686; x_wconf 66' lang='lat' dir='ltr'>tus</span> <span class='ocrx_word' id='word_1_334' title='bbox 961 1658 1126 1685; x_wconf 70' lang='lat' dir='ltr'>defenSioniS</span> <span class='ocrx_word' id='word_1_335' title='bbox 1144 1657 1337 1684; x_wconf 67' lang='lat' dir='ltr'>adOlescentiae</span> <span class='ocrx_word' id='word_1_336' title='bbox 1351 1657 1387 1682; x_wconf 80' lang='lat' dir='ltr'>M·</span> <span class='ocrx_word' id='word_1_337' title='bbox 1404 1655 1485 1682; x_wconf 70' lang='lat' dir='ltr'>Cflelli</span> <span class='ocrx_word' id='word_1_338' title='bbox 1502 1654 1619 1695; x_wconf 59' lang='lat' dir='ltr'>maxime</span> <span class='ocrx_word' id='word_1_339' title='bbox 1633 1661 1696 1694; x_wconf 59' lang='grc' dir='ltr'>0ᾳῦ-</span> 
     </span>
     <span class='ocr_line' id='line_1_35' title="bbox 56 1690 1696 1733; baseline -0.004 -8"><span class='ocrx_word' id='word_1_340' title='bbox 56 1704 114 1726; x_wconf 71' lang='lat' dir='ltr'>nnm</span> <span class='ocrx_word' id='word_1_341' title='bbox 133 1704 202 1725; x_wconf 76' lang='lat' dir='ltr'>multa</span> <span class='ocrx_word' id='word_1_342' title='bbox 215 1705 239 1725; x_wconf 77' lang='lat' dir='ltr'>in</span> <span class='ocrx_word' id='word_1_343' title='bbox 253 1704 321 1726; x_wconf 74' lang='lat' dir='ltr'>vitam</span> <span class='ocrx_word' id='word_1_344' title='bbox 337 1705 410 1726; x_wconf 66' lang='lat' dir='ltr'>eueni</span> <span class='ocrx_word' id='word_1_345' title='bbox 424 1705 484 1727; x_wconf 75' lang='lat' dir='ltr'>dicta</span> <span class='ocrx_word' id='word_1_346' title='bbox 493 1709 556 1726; x_wconf 75' lang='lat' dir='ltr'>erant</span> <span class='ocrx_word' id='word_1_347' title='bbox 565 1707 593 1727; x_wconf 68' lang='lat' dir='ltr'>ai,</span> <span class='ocrx_word' id='word_1_348' title='bbox 603 1709 739 1731; x_wconf 57' lang='lat' dir='ltr'>umnam,</span> <span class='ocrx_word' id='word_1_349' title='bbox 750 1705 785 1727; x_wconf 74' lang='lat' dir='ltr'>m.</span> <span class='ocrx_word' id='word_1_350' title='bbox 796 1713 850 1733; x_wconf 76' lang='lat' dir='ltr'>quo.</span> <span class='ocrx_word' id='word_1_351' title='bbox 902 1697 1002 1728; x_wconf 84' lang='lat' dir='ltr'>venire,</span> <span class='ocrx_word' id='word_1_352' title='bbox 1019 1701 1050 1723; x_wconf 83' lang='lat' dir='ltr'>ut</span> <span class='ocrx_word' id='word_1_353' title='bbox 1059 1695 1093 1723; x_wconf 79' lang='lat' dir='ltr'>ad</span> <span class='ocrx_word' id='word_1_354' title='bbox 1103 1704 1142 1727; x_wconf 81' lang='lat' dir='ltr'>ea,</span> <span class='ocrx_word' id='word_1_355' title='bbox 1164 1703 1234 1730; x_wconf 82' lang='lat' dir='ltr'>quac</span> <span class='ocrx_word' id='word_1_356' title='bbox 1245 1698 1418 1725; x_wconf 77' lang='lat' dir='ltr'>accusatores,</span> <span class='ocrx_word' id='word_1_357' title='bbox 1436 1691 1603 1719; x_wconf 78' lang='lat' dir='ltr'>deformandi</span> <span class='ocrx_word' id='word_1_358' title='bbox 1614 1690 1696 1716; x_wconf 80' lang='lat' dir='ltr'>huius</span> 
     </span>
     <span class='ocr_line' id='line_1_36' title="bbox 57 1728 1694 1769; baseline -0.004 -9"><span class='ocrx_word' id='word_1_359' title='bbox 57 1746 98 1766; x_wconf 83' lang='lat' dir='ltr'>que</span> <span class='ocrx_word' id='word_1_360' title='bbox 108 1739 186 1761; x_wconf 81' lang='lat' dir='ltr'>Cicero</span> <span class='ocrx_word' id='word_1_361' title='bbox 197 1741 323 1768; x_wconf 74' lang='lat' dir='ltr'>respondet,</span> <span class='ocrx_word' id='word_1_362' title='bbox 330 1743 352 1761; x_wconf 84' lang='lat' dir='ltr'>et</span> <span class='ocrx_word' id='word_1_363' title='bbox 361 1740 455 1762; x_wconf 79' lang='lat' dir='ltr'>crimina</span> <span class='ocrx_word' id='word_1_364' title='bbox 465 1741 544 1768; x_wconf 80' lang='lat' dir='ltr'>partim</span> <span class='ocrx_word' id='word_1_365' title='bbox 554 1741 647 1766; x_wconf 79' lang='lat' dir='ltr'>refellit.</span> <span class='ocrx_word' id='word_1_366' title='bbox 658 1741 739 1769; x_wconf 81' lang='lat' dir='ltr'>partim</span> <span class='ocrx_word' id='word_1_367' title='bbox 750 1743 849 1765; x_wconf 74' lang='lat' dir='ltr'>exeunt.</span> <span class='ocrx_word' id='word_1_368' title='bbox 901 1742 1009 1765; x_wconf 69' lang='lat' dir='ltr'>caussa,</span> <span class='ocrx_word' id='word_1_369' title='bbox 1026 1732 1205 1761; x_wconf 62' lang='lat' dir='ltr'>detrahendae</span> <span class='ocrx_word' id='word_1_370' title='bbox 1223 1731 1433 1767; x_wconf 75' lang='lat' dir='ltr'>sp0ll8ndaeque</span> <span class='ocrx_word' id='word_1_371' title='bbox 1447 1729 1586 1765; x_wconf 70' lang='lat' dir='ltr'>dignimtls</span> <span class='ocrx_word' id='word_1_372' title='bbox 1601 1728 1694 1763; x_wconf 61' lang='lat' dir='ltr'>guilla,</span> 
     </span>
     <span class='ocr_line' id='line_1_37' title="bbox 57 1767 1698 1806; baseline -0.004 -10"><span class='ocrx_word' id='word_1_373' title='bbox 57 1778 79 1796; x_wconf 88' lang='lat' dir='ltr'>et</span> <span class='ocrx_word' id='word_1_374' title='bbox 88 1774 172 1803; x_wconf 73' lang='lat' dir='ltr'>optima</span> <span class='ocrx_word' id='word_1_375' title='bbox 181 1781 279 1803; x_wconf 68' lang='lat' dir='ltr'>quaeque</span> <span class='ocrx_word' id='word_1_376' title='bbox 288 1775 312 1797; x_wconf 83' lang='lat' dir='ltr'>in</span> <span class='ocrx_word' id='word_1_377' title='bbox 322 1779 433 1804; x_wconf 69' lang='lat' dir='ltr'>posterum</span> <span class='ocrx_word' id='word_1_378' title='bbox 444 1775 634 1798; x_wconf 68' lang='lat' dir='ltr'>iudices-Caelio</span> <span class='ocrx_word' id='word_1_379' title='bbox 641 1778 771 1804; x_wconf 74' lang='lat' dir='ltr'>exspectare</span> <span class='ocrx_word' id='word_1_380' title='bbox 780 1775 849 1797; x_wconf 78' lang='lat' dir='ltr'>iubet.</span> <span class='ocrx_word' id='word_1_381' title='bbox 900 1771 1041 1802; x_wconf 85' lang='lat' dir='ltr'>dixerunt,</span> <span class='ocrx_word' id='word_1_382' title='bbox 1062 1771 1180 1806; x_wconf 79' lang='lat' dir='ltr'>primum</span> <span class='ocrx_word' id='word_1_383' title='bbox 1201 1769 1386 1805; x_wconf 77' lang='lat' dir='ltr'>respondeam.</span> <span class='ocrx_word' id='word_1_384' title='bbox 1426 1767 1552 1794; x_wconf 73' lang='lat' dir='ltr'>Obiectus</span> <span class='ocrx_word' id='word_1_385' title='bbox 1568 1770 1608 1792; x_wconf 71' lang='lat'>082</span> <span class='ocrx_word' id='word_1_386' title='bbox 1624 1769 1698 1799; x_wconf 66' lang='lat' dir='ltr'>pater</span> 
     </span>
     <span class='ocr_line' id='line_1_38' title="bbox 902 1803 1697 1844; baseline -0.01 -8"><span class='ocrx_word' id='word_1_387' title='bbox 902 1809 982 1840; x_wconf 83' lang='lat' dir='ltr'>varie,</span> <span class='ocrx_word' id='word_1_388' title='bbox 1004 1808 1078 1844; x_wconf 88' lang='lat' dir='ltr'>quod</span> <span class='ocrx_word' id='word_1_389' title='bbox 1087 1812 1134 1835; x_wconf 82' lang='lat' dir='ltr'>aut</span> <span class='ocrx_word' id='word_1_390' title='bbox 1144 1815 1238 1842; x_wconf 87' lang='lat' dir='ltr'>parum</span> <span class='ocrx_word' id='word_1_391' title='bbox 1249 1805 1409 1842; x_wconf 87' lang='lat' dir='ltr'>splendidus</span> <span class='ocrx_word' id='word_1_392' title='bbox 1420 1806 1478 1840; x_wconf 85' lang='lat' dir='ltr'>ipse</span> <span class='ocrx_word' id='word_1_393' title='bbox 1489 1808 1534 1831; x_wconf 87' lang='lat' dir='ltr'>aut</span> <span class='ocrx_word' id='word_1_394' title='bbox 1548 1811 1642 1838; x_wconf 83' lang='lat' dir='ltr'>parum</span> <span class='ocrx_word' id='word_1_395' title='bbox 1654 1803 1697 1837; x_wconf 83' lang='lat' dir='ltr'>pie</span> 
     </span>
    </p>

    <p class='ocr_par' dir='ltr' id='par_1_17' title="bbox 55 1840 1698 2741">
     <span class='ocr_line' id='line_1_39' title="bbox 112 1840 1698 1884; baseline -0.004 -12"><span class='ocrx_word' id='word_1_396' title='bbox 112 1846 132 1873; x_wconf 91' lang='lat'>1.</span> <span class='ocrx_word' id='word_1_397' title='bbox 146 1848 172 1872; x_wconf 78' lang='lat' dir='ltr'>l.</span> <span class='ocrx_word' id='word_1_398' title='bbox 186 1842 220 1873; x_wconf 83' lang='lat' dir='ltr'>Si</span> <span class='ocrx_word' id='word_1_399' title='bbox 230 1847 302 1881; x_wconf 83' lang='lat' dir='ltr'>quis.</span> <span class='ocrx_word' id='word_1_400' title='bbox 315 1846 427 1878; x_wconf 82' lang='lat' dir='ltr'>iudices,</span> <span class='ocrx_word' id='word_1_401' title='bbox 441 1847 507 1874; x_wconf 87' lang='lat' dir='ltr'>sorte</span> <span class='ocrx_word' id='word_1_402' title='bbox 518 1855 590 1874; x_wconf 90' lang='lat' dir='ltr'>nunc</span> <span class='ocrx_word' id='word_1_403' title='bbox 600 1846 677 1879; x_wconf 85' lang='lat' dir='ltr'>adsit.</span> <span class='ocrx_word' id='word_1_404' title='bbox 691 1847 801 1884; x_wconf 81' lang='lat' dir='ltr'>ignarus</span> <span class='ocrx_word' id='word_1_405' title='bbox 813 1845 851 1874; x_wconf 90' lang='lat' dir='ltr'>le·</span> <span class='ocrx_word' id='word_1_406' title='bbox 902 1850 1027 1873; x_wconf 87' lang='lat' dir='ltr'>tractatus</span> <span class='ocrx_word' id='word_1_407' title='bbox 1042 1854 1057 1873; x_wconf 79' lang='lat' dir='ltr'>a</span> <span class='ocrx_word' id='word_1_408' title='bbox 1069 1845 1123 1873; x_wconf 74' lang='lat' dir='ltr'>lilio</span> <span class='ocrx_word' id='word_1_409' title='bbox 1134 1845 1276 1872; x_wconf 79' lang='lat' dir='ltr'>diceretur.</span> <span class='ocrx_word' id='word_1_410' title='bbox 1297 1844 1334 1871; x_wconf 87' lang='lat' dir='ltr'>De</span> <span class='ocrx_word' id='word_1_411' title='bbox 1344 1843 1473 1880; x_wconf 77' lang='lat' dir='ltr'>dignitate</span> <span class='ocrx_word' id='word_1_412' title='bbox 1485 1842 1519 1868; x_wconf 89' lang='grc' dir='ltr'>Μ.</span> <span class='ocrx_word' id='word_1_413' title='bbox 1533 1840 1639 1867; x_wconf 85' lang='lat' dir='ltr'>Caelius</span> <span class='ocrx_word' id='word_1_414' title='bbox 1650 1848 1698 1866; x_wconf 86' lang='lat' dir='ltr'>no-</span> 
     </span>
     <span class='ocr_line' id='line_1_40' title="bbox 56 1877 1696 1920; baseline -0.005 -9"><span class='ocrx_word' id='word_1_415' title='bbox 56 1892 121 1920; x_wconf 77' lang='lat' dir='ltr'>gum</span> <span class='ocrx_word' id='word_1_416' title='bbox 129 1903 136 1915; x_wconf 82' lang='lat'>‚</span> <span class='ocrx_word' id='word_1_417' title='bbox 162 1884 338 1916; x_wconf 82' lang='lat' dir='ltr'>iudiciorum,</span> <span class='ocrx_word' id='word_1_418' title='bbox 363 1884 566 1911; x_wconf 82' lang='lat' dir='ltr'>consuetudinis</span> <span class='ocrx_word' id='word_1_419' title='bbox 591 1889 708 1911; x_wconf 82' lang='lat' dir='ltr'>nostrae:</span> <span class='ocrx_word' id='word_1_420' title='bbox 740 1885 850 1911; x_wconf 88' lang='lat' dir='ltr'>miretur</span> <span class='ocrx_word' id='word_1_421' title='bbox 901 1884 936 1910; x_wconf 90' lang='lat' dir='ltr'>tis</span> <span class='ocrx_word' id='word_1_422' title='bbox 947 1892 977 1910; x_wconf 89' lang='lat' dir='ltr'>ac</span> <span class='ocrx_word' id='word_1_423' title='bbox 987 1883 1134 1911; x_wconf 84' lang='lat' dir='ltr'>maioribus</span> <span class='ocrx_word' id='word_1_424' title='bbox 1146 1887 1219 1914; x_wconf 83' lang='lat' dir='ltr'>natu,</span> <span class='ocrx_word' id='word_1_425' title='bbox 1232 1883 1311 1909; x_wconf 86' lang='lat' dir='ltr'>etiam</span> <span class='ocrx_word' id='word_1_426' title='bbox 1322 1881 1382 1908; x_wconf 84' lang='lat' dir='ltr'>sine</span> <span class='ocrx_word' id='word_1_427' title='bbox 1392 1888 1450 1907; x_wconf 88' lang='lat' dir='ltr'>mea</span> <span class='ocrx_word' id='word_1_428' title='bbox 1461 1879 1587 1909; x_wconf 72' lang='lat' dir='ltr'>oratione,</span> <span class='ocrx_word' id='word_1_429' title='bbox 1600 1877 1696 1904; x_wconf 81' lang='lat' dir='ltr'>tacitus</span> 
     </span>
     <span class='ocr_line' id='line_1_41' title="bbox 57 1919 1697 1956; baseline -0.004 -9"><span class='ocrx_word' id='word_1_430' title='bbox 57 1920 187 1956; x_wconf 77' lang='lat' dir='ltr'>profecto.</span> <span class='ocrx_word' id='word_1_431' title='bbox 209 1929 279 1956; x_wconf 88' lang='lat' dir='ltr'>quae</span> <span class='ocrx_word' id='word_1_432' title='bbox 298 1921 333 1948; x_wconf 78' lang='lat' dir='ltr'>sit</span> <span class='ocrx_word' id='word_1_433' title='bbox 357 1926 428 1948; x_wconf 83' lang='lat' dir='ltr'>tanta</span> <span class='ocrx_word' id='word_1_434' title='bbox 448 1922 571 1948; x_wconf 81' lang='lat' dir='ltr'>atrocitas</span> <span class='ocrx_word' id='word_1_435' title='bbox 591 1922 704 1949; x_wconf 91' lang='lat' dir='ltr'>huiusce</span> <span class='ocrx_word' id='word_1_436' title='bbox 728 1930 847 1953; x_wconf 80' lang='lat' dir='ltr'>caussae,</span> <span class='ocrx_word' id='word_1_437' title='bbox 902 1921 978 1948; x_wconf 81' lang='lat' dir='ltr'>facile</span> <span class='ocrx_word' id='word_1_438' title='bbox 990 1921 1048 1956; x_wconf 82' lang='lat' dir='ltr'>ipse</span> <span class='ocrx_word' id='word_1_439' title='bbox 1059 1920 1215 1956; x_wconf 79' lang='lat' dir='ltr'>respondet:</span> <span class='ocrx_word' id='word_1_440' title='bbox 1237 1919 1339 1955; x_wconf 87' lang='lat' dir='ltr'>quibus</span> <span class='ocrx_word' id='word_1_441' title='bbox 1350 1920 1564 1951; x_wconf 82' lang='lat' dir='ltr'>autem,propter</span> <span class='ocrx_word' id='word_1_442' title='bbox 1574 1919 1697 1942; x_wconf 85' lang='lat' dir='ltr'>senectu-</span> 
     </span>
     <span class='ocr_line' id='line_1_42' title="bbox 56 1955 1694 1994; baseline -0.004 -10"><span class='ocrx_word' id='word_1_443' title='bbox 56 1957 129 1993; x_wconf 90' lang='lat' dir='ltr'>quod</span> <span class='ocrx_word' id='word_1_444' title='bbox 140 1957 237 1984; x_wconf 87' lang='lat' dir='ltr'>diebus</span> <span class='ocrx_word' id='word_1_445' title='bbox 252 1957 327 1985; x_wconf 80' lang='lat' dir='ltr'>sestis</span> <span class='ocrx_word' id='word_1_446' title='bbox 344 1958 469 1994; x_wconf 88' lang='lat' dir='ltr'>ludisque</span> <span class='ocrx_word' id='word_1_447' title='bbox 485 1959 611 1993; x_wconf 83' lang='lat' dir='ltr'>publicis.</span> <span class='ocrx_word' id='word_1_448' title='bbox 628 1959 754 1986; x_wconf 87' lang='lat' dir='ltr'>omnibus</span> <span class='ocrx_word' id='word_1_449' title='bbox 768 1967 850 1994; x_wconf 70' lang='lat' dir='ltr'>nego·</span> <span class='ocrx_word' id='word_1_450' title='bbox 902 1963 964 1990; x_wconf 85' lang='lat' dir='ltr'>tem,</span> <span class='ocrx_word' id='word_1_451' title='bbox 986 1958 1059 1994; x_wconf 88' lang='lat' dir='ltr'>quod</span> <span class='ocrx_word' id='word_1_452' title='bbox 1074 1958 1127 1985; x_wconf 87' lang='lat' dir='ltr'>iam</span> <span class='ocrx_word' id='word_1_453' title='bbox 1143 1958 1190 1985; x_wconf 88' lang='lat' dir='ltr'>diu</span> <span class='ocrx_word' id='word_1_454' title='bbox 1203 1957 1293 1984; x_wconf 86' lang='lat' dir='ltr'>minus</span> <span class='ocrx_word' id='word_1_455' title='bbox 1307 1957 1334 1983; x_wconf 89' lang='lat' dir='ltr'>in</span> <span class='ocrx_word' id='word_1_456' title='bbox 1346 1955 1402 1983; x_wconf 81' lang='lat' dir='ltr'>soro</span> <span class='ocrx_word' id='word_1_457' title='bbox 1413 1955 1554 1981; x_wconf 80' lang='lat' dir='ltr'>nobiscum</span> <span class='ocrx_word' id='word_1_458' title='bbox 1565 1956 1694 1981; x_wconf 81' lang='lat' dir='ltr'>versatur,</span> 
     </span>
     <span class='ocr_line' id='line_1_43' title="bbox 56 1992 1696 2031; baseline -0.004 -10"><span class='ocrx_word' id='word_1_459' title='bbox 56 1995 101 2022; x_wconf 86' lang='lat' dir='ltr'>tiis</span> <span class='ocrx_word' id='word_1_460' title='bbox 117 1994 268 2022; x_wconf 81' lang='lat' dir='ltr'>forensibus</span> <span class='ocrx_word' id='word_1_461' title='bbox 284 1995 455 2027; x_wconf 86' lang='lat' dir='ltr'>intermissis.</span> <span class='ocrx_word' id='word_1_462' title='bbox 474 2004 558 2023; x_wconf 91' lang='lat' dir='ltr'>unum</span> <span class='ocrx_word' id='word_1_463' title='bbox 569 1996 620 2023; x_wconf 87' lang='lat' dir='ltr'>hoc</span> <span class='ocrx_word' id='word_1_464' title='bbox 630 1997 762 2023; x_wconf 87' lang='lat' dir='ltr'>iudicium</span> <span class='ocrx_word' id='word_1_465' title='bbox 773 1992 850 2023; x_wconf 80' lang='lat' dir='ltr'>exer·</span> <span class='ocrx_word' id='word_1_466' title='bbox 902 2004 954 2023; x_wconf 89' lang='lat' dir='ltr'>non</span> <span class='ocrx_word' id='word_1_467' title='bbox 969 2004 1054 2031; x_wconf 87' lang='lat' dir='ltr'>aeque</span> <span class='ocrx_word' id='word_1_468' title='bbox 1068 2000 1110 2022; x_wconf 88' lang='lat' dir='ltr'>est</span> <span class='ocrx_word' id='word_1_469' title='bbox 1123 1995 1256 2031; x_wconf 84' lang='lat' dir='ltr'>cognitus.</span> <span class='ocrx_word' id='word_1_470' title='bbox 1270 1994 1297 2021; x_wconf 85' lang='lat' dir='ltr'>hi</span> <span class='ocrx_word' id='word_1_471' title='bbox 1308 1994 1348 2020; x_wconf 86' lang='lat' dir='ltr'>sic</span> <span class='ocrx_word' id='word_1_472' title='bbox 1359 1992 1486 2020; x_wconf 83' lang='lat' dir='ltr'>habeant:</span> <span class='ocrx_word' id='word_1_473' title='bbox 1500 1998 1696 2026; x_wconf 62' lang='lat' dir='ltr'>&gt;quaecumque</span> 
     </span>
     <span class='ocr_line' id='line_1_44' title="bbox 55 2030 1697 2069; baseline -0.004 -11"><span class='ocrx_word' id='word_1_474' title='bbox 55 2036 154 2062; x_wconf 80' lang='lat' dir='ltr'>ceatur.</span> <span class='ocrx_word' id='word_1_475' title='bbox 177 2040 226 2059; x_wconf 86' lang='lat' dir='ltr'>nec</span> <span class='ocrx_word' id='word_1_476' title='bbox 240 2031 358 2065; x_wconf 79' lang='lat' dir='ltr'>dubitet.</span> <span class='ocrx_word' id='word_1_477' title='bbox 375 2033 442 2068; x_wconf 90' lang='lat' dir='ltr'>quin</span> <span class='ocrx_word' id='word_1_478' title='bbox 459 2033 522 2060; x_wconf 89' lang='lat' dir='ltr'>tanti</span> <span class='ocrx_word' id='word_1_479' title='bbox 538 2033 663 2060; x_wconf 80' lang='lat' dir='ltr'>facinoris</span> <span class='ocrx_word' id='word_1_480' title='bbox 678 2042 739 2060; x_wconf 87' lang='lat' dir='ltr'>reus</span> <span class='ocrx_word' id='word_1_481' title='bbox 755 2042 850 2069; x_wconf 78' lang='lat' dir='ltr'>argue·</span> <span class='ocrx_word' id='word_1_482' title='bbox 901 2034 929 2060; x_wconf 89' lang='lat' dir='ltr'>in</span> <span class='ocrx_word' id='word_1_483' title='bbox 945 2034 1035 2069; x_wconf 89' lang='lat' dir='ltr'>equite</span> <span class='ocrx_word' id='word_1_484' title='bbox 1050 2033 1168 2060; x_wconf 84' lang='lat' dir='ltr'>Romano</span> <span class='ocrx_word' id='word_1_485' title='bbox 1182 2032 1300 2068; x_wconf 79' lang='lat' dir='ltr'>dignitas</span> <span class='ocrx_word' id='word_1_486' title='bbox 1311 2039 1370 2058; x_wconf 85' lang='lat' dir='ltr'>esse</span> <span class='ocrx_word' id='word_1_487' title='bbox 1380 2030 1474 2066; x_wconf 82' lang='lat' dir='ltr'>possit,</span> <span class='ocrx_word' id='word_1_488' title='bbox 1487 2036 1556 2064; x_wconf 83' lang='lat' dir='ltr'>quae</span> <span class='ocrx_word' id='word_1_489' title='bbox 1569 2032 1639 2054; x_wconf 81' lang='lat' dir='ltr'>certe</span> <span class='ocrx_word' id='word_1_490' title='bbox 1650 2034 1697 2061; x_wconf 86' lang='lat' dir='ltr'>po-</span> 
     </span>
     <span class='ocr_line' id='line_1_45' title="bbox 56 2064 1696 2105; baseline -0.004 -9"><span class='ocrx_word' id='word_1_491' title='bbox 56 2074 112 2100; x_wconf 82' lang='lat' dir='ltr'>tur,</span> <span class='ocrx_word' id='word_1_492' title='bbox 135 2073 164 2096; x_wconf 91' lang='lat' dir='ltr'>ut</span> <span class='ocrx_word' id='word_1_493' title='bbox 184 2077 215 2096; x_wconf 88' lang='lat' dir='ltr'>eo</span> <span class='ocrx_word' id='word_1_494' title='bbox 231 2069 350 2105; x_wconf 82' lang='lat' dir='ltr'>neglecto</span> <span class='ocrx_word' id='word_1_495' title='bbox 369 2070 464 2097; x_wconf 83' lang='lat' dir='ltr'>civitas</span> <span class='ocrx_word' id='word_1_496' title='bbox 479 2075 548 2097; x_wconf 87' lang='lat' dir='ltr'>stare</span> <span class='ocrx_word' id='word_1_497' title='bbox 563 2079 615 2097; x_wconf 91' lang='lat' dir='ltr'>non</span> <span class='ocrx_word' id='word_1_498' title='bbox 631 2071 725 2105; x_wconf 82' lang='lat' dir='ltr'>possit.</span> <span class='ocrx_word' id='word_1_499' title='bbox 766 2071 847 2102; x_wconf 83' lang='lat' dir='ltr'>ldem.</span> <span class='ocrx_word' id='word_1_500' title='bbox 903 2075 954 2097; x_wconf 84' lang='lat' dir='ltr'>test</span> <span class='ocrx_word' id='word_1_501' title='bbox 973 2079 1032 2097; x_wconf 87' lang='lat' dir='ltr'>esse</span> <span class='ocrx_word' id='word_1_502' title='bbox 1048 2071 1173 2101; x_wconf 84' lang='lat' dir='ltr'>maxima.</span> <span class='ocrx_word' id='word_1_503' title='bbox 1191 2078 1249 2096; x_wconf 84' lang='lat' dir='ltr'>eam</span> <span class='ocrx_word' id='word_1_504' title='bbox 1265 2076 1372 2103; x_wconf 86' lang='lat' dir='ltr'>semper</span> <span class='ocrx_word' id='word_1_505' title='bbox 1386 2069 1413 2094; x_wconf 89' lang='lat' dir='ltr'>in</span> <span class='ocrx_word' id='word_1_506' title='bbox 1430 2067 1466 2093; x_wconf 80' lang='lat' dir='ltr'>M.</span> <span class='ocrx_word' id='word_1_507' title='bbox 1479 2065 1568 2093; x_wconf 84' lang='lat' dir='ltr'>Caelio</span> <span class='ocrx_word' id='word_1_508' title='bbox 1579 2064 1696 2091; x_wconf 79' lang='lat' dir='ltr'>habitam</span> 
     </span>
     <span class='ocr_line' id='line_1_46' title="bbox 55 2100 1696 2143; baseline -0.005 -9"><span class='ocrx_word' id='word_1_509' title='bbox 55 2115 142 2142; x_wconf 87' lang='lat' dir='ltr'>quum</span> <span class='ocrx_word' id='word_1_510' title='bbox 162 2106 253 2133; x_wconf 82' lang='lat' dir='ltr'>audiat</span> <span class='ocrx_word' id='word_1_511' title='bbox 267 2115 328 2133; x_wconf 85' lang='lat' dir='ltr'>esse</span> <span class='ocrx_word' id='word_1_512' title='bbox 344 2107 443 2143; x_wconf 87' lang='lat' dir='ltr'>legem,</span> <span class='ocrx_word' id='word_1_513' title='bbox 460 2115 529 2142; x_wconf 86' lang='lat' dir='ltr'>quae</span> <span class='ocrx_word' id='word_1_514' title='bbox 543 2107 577 2135; x_wconf 90' lang='lat' dir='ltr'>de</span> <span class='ocrx_word' id='word_1_515' title='bbox 591 2108 728 2135; x_wconf 85' lang='lat' dir='ltr'>seditiosis</span> <span class='ocrx_word' id='word_1_516' title='bbox 743 2115 852 2135; x_wconf 85' lang='lat' dir='ltr'>consce-</span> <span class='ocrx_word' id='word_1_517' title='bbox 902 2116 962 2135; x_wconf 90' lang='lat' dir='ltr'>esse</span> <span class='ocrx_word' id='word_1_518' title='bbox 972 2116 1106 2135; x_wconf 85' lang='lat' dir='ltr'>summam</span> <span class='ocrx_word' id='word_1_519' title='bbox 1119 2107 1252 2142; x_wconf 84' lang='lat' dir='ltr'>hodieque</span> <span class='ocrx_word' id='word_1_520' title='bbox 1263 2106 1365 2137; x_wconf 83' lang='lat' dir='ltr'>haberi.</span> <span class='ocrx_word' id='word_1_521' title='bbox 1381 2113 1432 2132; x_wconf 91' lang='lat' dir='ltr'>non</span> <span class='ocrx_word' id='word_1_522' title='bbox 1444 2103 1531 2131; x_wconf 85' lang='lat' dir='ltr'>solum</span> <span class='ocrx_word' id='word_1_523' title='bbox 1543 2111 1558 2130; x_wconf 83' lang='lat' dir='ltr'>a</span> <span class='ocrx_word' id='word_1_524' title='bbox 1569 2102 1636 2131; x_wconf 86' lang='lat' dir='ltr'>suis.</span> <span class='ocrx_word' id='word_1_525' title='bbox 1649 2100 1696 2127; x_wconf 82' lang='lat' dir='ltr'>sed</span> 
     </span>
     <span class='ocr_line' id='line_1_47' title="bbox 58 2139 1696 2180; baseline -0.004 -9"><span class='ocrx_word' id='word_1_526' title='bbox 58 2143 200 2179; x_wconf 80' lang='lat' dir='ltr'>leratisque</span> <span class='ocrx_word' id='word_1_527' title='bbox 219 2144 339 2176; x_wconf 83' lang='lat' dir='ltr'>civibus,</span> <span class='ocrx_word' id='word_1_528' title='bbox 361 2146 409 2180; x_wconf 90' lang='lat' dir='ltr'>qui</span> <span class='ocrx_word' id='word_1_529' title='bbox 430 2145 524 2171; x_wconf 81' lang='lat' dir='ltr'>armati</span> <span class='ocrx_word' id='word_1_530' title='bbox 544 2150 667 2172; x_wconf 83' lang='lat' dir='ltr'>senatum</span> <span class='ocrx_word' id='word_1_531' title='bbox 687 2145 848 2176; x_wconf 84' lang='lat' dir='ltr'>obsederint.</span> <span class='ocrx_word' id='word_1_532' title='bbox 902 2146 981 2172; x_wconf 86' lang='lat' dir='ltr'>etiarn</span> <span class='ocrx_word' id='word_1_533' title='bbox 1001 2145 1035 2172; x_wconf 79' lang='lat' dir='ltr'>ab</span> <span class='ocrx_word' id='word_1_534' title='bbox 1049 2144 1186 2175; x_wconf 81' lang='lat' dir='ltr'>omnibus,</span> <span class='ocrx_word' id='word_1_535' title='bbox 1204 2143 1306 2179; x_wconf 82' lang='lat' dir='ltr'>quibus</span> <span class='ocrx_word' id='word_1_536' title='bbox 1322 2142 1438 2178; x_wconf 79' lang='lat' dir='ltr'>potuerit</span> <span class='ocrx_word' id='word_1_537' title='bbox 1453 2140 1543 2175; x_wconf 88' lang='lat' dir='ltr'>aliqua</span> <span class='ocrx_word' id='word_1_538' title='bbox 1559 2139 1591 2166; x_wconf 85' lang='lat' dir='ltr'>de</span> <span class='ocrx_word' id='word_1_539' title='bbox 1601 2147 1696 2165; x_wconf 78' lang='lat' dir='ltr'>caussa</span> 
     </span>
     <span class='ocr_line' id='line_1_48' title="bbox 57 2176 1697 2218; baseline -0.004 -10"><span class='ocrx_word' id='word_1_540' title='bbox 57 2181 257 2218; x_wconf 83' lang='lat' dir='ltr'>magistratibus</span> <span class='ocrx_word' id='word_1_541' title='bbox 274 2182 328 2208; x_wconf 92' lang='lat' dir='ltr'>vim</span> <span class='ocrx_word' id='word_1_542' title='bbox 344 2181 489 2213; x_wconf 85' lang='lat' dir='ltr'>attulerint.</span> <span class='ocrx_word' id='word_1_543' title='bbox 507 2182 700 2218; x_wconf 82' lang='lat' dir='ltr'>rempublicam</span> <span class='ocrx_word' id='word_1_544' title='bbox 711 2191 852 2218; x_wconf 86' lang='lat' dir='ltr'>oppugna-</span> <span class='ocrx_word' id='word_1_545' title='bbox 903 2191 962 2209; x_wconf 87' lang='lat' dir='ltr'>esse</span> <span class='ocrx_word' id='word_1_546' title='bbox 977 2187 1066 2209; x_wconf 84' lang='lat' dir='ltr'>notus.</span> <span class='ocrx_word' id='word_1_547' title='bbox 1089 2183 1113 2209; x_wconf 76' lang='lat' dir='ltr'>AE.</span> <span class='ocrx_word' id='word_1_548' title='bbox 1126 2182 1232 2217; x_wconf 80' lang='lat' dir='ltr'>Equitis</span> <span class='ocrx_word' id='word_1_549' title='bbox 1244 2186 1333 2207; x_wconf 83' lang='lat' dir='ltr'>autem</span> <span class='ocrx_word' id='word_1_550' title='bbox 1345 2179 1454 2206; x_wconf 81' lang='lat' dir='ltr'>Romani</span> <span class='ocrx_word' id='word_1_551' title='bbox 1466 2186 1526 2204; x_wconf 84' lang='lat' dir='ltr'>esse</span> <span class='ocrx_word' id='word_1_552' title='bbox 1537 2176 1632 2206; x_wconf 83' lang='lat' dir='ltr'>lilium.</span> <span class='ocrx_word' id='word_1_553' title='bbox 1645 2176 1697 2202; x_wconf 93' lang='lat' dir='ltr'>cri-</span> 
     </span>
     <span class='ocr_line' id='line_1_49' title="bbox 57 2213 1698 2256; baseline -0.004 -11"><span class='ocrx_word' id='word_1_554' title='bbox 57 2219 118 2250; x_wconf 86' lang='lat' dir='ltr'>rint.</span> <span class='ocrx_word' id='word_1_555' title='bbox 140 2218 260 2254; x_wconf 84' lang='lat' dir='ltr'>quotidie</span> <span class='ocrx_word' id='word_1_556' title='bbox 279 2219 372 2254; x_wconf 82' lang='lat' dir='ltr'>quaeri</span> <span class='ocrx_word' id='word_1_557' title='bbox 392 2219 496 2246; x_wconf 84' lang='lat' dir='ltr'>iubeat:</span> <span class='ocrx_word' id='word_1_558' title='bbox 528 2219 614 2256; x_wconf 80' lang='lat' dir='ltr'>legem</span> <span class='ocrx_word' id='word_1_559' title='bbox 635 2228 687 2247; x_wconf 87' lang='lat' dir='ltr'>non</span> <span class='ocrx_word' id='word_1_560' title='bbox 707 2220 849 2255; x_wconf 85' lang='lat' dir='ltr'>improbet.</span> <span class='ocrx_word' id='word_1_561' title='bbox 903 2220 983 2246; x_wconf 86' lang='lat' dir='ltr'>minis</span> <span class='ocrx_word' id='word_1_562' title='bbox 1001 2219 1056 2246; x_wconf 86' lang='lat' dir='ltr'>loco</span> <span class='ocrx_word' id='word_1_563' title='bbox 1071 2219 1133 2254; x_wconf 88' lang='lat' dir='ltr'>poni</span> <span class='ocrx_word' id='word_1_564' title='bbox 1147 2219 1181 2245; x_wconf 88' lang='lat' dir='ltr'>ab</span> <span class='ocrx_word' id='word_1_565' title='bbox 1191 2217 1391 2245; x_wconf 84' lang='lat' dir='ltr'>accusatoribus</span> <span class='ocrx_word' id='word_1_566' title='bbox 1403 2223 1490 2250; x_wconf 84' lang='lat' dir='ltr'>neque</span> <span class='ocrx_word' id='word_1_567' title='bbox 1501 2213 1698 2241; x_wconf 80' lang='lat' dir='ltr'>bisiudicanti·</span> 
     </span>
     <span class='ocr_line' id='line_1_50' title="bbox 57 2249 1696 2293; baseline -0.005 -10"><span class='ocrx_word' id='word_1_568' title='bbox 57 2256 172 2288; x_wconf 84' lang='lat' dir='ltr'>crimen,</span> <span class='ocrx_word' id='word_1_569' title='bbox 194 2256 268 2291; x_wconf 88' lang='lat' dir='ltr'>quod</span> <span class='ocrx_word' id='word_1_570' title='bbox 288 2261 409 2283; x_wconf 83' lang='lat' dir='ltr'>versetur</span> <span class='ocrx_word' id='word_1_571' title='bbox 428 2257 456 2283; x_wconf 90' lang='lat' dir='ltr'>in</span> <span class='ocrx_word' id='word_1_572' title='bbox 476 2256 588 2288; x_wconf 82' lang='lat' dir='ltr'>iudicio.</span> <span class='ocrx_word' id='word_1_573' title='bbox 612 2259 743 2292; x_wconf 80' lang='lat' dir='ltr'>requirat3</span> <span class='ocrx_word' id='word_1_574' title='bbox 764 2266 850 2293; x_wconf 88' lang='lat' dir='ltr'>quum</span> <span class='ocrx_word' id='word_1_575' title='bbox 902 2257 954 2283; x_wconf 84' lang='lat' dir='ltr'>bus</span> <span class='ocrx_word' id='word_1_576' title='bbox 964 2256 1090 2291; x_wconf 87' lang='lat' dir='ltr'>oportuit.</span> <span class='ocrx_word' id='word_1_577' title='bbox 1105 2264 1192 2291; x_wconf 87' lang='lat' dir='ltr'>neque</span> <span class='ocrx_word' id='word_1_578' title='bbox 1202 2254 1409 2281; x_wconf 79' lang='lat' dir='ltr'>defendentibus</span> <span class='ocrx_word' id='word_1_579' title='bbox 1421 2253 1507 2280; x_wconf 80' lang='lat' dir='ltr'>nobis.</span> <span class='ocrx_word' id='word_1_580' title='bbox 1535 2252 1611 2279; x_wconf 79' lang='lat' dir='ltr'>Nam.</span> <span class='ocrx_word' id='word_1_581' title='bbox 1624 2249 1696 2291; x_wconf 78' lang='lat' dir='ltr'>quod</span> 
     </span>
     <span class='ocr_line' id='line_1_51' title="bbox 58 2288 1694 2328; baseline -0.005 -8"><span class='ocrx_word' id='word_1_582' title='bbox 58 2293 160 2325; x_wconf 81' lang='lat' dir='ltr'>audiat,</span> <span class='ocrx_word' id='word_1_583' title='bbox 187 2293 293 2320; x_wconf 91' lang='lat' dir='ltr'>nullum</span> <span class='ocrx_word' id='word_1_584' title='bbox 315 2293 427 2325; x_wconf 74' lang='lat' dir='ltr'>facinus.</span> <span class='ocrx_word' id='word_1_585' title='bbox 450 2293 553 2320; x_wconf 91' lang='lat' dir='ltr'>nullam</span> <span class='ocrx_word' id='word_1_586' title='bbox 573 2294 725 2326; x_wconf 78' lang='lat' dir='ltr'>audaciam,</span> <span class='ocrx_word' id='word_1_587' title='bbox 748 2294 850 2322; x_wconf 81' lang='lat' dir='ltr'>nullam</span> <span class='ocrx_word' id='word_1_588' title='bbox 902 2293 935 2320; x_wconf 88' lang='lat' dir='ltr'>de</span> <span class='ocrx_word' id='word_1_589' title='bbox 950 2294 1046 2328; x_wconf 83' lang='lat' dir='ltr'>pictate</span> <span class='ocrx_word' id='word_1_590' title='bbox 1056 2293 1173 2324; x_wconf 79' lang='lat' dir='ltr'>dixistis.</span> <span class='ocrx_word' id='word_1_591' title='bbox 1191 2291 1352 2327; x_wconf 75' lang='lat' dir='ltr'>estquidam</span> <span class='ocrx_word' id='word_1_592' title='bbox 1363 2291 1414 2317; x_wconf 82' lang='lat' dir='ltr'>ista</span> <span class='ocrx_word' id='word_1_593' title='bbox 1426 2294 1513 2316; x_wconf 83' lang='lat' dir='ltr'>nostra</span> <span class='ocrx_word' id='word_1_594' title='bbox 1525 2288 1694 2315; x_wconf 78' lang='lat' dir='ltr'>existimatio.</span> 
     </span>
     <span class='ocr_line' id='line_1_52' title="bbox 58 2325 1694 2364; baseline -0.004 -7"><span class='ocrx_word' id='word_1_595' title='bbox 58 2331 114 2358; x_wconf 91' lang='lat' dir='ltr'>vim</span> <span class='ocrx_word' id='word_1_596' title='bbox 133 2331 160 2358; x_wconf 90' lang='lat' dir='ltr'>in</span> <span class='ocrx_word' id='word_1_597' title='bbox 175 2331 306 2358; x_wconf 87' lang='lat' dir='ltr'>iudicium</span> <span class='ocrx_word' id='word_1_598' title='bbox 322 2332 419 2362; x_wconf 84' lang='lat' dir='ltr'>vocari,</span> <span class='ocrx_word' id='word_1_599' title='bbox 435 2331 482 2357; x_wconf 86' lang='lat' dir='ltr'>sed</span> <span class='ocrx_word' id='word_1_600' title='bbox 493 2331 687 2358; x_wconf 77' lang='lat' dir='ltr'>adolescentem</span> <span class='ocrx_word' id='word_1_601' title='bbox 699 2332 798 2358; x_wconf 82' lang='lat' dir='ltr'>illustri</span> <span class='ocrx_word' id='word_1_602' title='bbox 810 2333 852 2358; x_wconf 87' lang='lat' dir='ltr'>in—</span> <span class='ocrx_word' id='word_1_603' title='bbox 902 2330 949 2357; x_wconf 84' lang='lat' dir='ltr'>sed</span> <span class='ocrx_word' id='word_1_604' title='bbox 970 2330 1101 2357; x_wconf 87' lang='lat' dir='ltr'>iudicium</span> <span class='ocrx_word' id='word_1_605' title='bbox 1121 2334 1192 2356; x_wconf 85' lang='lat' dir='ltr'>certe</span> <span class='ocrx_word' id='word_1_606' title='bbox 1212 2329 1339 2364; x_wconf 82' lang='lat' dir='ltr'>parentis.</span> <span class='ocrx_word' id='word_1_607' title='bbox 1384 2327 1455 2360; x_wconf 90' lang='lat' dir='ltr'>Quid</span> <span class='ocrx_word' id='word_1_608' title='bbox 1476 2334 1524 2353; x_wconf 81' lang='lat' dir='ltr'>nos</span> <span class='ocrx_word' id='word_1_609' title='bbox 1544 2325 1694 2360; x_wconf 79' lang='lat' dir='ltr'>opinemur.</span> 
     </span>
     <span class='ocr_line' id='line_1_53' title="bbox 58 2361 1697 2404; baseline -0.005 -9"><span class='ocrx_word' id='word_1_610' title='bbox 58 2368 145 2404; x_wconf 86' lang='lat' dir='ltr'>genio.</span> <span class='ocrx_word' id='word_1_611' title='bbox 167 2368 309 2399; x_wconf 83' lang='lat' dir='ltr'>industria.</span> <span class='ocrx_word' id='word_1_612' title='bbox 326 2370 409 2404; x_wconf 76' lang='lat' dir='ltr'>gratia</span> <span class='ocrx_word' id='word_1_613' title='bbox 425 2369 542 2395; x_wconf 81' lang='lat' dir='ltr'>accusari</span> <span class='ocrx_word' id='word_1_614' title='bbox 558 2369 591 2395; x_wconf 90' lang='lat' dir='ltr'>ab</span> <span class='ocrx_word' id='word_1_615' title='bbox 606 2369 665 2395; x_wconf 86' lang='lat' dir='ltr'>eius</span> <span class='ocrx_word' id='word_1_616' title='bbox 684 2369 751 2400; x_wconf 80' lang='lat' dir='ltr'>filio,</span> <span class='ocrx_word' id='word_1_617' title='bbox 768 2377 850 2404; x_wconf 84' lang='lat' dir='ltr'>quem</span> <span class='ocrx_word' id='word_1_618' title='bbox 903 2367 1018 2394; x_wconf 80' lang='lat' dir='ltr'>audietis</span> <span class='ocrx_word' id='word_1_619' title='bbox 1033 2375 1066 2394; x_wconf 85' lang='lat' dir='ltr'>ex</span> <span class='ocrx_word' id='word_1_620' title='bbox 1077 2367 1184 2393; x_wconf 86' lang='lat' dir='ltr'>iuratis:</span> <span class='ocrx_word' id='word_1_621' title='bbox 1205 2365 1273 2401; x_wconf 89' lang='lat' dir='ltr'>quid</span> <span class='ocrx_word' id='word_1_622' title='bbox 1289 2369 1410 2400; x_wconf 75' lang='lat' dir='ltr'>parentes</span> <span class='ocrx_word' id='word_1_623' title='bbox 1426 2364 1555 2391; x_wconf 80' lang='lat' dir='ltr'>sentiant.</span> <span class='ocrx_word' id='word_1_624' title='bbox 1574 2361 1697 2388; x_wconf 77' lang='lat' dir='ltr'>lacrimae</span> 
     </span>
     <span class='ocr_line' id='line_1_54' title="bbox 58 2398 1697 2442; baseline -0.005 -10"><span class='ocrx_word' id='word_1_625' title='bbox 58 2405 154 2440; x_wconf 83' lang='lat' dir='ltr'>ipsein</span> <span class='ocrx_word' id='word_1_626' title='bbox 165 2405 296 2432; x_wconf 91' lang='lat' dir='ltr'>iudicium</span> <span class='ocrx_word' id='word_1_627' title='bbox 309 2411 336 2433; x_wconf 89' lang='lat' dir='ltr'>et</span> <span class='ocrx_word' id='word_1_628' title='bbox 347 2411 421 2433; x_wconf 85' lang='lat' dir='ltr'>vocet</span> <span class='ocrx_word' id='word_1_629' title='bbox 432 2411 457 2432; x_wconf 84' lang='lat' dir='ltr'>et</span> <span class='ocrx_word' id='word_1_630' title='bbox 467 2406 580 2432; x_wconf 86' lang='lat' dir='ltr'>vocarit:</span> <span class='ocrx_word' id='word_1_631' title='bbox 601 2407 750 2442; x_wconf 81' lang='lat' dir='ltr'>oppugnari</span> <span class='ocrx_word' id='word_1_632' title='bbox 762 2411 851 2433; x_wconf 84' lang='lat' dir='ltr'>autem</span> <span class='ocrx_word' id='word_1_633' title='bbox 903 2406 996 2431; x_wconf 84' lang='lat' dir='ltr'>matris</span> <span class='ocrx_word' id='word_1_634' title='bbox 1016 2403 1238 2438; x_wconf 78' lang='lat' dir='ltr'>incredibilisque</span> <span class='ocrx_word' id='word_1_635' title='bbox 1252 2411 1363 2432; x_wconf 78' lang='lat' dir='ltr'>niucror.</span> <span class='ocrx_word' id='word_1_636' title='bbox 1381 2400 1490 2437; x_wconf 86' lang='lat' dir='ltr'>squalor</span> <span class='ocrx_word' id='word_1_637' title='bbox 1503 2399 1585 2434; x_wconf 81' lang='lat' dir='ltr'>patris</span> <span class='ocrx_word' id='word_1_638' title='bbox 1597 2403 1621 2425; x_wconf 85' lang='lat' dir='ltr'>et</span> <span class='ocrx_word' id='word_1_639' title='bbox 1633 2398 1697 2424; x_wconf 80' lang='lat' dir='ltr'>baec</span> 
     </span>
     <span class='ocr_line' id='line_1_55' title="bbox 59 2435 1695 2478; baseline -0.006 -8"><span class='ocrx_word' id='word_1_640' title='bbox 59 2442 156 2478; x_wconf 78' lang='lat' dir='ltr'>opibus</span> <span class='ocrx_word' id='word_1_641' title='bbox 176 2443 347 2470; x_wconf 78' lang='lat' dir='ltr'>meretriciis:</span> <span class='ocrx_word' id='word_1_642' title='bbox 380 2443 491 2470; x_wconf 75' lang='lat' dir='ltr'>Atratini</span> <span class='ocrx_word' id='word_1_643' title='bbox 509 2443 583 2470; x_wconf 88' lang='lat' dir='ltr'>illius</span> <span class='ocrx_word' id='word_1_644' title='bbox 599 2444 723 2478; x_wconf 84' lang='lat' dir='ltr'>pietatem</span> <span class='ocrx_word' id='word_1_645' title='bbox 740 2452 792 2470; x_wconf 91' lang='lat' dir='ltr'>non</span> <span class='ocrx_word' id='word_1_646' title='bbox 811 2451 852 2470; x_wconf 88' lang='lat' dir='ltr'>re-</span> <span class='ocrx_word' id='word_1_647' title='bbox 904 2449 1029 2477; x_wconf 86' lang='lat' dir='ltr'>praesens</span> <span class='ocrx_word' id='word_1_648' title='bbox 1040 2441 1181 2472; x_wconf 81' lang='lat' dir='ltr'>maestitia.</span> <span class='ocrx_word' id='word_1_649' title='bbox 1194 2448 1275 2476; x_wconf 79' lang='lat' dir='ltr'>quam</span> <span class='ocrx_word' id='word_1_650' title='bbox 1286 2439 1404 2469; x_wconf 81' lang='lat' dir='ltr'>cernitis.</span> <span class='ocrx_word' id='word_1_651' title='bbox 1418 2438 1560 2471; x_wconf 81' lang='lat' dir='ltr'>luctusque</span> <span class='ocrx_word' id='word_1_652' title='bbox 1571 2435 1695 2462; x_wconf 76' lang='lat' dir='ltr'>declarat.</span> 
     </span>
     <span class='ocr_line' id='line_1_56' title="bbox 60 2472 1697 2515; baseline -0.004 -9"><span class='ocrx_word' id='word_1_653' title='bbox 60 2479 213 2514; x_wconf 84' lang='lat' dir='ltr'>prehendat.</span> <span class='ocrx_word' id='word_1_654' title='bbox 231 2480 390 2508; x_wconf 85' lang='lat' dir='ltr'>muliebrem</span> <span class='ocrx_word' id='word_1_655' title='bbox 408 2480 546 2507; x_wconf 88' lang='lat' dir='ltr'>libidinem</span> <span class='ocrx_word' id='word_1_656' title='bbox 562 2480 790 2515; x_wconf 84' lang='lat' dir='ltr'>comprimendum</span> <span class='ocrx_word' id='word_1_657' title='bbox 802 2488 852 2515; x_wconf 85' lang='lat' dir='ltr'>pu·</span> <span class='ocrx_word' id='word_1_658' title='bbox 903 2481 928 2506; x_wconf 76' lang='grc' dir='ltr'>ὅ.</span> <span class='ocrx_word' id='word_1_659' title='bbox 945 2479 1021 2509; x_wconf 82' lang='lat' dir='ltr'>Nem.</span> <span class='ocrx_word' id='word_1_660' title='bbox 1039 2478 1110 2514; x_wconf 86' lang='lat' dir='ltr'>quod</span> <span class='ocrx_word' id='word_1_661' title='bbox 1127 2482 1167 2505; x_wconf 82' lang='lat' dir='ltr'>est</span> <span class='ocrx_word' id='word_1_662' title='bbox 1181 2478 1325 2508; x_wconf 83' lang='lat' dir='ltr'>obiectum,</span> <span class='ocrx_word' id='word_1_663' title='bbox 1343 2475 1526 2510; x_wconf 78' lang='lat' dir='ltr'>municipibus</span> <span class='ocrx_word' id='word_1_664' title='bbox 1537 2481 1598 2500; x_wconf 79' lang='lat' dir='ltr'>esse</span> <span class='ocrx_word' id='word_1_665' title='bbox 1607 2472 1697 2500; x_wconf 70' lang='lat' dir='ltr'>adole-</span> 
     </span>
     <span class='ocr_line' id='line_1_57' title="bbox 60 2513 1697 2553; baseline -0.004 -10"><span class='ocrx_word' id='word_1_666' title='bbox 60 2520 110 2549; x_wconf 82' lang='lat' dir='ltr'>tet3</span> <span class='ocrx_word' id='word_1_667' title='bbox 132 2525 179 2544; x_wconf 86' lang='lat' dir='ltr'>vos</span> <span class='ocrx_word' id='word_1_668' title='bbox 201 2517 346 2546; x_wconf 84' lang='lat' dir='ltr'>laboriosos</span> <span class='ocrx_word' id='word_1_669' title='bbox 367 2519 514 2549; x_wconf 83' lang='lat' dir='ltr'>existimet,</span> <span class='ocrx_word' id='word_1_670' title='bbox 536 2518 638 2553; x_wconf 89' lang='lat' dir='ltr'>quibus</span> <span class='ocrx_word' id='word_1_671' title='bbox 658 2518 751 2545; x_wconf 84' lang='lat' dir='ltr'>otiosis</span> <span class='ocrx_word' id='word_1_672' title='bbox 772 2526 804 2544; x_wconf 88' lang='lat' dir='ltr'>ne</span> <span class='ocrx_word' id='word_1_673' title='bbox 824 2518 851 2544; x_wconf 92' lang='lat' dir='ltr'>in</span> <span class='ocrx_word' id='word_1_674' title='bbox 903 2521 1020 2543; x_wconf 84' lang='lat' dir='ltr'>scentem</span> <span class='ocrx_word' id='word_1_675' title='bbox 1042 2524 1093 2543; x_wconf 88' lang='lat' dir='ltr'>non</span> <span class='ocrx_word' id='word_1_676' title='bbox 1109 2515 1249 2550; x_wconf 81' lang='lat' dir='ltr'>probatum</span> <span class='ocrx_word' id='word_1_677' title='bbox 1265 2515 1336 2541; x_wconf 84' lang='lat' dir='ltr'>suis:</span> <span class='ocrx_word' id='word_1_678' title='bbox 1360 2513 1460 2540; x_wconf 84' lang='lat' dir='ltr'>nemini</span> <span class='ocrx_word' id='word_1_679' title='bbox 1476 2518 1604 2546; x_wconf 82' lang='lat' dir='ltr'>umquem</span> <span class='ocrx_word' id='word_1_680' title='bbox 1621 2518 1697 2545; x_wconf 87' lang='lat' dir='ltr'>prae-</span> 
     </span>
     <span class='ocr_line' id='line_1_58' title="bbox 61 2547 1696 2590; baseline -0.004 -10"><span class='ocrx_word' id='word_1_681' title='bbox 61 2554 198 2581; x_wconf 84' lang='lat' dir='ltr'>communi</span> <span class='ocrx_word' id='word_1_682' title='bbox 216 2555 327 2590; x_wconf 84' lang='lat' dir='ltr'>quidem</span> <span class='ocrx_word' id='word_1_683' title='bbox 342 2556 395 2583; x_wconf 89' lang='lat' dir='ltr'>otio</span> <span class='ocrx_word' id='word_1_684' title='bbox 410 2555 486 2582; x_wconf 86' lang='lat' dir='ltr'>liceat</span> <span class='ocrx_word' id='word_1_685' title='bbox 501 2564 569 2582; x_wconf 81' lang='lat' dir='ltr'>esse.</span> <span class='ocrx_word' id='word_1_686' title='bbox 600 2557 625 2582; x_wconf 76' lang='lat'>2.</span> <span class='ocrx_word' id='word_1_687' title='bbox 642 2555 757 2586; x_wconf 80' lang='lat' dir='ltr'>Etenim.</span> <span class='ocrx_word' id='word_1_688' title='bbox 775 2555 798 2581; x_wconf 86' lang='lat' dir='ltr'>si</span> <span class='ocrx_word' id='word_1_689' title='bbox 813 2559 853 2581; x_wconf 85' lang='lat' dir='ltr'>at-</span> <span class='ocrx_word' id='word_1_690' title='bbox 903 2554 971 2580; x_wconf 79' lang='lat' dir='ltr'>senti</span> <span class='ocrx_word' id='word_1_691' title='bbox 983 2553 1118 2580; x_wconf 75' lang='lat' dir='ltr'>Puteolani</span> <span class='ocrx_word' id='word_1_692' title='bbox 1134 2553 1246 2579; x_wconf 84' lang='lat' dir='ltr'>maiores</span> <span class='ocrx_word' id='word_1_693' title='bbox 1259 2551 1371 2578; x_wconf 80' lang='lat' dir='ltr'>bonores</span> <span class='ocrx_word' id='word_1_694' title='bbox 1383 2550 1542 2579; x_wconf 85' lang='lat' dir='ltr'>habuerunt.</span> <span class='ocrx_word' id='word_1_695' title='bbox 1555 2556 1636 2583; x_wconf 86' lang='lat' dir='ltr'>quam</span> <span class='ocrx_word' id='word_1_696' title='bbox 1648 2547 1696 2573; x_wconf 81' lang='lat' dir='ltr'>ab·</span> 
     </span>
     <span class='ocr_line' id='line_1_59' title="bbox 61 2585 1693 2628; baseline -0.004 -12"><span class='ocrx_word' id='word_1_697' title='bbox 61 2590 167 2618; x_wconf 86' lang='lat' dir='ltr'>tendere</span> <span class='ocrx_word' id='word_1_698' title='bbox 186 2591 328 2628; x_wconf 79' lang='lat' dir='ltr'>diligenter</span> <span class='ocrx_word' id='word_1_699' title='bbox 354 2598 381 2620; x_wconf 86' lang='lat' dir='ltr'>et</span> <span class='ocrx_word' id='word_1_700' title='bbox 404 2593 556 2620; x_wconf 87' lang='lat' dir='ltr'>existimare</span> <span class='ocrx_word' id='word_1_701' title='bbox 577 2601 638 2619; x_wconf 84' lang='lat' dir='ltr'>vero</span> <span class='ocrx_word' id='word_1_702' title='bbox 657 2592 690 2619; x_wconf 86' lang='lat' dir='ltr'>de</span> <span class='ocrx_word' id='word_1_703' title='bbox 709 2593 782 2619; x_wconf 90' lang='lat' dir='ltr'>omni</span> <span class='ocrx_word' id='word_1_704' title='bbox 804 2591 852 2618; x_wconf 82' lang='lat' dir='ltr'>bac</span> <span class='ocrx_word' id='word_1_705' title='bbox 902 2592 970 2617; x_wconf 77' lang='lat' dir='ltr'>senti</span> <span class='ocrx_word' id='word_1_706' title='bbox 988 2591 1022 2617; x_wconf 85' lang='grc' dir='ltr'>Μ.</span> <span class='ocrx_word' id='word_1_707' title='bbox 1039 2590 1142 2618; x_wconf 78' lang='lat' dir='ltr'>Caelio:</span> <span class='ocrx_word' id='word_1_708' title='bbox 1163 2598 1244 2625; x_wconf 84' lang='lat' dir='ltr'>quem</span> <span class='ocrx_word' id='word_1_709' title='bbox 1261 2594 1286 2615; x_wconf 78' lang='lat' dir='ltr'>et</span> <span class='ocrx_word' id='word_1_710' title='bbox 1300 2589 1436 2615; x_wconf 77' lang='lat' dir='ltr'>absentem</span> <span class='ocrx_word' id='word_1_711' title='bbox 1451 2587 1479 2613; x_wconf 91' lang='lat' dir='ltr'>in</span> <span class='ocrx_word' id='word_1_712' title='bbox 1494 2585 1693 2621; x_wconf 82' lang='lat' dir='ltr'>amplissimum</span> 
     </span>
     <span class='ocr_line' id='line_1_60' title="bbox 60 2623 1695 2663; baseline -0.003 -10"><span class='ocrx_word' id='word_1_713' title='bbox 60 2635 156 2655; x_wconf 80' lang='lat' dir='ltr'>caussa</span> <span class='ocrx_word' id='word_1_714' title='bbox 176 2628 327 2657; x_wconf 83' lang='lat' dir='ltr'>volueritis:</span> <span class='ocrx_word' id='word_1_715' title='bbox 353 2631 393 2658; x_wconf 87' lang='lat' dir='ltr'>sic</span> <span class='ocrx_word' id='word_1_716' title='bbox 412 2631 592 2661; x_wconf 74' lang='lat' dir='ltr'>constituetis.</span> <span class='ocrx_word' id='word_1_717' title='bbox 609 2629 724 2660; x_wconf 87' lang='lat' dir='ltr'>iudices.</span> <span class='ocrx_word' id='word_1_718' title='bbox 742 2638 790 2656; x_wconf 84' lang='lat' dir='ltr'>nec</span> <span class='ocrx_word' id='word_1_719' title='bbox 804 2629 852 2656; x_wconf 84' lang='lat' dir='ltr'>de·</span> <span class='ocrx_word' id='word_1_720' title='bbox 902 2628 1023 2655; x_wconf 86' lang='lat' dir='ltr'>ordinem</span> <span class='ocrx_word' id='word_1_721' title='bbox 1033 2632 1197 2663; x_wconf 85' lang='lat' dir='ltr'>cooptarunt.</span> <span class='ocrx_word' id='word_1_722' title='bbox 1211 2632 1236 2653; x_wconf 76' lang='lat' dir='ltr'>et</span> <span class='ocrx_word' id='word_1_723' title='bbox 1247 2635 1276 2653; x_wconf 83' lang='lat' dir='ltr'>ca</span> <span class='ocrx_word' id='word_1_724' title='bbox 1289 2634 1339 2653; x_wconf 92' lang='lat' dir='ltr'>non</span> <span class='ocrx_word' id='word_1_725' title='bbox 1351 2623 1695 2663; x_wconf 32' lang='lat' dir='ltr'>petentidetuleruntqu-ao</span> 
     </span>
     <span class='ocr_line' id='line_1_61' title="bbox 61 2659 1694 2706; baseline -0.004 -15"><span class='ocrx_word' id='word_1_726' title='bbox 61 2672 219 2706; x_wconf 77' lang='lat' dir='ltr'>scensurum</span> <span class='ocrx_word' id='word_1_727' title='bbox 233 2674 396 2704; x_wconf 80' lang='lat' dir='ltr'>quemquam</span> <span class='ocrx_word' id='word_1_728' title='bbox 412 2668 445 2695; x_wconf 83' lang='lat' dir='ltr'>ad</span> <span class='ocrx_word' id='word_1_729' title='bbox 461 2668 529 2695; x_wconf 80' lang='lat' dir='ltr'>lianc</span> <span class='ocrx_word' id='word_1_730' title='bbox 546 2668 740 2694; x_wconf 85' lang='lat' dir='ltr'>accusationem</span> <span class='ocrx_word' id='word_1_731' title='bbox 757 2666 849 2696; x_wconf 78' lang='lat' dir='ltr'>fuisse.</span> <span class='ocrx_word' id='word_1_732' title='bbox 903 2665 995 2693; x_wconf 72' lang='lat' dir='ltr'>multia</span> <span class='ocrx_word' id='word_1_733' title='bbox 1011 2665 1164 2701; x_wconf 82' lang='lat' dir='ltr'>petentibus</span> <span class='ocrx_word' id='word_1_734' title='bbox 1175 2664 1353 2700; x_wconf 71' lang='lat' dir='ltr'>denegarunt:</span> <span class='ocrx_word' id='word_1_735' title='bbox 1376 2662 1512 2697; x_wconf 86' lang='lat' dir='ltr'>iidemque</span> <span class='ocrx_word' id='word_1_736' title='bbox 1524 2668 1594 2687; x_wconf 85' lang='lat' dir='ltr'>nunc</span> <span class='ocrx_word' id='word_1_737' title='bbox 1606 2659 1694 2686; x_wconf 80' lang='lat' dir='ltr'>lectis-</span> 
     </span>
     <span class='ocr_line' id='line_1_62' title="bbox 61 2699 1693 2741; baseline -0.007 -8"><span class='ocrx_word' id='word_1_738' title='bbox 61 2709 118 2733; x_wconf 70' lang='lat' dir='ltr'>0u¹=</span> <span class='ocrx_word' id='word_1_739' title='bbox 141 2707 231 2730; x_wconf 84' lang='lat' dir='ltr'>utrum</span> <span class='ocrx_word' id='word_1_740' title='bbox 247 2705 334 2737; x_wconf 74' lang='lat' dir='ltr'>vellet,</span> <span class='ocrx_word' id='word_1_741' title='bbox 353 2705 455 2735; x_wconf 66' lang='grc' dir='ltr'>ἥσει-εις</span> <span class='ocrx_word' id='word_1_742' title='bbox 478 2713 539 2735; x_wconf 82' lang='lat' dir='ltr'>nec.</span> <span class='ocrx_word' id='word_1_743' title='bbox 557 2713 641 2741; x_wconf 88' lang='lat' dir='ltr'>quum</span> <span class='ocrx_word' id='word_1_744' title='bbox 657 2704 849 2734; x_wconf 81' lang='lat' dir='ltr'>descendisset.</span> <span class='ocrx_word' id='word_1_745' title='bbox 902 2704 986 2731; x_wconf 78' lang='lat' dir='ltr'>simos</span> <span class='ocrx_word' id='word_1_746' title='bbox 997 2703 1078 2735; x_wconf 71' lang='lat' dir='ltr'>viros.</span> <span class='ocrx_word' id='word_1_747' title='bbox 1091 2707 1116 2730; x_wconf 84' lang='lat' dir='ltr'>et</span> <span class='ocrx_word' id='word_1_748' title='bbox 1127 2702 1208 2730; x_wconf 84' lang='lat' dir='ltr'>nostri</span> <span class='ocrx_word' id='word_1_749' title='bbox 1220 2701 1322 2729; x_wconf 76' lang='lat' dir='ltr'>ordinis</span> <span class='ocrx_word' id='word_1_750' title='bbox 1332 2705 1358 2727; x_wconf 82' lang='lat' dir='ltr'>ct</span> <span class='ocrx_word' id='word_1_751' title='bbox 1369 2700 1472 2735; x_wconf 82' lang='lat' dir='ltr'>equites</span> <span class='ocrx_word' id='word_1_752' title='bbox 1484 2699 1693 2726; x_wconf 76' lang='lat' dir='ltr'>Ronianos.cun1</span> 
     </span>
    </p>
   </div>
   <div class='ocr_carea' id='block_1_16' title="bbox 1428 2745 1488 2773">
    <p class='ocr_par' dir='ltr' id='par_1_18' title="bbox 1428 2745 1488 2773">
     <span class='ocr_line' id='line_1_63' title="bbox 1428 2745 1488 2773; baseline 0 0"><span class='ocrx_word' id='word_1_753' title='bbox 1428 2745 1488 2773; x_wconf 69' lang='grc' dir='ltr'>ὁδ’</span> 
     </span>
    </p>
   </div>
  </div>
 </body>
</html>
