1941 3052
241 135 273 159 02
824 132 848 156 Β.
883 129 917 155 Μ.
953 130 981 156 Τ.

243 205 268 229 111
284 203 328 229 illu
345 203 461 235 longiore
475 212 503 228 at·
519 207 644 237 perpetua
659 201 837 235 disputatione
849 200 1030 230 audiendimt,

1017 129 1290 156 CICERONIS

1060 200 1063 207 '
1085 203 1124 227 23.
1142 201 1185 226 Sic
1203 202 1273 227 enim
1293 209 1334 227 ren
1351 209 1409 227 sese
1428 201 1514 231 habet,
1532 207 1569 232 ut.
1584 201 1811 237 quemadmodum
1827 211 1873 229 vo-

242 242 262 267 si
289 241 314 266 id
337 241 401 266 1111111
427 242 515 266 unitum
531 241 674 272 contingat,
697 239 735 264 vv!
752 238 800 264 hoc
814 239 864 264 sim
879 238 1034 272 quotidiano
1054 268 1063 276 Η

244 284 288 304 tno
300 287 421 304 sermone
435 282 582 303 ronti-ntus.
618 278 707 310 ltaque
727 275 848 309 experiar
861 275 985 309 equidem
1001 275 1034 301 il-

244 316 298 345 11111,
317 320 344 342 nt
359 325 390 341 ne
405 315 506 349 Sulpi‹'
502 323 551 344 ins,
574 313 710 339 l'nniliuris
725 321 809 342 meus,
825 316 871 338 aut
885 313 956 338 Cotta
972 311 1033 346 plus

243 362 322 387 qni->nn
345 362 394 385 «go
416 353 485 386 apud
510 357 533 377 te
555 360 568 376 ι
572 350 639 376 :wiliru
660 349 807 379 xideantur,
833 353 858 375 et
877 353 901 375 te
919 350 1033 375 exorabo

244 390 366 424 profe-,ito
393 394 420 414 ut
443 389 508 414 1111111
531 396 637 422 (pioque
659 391 684 412 (t
702 386 795 412 Catulo
817 390 876 412 tuae
894 387 1033 412 suavitatis

243 426 343 461 aliquid
364 426 508 460 impertias.
542 425 588 450 Sin
609 424 655 450 tibi
675 423 701 449 id
721 423 810 449 minus
825 423 926 453 libebit,
943 432 994 450 non
1009 428 1033 449 te

245 473 292 496 urg
286 464 344 489 ’0110
359 472 444 497 neqni-
458 462 629 492 vonnnittain,
647 465 683 490 ut
700 460 764 486 dum
781 469 894 490 vereare
911 465 938 486 tu
954 469 985 487 ne
995 461 1033 487 sia

245 502 359 535 ineptus
377 510 418 525 nn·
432 499 616 524 essoiudices
649 499 689 524 47.
705 498 773 523 Tum
789 497 842 528 1110
859 498 914 531 Ego
929 497 1034 523 meher-

243 538 311 566 vnle,
329 538 423 579 inquit,
441 537 543 566 Caesar,
560 535 728 561 exomnibus
739 535 839 561 Latinis
852 535 940 561 verbis
952 535 1033 561 huius

246 575 316 600 mhi
335 575 386 600 iim
403 573 443 599 sel
459 573 602 599 miximam
613 581 718 607 semper
732 572 834 607 putavi.
861 572 947 604 Quem
961 573 1032 598 enirn

245 622 290 637 nos
310 615 419 644 int-plum
440 619 573 640 vocamus
590 609 612 635 is
627 609 693 636 1111111
708 609 814 635 videtur
827 609 860 635 ab
875 609 923 635 hoc
938 618 1033 635 nomen

245 649 339 674 babere
353 648 473 678 ‹lin-tuni,
489 647 560 682 qnod
575 656 625 673 non
638 647 673 673 sit
685 651 769 679 raptus,
791 646 872 681 idque
887 647 913 672 in
933 656 1034 673 sermo-

244 687 284 711 nis
300 686 380 711 nostri
395 685 588 711 consuetudine
603 683 701 719 perlate
722 688 800 718 patet.
836 685 901 710 Nam
916 685 962 718 qui
977 689 1030 714 aut,

244 728 348 757 tempus
367 722 432 757 quid
448 722 571 757 postulet,
589 730 639 748 non
655 721 734 752 videt,
755 726 800 747 aut
815 721 889 756 plura
906 721 1031 756 loquitur,

243 765 287 786 aut
301 770 328 785 se
342 764 463 790 ostentat,
479 764 524 785 aut
537 768 638 789 eornm,
654 759 817 793 quibuscum
828 763 876 789 est,
890 758 930 784 vel
945 758 1034 791 digni-

244 798 303 823 tatis
328 797 368 823 vel
384 796 515 823 commodi
531 797 656 822 rationem
680 805 731 822 non
751 796 838 826 habet,
859 800 904 822 aut
917 795 1033 830 denique

244 872 349 906 ineptus
363 871 469 898 dicitur.
506 873 545 897 18.
561 871 614 897 1100
630 871 693 897 vitio
706 870 840 896 cumulata
855 875 894 896 est
908 870 1034 896 eruditis-

242 909 308 935 sima
329 909 372 935 illa
392 909 551 935 Graecorum
571 908 649 934 natio.
684 909 773 942 ltaque
791 907 863 942 quod
883 908 936 933 vim
953 907 1034 933 huius

244 946 305 972 mali
329 946 421 973 Graeci
445 954 496 972 non
520 945 619 977 vident,
641 954 673 971 ne
692 954 787 971 nomen
806 944 916 979 quidem
931 945 1034 971 civitio

243 984 436 1018 imposuerunt.
450 983 483 1010 Ut
492 983 562 1009 enim
573 991 685 1017 quaeras
695 983 792 1013 omnia,
800 982 934 1017 quomodo
940 982 1033 1008 Graeci

1086 237 1170 263 lucres
1200 238 1322 264 videmus
1352 240 1539 273 procreationis
1561 245 1641 274 atque
1665 239 1786 266 utilitatis
1808 249 1873 267 suu

1083 284 1176 300 calma
1195 274 1321 307 effingere
1335 279 1360 300 et
1372 276 1532 302 constituere
1551 276 1636 307 nidos,
1652 276 1758 303 easdem
1772 282 1870 308 autem,
1908 293 1922 307 ·.

1083 321 1168 346 quum
1188 312 1289 346 aliquid
1308 311 1448 343 ell'ecerint.
1470 312 1573 340 levandi
1593 314 1690 340 laboris
1708 314 1749 340 sui
1768 323 1871 345 caussa.

1085 349 1184 383 passim
1208 358 1237 374 uc
1261 348 1342 375 libere
1364 349 1464 375 solutas
1487 359 1565 385 opere
1584 351 1706 382 volitare,
1735 352 1773 377 nic
1792 351 1874 378 nostri

1084 386 1164 412 animi
1181 385 1331 412 forensibus
1350 387 1462 422 negotiis
1476 392 1555 422 atque
1570 388 1670 415 urbano
1683 397 1761 423 opere
1775 387 1873 415 delmi

1083 423 1198 455 gestiant
1216 432 1244 448 uc
1264 423 1372 449 volitare
1388 425 1497 458 cupiant
1516 425 1592 452 vacui
1604 434 1666 452 cura
1681 430 1759 460 atque
1774 424 1872 452 labore.

1084 461 1126 486 2⁴5.
1142 460 1232 494 ltaque
1247 460 1322 490 illud,
1338 461 1410 495 quod
1424 470 1473 496 ego
1487 462 1513 488 in
1526 470 1620 489 caussa
1634 462 1746 490 Curiana
1761 462 1875 489 8030νο-
1916 479 1917 483 =

1086 497 1124 523 lae
1138 497 1204 526 dixi.
1227 506 1277 523 non
1295 497 1351 524 dixi
1366 507 1453 529 secus,
1470 507 1499 525 ac
1513 499 1669 526 sentiebam.
1705 500 1770 526 Nam
1784 500 1817 530 si.
1834 500 1876 527 in-
1915 494 1919 501 ¹

1084 543 1174 569 quam.
1199 535 1333 565 Scaevola,
1358 535 1463 562 nullum
1482 537 1531 562 erit
1549 541 1735 563 testamentum
1754 536 1876 563 100101.-

1084 576 1166 601 ctum.
1183 572 1233 598 nisi
1248 572 1320 606 quod
1335 577 1362 598 tu
1377 573 1525 607 scripseris,
1540 582 1633 600 omnes
1647 573 1679 600 ad
1694 579 1718 600 te
1731 574 1804 600 cives
1813 582 1874 601 cum
1915 574 1926 607 ¹„

1086 608 1183 634 tabulis
1196 609 1342 639 veniemus,
1350 610 1469 636 omnium
1482 615 1636 637 testamenta
1647 615 1674 637 tu
1685 611 1785 637 scribes
1793 619 1864 638 unus

1085 645 1154 677 Quid
1174 646 1273 681 igitur?
1292 647 1415 681 inquam:
1440 647 1548 682 quando
1561 657 1624 683 ages
1639 648 1774 682 negotium
1785 647 1876 683 publi·
1914 646 1922 654 ’

1055 702 1057 708 .
1084 684 1165 708 cum‘!
1181 683 1289 718 quando
1302 684 1466 711 amicorum?
1478 685 1586 720 quando
1599 685 1694 711 tuum?
1708 685 1816 720 ‘quando
1828 685 1876 712 de-
1912 678 1925 690 ‘⁴

1086 720 1166 755 nique
1186 720 1252 746 nihil
1267 720 1348 755 ages?
1361 721 1428 747 Tum
1444 722 1511 748 illud
1525 722 1629 748 addidi:
1646 722 1711 749 milii
1726 723 1798 749 enim
1809 722 1876 749 tiber
1916 731 1927 756 J,

1846 759 1875 787 111
1911 760 1925 773 ”

1085 765 1143 783 esse
1166 766 1216 783 non
1241 757 1353 788 videtur,
1377 759 1424 793 qui
1444 768 1494 785 non
1510 759 1653 795 aliquando
1668 759 1734 786 nihil
1748 759 1811 795 agit.

1062 826 1063 831 Ἰ
1084 803 1137 829 qua
1160 803 1310 829 permaneo,
1335 795 1436 827 Catule,
1453 798 1582 823 sententia
1597 806 1701 832 meque.
1717 805 1804 831 quum
1823 796 1876 823 huc

243 835 269 861 in
288 835 378 869 aliquo
395 843 491 867 genere
510 838 555 860 aut
574 834 748 859 inconcinnus
766 838 811 859 aut
830 832 931 859 multus
945 837 993 863 est,
1011 834 1033 859 is
1062 864 1063 872 ἵ

244 1021 362 1055 ineptum
378 1020 519 1055 appellent,
537 1029 588 1046 non
603 1020 727 1054 reperies.
749 1019 875 1046 Omnium
890 1023 978 1045 autem
993 1019 1034 1045 in-
1055 1039 1063 1045 ..

207 1083 212 1090 ,
243 1059 384 1092 eptiarnm,
410 1066 478 1092 quae
500 1061 563 1083 sunt
585 1056 803 1088 innumerabiles,
829 1056 900 1082 haud
924 1057 980 1083 scio
1001 1065 1034 1082 an

243 1095 316 1121 nulla
339 1096 373 1121 sit
391 1095 482 1126 maior,
503 1103 593 1130 quam,
611 1099 639 1120 ut
652 1094 691 1120 illi
706 1094 799 1125 solent,
821 1102 992 1128 quocumque
1006 1094 1033 1119 in

244 1132 308 1163 loco,
324 1141 509 1167 quoscumque
526 1132 593 1158 inter
608 1132 728 1158 homines
743 1131 832 1157 visum
847 1135 894 1162 est,
907 1131 939 1157 de
954 1131 1033 1157 rebus

243 1175 288 1196 aut
305 1169 472 1196 difficillimis
491 1173 536 1195 aut
557 1178 607 1195 non
623 1169 778 1195 necessariis
794 1169 963 1204 argutissime
978 1168 1035 1194 dis-

244 1212 346 1241 putare.
381 1208 433 1233 1100
448 1215 495 1233 1105
509 1207 542 1232 ab
556 1207 614 1232 istis
629 1205 843 1232 adolescentibus
858 1205 941 1231 facere
955 1205 1033 1231 inviti

243 1250 268 1270 et
282 1249 433 1270 recusantes
448 1244 503 1270 lieri
518 1244 599 1270 coacti
613 1252 718 1269 sumus.
734 1243 765 1270 V.
775 1244 814 1269 ⁴9.
831 1243 898 1268 Tum
911 1242 1031 1273 Catulus,

244 1282 281 1308 Ne
299 1282 392 1308 Graeci
406 1281 525 1316 quidem,
546 1281 642 1316 inquit,
659 1280 760 1311 Crasse,
777 1280 823 1315 qui
839 1280 866 1306 in
879 1280 1033 1306 civitatibus

243 1320 300 1345 suis
314 1318 376 1345 clari
391 1323 416 1344 et
427 1319 516 1352 manni
531 1317 647 1349 suerunt,
659 1317 738 1344 sicuti
750 1321 779 1344 tu
791 1326 818 1343 es
830 1325 931 1351 nosque
941 1325 1034 1343 omnes

243 1358 269 1383 111
284 1361 371 1383 nostra
385 1356 521 1390 republica
536 1355 661 1381 volumus
676 1363 742 1386 esse,
759 1354 854 1381 horum
861 1354 1031 1385 Graecorum,

242 1395 289 1429 qui
304 1402 332 1420 se
346 1393 480 1420 inculcant
493 1393 603 1419 auribus
618 1393 723 1423 nostris,
731 1391 834 1418 similes
849 1391 970 1423 suerunt;
986 1400 1035 1417 nec

243 1437 330 1458 timon
349 1431 375 1457 in
393 1431 446 1457 otio
463 1438 598 1456 sermones
617 1413 772 1456 huiusmodi
787 1428 1034 1471 disputationesque

243 1469 389 1504 fugiebant.
415 1469 457 1494 20
473 1467 509 1493 Ac
523 1468 546 1493 si
561 1467 609 1493 tibi
624 1466 756 1498 videntur,
772 1466 819 1501 qui
835 1466 970 1508 temporis,
986 1465 1033 1500 qui

243 1506 300 1537 loci,
317 1506 364 1540 qui
378 1505 518 1531 hominum
533 1504 660 1530 rationem
675 1512 727 1530 non
742 1503 848 1534 habent,
864 1503 957 1538 inepti,
965 1504 1035 1529 sicut

241 1543 339 1569 debent
360 1541 458 1575 videri,
486 1550 550 1568 num
575 1541 680 1567 tandem
702 1545 747 1567 aut
765 1540 839 1567 locus
853 1540 897 1567 hic
911 1549 963 1567 non
977 1540 1035 1566 ido-

243 1589 308 1606 neus
328 1579 442 1610 videtur,
467 1579 494 1605 in
513 1587 567 1614 quo
585 1579 702 1613 porticus
722 1578 787 1604 haec
804 1578 872 1612 ipsa,
897 1578 945 1604 ubi
963 1586 1034 1604 nunc

241 1617 421 1648 ambulamus,
429 1621 455 1642 et
468 1616 597 1651 palaestra
611 1620 636 1642 et
651 1620 687 1642 tot
701 1615 765 1642 locis
779 1615 913 1641 sessiones
922 1623 1036 1651 gymna-

242 1656 342 1681 siorum
356 1659 381 1680 et
394 1654 554 1680 Graecarum
572 1653 783 1688 disputationum
798 1652 953 1678 memoriam
967 1660 1036 1686 quo-

242 1691 383 1718 dammodo
405 1689 590 1717 commovent?
612 1694 658 1716 aut
679 1690 863 1724 importunum
882 1693 988 1723 tempus
1006 1689 1033 1715 in

243 1733 313 1755 tanto
326 1729 386 1759 otio,
403 1728 476 1763 quod
489 1732 514 1754 et
527 1736 585 1754 raro
598 1727 676 1753 datur
689 1732 714 1753 et
728 1735 798 1753 nunc
813 1731 947 1761 peroptato
957 1726 1034 1752 nobis

242 1766 333 1792 datum
348 1765 404 1792 est‘?
430 1770 475 1791 aut
488 1765 610 1791 homines
624 1765 656 1790 ab
672 1764 722 1791 hoc
735 1773 831 1800 genere
844 1763 1034 1798 disputationis
1056 1775 1063 1797 l}

1062 1807 1063 1810 ¹
1085 1803 1150 1825 trem
1166 1800 1332 1833 promiserat,
1351 1801 1416 1836 Ego,
1432 1801 1521 1836 inquit
1534 1801 1628 1832 lulius,
1648 1809 1696 1836 pro
1710 1805 1823 1836 utroque
1837 1809 1878 1827 re-

242 1803 330 1834 alicni,
347 1803 393 1838 qui
407 1811 499 1829 omnes
512 1802 532 1828 ii
546 1811 650 1832 sumus,
669 1806 698 1828 ut
712 1802 769 1828 sine
784 1801 826 1827 1115
840 1801 937 1827 studiis
951 1801 1033 1827 vitam

243 1840 344 1867 nullam
363 1848 421 1866 esse
439 1839 587 1866 ducamus?
613 1841 654 1866 21.
670 1838 765 1865 Omnia
779 1839 838 1869 ista,
854 1839 943 1873 inquit
956 1838 1034 1865 Cras·
1056 1858 1057 1863 .

242 1887 298 1904 sus.
323 1886 371 1913 ego
393 1877 444 1903 alio
466 1877 544 1903 modo
566 1877 730 1911 interpretor,
751 1877 798 1911 qui
813 1876 931 1911 primum
945 1875 1035 1910 palae-

242 1920 323 1941 stram
338 1919 363 1941 et
375 1914 452 1941 sedes
466 1919 491 1940 et
504 1915 621 1949 porticus
647 1914 725 1940 etiam
740 1914 821 1948 ipsos,
838 1913 939 1944 Catule,
952 1913 1035 1939 Grae-

242 1961 286 1979 cos
312 1952 506 1978 exercitationis
520 1956 545 1978 et
557 1951 738 1978 delectationis
752 1959 854 1981 caussa,
873 1959 924 1977 non
939 1950 1034 1985 dispu-
1055 1958 1056 1963 ¹

243 1990 357 2020 tationis,
378 1990 514 2015 invenisse
531 1989 652 2015 arbitror.
688 1989 755 2014 Nam
773 1993 799 2014 et
812 1987 925 2014 saeculis
940 1988 1032 2014 multis

243 2031 302 2053 ante
319 2027 459 2062 gymnasia
476 2027 523 2052 inv
525 2031 584 2053 enta
598 2030 669 2057 sunt,
685 2034 767 2060 quam
781 2026 808 2052 in
823 2025 865 2052 his
879 2025 1033 2067 philosophi
1055 2039 1063 2055 ιι

241 2065 341 2100 garrire
354 2068 505 2098 coeperunt,
527 2067 552 2090 et
565 2063 634 2090 hoc*
627 2072 686 2098 ipso
700 2067 826 2097 tempore,
845 2071 931 2097 quum
945 2063 1033 2088 omnia

242 2111 277 2137 gy
281 2101 381 2127 mnasia
394 2101 548 2135 philosophi
563 2105 675 2131 teneant,
692 2104 779 2126 tamen
793 2109 886 2126 eorum
900 2099 1034 2126 auditores

242 2139 347 2165 discum
362 2138 462 2170 audire,
477 2147 558 2173 quam
573 2137 765 2173 philosophum
790 2137 908 2170 malunt3
935 2137 983 2172 qui
997 2137 1035 2163 si-

242 2175 299 2202 mul
313 2180 343 2202 ut
356 2176 495 2210 increpuit,
513 2175 540 2201 in
554 2175 640 2201 media
650 2175 766 2201 oratione
775 2174 808 2201 de
818 2175 943 2201 maximis
953 2174 1034 2201 rebus

242 2218 267 2239 et
281 2213 448 2248 gravissimis
462 2213 642 2247 disputantem
661 2212 852 2247 philosophum
870 2221 963 2238 omnes
983 2220 1034 2238 un-

243 2251 337 2276 ctionis
351 2258 444 2276 caussa
460 2249 625 2284 relinquunt.
653 2250 689 2275 lta
703 2249 868 2275 levissimam
882 2249 1035 2275 delectatio-

243 2296 303 2313 nem
317 2287 500 2323 gravissimae,
516 2292 546 2313 ut
558 2287 610 2321 ipsi
626 2286 722 2317 ferunt,
736 2286 843 2313 utilitati
858 2291 1032 2321 anteponunt.

246 2326 283 2350 22.
303 2324 394 2350 Otium
412 2329 501 2350 autem
518 2324 590 2359 quod
604 2324 672 2350 dicis
685 2332 753 2354 esse,
769 2324 911 2356 assentior3
939 2331 1033 2349 verum

243 2362 288 2387 otii
311 2361 413 2388 fructus
435 2366 475 2388 est
496 2370 548 2388 non
566 2361 698 2388 contentio
715 2361 807 2392 animi,
835 2361 882 2387 sed
896 2360 1032 2387 relaxatio.

249 2398 285 2424 71.
302 2398 385 2433 Saepe
399 2407 432 2425 ex
445 2407 535 2425 socero
548 2407 607 2425 meo
617 2398 718 2429 audivi,
733 2407 820 2433 quum
834 2398 857 2424 is
871 2398 978 2429 diceret,
991 2406 1035 2424 so-

242 2443 333 2461 cerum
347 2444 426 2461 suum
441 2435 561 2462 Laelium
575 2444 681 2470 semper
694 2435 748 2462 fere
760 2444 823 2461 cum
837 2435 961 2470 Scipione
970 2434 1035 2461 soli—

244 2477 300 2497 tum
315 2473 444 2503 rusticari,
461 2481 559 2508 eosque
572 2472 763 2499 incredibiliter
776 2481 962 2507 repuerascere
975 2479 1034 2498 esse

243 2508 342 2540 solitos,
363 2517 447 2544 quum
466 2519 512 2536 rus
529 2519 563 2536 ex
576 2510 642 2536 urbe
659 2515 796 2544 tamquam
809 2518 824 2536 e
839 2509 952 2536 vinculis
971 2517 1034 2535 evo-

245 2546 380 2572 lavissent.
414 2546 471 2572 Non
485 2547 569 2573 audeo
582 2547 669 2573 dicere
683 2547 715 2573 de
729 2545 828 2573 talibus
842 2547 917 2577 viris,
933 2546 981 2572 sed
995 2550 1034 2572 ta-

244 2591 304 2608 men
318 2583 352 2609 ita
366 2583 433 2609 solet
447 2592 551 2609 narrare
566 2583 700 2614 Scaevola,
718 2584 832 2610 conchas
846 2591 891 2610 eos
904 2587 931 2609 et
943 2583 1034 2610 umbi—

245 2619 307 2646 licos
322 2619 354 2645 ad
369 2620 483 2646 Caietam
497 2625 523 2646 et
536 2620 569 2646 ad
582 2621 744 2647 Laurentum
758 2620 845 2656 legere
855 2628 998 2646 consuesse
1008 2624 1034 2646 et

243 2656 275 2683 ad
289 2665 395 2683 omnem
409 2657 490 2683 animi
505 2657 688 2683 remissionem
703 2657 852 2692 ludumque
862 2657 1031 2684 descendere.

1086 832 1154 861 veni,
1169 832 1217 858 hoc
1232 832 1320 866 ipsum
1336 832 1402 858 nihil
1417 842 1494 869 agere
1507 839 1532 859 ct
1547 833 1623 868 plane
1636 843 1739 860 cessare
1752 833 1874 861 delectat.
1908 851 1910 853 >

1085 870 1126 895 25.
1143 869 1218 899 Nam,
1243 869 1315 904 quod
1339 869 1464 896 addidisti
1484 871 1599 902 tertium,
1622 880 1669 898 vos
1686 880 1731 897 eos
1744 879 1812 902 esse,
1827 871 1875 906 qui

1086 906 1166 932 vitam
1182 907 1320 932 insuavem
1335 907 1392 933 sine
1407 907 1449 933 1115
1462 908 1560 934 studiis
1575 909 1710 943 putaretis,
1727 907 1754 934 id
1767 916 1810 934 me
1824 916 1876 935 non
1912 911 1914 913 ’

1086 943 1164 969 modo
1178 952 1228 969 non
1244 943 1363 970 hortatur
1376 944 1408 970 ad
1423 944 1625 980 disputandum,
1641 945 1688 972 sed
1702 946 1781 971 etiam
1789 945 1877 972 deter·
1907 974 1912 981 ι

1085 984 1132 1006 ret.
1149 981 1215 1006 Nam
1231 985 1259 1006 ut
1273 981 1301 1007 C.
1318 981 1446 1013 Lucilius
1464 983 1542 1009 1101110
1555 983 1649 1009 doctus
1662 987 1687 1009 et
1697 982 1874 1017 perui-banus
1918 987 1921 989 '

1085 1017 1172 1044 dicere
1188 1017 1290 1044 solebat
1307 1026 1346 1049 ea,
1362 1027 1430 1053 quae
1449 1020 1583 1050 scriberet,
1604 1028 1690 1055 neque
1703 1020 1737 1046 ab
1750 1019 1877 1046 indoctis·
1907 1018 1911 1019 ⁷

1084 1055 1161 1081 simis
1179 1064 1208 1081 se
1226 1063 1313 1090 neque
1330 1064 1345 1082 3
1358 1055 1520 1083 doctissimis
1535 1056 1587 1093 legi
1602 1057 1684 1089 velle;
1711 1056 1784 1092 quod
1801 1057 1876 1084 alteri
1911 1078 1915 1087 ,

1085 1091 1152 1118 nihil
1175 1091 1361 1135 intelligerent,
1387 1093 1462 1120 alteri
1485 1094 1547 1129 plus
1569 1093 1687 1125 sortasse,
1707 1102 1789 1129 quam
1803 1094 1875 1129 ipse;

1084 1137 1139 1170 quo
1161 1130 1239 1155 etiam
1263 1130 1378 1164 scripsit,
1405 1131 1519 1157 Persium
1542 1140 1591 1157 non
1614 1140 1676 1158 curo
1699 1133 1793 1165 leyere:
1819 1131 1876 1166 (hic
1909 1154 1921 1171 ⁴.

1085 1166 1156 1192 enim
1170 1166 1229 1197 suit,
1246 1171 1275 1193 ut
1289 1175 1423 1199 noramus,
1434 1169 1555 1195 omnium
1567 1168 1620 1195 l'ere
1631 1173 1780 1195 nostrorum
1791 1168 1877 1195 homi·
1918 1198 1922 1203 .

1085 1212 1150 1229 num
1164 1204 1336 1230 doctissimus
1346 1204 1363 1239 z)
1381 1205 1496 1232 laelium
1510 1206 1640 1232 Decimum
1655 1207 1718 1237 volo,
1731 1206 1822 1241 (quem
1833 1214 1878 1232 co-
1908 1203 1914 1242 3'

1083 1241 1228 1276 gnovimus
1243 1241 1331 1268 virum
1345 1241 1445 1269 bonum
1459 1247 1485 1269 et
1499 1251 1550 1270 non
1564 1243 1739 1274 illitteratum,
1750 1242 1798 1269 sed
1809 1242 1877 1269 nihil

1085 1278 1117 1304 ad
1132 1278 1266 1304 Persium:
1271 1278 1279 1313 )
1303 1279 1342 1305 510
1356 1288 1413 1315 ego,
1438 1281 1461 1306 si
1479 1281 1531 1306 iam
1551 1280 1616 1306 mihi
1635 1279 1829 1322 disputandum
1843 1280 1878 1306 sit

1085 1314 1117 1341 de
1136 1315 1178 1341 his
1199 1315 1295 1342 nostris
1309 1316 1415 1348 studiis,
1432 1317 1514 1344 nolim
1528 1317 1653 1352 equidem
1667 1317 1738 1352 apud
1752 1318 1875 1349 rusticos.

1085 1351 1132 1378 sed
1146 1352 1231 1379 multo
1248 1353 1338 1379 minus
1352 1354 1423 1389 apud
1438 1363 1494 1381 vos.
1531 1354 1600 1381 Malo
1612 1355 1684 1381 enim
1698 1363 1750 1381 non
1764 1354 1876 1390 intelligi

1085 1389 1228 1416 orationem
1248 1399 1348 1422 meam,
1367 1400 1449 1426 quam
1470 1391 1638 1434 reprehendi
1672 1392 1726 1418 vn.
1745 1393 1787 1418 26.
1808 1392 1876 1418 Tum

1086 1426 1189 1458 Caesar,
1214 1427 1357 1462 Equidem,
1381 1429 1478 1464 inquit,
1504 1428 1605 1460 Catule,
1629 1429 1682 1455 iarn
1701 1429 1768 1455 mihi
1787 1428 1878 1456 videor

1086 1472 1198 1490 navasse
1211 1472 1327 1499 operam,
1343 1465 1416 1500 quod
1431 1466 1484 1492 huc
1498 1466 1626 1493 venerim.
1660 1466 1727 1492 Nam
1741 1466 1826 1492 11300·
1819 1474 1877 1501 ipsa

1086 1501 1217 1528 recusatio
1233 1501 1422 1536 disputationis
1441 1502 1588 1538 disputatio
1601 1503 1732 1539 quaedam
1746 1503 1797 1529 fuit
1810 1503 1877 1530 mihi

1085 1538 1195 1573 quidem
1210 1539 1385 1573 periucunda.
1416 1539 1469 1566 Sed
1482 1549 1530 1567 cur
1543 1540 1707 1575 impedimus
1720 1541 1875 1572 Antonium,

1085 1576 1164 1602 cuius
1178 1576 1258 1602 audio
1271 1585 1329 1602 esse
1343 1581 1438 1611 partes,
1447 1582 1475 1603 ut
1488 1577 1521 1604 de
1532 1582 1583 1604 tota
1593 1577 1744 1613 eloquentia
1753 1577 1875 1608 disserat.
1904 1579 1906 1582 '

1062 1623 1064 1639 ι
1085 1621 1222 1647 quemque
1240 1613 1399 1640 iamdudum
1417 1614 1490 1641 Cotta
1508 1619 1534 1641 et
1552 1614 1690 1649 Sulpicius
1707 1613 1878 1649 exspectant?

1085 1651 1128 1677 27.
1147 1650 1204 1685 Ego
1222 1659 1293 1681 vero,
1314 1651 1403 1686 inquit
1421 1652 1542 1683 Crassus,
1559 1660 1645 1687 neque
1658 1652 1804 1679 Antonium
1818 1660 1878 1678 ver-

1086 1687 1150 1713 bum
1170 1687 1255 1713 facere
1272 1688 1364 1722 patiar,
1385 1693 1410 1715 et
1423 1689 1481 1723 ipse
1494 1689 1686 1720 obmutescam,
1708 1689 1760 1715 nisi
1773 1689 1850 1724 prius
1862 1697 1877 1716 a

1062 1729 1063 1756 ἕ
1085 1724 1162 1750 vobis
1177 1725 1371 1759 impetraro—.
1385 1725 1538 1758 Quidnam?
1550 1727 1639 1762 inquit
1652 1725 1772 1753 Catulus.
1787 1726 1821 1753 Ut
1834 1726 1878 1753 hic

1085 1761 1144 1787 sitis
1158 1761 1246 1788 hodie.
1282 1762 1359 1794 Tum,
1375 1772 1461 1798 quum
1475 1763 1521 1790 ille
1535 1763 1676 1795 dubitaret,

1692 1763 1765 1799 quod
1778 1763 1811 1790 ad
1825 1763 1878 1790 fra-

1085 1836 1215 1870 spondeo:
1232 1837 1270 1863 sic
1284 1837 1427 1864 faciemus‘
1423 1843 1523 1873 ‚atque
1536 1839 1586 1864 ista
1596 1838 1706 1874 quidem
1715 1838 1875 1870 conditione.

1086 1873 1126 1899 vel
1146 1878 1176 1900 ut
1194 1874 1307 1900 verbum
1325 1875 1431 1902 nullum
1446 1875 1554 1907 faceres,
1570 1884 1612 1902 me
1626 1880 1739 1902 teneres».
1772 1877 1815 1903 28.
1829 1875 1878 1902 Hic
1908 1901 1911 1907 ,

1085 1910 1196 1937 Catulus
1210 1912 1311 1945 arrisit:
1339 1917 1365 1939 et
1379 1912 1470 1944 51111111,
1485 1913 1614 1944 ΡΓ300153,
1625 1913 1721 1948 inquit,
1738 1913 1805 1939 1111111
1815 1921 1878 1948 qui-

1085 1948 1146 1974 dem
1164 1948 1296 1976 dubitatio
1313 1954 1361 1981 est,
1377 1950 1506 1985 quoniam
1519 1958 1606 1985 neque
1619 1949 1712 1976 domi·
1705 1958 1874 1992 imperaram.

1085 1990 1110 2012 et
1127 1985 1179 2017 hic,
1200 1986 1272 2020 apud
1290 1995 1371 2029 quem
1385 1995 1458 2014 eram
1472 1987 1589 2019 futurus,
1605 1987 1664 2014 sine
1677 1995 1735 2013 mea
1746 1987 1877 2014 sententia

1085 2027 1137 2049 tam
1152 2022 1228 2050 facile
1242 2024 1372 2058 promisit.
1900 2022 1901 2027 ¹

1140 2060 1209 2086 Tum
1227 2069 1320 2088 omnes
1337 2061 1427 2088 oculos
1446 2062 1472 2088 in
1487 2061 1633 2088 Antonium
1646 2061 1827 2088 coniecerunt:
1852 2065 1877 2088 et

1085 2096 1138 2128 ille,
1154 2097 1252 2124 Audite
1266 2107 1337 2130 vero,
1353 2099 1451 2130 audite,
1467 2099 1565 2133 inquit.
1589 2099 1730 2125 Hominem
1743 2098 1815 2125 enim
1828 2107 1877 2125 au·
1900 2127 1906 2135 ,-

1056 2146 1063 2160 η
1084 2134 1163 2161 dietis
1184 2134 1218 2161 de
1240 2135 1330 2162 schola
1352 2140 1431 2171 atque
1449 2144 1463 2162 3
1481 2136 1610 2171 magistro
1622 2140 1648 2162 et
1660 2135 1769 2162 Graecis
1781 2135 1876 2162 litteris
1896 2160 1903 2167 ,

1084 2171 1230 2198 eruditum.
1264 2173 1297 2199 Et
1318 2181 1349 2199 eo
1366 2172 1477 2208 quidem
1497 2173 1590 2208 loquar
1602 2172 1787 2203 confidentius,
1803 2171 1876 2208 quod

1085 2208 1197 2236 Catulus
1219 2209 1323 2236 auditor
1344 2210 1468 2243 accessit;
1496 2210 1540 2236 cui
1559 2218 1612 2237 non
1625 2209 1713 2236 solum
1727 2217 1775 2236 nos
1789 2210 1875 2236 Latini
1903 2207 1909 2214 ‘

1084 2247 1225 2278 sermonis,
1249 2247 1296 2273 sed
1318 2248 1398 2273 etiam
1416 2247 1510 2274 Graeci
1527 2248 1580 2282 ipsi
1593 2246 1679 2274 solent
1691 2255 1755 2272 suae
1769 2246 1876 2283 linguae

1084 2283 1259 2310 subtilitatem
1273 2283 1486 2320 elegantiamque
1495 2283 1648 2311 concedere.
1663 2283 1767 2310 29.Sed
1777 2288 1874 2314 tamen.

1084 2321 1211 2356 quoniam
1222 2321 1272 2347 hoc
1285 2325 1379 2352 totum,
1387 2321 1523 2357 quidquid
1535 2325 1583 2352 est,
1599 2321 1657 2347 sive
1666 2320 1808 2347 artificium
1818 2321 1876 2347 sive
1896 2344 1906 2354 4

1083 2357 1205 2384 studium
1218 2358 1334 2390 dicendi,
1351 2359 1402 2385 nisi
1416 2359 1527 2385 accessit
1539 2366 1578 2389 os,
1590 2357 1697 2384 nullum
1708 2362 1874 2392 potestesse·

1083 2395 1184 2421 docebo
1198 2403 1253 2427 vos,
1274 2395 1411 2431 discipuli,
1427 2395 1500 2431 quod
1517 2396 1576 2430 ipse
1589 2403 1642 2421 non
1655 2394 1746 2426 didici,
1761 2394 1830 2430 quid
1841 2393 1876 2421 de
1892 2410 1898 2431 2

1084 2433 1157 2458 0111111
1177 2440 1274 2468 genere
1291 2432 1398 2459 dicendi
1415 2433 1538 2459 sentiam.
1573 2433 1614 2458 30.
1637 2432 1685 2458 Hic
1702 2436 1875 2467 posteaquam

1084 2470 1239 2501 arriserunt,
1263 2470 1315 2496 Res
1338 2470 1405 2496 mihi
1428 2469 1534 2496 videtur
1555 2477 1622 2511 esse,
1638 2469 1735 2504 inquit,
1750 2467 1875 2495 facultate
1897 2495 1901 2498 Δ

1085 2506 1226 2541 praeclara,
1242 2511 1296 2533 arte
1311 2507 1460 2534 mediocris.
1480 2506 1530 2533 Ars
1539 2507 1612 2532 enim
1623 2514 1715 2532 earum
1725 2509 1872 2537 rerumest,
1896 2535 1901 2541 1

1083 2552 1152 2578 quae
1165 2544 1300 2570 sciuntur:
1331 2544 1441 2571 oratoris
1458 2548 1547 2570 autem
1561 2544 1648 2569 omnis
1662 2543 1730 2569 actio
1742 2542 1900 2593 opinioni-

1056 2582 1057 2587 *
1084 2581 1144 2612 bus,
1161 2589 1213 2607 non
1227 2582 1345 2612 scientia,
1361 2581 1519 2607 continetur.
1546 2581 1614 2606 Nam
1626 2584 1653 2606 et
1665 2579 1738 2615 apud
1749 2588 1794 2607 eos
1806 2572 1900 2606 dici-l

1084 2626 1154 2649 mus,
1162 2619 1210 2653 qui
1224 2619 1355 2649 nesciunt,
1367 2622 1394 2644 et
1405 2626 1436 2644 ea
1449 2617 1574 2648 dicimus,
1581 2625 1652 2652 quae
1665 2617 1800 2644 nescimus
1809 2616 1872 2651 ipsi.

1084 2655 1175 2690 Itaque
1197 2659 1223 2681 et
1238 2655 1280 2682 illi
1297 2655 1362 2682 31135
1381 2654 1454 2682 aliud
1467 2654 1564 2681 iisdem
1577 2654 1612 2680 de
1624 2654 1705 2680 rebus
1717 2657 1744 2680 et
1755 2654 1897 2680 sentiunt
