1941 3052
238 140 610 170 TUSCULANARUM
638 141 1023 168 DISPUTATIONUM
1053 142 1132 168 LIB.
1163 143 1184 168 1.

53 220 96 242 tur
109 214 216 240 animus
231 222 259 239 se
276 214 391 239 moveri:
409 212 481 247 quod
500 221 584 247 quum
599 213 692 243 sentit,
710 211 778 238 illud
794 221 848 238 una

53 252 141 282 sentit,
155 259 183 277 se
195 251 290 281 visua,
304 259 356 283 non
368 249 454 276 aliena
466 250 580 276 moveri:
595 258 643 276 nec
654 249 774 275 accidere
786 258 848 284 pos-

53 298 94 319 se,
111 293 140 315 ut
151 287 209 322 ipse'
220 296 350 322 umquam
361 296 375 313 a
387 296 415 313 se
426 287 574 313 deseratur.
614 287 655 313 Ex
668 295 722 321 quo
733 286 848 313 efficitur

53 326 209 352 aeternitas:
223 326 275 351 nisi
288 324 354 360 quid
366 324 449 350 habes
463 324 495 350 ad
508 324 582 350 haec.
623 324 654 350 A.
667 324 723 359 Ego
735 332 797 350 vero
809 323 848 349 sa-

53 362 104 389 cile
119 371 180 389 sum
196 371 305 397 passus,
324 370 357 388 ne
373 363 399 387 in
416 366 531 388 mentem
543 361 654 396 quidem
666 361 733 387 mihi
743 360 847 396 aliquid

53 404 143 426 contra
155 400 260 426 venire:
274 400 310 425 ita
322 399 366 425 isti
378 398 454 425 faveo
466 399 622 425 sententiae.

107 437 204 463 XXIV.
217 438 258 463 56.
272 437 307 463 M.
320 436 391 468 Quid
402 435 448 462 illa
459 435 585 462 tandem‘?
596 444 660 462 num
673 435 772 461 leviora
784 443 847 461 cen-

53 473 114 501 ses‘?
127 483 195 509 quae
207 473 342 500 declarant
353 474 442 499 inesse
454 474 481 499 in
493 473 591 499 animis
604 473 743 499 hominum
755 472 847 498 divina

53 511 204 546 quaedam‘?
219 520 301 546 quae,
319 511 343 537 si
358 519 508 540 cernerem,
528 510 757 545 quemadmodum
773 510 847 535 nasci

53 553 175 583 possent,
193 549 287 580 etiam,
305 547 534 583 quemadmodum
547 548 698 577 interirent,
715 547 845 573 viderem.

53 587 121 612 Nam
132 587 307 621 sanguinem,
325 585 422 615 bilem,
439 585 578 619 pituitam,
591 593 664 615 ossa,
678 593 787 614 nervos,
802 592 848 609 ve-

53 632 114 654 nas,
137 632 243 649 omnem
260 623 377 657 denique
393 622 575 648 membrorum
591 626 616 648 et
631 622 712 648 totius
728 621 847 655 corporis

54 660 168 695 figuram
176 660 268 686 videor
279 668 358 695 posse
369 660 467 690 dicere,
477 659 548 685 unde
559 664 679 685 concreta
691 663 716 685 et
726 667 779 693 quo
790 667 849 684 mo-

53 698 87 724 do
99 697 166 724 facta
178 699 244 724 sint:
259 698 379 724 animum
392 698 490 731 ipsum,
507 697 530 722 si
543 696 609 722 nihil
621 700 691 722 esset
703 696 729 721 in
741 704 780 726 eo,
794 695 847 721 nisi

54 735 91 766 id,
105 740 134 761 ut
145 744 192 769 per
202 744 263 761 eum
275 736 443 765 viveremus,
457 739 510 760 tam
522 738 614 759 natura
627 738 747 768 putarem
760 733 848 758 homi-

54 773 97 799 nis
109 773 191 798 vitam
203 773 356 802 sustentari,
369 780 450 807 quam
462 772 533 801 vitis,
548 780 629 805 quarn
642 771 754 796 arboris.
780 770 848 796 Haec

54 810 126 836 enim
147 810 227 836 etiam
248 809 365 836 dicimus
386 810 487 835 vivere.
529 809 593 834 Item
614 809 637 833 si
654 807 722 833 nihil
740 807 849 833 haberet

54 848 161 873 animus
178 847 310 878 hominis,
332 847 386 872 nisi
403 850 433 872 ut
448 849 584 880 appeteret
598 849 643 871 aut
658 844 803 880 refugeret,
822 844 848 870 id

54 893 162 919 quoque
182 889 252 910 esset
270 885 295 910 ei
315 891 457 909 commune
478 892 538 909 cum
556 883 660 908 bestiis.
701 883 745 908 57.
767 882 850 908 Habet

54 922 172 956 primum
184 921 353 951 memoriam,
371 925 396 947 et
407 929 465 946 eam
478 920 610 946 infinitam
623 928 712 946 rerum
725 920 850 945 innume-

55 959 192 985 rabilium.
232 958 318 990 Quam
338 958 450 993 quidem
469 957 541 984 Plato
560 957 769 983 recordationem
791 965 849 983 esse

54 995 112 1022 vult
126 996 274 1030 superioris
289 996 370 1022 vitae.
413 996 480 1021 Nam
492 995 519 1021 in
532 994 578 1021 illo
591 995 671 1026 libro,
690 995 738 1029 qui
753 995 850 1020 inscri-

54 1033 126 1059 bitur
137 1033 246 1064 Menon,
265 1034 406 1068 pusionem
418 1032 563 1067 quemdam
575 1033 695 1058 Socrates
707 1033 850 1067 interrogat

53 1070 186 1105 quaedam
197 1071 357 1105 geometrica
369 1070 401 1096 de
413 1070 581 1096 dimensione
593 1069 727 1104 quadrati.
768 1069 808 1095 Ad
820 1078 850 1095 ea

53 1108 93 1134 sic
106 1107 150 1134 ille
164 1108 320 1142 respondet,
338 1112 367 1134 ut
381 1116 461 1142 puer:
479 1111 505 1133 et
516 1112 603 1133 tamen
617 1107 652 1133 ita
664 1107 755 1133 faciles
767 1108 851 1133 inter-

54 1145 204 1181 rogationes
220 1150 295 1176 sunt,
314 1149 343 1171 ut
357 1145 488 1180 gradatim
506 1144 672 1178 respondens
684 1144 778 1170 eodem
789 1153 851 1179 per-

54 1183 157 1213 veniat,
175 1191 241 1217 quo,
260 1183 283 1208 si
297 1183 457 1217 geometrica
473 1181 622 1208 didicisset.
663 1182 705 1207 Ex
715 1190 768 1216 quo
779 1181 850 1207 effici

54 1219 113 1246 vult
123 1219 252 1250 Socrates,
268 1224 296 1246 ut
307 1219 410 1245 discere
422 1218 491 1245 nihil
503 1218 577 1245 aliud
589 1220 632 1249 sit,
641 1219 694 1245 nisi
706 1219 848 1245 recordari.

53 1256 139 1289 Quem
162 1256 250 1282 locum
271 1256 355 1283 multo
375 1258 455 1283 etiam
476 1257 627 1282 accuratius
645 1256 762 1291 explicat
778 1257 804 1283 in
820 1265 851 1282 eo

54 1302 189 1325 sermone,
208 1302 290 1328 quem
301 1294 396 1320 habuit
406 1302 436 1320 eo
449 1295 507 1328 ipso
519 1293 576 1323 dic,
593 1302 646 1328 quo
657 1294 772 1320 excessit
784 1303 797 1319 e
809 1294 851 1319 vi—

54 1336 92 1358 ta:
114 1331 190 1357 docet
205 1332 292 1362 enim,
310 1332 449 1366 quemvis,
468 1331 515 1366 qui
531 1331 653 1357 omnium
670 1340 759 1357 rerum
775 1331 850 1357 rudis

53 1377 112 1395 esse
125 1368 256 1400 videatur,
271 1369 338 1395 bene
351 1369 525 1403 interroganti
537 1368 752 1402 respondentem,
761 1368 851 1394 decla—

54 1415 124 1437 rare,
143 1414 171 1432 se
184 1415 235 1432 non
247 1410 303 1432 tum
317 1406 363 1432 illa
375 1406 491 1437 discere,
509 1405 557 1432 sed
568 1406 765 1432 reminiscendo
777 1414 851 1432 reco-

53 1452 195 1479 gnoscere:
215 1452 263 1469 nec
277 1452 340 1470 vero
357 1444 414 1469 sieri
427 1443 482 1469 ullo
493 1443 572 1469 modo
583 1452 674 1477 posse,
694 1448 746 1470 uta
759 1444 850 1478 pueris

54 1485 91 1507 tot
102 1489 191 1507 rerum
203 1485 282 1516 atque
293 1485 425 1507 tantarum
441 1481 535 1507 insitas
549 1485 575 1506 et
588 1481 666 1515 quasi
681 1481 851 1515 consignatas

54 1519 81 1544 in
94 1519 192 1544 animis
209 1519 343 1550 notiones,
361 1527 429 1553 quas
441 1519 540 1548 ἐννοίας
551 1522 659 1548 vocant,
678 1518 849 1548 haberemus,
873 1528 874 1536 ι

55 1556 107 1581 nisi
121 1556 238 1586 animus,
247 1560 390 1590 antequam
402 1557 429 1582 in
441 1564 538 1590 corpus
551 1555 713 1586 intravisset,
723 1555 749 1581 in
762 1564 851 1581 rerum

53 1593 205 1629 cognitione
222 1593 362 1628 viguisset.
403 1595 445 1620 58.
467 1592 611 1627 Quumque
631 1592 698 1619 nihil
717 1597 800 1623 esset,
823 1597 853 1619 ut

53 1630 181 1657 omnibus
194 1630 258 1656 locis
270 1630 397 1657 aPlatone
408 1631 559 1661 disseritur,
568 1630 646 1665 (nihil
659 1630 730 1656 enim
744 1630 788 1656 ille
800 1639 852 1665 pu-

55 1672 91 1694 tat
105 1676 177 1699 esse,
195 1667 268 1703 quod
283 1668 384 1694 oriatur
399 1673 424 1694 et
440 1669 563 1698 intereat,
583 1667 664 1702 idque
681 1667 768 1694 solum
780 1676 848 1699 esse,

54 1705 126 1740 quod
137 1713 244 1740 semper
255 1704 305 1732 tale
316 1706 359 1736 sit,
368 1705 448 1740 quale
460 1705 531 1732 ἰδέαν
543 1705 660 1740 appellat
672 1705 726 1735 ille,
736 1714 783 1731 nos
794 1714 851 1738 spe—

54 1742 141 1777 ciem:)
161 1751 212 1769 non
229 1743 316 1777 potuit
331 1743 438 1769 animus
461 1742 525 1768 haec
546 1743 573 1768 in
597 1751 706 1777 corpore
728 1742 850 1769 inclusus

54 1788 210 1815 agnoscere:
234 1781 340 1815 cognita
360 1780 458 1807 attulit.
499 1781 539 1806 Ex
557 1788 611 1815 quo
630 1784 683 1806 tam
704 1780 850 1807 multarum

54 1825 143 1843 rerum
155 1817 316 1853 cognitionis
328 1817 468 1844 admiratio
481 1817 592 1844 tollitur.
626 1818 720 1852 Neque
732 1826 760 1843 ea
773 1817 851 1852 plane

55 1854 128 1880 videt
138 1855 255 1886 animus,
271 1863 356 1890 quum
368 1859 476 1890 repente
488 1855 515 1881 in
528 1859 580 1881 tam
592 1854 731 1882 insolitum
744 1860 851 1890 tamque

54 1892 239 1925 perturbatum
256 1892 425 1919 domicilium
441 1893 620 1928 immigravit,
638 1892 700 1923 sed,
720 1902 806 1927 quum
822 1901 851 1919 se

54 1928 162 1964 collegit
173 1933 252 1963 atque
264 1930 401 1959 recreavit.
416 1934 472 1956 tum
483 1930 604 1965 agnoscit
617 1929 661 1955 illa
675 1931 851 1956 reminiscen-

54 1965 98 1991 do.
138 1967 180 1992 59.
203 1966 239 1992 lta
260 1966 329 1992 nihil
350 1966 424 1993 aliud
440 1971 479 1993 est
494 1967 612 1998 discere,
635 1968 688 1994 nisi
706 1967 849 1994 recordari.

54 2003 110 2038 Ego
131 2007 220 2029 autem
240 2003 340 2029 maiore
360 2004 440 2030 etiam
460 2003 578 2038 quodam
597 2004 676 2031 modo
695 2006 850 2031 memoriam

54 2040 181 2066 admiror.
221 2040 292 2072 Quid
303 2045 343 2067 est
354 2041 425 2067 enim
438 2040 519 2072 illud,
533 2049 586 2076 quo
599 2042 792 2068 meminimus?
807 2047 852 2068 aut

54 2086 136 2112 quam
147 2077 227 2104 habet
238 2077 312 2104 vim‘?
323 2083 368 2104 aut
379 2078 450 2104 unde
462 2077 568 2105 natam‘?
580 2079 636 2105 Non
648 2087 756 2113 quaero,
765 2088 852 2113 quan-

54 2119 79 2141 ta
94 2115 221 2141 memoria
233 2115 388 2141 Simonides
401 2115 485 2141 fuisse
496 2115 609 2146 dicatur,
623 2121 722 2151 quanta
729 2116 852 2143 Theode—

54 2157 122 2183 ctes,
140 2156 239 2187 quanta
256 2153 293 2183 is,
310 2153 358 2187 qui
374 2161 387 2179 a
400 2153 500 2188 Pyrrho
513 2152 616 2189 legatus
627 2153 659 2179 ad
675 2158 798 2180 senatum
812 2158 852 2180 est

55 2189 170 2220 missus,
188 2190 306 2225 CyneaS,
328 2194 427 2224 quanta
444 2199 530 2224 nuper
544 2191 723 2222 Charmadas,
740 2196 849 2226 quzmta,

54 2227 102 2261 qui
119 2226 197 2253 modo
214 2226 276 2257 suit,
300 2227 428 2262 Scepsius
445 2227 623 2259 Meu-odorus,
644 2233 743 2263 quanta
763 2233 852 2255 noster

54 2264 225 2290 Hortensius:
248 2264 281 2290 de
296 2265 433 2290 communi
451 2264 591 2291 hominum
607 2266 734 2292 momoria
747 2265 848 2300 loquor,

54 2305 182 2327 eteorum
195 2302 325 2332 maxime,
344 2302 391 2336 qui
405 2302 430 2328 in
442 2301 534 2336 aliquo
549 2303 648 2328 maiore
659 2303 749 2330 studio
760 2308 785 2329 ct
796 2308 850 2329 arte

55 2342 209 2365 versantur:
227 2347 342 2373 quorum
357 2343 456 2374 quanta
468 2348 543 2365 mens
554 2340 601 2369 sit,
619 2339 730 2366 difficile
742 2345 782 2367 cst
792 2341 851 2367 txi-

55 2375 178 2402 stimat-e:
191 2376 225 2402 ita
240 2376 323 2402 multa
336 2377 526 2402 meminerunt.
559 2376 644 2403 XXV.
667 2379 708 2404 60.
730 2378 851 2409 Quorsus

55 2412 138 2448 igitur
149 2412 214 2439 hacc
224 2417 326 2448 spectat
336 2413 436 2440 oratio‘?
446 2415 519 2445 Quae
531 2414 566 2440 sit
577 2413 622 2439 illa
634 2415 675 2439 vis
687 2419 712 2440 et
723 2415 794 2440 unde
805 2415 849 2445 sit,

55 2449 262 2485 intelligendum
283 2455 357 2485 puto.
399 2452 455 2477 Non
474 2455 515 2477 est
529 2456 599 2477 certe
616 2459 663 2477 nec
677 2451 779 2482 cordis,
803 2460 851 2477 nec

55 2487 206 2522 sanguinis,
221 2496 268 2514 nec
279 2488 382 2514 cerebri
393 2497 441 2514 nec-
452 2492 610 2514 atoniorum.
641 2488 736 2514 Anima
748 2489 782 2515 sit
793 2489 851 2515 ani-

55 2532 117 2550 mus
133 2524 252 2560 ignisne,
268 2526 370 2551 nescio:
394 2534 442 2551 nec
459 2534 500 2551 me
517 2525 612 2560 pudet,
631 2530 659 2551 ut
676 2526 754 2556 istos,
776 2525 850 2552 fateri

56 2562 173 2591 nescire,
191 2562 263 2596 quod
274 2563 403 2589 nesciam.
444 2562 527 2593 lllud,
545 2563 568 2588 si
586 2562 640 2588 ulla
655 2562 705 2588 alia
717 2563 749 2588 dc
765 2572 791 2589 rc
802 2563 851 2589 oh-

56 2607 134 2625 scura
145 2598 278 2626 affirmare
289 2608 409 2634 possem,
423 2601 481 2626 sive
493 2601 581 2626 anima
593 2601 651 2626 sive
664 2601 735 2635 iguis
746 2601 780 2626 sit
792 2601 850 2626 uni-

56 2644 127 2666 mus,
141 2644 202 2662 eum
215 2636 330 2663 iurarem
341 2646 399 2663 esse
411 2637 546 2663 divinum.
587 2637 657 2669 Quid
669 2638 759 2663 onim?
772 2637 851 2663 obst·-

56 2681 100 2700 ero
115 2677 148 2704 te,
162 2677 263 2700 terrane
275 2674 324 2700 tibi
339 2679 384 2701 aut
396 2675 444 2701 hoc
457 2674 586 2701 nebuloso
597 2679 622 2701 ct
632 2674 780 2711 caliginoso
790 2684 851 2702 cac-

1215 142 1266 169 CA
1279 143 1309 169 P.
1340 144 1372 169 r’20
1392 158 1428 162 —-
1448 145 1489 170 26.
1627 146 1688 171 1053

899 211 924 238 lo
940 217 984 239 aut
999 217 1054 238 sata
1070 217 1115 239 aut
1129 218 1250 240 concreta
1266 214 1372 240 videtur
1386 219 1457 240 tanta
1472 215 1513 240 vis
1530 215 1691 241 memoriae?

898 250 935 280 Si,
949 250 1015 284 quid
1026 250 1130 281 sithoc,
1144 259 1196 277 non
1208 251 1297 277 vides:
1315 257 1348 282 at,
1362 251 1441 286 quale
1453 252 1496 282 sit,
1510 252 1596 278 vides.
1618 252 1645 278 Si
1658 261 1690 279 ne

899 286 925 312 id
937 287 1062 321 quidem:
1080 292 1114 318 at,
1127 293 1258 322 quantum
1269 289 1312 319 sit,
1329 288 1446 323 profecto
1456 289 1543 316 vides.
1565 291 1606 316 61.
1619 290 1690 322 Quid

899 323 999 359 igitur?
1031 329 1121 350 utrum
1136 327 1309 359 capacitatem
1325 326 1443 361 aliquam
1460 327 1487 352 in
1504 327 1593 353 animo
1612 332 1692 362 puta-

899 370 959 387 mus
975 370 1042 392 esse,
1057 370 1120 396 quo,
1133 367 1269 397 tamquam
1285 364 1311 389 in
1323 363 1432 398 aliquod
1445 373 1491 390 vas
1503 373 1541 394 ea,
1554 373 1623 399 quae
1635 373 1693 390 me-

899 399 1043 429 minimus,
1062 398 1255 426 infundantur?
1270 400 1425 426 Absurdum
1440 401 1466 426 id
1478 401 1599 435 quidem.
1640 401 1692 433 Qui

899 436 971 461 enim
988 435 1088 461 fundus
1104 442 1149 462 aut
1164 446 1232 471 quae
1248 438 1307 463 talis
1323 439 1406 464 animi
1423 438 1507 473 ligura
1520 438 1633 474 intelligi
1645 447 1693 473 po-

899 472 966 499 test‘?
986 477 1031 498 aut
1046 482 1114 507 quae
1130 478 1200 500 tanta
1216 476 1325 501 omnino
1340 475 1491 510 capacitas?
1504 477 1544 502 An
1561 477 1690 511 imprimi,

899 510 976 544 quasi
988 518 1085 541 ceram,
1098 512 1217 537 animum
1229 517 1364 546 putamus,
1381 518 1405 539 et
1417 514 1573 539 memoriam
1585 522 1644 539 esse
1655 514 1693 539 si-

899 552 1039 582 gnatarum
1052 556 1140 573 rerum
1153 549 1179 574 in
1192 554 1279 575 mente
1287 550 1417 585 vestigia‘.>
1427 550 1498 582 Quae
1511 556 1623 585 possunt
1633 559 1694 577 ver-

900 584 1004 615 borum,
1013 593 1081 619 quae
1089 594 1177 611 rerum
1190 587 1309 620 ipsarum
1320 596 1378 613 esse
1391 587 1522 623 vestigia?
1536 596 1604 623 quae
1616 596 1694 622 porro

900 626 952 647 tam
965 622 1095 648 immensa
1107 624 1278 658 magnitudo,
1295 633 1363 659 quae
1381 624 1426 650 illa
1440 630 1493 651 tam
1510 626 1592 652 multa
1609 625 1694 660 possit

899 658 1045 693 effingere?
1055 659 1144 691 Quid'?
1158 660 1202 686 illa
1216 662 1258 686 vis
1270 670 1338 695 quae
1351 662 1458 688 tandem
1469 667 1521 693 est,
1536 671 1604 697 quae
1618 663 1695 689 inve-

899 697 980 731 stigat
989 696 1179 732 occulta,quae
1192 698 1310 724 inventio
1317 704 1395 733 atque
1407 700 1567 735 excogitatio
1578 699 1695 726 dicitur?

899 733 939 759 Ex
952 733 1035 759 hacne
1046 734 1095 760 tibi
1107 739 1209 761 terrena
1221 736 1378 770 mortalique
1391 737 1619 763 naturaetcaduca
1630 746 1694 763 con-

899 775 969 796 creta
980 779 1009 796 ea
1022 771 1146 797 videtur‘?
1166 774 1207 799 62.
1224 773 1276 799 Aut
1291 775 1338 807 qui
1353 774 1470 807 primus,
1488 774 1561 808 quod
1573 782 1694 800 summae

900 808 1047 842 sapientiae
1058 808 1221 844 Pythagorae
1234 811 1323 836 visum
1338 815 1389 841 est,
1407 811 1534 837 omnibus
1550 811 1630 837 rebus
1642 813 1694 837 ini-

900 845 990 879 posuit
1004 845 1129 871 nomina‘?
1144 852 1189 873 aut
1199 847 1246 881 qui
1258 847 1403 882 dissipatos
1415 848 1537 874 homines
1548 857 1695 883 congrega-

901 883 940 908 vit
955 887 980 908 et
995 882 1027 908 ad
1043 883 1197 909 societatem
1213 886 1282 910 vitae
1298 884 1471 911 convocavit?
1492 890 1536 911 aut
1551 887 1599 920 qui
1615 894 1694 911 sonos

901 920 988 949 vocis,
1001 920 1048 954 qui
1062 920 1159 946 infiniti
1172 921 1345 952 videbantur,
1359 923 1453 956 paucis
1466 922 1613 948 litterarum
1626 924 1695 949 notis

901 956 1071 983 terminavit?
1086 962 1131 984 aut
1145 959 1192 992 qui
1208 960 1355 985 errantium
1370 959 1508 985 stellarum
1524 969 1633 991 cursus,
1655 969 1696 986 re-

900 995 1052 1029 gressiones
1060 994 1079 1026 *‚
1094 995 1261 1021 institiones*
1270 996 1387 1023 notavit?
1397 1006 1489 1023 omnes
1497 998 1601 1032 magni:
1616 998 1695 1023 etiam

901 1032 1067 1066 superiores,
1084 1033 1132 1067 qui
1149 1032 1252 1068 fruges,
1271 1035 1318 1068 qui
1330 1035 1469 1065 vestitum,
1491 1036 1538 1069 qui
1551 1040 1629 1063 tecta,
1648 1035 1695 1069 qui

901 1069 1004 1095 cultum
1015 1070 1094 1100 vitae,
1107 1071 1154 1105 qui
1166 1071 1299 1105 praesidia
1311 1077 1401 1098 contra
1413 1071 1481 1098 seras
1494 1073 1667 1098 invenerunt:
1682 1082 1695 1098 a

902 1107 1003 1141 quibus
1016 1107 1192 1134 mansuefacti
1203 1113 1228 1134 et
1241 1108 1355 1140 exculti,
1372 1118 1385 1135 a
1402 1111 1560 1135 necessariis
1576 1110 1696 1135 artiticiis

902 1144 935 1169 ad
946 1144 1107 1179 elegantiora
1119 1145 1293 1172 defluximus.
1335 1147 1401 1172 Nam
1417 1151 1442 1173 et
1457 1147 1569 1173 auribus
1579 1146 1697 1173 oblecta-

903 1182 938 1208 tio
949 1190 1044 1217 magna
1057 1187 1130 1216 parta
1142 1188 1194 1214 est,
1211 1183 1319 1209 inventa
1335 1189 1361 1210 et
1376 1189 1520 1218 temperata
1532 1185 1658 1210 varietate
1672 1189 1698 1210 et

903 1223 995 1245 natura
1012 1228 1151 1252 sonorum,
1175 1224 1280 1247 etastra
1291 1222 1480 1255 suspeximus,
1499 1226 1555 1248 tum
1567 1230 1609 1251 ea,
1627 1230 1697 1256 quae

902 1261 965 1282 sunt
979 1256 1060 1283 infixa
1072 1258 1151 1283 certis
1164 1257 1242 1289 locis,
1260 1262 1316 1284 tum
1330 1258 1374 1284 illa
1386 1268 1437 1285 non
1450 1268 1490 1289 re,
1507 1259 1554 1285 sed
1567 1258 1697 1285 vocabulo

902 1295 1026 1320 errantia.
1062 1294 1181 1326 Quorum
1192 1296 1380 1321 conversiones
1391 1304 1538 1331 omnesque
1550 1301 1638 1322 motus
1649 1297 1698 1331 qui

903 1332 992 1357 animo
1004 1331 1079 1362 vidit,
1098 1333 1119 1357 is
1131 1332 1222 1359 docuit
1232 1332 1349 1358 similem
1361 1334 1481 1359 animum
1493 1343 1573 1359 suum
1585 1335 1643 1359 eius
1655 1342 1698 1359 es-

902 1377 944 1399 se,
960 1369 1009 1403 qui
1025 1378 1054 1395 ea
1070 1368 1215 1396 fabricatus
1227 1375 1297 1396 esset
1309 1371 1334 1396 in
1346 1370 1428 1397 caelo.
1469 1373 1511 1397 63.
1534 1372 1600 1397 Nam
1612 1379 1697 1405 quum

903 1406 1077 1432 Archimedes
1091 1407 1177 1437 lunae,
1191 1407 1265 1438 solis,
1278 1408 1399 1442 quinque
1411 1409 1556 1434 errantium
1570 1414 1657 1434 motus
1670 1409 1696 1434 in

903 1443 1044 1477 sphaeram
1060 1443 1188 1479 illigavit,
1204 1444 1290 1471 effecit
1302 1445 1383 1475 idem,
1396 1445 1468 1480 quod
1482 1445 1540 1475 ille,
1553 1446 1600 1480 qui
1614 1446 1638 1471 in
1654 1446 1698 1471 Ti-

904 1489 978 1507 maeo
990 1481 1122 1507 mundum
1134 1481 1293 1512 aedificavit,
1308 1482 1425 1509 Platonis
1439 1482 1520 1513 deus,
1535 1488 1564 1509 ut
1576 1482 1697 1509 tarditate

903 1522 928 1544 et
941 1517 1075 1544 celeritate
1091 1518 1291 1545 dissimillimos
1308 1525 1395 1545 motus
1408 1528 1459 1546 una
1472 1525 1573 1555 regeret
1585 1528 1698 1546 conver—

903 1555 952 1581 sio.
993 1555 1070 1587 Quod
1085 1556 1109 1582 si
1125 1557 1152 1582 in
1164 1556 1212 1582 hoc
1227 1556 1327 1583 mundo
1339 1557 1395 1583 fieri
1407 1558 1464 1583 sine
1476 1557 1526 1583 deo
1539 1566 1588 1583 non
1602 1562 1696 1591 potest,

903 1601 935 1618 ne
948 1593 975 1618 in
987 1593 1099 1627 sphaera
1111 1593 1222 1628 quidem
1234 1594 1341 1620 eosdem
1354 1599 1441 1621 motus
1453 1595 1628 1620 Archimedes
1640 1595 1698 1620 sine

903 1630 997 1656 divino
1018 1631 1127 1665 ingenio
1147 1631 1278 1666 potuisset
1299 1633 1408 1658 imitari.
1449 1632 1545 1658 XXVI.
1568 1633 1608 1658 Gi.
1633 1632 1698 1657 Mihi

904 1676 966 1694 vcro
988 1676 1019 1693 nc
1042 1668 1106 1695 haec
1120 1668 1232 1703 quidem
1249 1670 1348 1695 notiora
1365 1674 1389 1696 et
1407 1669 1550 1695 illustriora
1566 1678 1654 1695 carcre
1673 1670 1698 1694 vi

903 1705 995 1731 divina
1013 1705 1150 1736 videntur,
1168 1711 1195 1732 ut
1209 1715 1258 1741 ego
1271 1712 1315 1733 aut
1326 1711 1429 1741 poetam
1441 1716 1521 1742 grave
1534 1706 1699 1741 plenumque

903 1751 1009 1769 carnion
1031 1743 1088 1769 sine
1110 1743 1218 1770 caelesti
1239 1743 1329 1779 aliquo
1349 1745 1445 1770 mentis
1463 1745 1590 1770 instinctu
1608 1749 1698 1778 putem

905 1780 1025 1811 sundere,
1035 1786 1080 1807 aut
1091 1781 1271 1816 eloquentiam
1284 1782 1342 1807 sinc
1355 1783 1380 1807 vi
1393 1783 1491 1807 maiore
1503 1782 1618 1816 quadam
1633 1780 1698 1807 ssuc-

904 1826 943 1849 re,
960 1818 1141 1844 abundantem
1159 1819 1317 1845 sonantibus
1335 1819 1424 1845 verbis
1441 1819 1626 1853 uberibusque
1637 1827 1699 1844 scn-

904 1856 1004 1882 tentiis.
1045 1856 1218 1890 Philosophia
1242 1866 1317 1887 vcro,
1342 1857 1465 1882 munium
1487 1862 1569 1882 mater
1590 1856 1697 1885 artium,

903 1893 970 1928 quid
982 1898 1022 1920 est
1033 1892 1116 1924 aliud,
1131 1894 1196 1923 nisi,
1212 1899 1240 1920 ut
1251 1894 1323 1920 Plato
1335 1895 1383 1923 ait,
1397 1893 1512 1921 donum2
1532 1899 1559 1919 ut
1575 1902 1639 1928 ego,
1659 1894 1699 1918 in-

904 1935 1014 1957 ventum
1035 1930 1166 1957 deorum?
1187 1932 1254 1957 llaec
1271 1940 1318 1957 nos
1335 1932 1452 1966 primum
1469 1931 1501 1957 ad
1519 1931 1625 1957 illorum
1641 1929 1700 1955 cul-

904 1973 970 1999 tum,
983 1968 1080 1994 deiude
1093 1968 1125 1994 ad
1138 1969 1179 1994 ius
1192 1969 1341 1999 hominum,
1350 1968 1422 2003 quod
1434 1969 1515 1995 situm
1529 1973 1567 1994 est
1580 1969 1606 1994 in
1618 1976 1700 2003 genc-

904 2006 940 2031 ris
957 2005 1069 2032 humani
1084 2007 1221 2036 societate,
1240 2012 1296 2033 tum
1312 2006 1344 2032 ad
1361 2006 1519 2032 modestiam
1534 2005 1700 2039 magnitudi-

904 2052 1019 2078 nemque
1036 2044 1118 2069 animi
1135 2043 1266 2074 erudivit;
1288 2043 1436 2078 eademque
1457 2043 1490 2069 ab
1506 2044 1608 2072 animo,
1633 2048 1700 2069 tam-

903 2089 984 2115 quam
997 2081 1029 2106 ab
1043 2080 1139 2111 oculis,
1152 2080 1296 2116 caliginem
1308 2081 1435 2115 dispulit,
1450 2085 1479 2106 ut
1489 2081 1578 2107 onmia
1591 2088 1697 2114 supera.

905 2117 997 2148 infera,
1012 2118 1111 2152 prima,
1126 2117 1234 2148 ultima,
1253 2118 1341 2144 media
1354 2117 1518 2144 videremus.
1559 2119 1600 2143 (3:5.
1624 2118 1699 2143 l'ror—

903 2163 950 2180 sus
966 2155 1030 2180 haec
1041 2155 1134 2180 divina
1147 2155 1214 2181 inihi
1228 2155 1334 2181 videtur
1345 2155 1400 2185 vis,
1416 2164 1485 2189 quac
1502 2159 1536 2181 tot
1549 2163 1589 2180 rcs
1601 2154 1699 2180 estiriat

903 2197 928 2218 ot
943 2196 1037 2218 tuntas.
1078 2192 1149 2223 Quid
1165 2197 1204 2218 est
1225 2193 1297 2218 enim
1314 2193 1441 2218 memoria
1457 2201 1545 2218 rerum
1562 2197 1586 2217 et
1604 2191 1698 2217 verho-

904 2228 1057 2263 1·uin‘.'qui‹l
1071 2238 1147 2263 porro
1159 2229 1296 2255 inventio?
1308 2229 1425 2255 Profecto
1438 2229 1473 2257 iil,
1487 2238 1540 2263 quo
1553 2238 1599 2255 nec
1613 2229 1638 2254 in
1650 2228 1699 2253 deo

903 2266 1052 2300 quidquam
1070 2267 1156 2292 maius
1174 2266 1288 2301 intelligi
1305 2271 1399 2300 potest.
1440 2267 1496 2292 Non
1508 2268 1579 2292 enini
1593 2265 1698 2291 ambro-

903 2304 941 2329 sia
954 2303 1027 2333 dens,
1041 2308 1085 2329 aut
1098 2308 1201 2329 nectare
1210 2324 1215 2333 ,
1232 2308 1277 2329 aut
1290 2304 1424 2329 luventate
1437 2303 1530 2337 pocula
1544 2304 1698 2328 ministran-

904 2346 927 2366 ιιι
941 2340 1030 2366 lactari
1042 2341 1169 2370 arbitror,
1182 2349 1229 2366 nec
1242 2341 1384 2366 lloincrum
1397 2340 1486 2368 audio,
1502 2341 1549 2374 qui
1562 2341 1632 2374 (ian)
1643 2348 1698 2364 nu·-

902 2378 963 2403 ‹lem
975 2387 988 2403 a
1001 2377 1054 2403 diis
1066 2383 1171 2412 raptum
1183 2378 1218 2404 ait
1230 2382 1336 2412 propter
1348 2376 1472 2404 sornuun.
1491 2382 1519 2403 ut
1535 2378 1572 2402 lm
1583 2378 1588 2402 i
1606 2376 1698 2402 bibere

904 2415 1078 2441 ministraret:
1105 2424 1155 2441 uon
1174 2416 1241 2441 iusta
1253 2424 1361 2443 caussa.
1379 2423 1427 2440 cur
1440 2413 1610 2440 Laouwdouti
1628 2419 1696 2439 tituta

904 2453 977 2478 lieret
989 2453 1096 2478 iniuria.
1130 2452 1258 2486 Fingebat
1271 2452 1334 2478 hacc
1348 2452 1485 2479 llomcrus.
1499 2456 1523 2477 ct
1537 2450 1652 2476 humana
1664 2451 1696 2476 ad

902 2489 966 2515 deos
983 2489 1169 2515 transferebat:
1188 2489 1280 2515 divina
1298 2489 1404 2514 malleni
1420 2488 1452 2514 ad
1468 2497 1524 2513 nos.
1564 2490 1637 2519 Quae
1649 2497 1697 2514 au-

903 2531 954 2553 tem
973 2526 1085 2552 divina?
1104 2527 1214 2562 Vigcro,
1239 2535 1346 2561 sapere.
1371 2526 1505 2553 invenire.
1529 2526 1694 2551 meminisse.

904 2564 971 2598 lii-go
987 2564 1107 2594 unimus,
1125 2569 1153 2590 ut
1169 2572 1218 2598 ego
1229 2563 1302 2593 dii-o,
1320 2563 1430 2589 divinus
1442 2568 1494 2590 est:
1514 2567 1540 2588 ut
1553 2563 1696 2597 Euripides

902 2601 982 2627 nudet
993 2601 1081 2627 dicero
1090 2622 1095 2630 ,
1108 2601 1188 2627 deus:
1208 2606 1232 2627 et
1243 2600 1353 2635 quidem
1363 2621 1368 2629 .
1382 2601 1404 2626 si
1417 2600 1484 2626 deus
1495 2605 1540 2625 aut
1551 2601 1639 2626 anima
1652 2606 1698 2626 aut

903 2638 973 2671 ignis
985 2643 1033 2668 est.
1051 2638 1121 2664 idem
1133 2644 1172 2664 cst
1185 2639 1292 2664 unimus
1305 2638 1432 2664 hominis.
1475 2638 1539 2663 Nam
1553 2642 1580 2663 ut
1593 2637 1636 2663 illa
1650 2647 1697 2663 na—

903 2681 958 2702 tura
974 2675 1097 2703 caelestis
1112 2681 1137 2702 et
1153 2681 1219 2702 terra
1237 2680 1311 2702 meat
1325 2681 1349 2702 et
1362 2675 1486 2705 humore,
1503 2675 1541 2700 sic
1555 2675 1695 2710 utrius-qut·
