1941 3052
566 495 600 522 M.
645 493 843 523 TULLII

872 416 913 441 45.

888 491 1210 521 CICERONIS

854 586 927 605 PRO

493 658 528 695 P.
745 658 863 695 Ul

632 657 663 702 Q

1158 656 1172 692 Ι
1255 654 1286 692 Ο

944 657 973 694 Ν
1055 657 1082 693 Τ

721 750 1062 800 ORATIO.

126 1007 202 1028 ARG.
221 1007 246 1028 C.
263 1006 369 1031 Quintius
384 1007 413 1033 (s.
424 1006 554 1034 Quinctius)
565 1007 628 1027 homo
637 1007 664 1027 de
673 1006 738 1034 plebe
747 1007 831 1026 urbana
840 1006 864 1026 in

72 1042 149 1064 Gallia
162 1042 255 1070 amplam
264 1041 358 1063 habebat
366 1049 412 1063 rem
421 1042 527 1063 rusticam
537 1045 559 1062 et
568 1042 700 1069 pecuariam,
712 1044 734 1062 et
743 1041 795 1062 Sex.
806 1041 864 1062 Nae-

71 1077 131 1098 vium
148 1084 276 1105 praeconem
292 1084 373 1102 earum,
392 1084 447 1104 quae
463 1077 487 1097 in
501 1076 576 1097 Gallia
587 1078 776 1104 comparabantur,
793 1083 865 1096 rerum

73 1112 163 1137 aucium,
175 1119 239 1139 quum
249 1115 340 1140 repente
348 1115 446 1133 mortuus
457 1113 482 1134 P.
494 1112 610 1137 Quintium
621 1112 711 1132 fratrem
720 1112 821 1132 heredem
831 1118 863 1131 re-

71 1147 139 1175 liquit
153 1150 283 1168 tentamento
297 1147 433 1168 institutum.
464 1148 499 1168 lta
513 1147 625 1168 dissoluta
635 1147 742 1168 societate
756 1150 778 1167 et
788 1146 829 1166 lite
839 1146 866 1166 de

71 1183 180 1204 cummuni
196 1183 317 1204 dividundo
337 1186 385 1204 orta
402 1183 459 1203 alter
478 1183 570 1203 alterum
585 1183 684 1203 vadatur.
720 1183 745 1203 P.
758 1181 865 1206 Quintius

71 1225 95 1240 re
113 1218 184 1239 dilata
199 1219 312 1246 profectus
327 1219 351 1239 in
361 1218 457 1239 Galliam
468 1225 481 1238 a
490 1218 542 1239 Sex.
554 1218 639 1239 Naevio
650 1217 773 1238 vadimonii
782 1215 865 1237 deserti

70 1255 96 1274 sit
106 1261 156 1274 rens
166 1254 191 1274 L.
202 1253 307 1281 Scipione
317 1255 341 1275 C.
353 1254 457 1274 Norbano
464 1254 527 1274 Coss.
539 1253 637 1274 Naevius
648 1254 673 1274 P.
683 1251 786 1273 Burrieni
800 1257 863 1278 prae-

71 1289 128 1310 toria
144 1289 230 1310 decreto
240 1289 298 1309 bona
308 1291 413 1316 occupata
422 1289 515 1313 triginta
525 1288 573 1309 «lies
583 1288 720 1316 possederat,
732 1287 865 1307 eorumdem-

72 1331 114 1351 que
132 1324 255 1345 auctionem
273 1323 317 1344 ium
335 1323 455 1344 certamin
469 1323 526 1344 diem
549 1323 704 1348 constituerat,
728 1329 793 1349 quum
811 1322 864 1342 Sex.

71 1359 194 1386 Alpheuua,
215 1358 305 1383 Quintii
323 1365 347 1379 ue
360 1362 522 1386 procuratorem
536 1359 664 1386 professus.
681 1359 705 1378 L.
727 1358 794 1378 Bruto
813 1356 865 1377 trib.

71 1393 101 1421 pl.
113 1394 231 1414 adiuvante
237 1393 313 1418 efficit,
321 1397 345 1414 ut
351 1393 457 1417 Quintius
463 1394 528 1414 iuius
534 1397 630 1414 vocetur.
642 1393 709 1414 Venit
716 1393 865 1419 ld.Septenu›.

72 1429 98 1449 ad
118 1431 143 1450 P.
163 1428 303 1450 Dolabellam
322 1432 391 1456 praet.
410 1430 459 1450 urb.
473 1430 503 1450 M.
515 1429 598 1450 nacula
612 1430 652 1449 Cn.
667 1427 786 1449 Dolabella
800 1428 864 1448 Coss.

71 1464 171 1485 'ru-adem
189 1464 297 1484 iudicium
311 1464 468 1490 constituitur,
488 1465 524 1485 cui
544 1465 582 1491 qui
600 1467 688 1491 praeest
706 1464 731 1484 C.
751 1461 865 1489 Aquillius

71 1499 151 1520 Gallus
169 1499 193 1519 iu
212 1499 330 1520 consilium
345 1499 436 1520 adhibet
451 1500 481 1520 M.
496 1499 632 1524 Marcellum,
652 1500 679 1520 P.
696 1497 830 1522 Quintilium
845 1499 866 1517 et

70 1535 95 1555 L.
111 1533 235 1555 Lucullum.
265 1534 342 1555 Coram
357 1534 393 1555 hi·
407 1541 433 1555 ea
451 1541 530 1555 caussa
545 1537 594 1555 acta
607 1537 641 1554 est
651 1535 681 1554 M.
692 1533 771 1554 Tullia
782 1531 866 1553 Der-ula

71 1569 111 1590 Cn.
122 1568 241 1590 Dolabella
255 1569 319 1590 Coss.
330 1570 388 1595 (673.
399 1577 420 1596 p.
431 1569 458 1590 U.
470 1571 501 1596 c.)
512 1570 613 1590 Ceterum
624 1576 667 1589 nun
679 1575 770 1596 prorsus
780 1567 866 1592 integra

71 1606 106 1625 est
115 1603 168 1625 haec
178 1604 261 1625 oratio:
276 1607 370 1625 atununi
380 1604 442 1625 modu
449 1604 627 1632 idqueperbreve
633 1604 777 1629 fragmentum
784 1606 865 1623 exstat.

126 1679 146 1705 1.
163 1680 186 1704 l.
203 1673 282 1711 Quae
296 1679 376 1704 resin
386 1678 491 1704 civitate
501 1678 569 1704 duae
580 1677 728 1713 plurimum
740 1682 864 1713 possunt,

71 1716 120 1742 hae
132 1719 222 1743 contra
236 1725 283 1742 nos
297 1715 390 1742 ambae
401 1715 502 1742 faciunt
514 1716 543 1742 in
557 1715 606 1742 hoc
620 1720 746 1750 tempore,
760 1723 865 1741 summa

70 1753 154 1789 gratia
178 1757 204 1779 et
226 1752 389 1788 eloquentia:
424 1761 540 1788 quarum
559 1753 682 1784 alteram,
703 1753 731 1779 C.
752 1752 863 1787 Aquilli,

71 1798 171 1822 vereor,
192 1789 301 1817 alteram
319 1794 418 1816 metuo.
458 1790 616 1826 Eloquentia
634 1790 666 1822 Q.
686 1790 818 1816 Hortensii
834 1798 866 1815 ne

71 1836 114 1854 me
134 1828 161 1854 in
175 1827 288 1854 dicendo
305 1827 446 1862 impediat,
467 1827 588 1854 nonnihil
602 1836 783 1854 commoveor:
806 1836 866 1863 gra-

71 1865 106 1891 tia
129 1864 190 1891 Sex.
217 1865 310 1892 Naevii
334 1874 366 1891 ne
384 1865 412 1891 P.
431 1865 539 1897 Quintio
563 1869 667 1896 noceat,
688 1865 715 1891 id
735 1873 796 1891 vero
814 1873 865 1891 non

71 1901 238 1928 mediocriter
260 1902 427 1937 pertimesco.
467 1904 492 1930 2.
521 1903 613 1937 Neque
632 1902 681 1928 hoc
699 1906 770 1928 tanto
788 1910 866 1937 opere

70 1939 238 1974 querendum
253 1939 397 1971 videretur,
414 1940 478 1966 haec
492 1948 597 1966 summa
610 1941 638 1966 in
652 1939 706 1966 illis
721 1947 788 1971 esse,
802 1940 824 1965 si
839 1940 865 1965 in

71 1976 148 2003 nobis
171 1980 261 2003 essent
283 1976 376 2004 saltem
400 1977 553 2003 mediocria.
598 1977 696 2004 Verum
719 1977 755 2003 ita
778 1985 807 2003 se
824 1985 865 2003 res

70 2013 159 2046 habet,
180 2018 211 2041 ut
230 2022 287 2050 ego,
304 2015 351 2049 qui
366 2022 452 2049 neque
467 2023 518 2040 usu
533 2015 597 2040 satis
612 2019 637 2040 et
651 2014 757 2049 ingenio
771 2023 866 2049 parum

71 2059 196 2086 possum,
225 2060 287 2078 cum
313 2055 422 2086 patrono
448 2051 626 2078 disertissimo
651 2059 801 2086 comparer:
836 2051 864 2078 P.

70 2087 206 2120 Quintius,
221 2088 266 2115 cui
283 2092 376 2115 tenues
393 2097 466 2124 opes,
483 2088 571 2115 nullae
585 2088 731 2120 facultates,
756 2089 867 2124 exiguae

71 2127 218 2152 amicorum
237 2126 327 2160 copiae
345 2130 417 2157 sunt,
433 2135 495 2152 cum
509 2126 660 2153 adversario
673 2126 867 2161 gratiosissimo

71 2163 218 2190 contendat.
259 2165 283 2189 3.
304 2162 373 2189 lllud
391 2171 499 2198 quoque
514 2163 590 2190 nobis
605 2163 706 2190 accedit
719 2163 866 2190 incommo-

71 2199 146 2231 dum,
162 2200 235 2235 quod
249 2200 284 2226 M.
299 2201 402 2231 lunius,
415 2201 463 2235 qui
475 2201 542 2227 hanc
552 2209 684 2232 caussam,
698 2200 864 2236 Aquilli,ali-

71 2238 176 2272 quoties
194 2237 266 2272 apud
281 2242 304 2264 te
323 2238 384 2273 egit.
402 2237 481 2264 homo
494 2242 519 2264 et
533 2238 559 2264 in
574 2238 634 2264 aliis
647 2239 750 2264 caussis
765 2239 861 2265 exerci-

72 2278 142 2301 tatus
165 2279 190 2301 et
213 2275 240 2301 in
260 2275 308 2301 hac
326 2275 442 2301 multum
460 2279 486 2301 et
503 2283 582 2310 saepe
600 2280 721 2302 versatus
736 2275 785 2302 hoc
799 2280 865 2302 tem-

72 2320 135 2347 pore
148 2312 230 2343 abest,
252 2321 319 2339 nova
335 2312 463 2347 legatione
477 2313 637 2347 impeditus:
660 2317 685 2339 et
699 2312 730 2339 ad
746 2321 787 2339 me
802 2322 866 2339 vcn-

72 2353 130 2375 tum
154 2353 202 2381 est,
227 2350 284 2385 qui,
311 2354 339 2376 ut
357 2358 462 2376 summa
481 2350 606 2376 haberem
624 2354 721 2382 cetera,
739 2350 866 2385 temporis

73 2386 183 2421 quidem
208 2391 278 2413 certe
303 2387 350 2413 vix
375 2387 439 2413 satis
466 2387 562 2418 habui,
587 2391 616 2413 ut
638 2395 693 2413 rem
712 2391 810 2414 tantam
829 2392 865 2413 tot

73 2424 260 2450 controversiis
278 2424 441 2459 implicatam
459 2433 565 2459 possem
580 2433 746 2459 cognoscere.
779 2425 802 2451 «ί.
819 2425 864 2455 Ita.

73 2460 145 2495 quod
160 2461 226 2487 mihi
240 2462 379 2488 consuevit
392 2462 419 2488 in
433 2462 527 2488 ceteris
541 2462 643 2488 caussis
657 2470 716 2488 esse
727 2461 863 2488 adiumen-

75 2502 109 2528 to,
135 2497 162 2524 id
180 2506 288 2533 quoque
304 2499 332 2525 in
347 2499 396 2525 hac
409 2507 503 2525 caussa
517 2499 615 2525 deficit.
656 2499 732 2530 Nam,
748 2507 802 2534 quo
816 2499 867 2525 mi-

75 2542 125 2561 nus
140 2535 247 2571 ingenio
260 2544 380 2571 possum=
397 2536 519 2562 subsidio
534 2536 600 2562 mihi
614 2535 780 2571 diligentiam
795 2544 868 2562 com-

75 2572 179 2606 paravi:
201 2581 270 2608 quae
286 2577 385 2608 quanta
403 2574 447 2605 sit,
464 2574 515 2600 nisi
530 2578 636 2608 tempus
650 2578 676 2599 et
689 2574 806 2608 spatium
821 2573 868 2599 da-

75 2613 132 2635 tum
150 2609 192 2641 sit,
213 2610 327 2646 intelligi
346 2619 398 2637 non
413 2615 507 2646 potest.
548 2610 620 2643 Quae
634 2619 689 2646 quo
703 2610 779 2645 plura
793 2615 864 2642 sunt.

76 2645 104 2672 C.
124 2646 235 2682 Aquilli,
255 2655 286 2674 eo
304 2652 328 2674 te
345 2652 371 2674 et
389 2648 445 2680 hos,
465 2649 513 2683 qui
530 2648 578 2675 tibi
593 2648 620 2674 in
634 2647 745 2674 consilio
759 2648 864 2679 adsunt,

76 2682 178 2711 meliori
209 2689 296 2712 mente
322 2689 409 2713 nostra
436 2686 516 2713 verba
542 2685 634 2712 audire
660 2685 803 2721 oportebit:
839 2690 867 2712 ut

917 1005 1009 1033 multis
1031 1005 1208 1032 incommodis
1229 1006 1325 1032 veritas
1343 1005 1478 1032 debilitata
1493 1006 1598 1032 tandem
1618 1006 1709 1041 aequi-

917 1048 967 1070 tate
991 1043 1084 1069 talium
1106 1044 1225 1070 virorum
1243 1047 1383 1069 recreetur.
1417 1045 1442 1070 5.
1458 1042 1534 1075 Quod
1548 1044 1571 1070 si
1585 1048 1613 1070 tu
1628 1043 1710 1070 iudex

917 1081 991 1107 nullo
1014 1081 1146 1115 praesidio
1169 1080 1253 1107 fuisse
1276 1080 1401 1106 videbere
1426 1085 1515 1107 contra
1534 1081 1589 1107 vim
1608 1086 1633 1107 et
1650 1090 1710 1116 gra-

917 1119 980 1145 tiam
1004 1118 1143 1145 solitudini
1167 1122 1246 1153 atque
1264 1118 1381 1153 inopiae3
1416 1118 1439 1144 si
1463 1118 1534 1154 apud
1556 1118 1605 1144 hoc
1622 1119 1710 1144 consi-

918 1155 984 1182 lium
1008 1164 1041 1182 ex
1062 1156 1173 1190 opibus,
1199 1164 1251 1182 non
1275 1164 1308 1182 ex
1329 1156 1439 1182 veritate
1457 1164 1550 1182 caussa
1569 1155 1707 1190 pendetur,

916 1193 1033 1228 profecto
1051 1193 1118 1219 nihil
1136 1197 1176 1219 est
1188 1193 1241 1219 iam
1256 1197 1377 1219 sanctum
1391 1198 1470 1228 atque
1484 1193 1617 1219 sincerum
1633 1193 1658 1219 iu
1673 1193 1711 1219 ci-

917 1231 1011 1257 vitate:
1044 1230 1119 1261 nihil,
1140 1230 1212 1265 quod
1227 1230 1405 1256 humilitatem
1419 1231 1580 1265 cuiusquam
1594 1231 1709 1266 gravitas

917 1272 942 1294 et
963 1268 1048 1294 virtus
1071 1268 1168 1294 iudicis
1191 1267 1350 1294 consoletur.
1391 1267 1466 1294 Certe
1487 1272 1532 1294 aut
1554 1268 1625 1302 apud
1644 1273 1668 1294 te
1687 1273 1711 1294 et

917 1314 970 1337 eos,
994 1305 1042 1340 qui
1064 1305 1112 1331 tibi
1136 1305 1242 1336 adsunt,
1263 1305 1360 1331 veritas
1374 1304 1472 1331 valebit
1486 1309 1531 1331 aut
1545 1314 1577 1331 ex
1592 1305 1640 1331 hoc
1655 1304 1711 1331 loco

918 1342 1025 1377 repulsa
1049 1343 1075 1369 vi
1098 1347 1124 1369 et
1144 1342 1229 1378 gratia
1252 1342 1349 1373 locum,
1371 1342 1418 1369 ubi
1432 1343 1570 1373 consistat.
1596 1343 1711 1377 reperire

918 1389 969 1406 non
993 1380 1096 1414 poterit.
1137 1380 1168 1406 11.
1188 1380 1246 1406 Non
1265 1388 1295 1406 eo
1313 1379 1380 1410 dico.
1401 1379 1430 1406 C.
1450 1379 1560 1414 Aquilli,
1576 1388 1630 1415 quo
1645 1380 1710 1406 mihi

918 1418 1006 1443 veniat
1019 1418 1047 1443 in
1062 1417 1176 1443 dubium
1190 1421 1234 1443 tua
1249 1416 1314 1443 fides
1328 1422 1353 1443 et
1366 1418 1520 1447 constantia.
1533 1422 1578 1443 aut
1591 1425 1645 1451 quo
1659 1426 1711 1443 nou

917 1455 944 1480 in
960 1454 1009 1485 his,
1025 1463 1092 1489 quos
1104 1454 1153 1480 tibi
1167 1454 1309 1485 advocasti,
1327 1454 1391 1480 viris
1405 1454 1574 1480 electissimis
1585 1455 1708 1481 civitatis.

918 1500 994 1526 spem
1012 1500 1146 1517 summam
1165 1491 1262 1517 habere
1279 1491 1308 1517 P.
1324 1490 1449 1523 Quintius
1464 1491 1566 1517 debeat.
1601 1493 1625 1517 6,
1641 1491 1710 1523 Quid

918 1538 980 1564 ergo
994 1528 1051 1555 est‘?
1071 1529 1191 1555 Primum
1205 1528 1361 1564 magnitudo
1375 1528 1486 1563 periculi
1501 1537 1606 1555 summo
1618 1529 1711 1554 timore

920 1566 1055 1592 hominem
1074 1565 1163 1597 afficit,
1184 1566 1256 1601 quod
1271 1574 1324 1592 uno
1337 1566 1437 1592 iudicio
1451 1566 1483 1592 de
1499 1565 1611 1592 fortunis
1625 1567 1712 1592 omui-

919 1603 969 1629 bus
984 1603 1114 1636 decernit3
1135 1603 1218 1638 idque
1231 1603 1296 1629 dum
1310 1604 1415 1638 cogitat.
1433 1612 1484 1629 non
1499 1604 1588 1629 minus
1598 1612 1676 1637 saepe
1688 1604 1712 1629 ei

919 1642 991 1667 veuit
1014 1642 1041 1667 in
1064 1646 1180 1667 mentem
1206 1641 1356 1675 potestatis,
1377 1649 1457 1675 quam
1476 1641 1617 1675 aequitatis
1637 1645 1710 1668 tuae:

919 1682 1055 1713 propterea
1073 1678 1146 1713 quod
1163 1686 1264 1709 omues²
1286 1686 1400 1712 quorum
1416 1678 1442 1703 in
1457 1678 1565 1704 alterius
1580 1686 1660 1704 manu
1672 1678 1712 1704 vi-

919 1720 942 1742 ta
966 1716 1050 1750 posita
1073 1720 1121 1746 est,
1142 1716 1250 1750 saepius
1268 1715 1336 1741 illud
1355 1716 1479 1750 cogitant.
1500 1716 1566 1749 quid
1581 1715 1665 1749 possit
1678 1716 1709 1746 is,

917 1753 996 1779 cuius
1015 1753 1042 1779 in
1060 1753 1159 1779 ditione
1174 1761 1202 1779 ae
1216 1757 1342 1787 potestate
1356 1757 1427 1782 suut.
1444 1761 1525 1787 quam
1539 1752 1605 1787 quid
1619 1752 1713 1778 debeat

919 1789 1012 1816 facere.
1046 1791 1072 1816 7.
1097 1790 1196 1816 Deinde
1227 1790 1306 1816 habet
1323 1790 1505 1816 adversarium
1533 1790 1562 1815 P.
1587 1789 1712 1821 Quintius

919 1827 999 1854 verbo
1022 1827 1084 1854 Sex.
1106 1828 1249 1859 Naevium,
1273 1836 1300 1853 re
1318 1836 1378 1853 vera
1395 1827 1506 1853 huiusce
1521 1827 1612 1853 aetatis
1628 1827 1713 1853 homi-

919 1873 964 1891 nes
987 1865 1192 1896 disertissimos,
1215 1864 1387 1895 fortissimos,
1407 1865 1591 1891 ornatissimos
1610 1869 1713 1890 nostrae

918 1902 1046 1928 civitatis:
1069 1903 1116 1937 qui
1135 1903 1270 1929 communi
1288 1902 1386 1932 studio,
1407 1902 1521 1928 summis
1539 1902 1637 1936 opibus
1651 1902 1712 1928 Sex.

918 1940 1049 1966 Naevium
1072 1939 1231 1966 defendunt:
1261 1940 1283 1965 si
1298 1939 1325 1965 id
1348 1944 1388 1965 cst
1405 1939 1555 1970 defendere,
1574 1939 1713 1973 cupiditati

919 1976 1028 2003 alterius
1042 1977 1233 2011 obtemperare,
1249 1985 1303 2012 quo
1317 1977 1340 2002 is
1355 1976 1469 2007 facilius,
1483 1985 1564 2011 quem
1576 1977 1648 2006 velit.
1663 1977 1714 2002 ini-

918 2023 972 2049 quo
991 2014 1091 2041 iudicio
1104 2014 1254 2049 opprimere
1268 2015 1361 2049 possit.
1396 2016 1425 2040 8.
1443 2015 1508 2040 Nam
1523 2014 1648 2048 quidhoc
1663 2014 1714 2039 ini-

918 2051 1000 2086 quius
1014 2056 1060 2078 aut
1073 2052 1220 2087 indignius,
1237 2052 1266 2078 C.
1282 2051 1392 2086 Aquini,
1405 2051 1457 2077 diei
1470 2056 1514 2077 aut
1524 2060 1714 2077 commemora-

918 2089 939 2115 ri
955 2093 1048 2124 potest,
1064 2098 1145 2124 quam
1161 2098 1211 2120 me,
1227 2089 1274 2124 qui
1292 2094 1372 2123 caput
1385 2088 1503 2119 alterius,
1521 2088 1616 2114 faniam
1633 2088 1715 2114 sortu-

919 2135 1020 2161 nasque
1037 2126 1187 2157 defendam,
1201 2127 1287 2161 priore
1302 2126 1358 2153 loco
1371 2135 1492 2152 caussam
1507 2125 1611 2152 dicere?
1629 2134 1714 2160 quum

919 2164 1073 2198 praesertim
1098 2164 1129 2196 Q.
1151 2164 1315 2194 llortensius¹
1332 2164 1379 2198 qui
1395 2163 1443 2189 hoc
1458 2163 1557 2189 iudicio
1571 2168 1657 2197 partes
1672 2172 1715 2188 ac-

917 2201 1047 2228 cusatoris
1070 2201 1179 2232 obtinet,
1203 2206 1292 2227 contra
1312 2210 1354 2226 me
1372 2201 1407 2226 sit
1424 2200 1559 2231 dicturus
1581 2201 1624 2226 cui
1639 2209 1714 2225 sum-

918 2247 989 2264 mam
1015 2239 1118 2273 copiam
1146 2238 1351 2273 facultatemque
1377 2238 1483 2263 dicendi
1507 2242 1598 2263 natura
1623 2237 1714 2271 largita

917 2280 966 2301 est.
1005 2276 1041 2302 lta
1065 2276 1100 2306 fit,
1122 2280 1151 2302 ut
1169 2284 1226 2311 ego,
1246 2276 1293 2310 qui
1308 2275 1357 2301 tela
1372 2275 1504 2309 depellere
1518 2280 1543 2300 et
1558 2274 1714 2300 vulneribus

918 2312 1017 2338 mederi
1032 2312 1152 2343 debeam,
1169 2317 1226 2338 tum
1240 2312 1268 2338 id
1284 2312 1367 2338 facere
1380 2321 1467 2347 cogar,
1483 2320 1568 2346 quum
1583 2312 1661 2337 ctiam
1677 2316 1715 2337 t&

920 2349 976 2375 lum
999 2349 1168 2376 adversarius
1188 2349 1292 2376 nullum
1308 2350 1410 2375 iecerit:
1435 2349 1488 2375 illis
1503 2354 1591 2374 mitem
1606 2348 1632 2374 id
1648 2354 1713 2375 tem-

919 2395 969 2421 pus
988 2386 1165 2422 impugnandi
1183 2386 1270 2417 detur.
1285 2395 1371 2421 quum
1386 2391 1411 2412 ct
1425 2386 1526 2412 vitandi
1542 2386 1648 2412 illorum
1664 2387 1715 2412 im-

919 2428 995 2458 petus
1011 2428 1125 2458 potestas
1139 2423 1262 2458 adempta
1277 2423 1353 2449 nobis
1367 2424 1429 2453 erit.
1445 2428 1478 2453 ct.
1491 2424 1513 2449 si
1528 2432 1582 2458 qua
1596 2423 1622 2449 in
1637 2432 1672 2453 re.
1687 2423 1714 2450 id

918 2460 990 2496 quod
1014 2461 1095 2495 parati
1120 2465 1183 2487 sunt
1206 2460 1299 2491 facere,
1316 2460 1414 2486 salsum
1428 2461 1528 2486 crimen
1542 2461 1619 2495 quasi
1634 2469 1715 2487 vene-

919 2502 1009 2524 natum
1032 2497 1140 2533 aliquod
1165 2497 1247 2524 telum
1270 2498 1392 2528 iecerint.
1414 2497 1560 2524 medicinae
1579 2497 1714 2524 faciendae

919 2535 993 2562 locus
1016 2544 1067 2561 uon
1091 2536 1149 2562 erit.
1184 2537 1209 2561 9.
1230 2535 1258 2561 ld
1276 2535 1370 2561 accidit
1389 2535 1516 2570 praetoris
1535 2535 1674 2570 iniquitate
1688 2541 1714 2561 et

919 2573 1030 2599 iniuria:
1062 2573 1178 2607 primum
1201 2572 1274 2607 quod
1298 2577 1387 2599 contra
1405 2573 1526 2599 omnium
1540 2572 1714 2599 consuetudi-

919 2618 978 2636 nem
1003 2609 1133 2636 iudicium
1157 2610 1231 2645 prius
1256 2609 1290 2636 do
1309 2610 1405 2644 probro
1422 2619 1503 2645 quam
1522 2609 1555 2636 de
1573 2619 1600 2636 ro
1619 2609 1714 2636 maluit

919 2647 988 2673 lieri:
1010 2646 1107 2674 deinde
1125 2647 1198 2682 quod
1217 2648 1251 2674 ita
1270 2648 1406 2674 constituit
1425 2647 1451 2673 id
1466 2648 1555 2682 ipsum
1571 2647 1710 2676 iudicium.

919 2689 947 2712 ut
961 2693 1031 2717 reus,
1047 2690 1189 2720 antequam
1205 2685 1316 2712 verbum
1327 2685 1487 2712 accusaturis
1497 2685 1623 2715 audisset,
1635 2693 1713 2711 caus-
