1941 3052
500 135 552 160 DE
587 133 815 161 ORATORE
851 134 936 160 LIB.
971 134 1002 160 II.

87 209 205 233 occaecat
218 206 376 238 orationem,
393 205 434 231 vel
449 205 519 240 quod
535 205 583 231 alia
595 205 690 239 possis,
704 203 785 231 semel
797 205 820 230 si
831 204 879 230 ob-

87 243 193 270 scurius
211 242 320 273 dixeris,
337 243 424 269 dicere
442 243 494 269 alio
509 242 563 269 loco
577 242 698 277 planius:
721 242 878 268 narrationis

88 289 159 307 unus
173 284 213 306 est
225 280 253 306 in
267 289 360 306 caussa
376 279 458 306 locus.
492 280 549 306 Erit
563 284 649 305 autem
665 280 804 314 perspicua
821 288 880 305 nar-

88 318 160 349 ratio,
182 318 204 344 si
223 317 313 343 verbis
331 318 444 348 usitatis,
466 317 488 343 si
503 317 595 343 ordine
609 321 759 351 temporum
773 325 880 342 conser-

87 359 156 386 vato,
172 355 195 381 si
209 363 261 381 non
275 355 421 389 interrupte
435 354 593 380 narrabitur.
620 354 742 380 LXXXI.
756 355 813 379 330.
827 353 880 379 Sed

87 392 194 427 quando
208 392 337 418 utendum
352 392 387 418 sit
400 396 445 418 aut
456 401 507 418 non
522 392 556 418 sit
566 392 721 422 narratione,
730 391 757 417 id
768 395 807 417 est
817 400 880 417 con-

87 429 150 455 silii.
186 430 278 464 Neque
293 429 372 460 enim,
393 429 415 455 si
430 433 490 455 nota
504 438 545 455 res
560 433 599 455 est
613 437 660 454 nec
674 428 797 460 dubium,
813 428 879 462 quid

86 470 192 502 gestum
206 466 250 497 sit,
266 475 370 492 narrare
384 470 494 501 oportet,
511 475 558 492 nec
572 466 595 492 si
610 465 779 491 adversarius
791 474 880 491 narra-

86 504 134 534 vit,
151 504 203 530 nisi
217 504 239 529 si
254 503 418 530 refellemus.
433 503 479 535 Ac,
495 504 518 529 si
531 503 638 538 quando
648 503 697 528 erit
707 502 876 533 narrandum,

88 549 135 567 nec
148 540 202 572 illa,
219 549 287 576 quae
302 541 482 575 suspicionem
496 545 521 567 et
534 541 633 566 crimen
648 539 763 566 efficient
777 544 880 565 contra-

86 587 139 613 que
154 586 201 604 nos
215 583 301 609 erunt,
318 579 412 604 acriter
427 586 620 612 persequamur
634 581 666 608 et,
683 576 817 611 quidquid
832 585 879 610 po-

89 615 156 646 terit,
173 615 357 648 detrahamus3
374 624 406 641 ne
420 615 496 646 illud,
513 615 585 649 quod
600 614 720 645 Crassus,
737 615 760 639 si
772 614 879 648 quando

88 652 140 683 fiat,
161 653 280 687 pertidia,
301 661 353 679 non
367 652 479 678 stultitia
495 651 549 677 fieri
565 656 648 686 putat,
666 655 695 677 ut
708 660 818 677 caussae
833 660 880 677 no-

87 698 203 722 ceamus,
229 690 338 716 accidat.
373 690 439 715 Nam
461 689 495 715 ad
518 697 650 714 summam
675 689 755 715 totius
770 697 879 714 caussae

87 728 208 761 pertinet,
233 731 309 753 caute
332 735 364 752 an
386 730 475 752 contra
497 726 674 752 demonstrata
692 734 733 752 res
748 726 791 757 sit,
807 726 879 761 quod

87 764 173 790 omnis
187 764 311 790 orationis
325 763 443 798 reliquae
458 763 516 790 fons
529 767 569 789 est
582 763 705 789 narratio.

141 802 198 827 33⁴.
215 801 350 836 Sequitur,
374 805 404 827 ut
420 810 514 827 caussa
528 805 650 835 ponatur,
676 800 703 826 in
717 808 771 835 quo
785 800 880 826 viden—

87 838 151 864 dum
165 843 214 870 est,
230 838 296 873 quid
310 839 337 865 in
351 839 557 865 controversiam
571 839 668 864 veniat.
696 838 763 864 Tum
780 846 879 873 sugge-

87 875 167 902 renda
180 880 244 902 sunt
257 876 421 902 firmamenta
435 884 545 902 caussae
555 876 695 902 coniuncte
706 880 731 901 et
741 875 879 901 infirman-

86 913 128 939 dis
151 914 287 940 contrariis
306 918 331 940 et
349 914 402 940 tuis
416 913 614 940 confirmandis.
649 913 770 947 Namque
784 921 837 938 una
851 913 878 938 in

86 951 189 977 caussis
203 951 269 977 ratio
282 951 413 986 quaedam
428 955 467 977 est
481 951 538 977 eius
549 950 683 981 orationis,
692 958 761 985 quae
771 950 804 976 ad
818 959 879 984 pro-

85 987 200 1014 bandam
215 989 469 1024 argumentationem
484 988 562 1015 valet.
590 988 627 1014 Ea
642 992 730 1014 autem
745 992 769 1013 et
783 987 880 1013 confir-

86 1025 228 1052 mationem
243 1030 268 1052 et
281 1026 514 1060 reprehensionem
528 1026 644 1061 quaerit,
661 1025 708 1051 sed
717 1026 780 1060 quia
792 1034 878 1059 neque

86 1063 253 1097 reprehendi,
274 1072 342 1098 quae
360 1068 449 1090 contra
467 1063 601 1094 dicuntur,
622 1067 744 1097 possunt,
762 1063 814 1088 nisi
834 1067 878 1088 tua

85 1099 235 1132 confirmes,
257 1109 342 1136 neque
356 1101 420 1127 haec
434 1100 593 1132 confirmari,
610 1101 662 1126 nisi
676 1100 721 1126 illa
735 1100 879 1134 repreben-

86 1137 141 1169 das,
161 1137 260 1164 ideirco
278 1138 342 1164 haec
359 1142 385 1164 et
402 1142 495 1164 natura
513 1143 539 1164 et
556 1138 669 1164 utilitate
687 1141 713 1163 et
727 1138 879 1163 tractatione

85 1175 224 1202 coniuncta
239 1180 310 1202 sunt.
338 1177 397 1202 33⁶2.
413 1175 508 1202 Omnia
522 1179 611 1201 autem
625 1175 807 1201 concludenda
822 1174 879 1209 ple-

85 1221 200 1248 rumque
218 1213 298 1239 rebus
316 1213 447 1249 augendis
466 1212 507 1239 vel
526 1212 715 1239 inflammando
733 1212 822 1238 iudice
836 1212 878 1238 vel

85 1250 244 1286 mitigando;
273 1251 416 1286 omniaque
434 1259 520 1285 quum
543 1250 729 1285 superioribus
752 1250 878 1276 orationis

87 1286 160 1318 locis,
176 1292 233 1314 tum
248 1288 363 1314 maxime
378 1292 495 1314 extremo
509 1287 542 1314 ad
553 1292 654 1314 mentes
665 1288 786 1314 iudicum
796 1296 878 1322 quani

86 1325 201 1351 maxime
216 1325 408 1360 permovendas
422 1329 447 1351 et
460 1325 493 1352 ad
504 1325 644 1352 utilitatem
656 1329 772 1351 nostram
783 1333 880 1351 vocan-

85 1361 132 1388 das
146 1362 303 1389 conferenda
318 1368 389 1389 sunt.

141 1402 198 1426 333.
214 1400 307 1435 Neque
321 1409 385 1426 sane
398 1401 451 1426 iam
465 1408 559 1426 caussa
574 1399 680 1426 videtur
694 1408 762 1431 esse,
775 1408 822 1425 cur
837 1408 879 1425 se-

84 1445 225 1463 cernamus
244 1446 273 1463 ea
291 1441 438 1472 praecepta,
456 1446 525 1472 quae
540 1437 572 1463 de
587 1437 759 1463 suasionibus
774 1436 879 1463 traden-

84 1474 117 1501 da
131 1478 195 1501 sunt
209 1479 253 1501 aut
268 1475 475 1501 laudationibus.
498 1474 566 1501 Sunt
580 1475 651 1500 enim
666 1474 792 1509 pleraque
806 1483 879 1500 com-

85 1513 190 1545 munia;
218 1512 265 1538 sed
287 1516 374 1538 tamen
395 1512 507 1538 suadere
530 1512 632 1547 aliquid
656 1516 701 1538 aut
723 1512 878 1538 dissuadere

84 1550 259 1586 gravissimae
272 1550 338 1576 mihi
354 1549 459 1575 videtur
473 1558 531 1575 esse
545 1558 683 1584 personae.
716 1549 782 1575 Nam
798 1554 822 1575 et
836 1558 879 1575 sa-

85 1587 182 1621 pientis
196 1591 235 1613 est
249 1586 391 1613 consilium
405 1586 537 1621 explicare
551 1595 632 1612 suum
651 1586 684 1612 de
698 1587 823 1612 maximis
838 1595 879 1612 re-

85 1624 145 1656 bus,
162 1628 188 1650 et
201 1624 305 1651 honesti
320 1628 345 1650 et
358 1624 459 1656 diserti,
476 1628 505 1650 ut
519 1628 606 1650 mente
622 1624 769 1658 providere,
787 1628 879 1650 aucto-

85 1662 160 1688 ritate
174 1662 293 1696 probare,
309 1662 425 1688 oratione
439 1661 599 1696 persuadere
614 1661 707 1696 possit.

140 1699 273 1726 LXXXII.
296 1700 383 1734 Atque
401 1699 465 1725 haec
483 1699 509 1725 in
525 1703 619 1725 senatu
634 1699 735 1725 minore
749 1703 877 1733 apparatu

85 1736 185 1772 agenda
199 1741 275 1770 sunt,
300 1737 406 1771 sapiens
421 1737 492 1762 enim
506 1740 546 1763 est
559 1736 712 1767 consilium,
730 1736 878 1770 multisque

85 1773 144 1800 aliis
167 1773 273 1800 dicendi
295 1773 489 1809 relinquendus
508 1773 596 1806 locus,
621 1773 728 1800 vitanda
743 1774 822 1800 etiam
838 1774 879 1799 in-

84 1811 155 1847 genii
169 1811 353 1838 ostentationis
367 1812 495 1846 suspicio.
513 1812 571 1837 334.
585 1811 681 1838 Concio
691 1811 761 1845 capit
772 1819 878 1837 omnem

86 1849 140 1874 vim
158 1849 283 1875 orationis
303 1853 328 1875 et
341 1850 497 1885 gravitatem
512 1849 720 1883 varietatemque
735 1848 876 1874 desiderat.

85 1886 154 1922 Ergo
167 1887 194 1912 in
209 1886 346 1913 suadendo
360 1886 426 1912 nihil
441 1890 481 1912 est
490 1886 644 1921 optabiliuS,
658 1894 739 1921 quam
750 1885 876 1921 dignitas.

85 1923 151 1950 Nam
173 1924 221 1958 qui
245 1923 384 1950 utilitatem
408 1928 491 1958 putat,
518 1932 578 1955 non,
599 1923 666 1959 quid
684 1923 800 1949 maxime
815 1922 878 1949 velit

85 1969 186 1992 suasor,
210 1961 258 1987 sed
279 1961 346 1996 quid
368 1961 502 1987 interdum
525 1961 610 1996 magis
633 1965 769 1995 sequatur,
795 1960 876 1986 videt.

86 1998 168 2024 Nemo
190 2002 230 2025 est
252 1999 336 2030 enim,
362 1999 517 2033 praesertim
542 1999 570 2024 in
594 2002 646 2024 tam
668 1998 737 2024 clara
759 1998 876 2029 civitate,

84 2036 150 2070 quin
164 2040 239 2070 putet
252 2036 427 2070 expetendam
442 2036 557 2062 maxime
571 2035 741 2071 dignitatem3
762 2035 809 2061 sed
820 2036 879 2061 vin-

84 2073 120 2099 cit
142 2072 242 2099 utilitas
266 2073 434 2108 plerumque,
458 2082 544 2108 quum
568 2073 661 2099 subest
683 2072 728 2098 ille
747 2073 833 2103 timor,
850 2082 878 2099 ea

85 2109 203 2145 neglecta
222 2118 255 2136 ne
273 2110 432 2146 dignitatem
450 2110 560 2145 quidem
581 2119 659 2145 posse
673 2110 789 2136 retineri.
819 2111 876 2136 3:35.

85 2147 268 2174 Controversia
287 2151 376 2174 autem
394 2148 462 2174 inter
480 2148 619 2174 hominum
634 2148 778 2173 sententias
793 2152 837 2174 aut
852 2148 878 2174 in

84 2184 131 2211 illo
144 2189 192 2216 est,
214 2189 304 2211 utrum
323 2185 357 2211 sit
371 2185 478 2218 utilius,
507 2189 552 2211 aut
570 2185 658 2216 etiam,
675 2194 760 2219 quum
776 2184 802 2210 id
816 2194 879 2211 con-

86 2222 166 2253 venit,
191 2226 314 2253 certatur,
340 2226 430 2248 utrum
454 2222 583 2248 honestati
603 2223 701 2257 potius,
723 2231 755 2248 an
771 2222 877 2248 utilitati

85 2259 280 2286 consulendum
294 2260 337 2286 sit.
373 2259 446 2291 Quae
464 2260 527 2294 quia
543 2268 661 2295 pugnare
675 2268 754 2294 saepe
769 2260 837 2286 iuter
850 2268 878 2285 se
902 2276 903 2284 η

85 2296 218 2328 videntur,
242 2297 289 2332 qui
313 2296 454 2323 utilitatem
473 2296 600 2328 defendit,
621 2297 788 2323 enumerabit
806 2306 879 2322 com-

85 2333 162 2360 moda
176 2334 257 2369 pacis,
274 2343 365 2369 opum,
383 2335 523 2369 potentiae,
542 2334 677 2368 pecuniae,
696 2334 876 2369 vectigalium,

85 2371 210 2405 praesidii
225 2371 351 2403 militum,
365 2376 512 2397 ceterarum
524 2380 622 2402 rerum,
634 2380 748 2406 quarum
761 2371 877 2397 fructum
909 2372 910 2404 1

909 2408 910 2416 ¹
933 2408 1049 2434 laudanti
1064 2408 1171 2441 scripsit
1186 2408 1214 2433 C.
1233 2406 1346 2436 Laelius,
1365 2406 1405 2432 vel
1422 2412 1449 2431 ut
1461 2406 1616 2440 nosmetipsi
1627 2415 1724 2432 ornan-

86 2407 198 2435 utilitate
213 2409 347 2440 metimur,
364 2410 481 2443 itemque
496 2409 661 2435 incommoda
676 2409 876 2435 contrariorum.

85 2443 136 2477 Qui
154 2445 187 2472 ad
205 2446 361 2481 dignitatem
375 2446 498 2481 impellit,
520 2446 649 2472 maiorum
663 2446 794 2480 exempla,
810 2455 878 2480 quae

86 2487 163 2509 erunt
177 2482 218 2509 vel
233 2492 294 2509 cum
309 2483 428 2518 periculo
441 2483 564 2519 gloriosa,
581 2482 696 2517 colliget,
718 2484 878 2517 posteritatis

85 2519 260 2546 immortalem
276 2522 430 2547 memoriam
449 2521 570 2556 augebit3
599 2520 738 2546 utilitatem
754 2529 787 2546 ex
802 2520 878 2546 laude

87 2557 158 2583 nasci
180 2556 305 2584 defendet
326 2567 486 2593 semperque
510 2567 567 2584 cam
589 2566 651 2583 cum
673 2557 802 2593 dignitato
820 2566 878 2583 esse

85 2594 263 2621 coniunctam.
284 2597 341 2621 336.
354 2595 406 2622 Sed
420 2595 485 2630 quid
501 2595 555 2621 lieri
571 2595 655 2629 possit
665 2599 710 2620 aut
721 2604 772 2621 non
785 2595 876 2629 possit,

86 2630 206 2666 quidque
224 2632 303 2658 etiam
322 2633 356 2659 sit
374 2641 482 2659 necesse
497 2637 542 2659 aut
557 2641 608 2658 non
622 2632 665 2663 sit,
682 2632 709 2658 in
724 2636 836 2666 utraque
851 2641 878 2658 re

87 2668 201 2695 maxime
214 2673 254 2696 est
267 2670 460 2705 quaerendum.
497 2669 625 2696 Inciditur
637 2669 708 2696 enim
723 2669 810 2696 omnis
825 2670 876 2696 iam

1038 133 1092 160 CA
1106 134 1134 160 P.
1168 135 1200 160 78
1221 150 1258 154 —
1278 135 1318 161 84.
1675 138 1722 162 ⁴15

930 203 1093 235 deliberatio,
1114 204 1137 230 si
1155 204 1314 240 intelligitur
1333 213 1385 231 non
1404 213 1481 239 posse
1500 204 1556 231 fieri
1575 210 1620 231 aut
1638 206 1660 231 si
1676 216 1722 232 ne-

930 242 1040 267 cessitas
1063 241 1182 274 affertur,
1211 246 1236 267 et
1258 242 1305 276 qui
1328 242 1355 268 id
1377 242 1467 268 docuit
1493 250 1544 268 non
1569 242 1722 269 videntibus

931 278 1000 309 aliis,
1016 279 1039 304 is
1054 278 1201 313 plurimum
1216 279 1293 305 vidit.
1309 280 1366 305 337.
1378 279 1419 305 Ad
1433 278 1575 305 consilium
1590 284 1677 305 autem
1690 281 1723 306 de

931 315 1067 350 republica
1082 316 1200 342 dandum
1219 321 1298 350 caput
1312 321 1351 342 est
1365 324 1443 342 nosse
1457 316 1665 350 rempublicam:
1691 317 1723 343 ad

931 353 1074 379 dicendum
1098 362 1160 379 vero
1181 353 1354 387 probabiliter
1376 362 1454 380 nosse
1480 362 1566 379 mores
1592 354 1721 380 civitatis:

932 391 979 425 qui
994 391 1057 424 quia
1071 390 1163 416 crebro
1176 396 1320 421 mutantur,
1329 399 1414 426 genus
1428 399 1535 425 quoque
1549 391 1674 417 orationis
1685 397 1724 417 est

933 436 1010 461 saepe
1033 428 1202 453 mutandum.
1236 428 1269 454 Et
1290 437 1455 463 quamquam
1478 437 1530 454 una
1553 427 1607 454 fere
1626 430 1666 454 vis
1685 433 1724 454 est

931 464 1106 499 eloquentiae,
1128 469 1215 490 tamen
1233 466 1297 499 quia
1316 474 1421 491 summa
1436 465 1551 500 dignitas
1566 470 1605 491 est
1620 466 1721 500 populi,

931 502 1090 537 gravissima
1108 511 1201 527 caussa
1217 503 1387 537 reipublicae,
1404 503 1515 528 maximi
1529 507 1617 529 motus
1633 503 1725 529 multi-

933 539 1042 569 tudinis,
1062 547 1148 574 genus
1167 548 1274 573 quoque
1288 540 1394 566 dicendi
1407 540 1536 575 grandius
1550 540 1685 574 quoddam
1699 545 1725 566 et

931 576 1064 602 illustrius
1079 584 1137 602 esse
1151 576 1333 603 adhibendum
1348 577 1466 609 videtur,
1483 578 1652 612 maximaque
1664 587 1724 612 pars

931 614 1057 639 orationis
1080 613 1245 639 admovenda
1268 618 1308 640 est
1330 614 1362 640 ad
1387 615 1536 640 animorum
1556 620 1643 641 motus
1659 624 1724 641 non-

932 659 1079 685 numquam
1099 654 1144 676 aut
1162 651 1339 677 cohortatione
1354 656 1399 677 aut
1412 653 1660 678 commemoratione
1676 653 1725 678 ali-

931 696 992 722 qua,
1005 688 1086 713 autin
1097 696 1172 722 spem
1183 692 1228 713 aut
1238 689 1265 714 in
1276 693 1385 720 metum,
1399 689 1485 714 autad
1496 690 1668 723 cupiditatem
1680 695 1724 716 aut

931 725 963 751 ad
976 724 1088 760 gloriam
1103 725 1281 756 concitandos,
1298 734 1376 760 saepe
1390 726 1468 751 etiam
1483 735 1495 751 a
1507 727 1660 757 temeritate,
1674 728 1724 753 ira-

930 762 1035 788 cundia.
1054 770 1109 796 spe,
1126 762 1232 794 iniuria,
1249 763 1359 794 invidia,
1380 763 1536 789 crudelitate
1550 764 1721 791 revocandos.

931 799 1076 826 LXXXIII.
1102 801 1159 825 338.
1185 800 1227 825 Fit
1249 804 1347 831 autem,
1372 805 1409 831 ut,
1429 801 1493 835 quia
1512 802 1627 827 maxima
1646 803 1724 836 quasi

930 837 1025 863 oratori
1039 845 1117 862 scena
1132 836 1254 863 videatur
1267 838 1410 868 concionis,
1428 842 1520 863 natura
1535 838 1592 872 ipsa
1603 838 1635 864 ad
1647 848 1724 865 orna-

930 875 983 901 tius
997 874 1103 900 dicendi
1117 883 1203 909 genus
1218 875 1355 901 excitetur.
1390 875 1472 901 Habet
1490 876 1561 900 enim
1580 875 1724 902 multitudo

930 912 985 938 vim
999 911 1144 946 quamdam
1159 911 1246 942 talem,
1263 916 1300 943 ut,
1313 912 1540 947 quemadmodum
1556 913 1653 939 tibicen
1667 914 1725 939 sine

930 950 1003 975 tibiis
1017 958 1119 980 canere,
1136 949 1175 975 sic
1189 954 1273 975 orator
1283 950 1341 975 sine
1353 950 1525 977 multitudine
1536 950 1659 976 audiente
1671 950 1725 976 elo—

930 996 1016 1022 quens
1031 995 1089 1012 esse
1103 995 1155 1012 non
1170 987 1263 1021 possit.
1297 989 1354 1013 339.
1370 988 1402 1013 Et
1416 996 1500 1022 quum
1516 988 1568 1013 sint
1583 987 1724 1022 populares

931 1024 1008 1050 multi
1024 1025 1144 1058 variique
1159 1024 1259 1058 lapsus,
1277 1025 1384 1050 vitanda
1399 1029 1437 1050 est
1452 1024 1604 1051 acclamatio
1615 1025 1724 1051 adversa

931 1061 1038 1096 populi,
1061 1070 1129 1096 quae
1148 1066 1193 1087 aut
1212 1062 1336 1088 orationis
1355 1067 1461 1097 peccato
1479 1062 1569 1097 aliquo
1583 1063 1721 1093 excitatur,

930 1100 953 1125 si
968 1107 1069 1134 aspere,
1086 1099 1108 1124 si
1123 1103 1281 1134 arroganter,
1298 1100 1320 1125 si
1332 1100 1451 1133 turpiter,
1465 1100 1487 1125 si
1498 1099 1612 1131 sordide,
1626 1100 1725 1134 siquo-

930 1145 984 1172 quo
998 1137 1079 1162 animi
1094 1136 1160 1162 vitio
1173 1136 1274 1163 dictum
1289 1146 1346 1163 esse
1357 1137 1460 1172 aliquid
1470 1137 1604 1169 videatur,
1621 1142 1666 1163 aut
1677 1137 1725 1163 bo-

931 1175 1035 1200 minum
1049 1173 1192 1200 offensione
1207 1174 1248 1200 vel
1264 1174 1373 1206 invidia,
1390 1183 1458 1209 quae
1473 1179 1517 1200 aut
1531 1176 1601 1200 iusta
1615 1180 1663 1205 est,
1680 1179 1725 1200 aut

931 1221 964 1238 ex
977 1211 1161 1238 criminatione
1175 1216 1255 1246 atque
1269 1211 1351 1244 fama,
1374 1216 1419 1238 aut
1433 1220 1474 1237 res
1489 1212 1511 1237 si
1526 1211 1663 1246 displicet,
1680 1217 1724 1237 aut

931 1250 953 1275 si
968 1254 1007 1275 est
1021 1250 1048 1275 in
1063 1248 1153 1283 aliquo
1167 1253 1241 1275 motu
1255 1258 1318 1275 suae
1332 1249 1487 1284 cupiditatis
1499 1254 1544 1275 aut
1556 1254 1642 1275 metus
1654 1249 1725 1275 mul-

931 1287 1025 1313 titudo.
1061 1284 1183 1322 His[que]
1199 1291 1324 1321 quattuor
1337 1287 1439 1313 caussis
1455 1286 1563 1312 totidem
1579 1286 1724 1313 medicinae

930 1328 1116 1359 opponuntur:
1140 1328 1196 1349 tum
1215 1324 1372 1359 obiurgatio,
1393 1325 1416 1350 si
1431 1328 1470 1350 est
1484 1325 1638 1351 auctoritas:
1667 1329 1724 1350 tum

931 1362 1084 1392 admonitio,
1110 1362 1187 1395 quasi
1207 1361 1291 1387 lenior
1308 1362 1470 1397 obiurgatio,
1500 1366 1555 1387 tum
1571 1362 1721 1396 promissio,

931 1400 952 1425 si
972 1399 1112 1429 audierint,
1134 1399 1304 1433 probaturos3
1332 1403 1389 1425 tum
1408 1399 1571 1433 deprecatio}
1599 1399 1670 1433 quod
1685 1404 1723 1425 est

930 1436 1063 1467 infimum,
1080 1436 1127 1461 sed
1143 1444 1344 1471 nonnumquam
1359 1436 1433 1462 utile.
1468 1437 1524 1462 340.
1542 1436 1622 1462 Nullo
1636 1441 1723 1462 autem

932 1474 988 1500 loco
1006 1473 1068 1508 plus
1088 1472 1196 1499 facetiae
1216 1478 1327 1507 prosunt
1345 1478 1370 1499 et
1393 1473 1514 1499 celeritas
1537 1478 1563 1499 et
1581 1474 1661 1499 breve
1676 1474 1724 1499 ali-

930 1511 1001 1546 quod
1016 1511 1127 1541 dictum,
1144 1519 1191 1536 nec
1205 1511 1262 1536 sine
1276 1511 1404 1546 dignitate
1417 1516 1441 1536 et
1455 1519 1516 1536 cum
1533 1510 1626 1545 lepore.
1652 1511 1723 1536 Nibit

931 1549 1002 1575 enim
1018 1553 1069 1574 tam
1085 1547 1169 1578 facile,
1187 1556 1267 1582 quam
1283 1548 1435 1578 multitudo,
1458 1556 1470 1573 a
1486 1548 1591 1574 tristitia
1606 1553 1631 1574 et
1646 1557 1724 1582 saepe

931 1587 963 1612 ab
978 1586 1118 1611 acerbitate
1132 1585 1270 1611 commode
1284 1590 1308 1612 et
1327 1586 1442 1611 breviter
1461 1590 1485 1611 ct
1504 1590 1578 1611 acute
1597 1590 1621 1611 et
1641 1585 1724 1611 hilare

930 1623 1001 1650 dicto
1014 1623 1165 1649 deducitur.

985 1660 1130 1687 LXXXIV.
1150 1660 1269 1694 Exposui
1290 1659 1351 1691 sere,
1373 1664 1402 1686 ut
1421 1660 1502 1694 potui,
1521 1660 1595 1685 vobis
1610 1660 1636 1685 in
1653 1664 1725 1686 utro-

930 1706 982 1733 que
1000 1706 1097 1733 genere
1114 1706 1271 1723 caussarum
1290 1706 1357 1731 quae
1372 1698 1449 1731 sequi
1464 1697 1585 1727 solerem,
1599 1706 1667 1731 quae
1683 1697 1725 1723 t'u-

929 1743 1078 1771 gere,quae
1092 1740 1336 1769 spectare,quaque
1350 1736 1458 1761 omnino
1471 1736 1497 1760 in
1513 1735 1615 1760 caussis
1627 1735 1724 1760 ratione

931 1773 1040 1799 versari.
1073 1773 1131 1798 341.
1156 1773 1209 1798 Nec
1229 1772 1296 1798 illud
1316 1773 1422 1798 tertium
1443 1772 1624 1797 laudationum
1639 1781 1724 1806 genus

931 1815 970 1837 cst
983 1809 1102 1841 difficile,
1119 1809 1190 1844 quod
1205 1818 1254 1845 ego
1269 1810 1343 1835 initio
1355 1810 1431 1844 quasi
1443 1818 1456 1835 a
1468 1810 1616 1844 praeceptis
1628 1806 1724 1835 nostris

931 1856 1109 1880 secr-everam,
1133 1847 1178 1872 sed
1193 1851 1219 1873 et
1232 1848 1295 1881 quia
1312 1847 1394 1872 multa
1405 1851 1467 1872 sunt
1481 1847 1629 1872 orationum
1644 1856 1725 1881 geue>

931 1894 957 1911 ra
972 1889 997 1911 et
1010 1885 1131 1920 graviora
1146 1889 1170 1910 et
1185 1885 1291 1910 maioris
1306 1885 1405 1918 copiae,
1422 1884 1454 1910 de
1468 1884 1568 1919 quibus
1584 1893 1660 1910 nemo
1672 1884 1724 1909 sere

930 1923 1102 1958 praeciperet,
1111 1927 1135 1948 et
1146 1922 1217 1956 quod
1230 1931 1276 1947 nos
1290 1921 1488 1948 laudationibus
1500 1930 1550 1947 nou
1563 1923 1595 1947 ita
1609 1921 1723 1947 multum

931 1961 968 1987 uti
988 1960 1144 1990 soleremus,
1167 1964 1250 1985 totum
1266 1959 1337 1985 bunc
1351 1959 1523 1994 segregabam
1540 1959 1636 1984 locum.
1672 1960 1724 1993 Ipsi

930 1998 1001 2024 enim
1017 1997 1110 2024 Graeci
1125 1998 1211 2031 magis
1227 1996 1331 2031 legendi
1345 2002 1369 2022 et
1384 1996 1565 2022 delectationis
1580 2001 1624 2022 aut
1639 1996 1725 2022 bomi-

932 2036 973 2061 nis
997 2035 1112 2061 alicuius
1134 2034 1243 2060 ornandi
1267 2043 1348 2068 quam
1373 2033 1495 2060 utilitatis
1515 2034 1596 2059 buius
1613 2033 1723 2059 sorensis

930 2081 1024 2099 caussa
1045 2072 1209 2098 laudationes
1227 2072 1456 2106 scriptitaverunt,
1481 2080 1596 2106 quorum
1616 2076 1678 2097 sunt
1694 2071 1724 2096 li-

931 2110 980 2141 bri,
997 2110 1098 2144 quibus
1113 2109 1314 2139 Themistocles,
1332 2109 1471 2139 Aristides,
1488 2108 1637 2143 Agesilaus,
1654 2109 1724 2142 Epa-

931 2147 1079 2177 minondas,
1101 2146 1252 2180 Philippus,
1274 2146 1423 2172 Alexander
1445 2146 1543 2180 aliique
1568 2145 1721 2171 laudantur:

931 2189 1034 2211 nostrae
1050 2184 1222 2213 laudationes,
1239 2184 1340 2218 quibus
1355 2184 1381 2209 in
1397 2183 1452 2209 foro
1467 2184 1575 2213 utimur,
1592 2188 1636 2208 aut
1651 2183 1724 2208 testi—

931 2222 1013 2248 monii
1029 2222 1184 2247 brevitatem
1201 2221 1297 2247 hahent
1310 2221 1408 2246 nudam
1420 2225 1498 2255 atque
1511 2221 1666 2248 inornatam,
1679 2225 1723 2245 aut

931 2260 1086 2285 scribuntur
1100 2258 1132 2284 ad
1149 2258 1288 2284 funebrem
1303 2259 1465 2288 concionem,
1475 2266 1543 2291 quae
1555 2257 1586 2282 ad
1598 2258 1723 2282 orationis

932 2296 1037 2322 laudeni
1053 2296 1163 2321 minime
1177 2295 1372 2321 accommodata
1391 2301 1439 2320 est.
1474 2295 1525 2320 Sed
1546 2300 1640 2322 tamen,
1657 2303 1723 2328 quo—

909 2345 910 2369 ;
932 2334 1001 2360 niam
1026 2338 1065 2359 est
1089 2333 1217 2359 utendum
1241 2333 1391 2367 aliquando,
1423 2340 1623 2366 nonnumquam
1645 2333 1722 2357 etiam

931 2370 1191 2400 scribendum,velut
1207 2371 1232 2395 Ι).
1250 2370 1382 2395 'l'uberoui
1397 2368 1722 2395 Africanumavunculum

931 2445 957 2471 di
972 2454 1065 2471 caussa
1081 2445 1242 2470 Graecorum
1258 2453 1337 2474 more,
1354 2445 1376 2469 si
1391 2452 1459 2478 quos
1475 2443 1599 2474 velimus,
1618 2443 1723 2469 laudare

932 2483 1081 2516 possimus,
1115 2482 1148 2507 sit
1175 2490 1188 2507 u
1213 2481 1288 2507 uobis
1312 2490 1419 2515 quoque
1444 2485 1568 2507 tractatus
1592 2481 1614 2507 is
1640 2480 1721 2507 loeus.

908 2534 909 2538 =
932 2521 989 2545 ata.
1019 2519 1192 2553 Perspicuum
1220 2523 1259 2544 est
1286 2519 1376 2553 igitur,
1404 2518 1454 2544 alia
1478 2527 1536 2543 esse
1562 2518 1588 2544 in
1618 2518 1723 2544 bomine

931 2556 1054 2591 optanda,
1075 2556 1125 2582 alia
1150 2556 1289 2582 laudanda.
1324 2557 1425 2586 Genus
1443 2555 1534 2585 forma,
1553 2556 1630 2582 vires.
1649 2564 1721 2590 opes,

932 2595 1040 2620 divitiae
1059 2598 1205 2628 ceteraque,
1226 2602 1294 2628 quae
1310 2592 1413 2619 fortuna
1431 2593 1473 2619 dat
1494 2598 1538 2618 aut
1557 2594 1723 2619 extrinsecus

933 2636 978 2658 aut
999 2631 1110 2666 corpori,
1136 2640 1186 2657 non
1207 2631 1303 2656 liabent
1322 2631 1348 2656 in
1366 2639 1394 2656 se
1413 2639 1500 2656 veram
1519 2630 1632 2659 laudem,
1655 2639 1723 2664 quac

933 2669 1022 2695 deberi
1049 2669 1139 2694 virtuti
1163 2668 1207 2694 uni
1233 2672 1353 2702 putatur:
1387 2668 1433 2693 sed
1458 2673 1553 2698 tannen,
1574 2667 1646 2702 quod
1667 2668 1721 2701 ipsa

1374 2713 1406 2737 15
1419 2712 1429 2725 ’
