1941 3052
219 111 279 136 ¹125
768 109 823 133 ⁴22.
860 107 894 133 M,
929 107 959 132 Τ.

215 181 231 207 ti
246 189 333 206 inurau
347 179 471 205 dividunt
483 188 569 207 vacus,
586 179 671 204 intimi
684 183 772 204 autem
783 177 941 207 consu-iuni,
958 178 1005 212 qui

214 219 325 251 gvnnini
339 223 476 244 suu-autum
491 225 558 250 ῐμιιιι·
568 215 697 242 confectio
708 216 812 241 etiamn
826 215 917 247 lingua
929 214 1007 240 adiu-

216 255 270 280 vnri
290 254 402 280 vidi-tur.
447 255 500 278 lltfi.
525 253 654 285 Linguam
670 257 758 278 autem
775 252 807 277 anl
824 252 927 278 radices
947 252 1007 277 eius

215 291 327 318 lun-rens
342 291 441 324 exn-ipit
457 290 623 319 sturmii-ltus,
649 298 703 324 quo
724 290 840 323 primum
859 288 1007 315 illabuntur

214 338 253 358 eu,
267 337 334 362 qum·
346 332 451 361 tim-epta
464 333 525 352 sunt
536 336 590 352 ore.
625 327 648 352 ls
660 331 771 360 utraque
783 335 815 352 ex
828 331 900 360 parte
913 325 1005 352 tonsil-

215 365 252 391 lns
265 367 395 397 attingens
413 363 498 398 palato
512 368 630 389 extremo
641 369 719 398 ntqm·
733 364 826 390 intimo
839 363 1005 389 terminatur.

214 403 299 436 Atque
315 402 350 431 is,
368 402 508 433 agitatione
521 406 545 426 et
558 401 675 426 motibus
687 401 793 434 linguae
810 409 895 435 quum
911 399 1008 434 depul-
1028 413 1031 426 ι

213 448 274 465 sum
286 444 309 464 et
320 439 396 472 quasi
409 438 548 464 detrusum
560 438 651 464 cibum
659 434 770 472 accepit,
778 437 898 472 tlt-pellit.
919 437 1007 472 lpsius
1029 440 1037 467 ¹,

213 481 301 502 uun—m
314 480 471 510 parteseae,
485 484 553 510 (ittae
565 480 627 501 suut
640 475 706 501 infra
720 475 755 505 id,
769 474 840 509 quod
853 475 1004 503 devoratur,

213 513 370 538 dilatantur:
393 521 461 546 quae
482 518 569 538 autem
586 521 680 547 supra,
703 513 906 538 contrabuntur.
950 513 1005 537 ⁴36.

212 550 262 575 Sed
275 559 359 584 quum
372 558 463 584 aspera
475 550 569 575 arteria
584 550 632 584 (sic
647 551 718 576 enim
735 559 748 575 a
763 549 875 576 medicis
887 548 1007 584 appella-
1028 585 1029 593 ¹

213 588 263 620 tur]
283 588 381 612 ostium
405 587 512 617 babeat,
540 587 696 613 adiunctum
724 586 832 622 linguae
856 586 1004 615 radicibus,

213 624 302 658 paullo
309 633 399 658 supra,
408 633 488 658 quam
501 624 533 650 ad
547 623 667 659 linguam
678 624 833 651 stomachus
845 624 1004 653 annectitur,

211 670 295 696 eaque
311 661 344 687 ad
360 661 502 696 pulmones
519 670 604 696 usque
617 663 746 696 pertineat
761 662 933 696 excipiatque
947 661 1006 687 ani-

212 707 282 725 mam
299 707 370 729 eam,
390 707 459 733 quae
470 698 548 725 ducta
562 699 596 725 sit
606 700 703 733 spiritu
712 720 718 730 ,
731 699 908 734 eamdemque
919 707 932 724 a
945 697 1007 733 pul-

212 735 338 762 monibus
359 737 472 770 respiret
495 741 521 762 et
541 736 646 763 reddat:
670 738 768 771 tegitur
787 736 905 771 quodam
927 735 1005 770 quasi

211 773 346 808 operculo,
359 773 431 808 quod
443 773 477 799 ob
488 782 546 799 eam
557 782 681 800 caussam
693 774 784 800 datum
796 779 844 804 est,
854 774 927 803 ne,si
939 772 1006 808 quid

211 811 238 836 in
250 819 308 836 eam
319 811 374 836 cibi
387 810 452 837 sorte
465 811 613 841 incidisset,
629 812 741 846 spiritus
753 811 938 846 impediretur.
953 809 1005 836 Sed

211 856 296 882 quum
309 847 362 874 alvi
375 853 476 878 natura,
490 848 610 874 subiecta
622 849 771 878 stomacho,
788 849 842 874 cibi
854 853 878 874 et
890 848 1006 882 potionis

210 886 246 911 sit
257 885 455 920 receptaculum
465 906 470 915 ,
494 885 635 920 pulmones
647 891 735 912 autem
747 891 772 912 et
783 894 827 912 cor
838 886 1006 912 extrinsecus

211 923 337 957 spiritum
349 922 495 949 adducant:
515 923 540 949 in
558 923 618 949 alvo
629 923 711 950 multa
723 928 786 949 sunt
797 922 956 949 mirabiliter
967 921 1007 947 es-
1028 930 1029 941 ι

212 959 291 992 secta;
317 969 386 994 quae
401 964 503 986 constat
518 960 571 986 sere
587 968 600 986 e
612 961 712 987 nervis.
753 961 799 987 Est
813 965 901 987 autem
914 959 1007 986 multi-

211 996 273 1031 plex
284 1002 311 1023 et
323 1002 436 1023 tortuosa
449 1002 573 1032 arcetque
585 1002 609 1024 et
621 999 746 1028 continet,
755 997 888 1024 siveillud
900 997 1005 1023 aridum

210 1039 258 1064 est,
272 1035 330 1060 sive
343 1034 500 1065 humidum,
514 1035 585 1069 quod
599 1036 706 1069 recipit.
721 1040 749 1061 ut
761 1035 786 1061 id
800 1035 896 1061 mutari
907 1040 931 1061 et
942 1043 1006 1060 con-

210 1072 289 1106 coqui
305 1072 402 1106 possit;
426 1080 510 1106 eaque
528 1077 583 1098 tuni
600 1073 769 1107 astringitur,
789 1077 845 1098 tum
862 1072 1004 1102 relaxatur.

210 1113 290 1144 atque
301 1118 388 1138 omne,
405 1109 477 1143 quod
489 1109 673 1145 aecipit,eogit
684 1114 708 1135 et
719 1109 872 1140 confundit;
888 1114 917 1136 ut
929 1109 1005 1135 facile

210 1150 235 1172 et
245 1145 340 1177 calore,
350 1155 430 1181 quem
444 1146 558 1172 multum
571 1147 659 1177 habet,
668 1147 811 1173 exterendo
822 1147 883 1173 cibo
894 1151 918 1172 et
929 1155 1006 1181 prae-

211 1188 278 1209 terea
295 1184 391 1218 spiritu
408 1185 497 1209 omnia
513 1189 585 1210 cocta
601 1189 680 1219 atque
695 1184 813 1210 confecta
831 1185 856 1210 in
870 1183 1005 1219 reliquum

209 1229 307 1254 corpus
321 1220 487 1247 dividantur.
529 1221 581 1247 LV.
604 1222 631 1247 ln
649 1221 825 1256 pulmonibus
837 1226 925 1248 autem
937 1222 1006 1248 inest

210 1259 302 1283 raritas
318 1258 450 1292 quaedam
467 1262 492 1284 et
508 1258 638 1284 assimilis
653 1259 776 1294 spongiis
795 1258 949 1289 mollitudo,
972 1258 1005 1285 ad

210 1295 389 1321 hauriendum
405 1296 530 1330 spiritum
546 1297 699 1330 aptissima:
723 1297 770 1331 qui
787 1301 843 1322 tum
858 1304 886 1322 se
901 1301 1006 1322 contra-

210 1332 277 1358 liuut
287 1333 451 1367 aspirantes,
465 1337 520 1359 tum
533 1334 665 1368 respiratu
676 1333 798 1363 dilatant,
813 1339 840 1360 ut
853 1333 1006 1368 frequenter
1027 1331 1037 1366 «ἦ

208 1369 322 1396 ‹lut-atur
331 1370 410 1396 cibus
422 1370 556 1401 animalis,
569 1379 623 1406 quo
635 1372 752 1397 maxime
763 1371 872 1397 aluntur
883 1371 1006 1397 animan—

209 1411 257 1433 teS.
302 1408 356 1433 ¹37.
378 1407 419 1434 Ex
431 1408 566 1435 intestinis
577 1413 666 1434 autem
677 1413 703 1435 et
716 1409 790 1439 alvo,
807 1413 927 1435 secretus
938 1418 952 1434 a
964 1417 1005 1435 re-
1027 1413 1029 1444 j

209 1443 283 1479 liquo
293 1445 368 1475 cibo,
386 1454 468 1471 sucus
480 1446 516 1475 is,
533 1455 586 1480 quo
598 1446 708 1478 alimur,
725 1451 864 1481 permanat
875 1445 908 1472 ad
920 1447 1002 1476 iecur,
1028 1479 1029 1482 Ἰ

207 1490 255 1515 per
266 1482 395 1516 quasdam
413 1491 426 1508 a
443 1482 532 1509 medio
548 1484 674 1510 intestino
690 1492 778 1518 usque
789 1483 822 1509 ad
833 1488 923 1518 portas
935 1484 1006 1510 ieco-
1028 1494 1029 1507 i

208 1519 245 1544 ris
259 1519 307 1553 <sic
318 1519 391 1545 enim
402 1520 581 1555 appellantur)
591 1520 685 1547 ductas
696 1526 722 1548 et
732 1521 848 1547 directas
860 1522 927 1551 vias,
936 1529 1005 1556 quae

207 1594 370 1627 pertinentes
386 1599 462 1625 sunt,
483 1603 531 1629 per
545 1604 613 1630 quas
627 1596 699 1622 cadit
714 1596 792 1622 cibus
803 1605 817 1622 a
830 1597 916 1622 iecore
930 1595 1006 1621 dela-

208 1638 284 1664 psuS.
324 1631 365 1657 Ab
381 1640 411 1658 eo
431 1632 492 1658 cibo
511 1641 596 1667 quum
612 1638 653 1659 est
667 1638 768 1659 secreta
784 1633 848 1659 bilis
865 1633 939 1668 iique
954 1632 1006 1659 hu-

208 1669 361 1703 niores,qui
372 1677 386 1694 e
398 1669 509 1696 renibus
521 1670 734 1704 profunduntur:
748 1670 852 1705 reliqua
863 1679 892 1696 se
904 1671 931 1696 in
943 1679 1006 1696 san-

207 1705 317 1739 guinem
331 1711 437 1732 vertunt
447 1706 480 1733 ad
487 1707 650 1743 easdemque
657 1713 745 1742 portas
752 1708 849 1734 iecoris
855 1706 1002 1738 confluunt,

207 1741 241 1767 ad
256 1751 324 1776 quas
338 1751 432 1769 omnes
447 1745 506 1770 eius
522 1745 581 1771 viae
597 1746 744 1780 pertinent:
767 1754 815 1780 per
829 1754 898 1780 quas
913 1744 1004 1779 lapsus

207 1779 285 1805 cibus
302 1781 328 1806 in
344 1780 394 1806 hoc
409 1781 467 1816 ipso
485 1781 540 1808 loco
556 1783 583 1808 in
595 1791 654 1808 eam
669 1791 780 1812 venam,
797 1791 866 1817 quae
881 1790 946 1808 cava
957 1790 1005 1816 ap-

207 1816 336 1850 pellatur,
353 1817 541 1850 contunditur.
558 1828 660 1854 perque
675 1828 733 1845 eam
750 1819 783 1845 ad
802 1828 847 1845 cor
867 1818 1004 1845 confectus

208 1854 260 1879 iam
272 1859 417 1889 coctusque
428 1855 589 1890 perlabitur,
603 1865 617 1882 a
628 1857 706 1883 corde
719 1861 809 1883 autem
821 1857 848 1882 in
857 1861 1006 1882 totumcor-

207 1898 259 1924 pus
271 1891 444 1918 distribuitur
455 1901 502 1927 per
514 1902 596 1920 venas
607 1893 752 1920 admodum
760 1893 868 1924 multas,
878 1895 904 1919 in
911 1902 1005 1919 omnes
1028 1918 1029 1925 ,

207 1932 296 1961 partes
321 1930 440 1963 corporis
466 1931 641 1964 pertinentes.
689 1932 745 1956 ⁴38.
770 1930 1005 1962 Quemadmodum

208 1969 297 1991 autem
313 1965 443 1999 reliquiae
462 1967 517 1992 cibi
535 1967 704 2002 depellantur
722 1973 777 1994 tum
792 1968 1005 2003 astringentibus

207 2009 236 2027 se
248 2002 392 2033 intestinis,
406 2008 462 2029 tum
475 2003 667 2035 relaxantibus,
681 2004 753 2031 haud
764 2014 828 2031 sane
839 2004 951 2031 difficile
962 2005 1006 2031 di—
1028 2011 1029 2014 ’

1027 1625 1029 1672 l

1028 1790 1029 1836 l

207 2043 252 2065 ctu
263 2044 311 2069 est,
325 2039 373 2065 sed
385 2045 472 2066 tamen
488 2042 712 2075 praetereundum
724 2047 772 2073 est,
787 2050 819 2068 ne
830 2042 897 2077 quid
910 2042 1006 2068 babeat

208 2076 414 2103 iniucunditatis
425 2079 518 2104 oratio.
559 2079 605 2105 Illa
622 2080 711 2113 potius
727 2080 877 2114 explicetur
888 2079 1006 2105 incredi-

208 2112 272 2139 bilis
284 2112 384 2140 fabrica
397 2120 514 2141 naturae.
555 2117 622 2142 ,Nam
633 2125 702 2151 quae
714 2117 811 2151 spiritu
823 2117 850 2143 in
862 2117 1005 2151 pulmones
1028 2147 1029 2154 ἵ

207 2151 296 2176 anima
317 2150 438 2181 ducitur,
460 2161 489 2178 ea
505 2152 614 2179 calescit
629 2154 747 2188 primum
768 2154 801 2180 ab
816 2155 876 2188 ipso
895 2155 1002 2189 spiritu,

208 2187 306 2214 deinde
317 2189 492 2224 coagitatione
504 2190 678 2224 pulmonum:
697 2200 730 2217 ex
740 2200 825 2226 eaque
837 2200 899 2225 pars
914 2191 1005 2217 reddi-

208 2230 250 2250 tur
263 2226 433 2260 respirando,
452 2235 513 2261 pars
528 2229 679 2262 coneipitur
689 2228 778 2254 cordis
790 2234 864 2263 parte
875 2229 1002 2263 quadam,

207 2270 288 2296 quem
300 2263 480 2289 ventriculum
492 2264 581 2291 cordis
597 2265 746 2300 appellant,
764 2267 809 2292 cui
823 2266 922 2292 similis
939 2266 1005 2292 alter

208 2299 350 2326 adiunctus
362 2305 410 2331 est,
428 2302 454 2327 in
465 2310 546 2336 quem
558 2303 669 2338 sanguis
681 2312 694 2329 a
706 2303 792 2329 iecore
803 2311 852 2338 per
862 2312 958 2329 venam
971 2303 1004 2330 il·-

209 2335 259 2361 lam
280 2345 374 2363 cavam
393 2337 490 2365 influit.
530 2339 622 2374 quue
639 2340 717 2366 modo
731 2349 765 2366 ex
782 2340 825 2366 liis
840 2341 963 2375 partibus
978 2346 1004 2367 et

207 2375 317 2408 sanguis
329 2383 376 2409 per
387 2383 469 2401 venas
481 2377 508 2402 in
522 2385 600 2403 omne
612 2386 709 2412 corpus
721 2377 896 2408 diffunditur,
910 2383 934 2404 et
946 2379 1004 2413 spi-

208 2410 274 2436 ritus
290 2419 337 2445 per
351 2413 471 2439 arterias
511 2413 643 2448 Utraeque
659 2420 748 2440 autem
764 2415 873 2441 crebrae
889 2415 1004 2441 multae-

208 2454 260 2480 que
272 2452 323 2474 toto
334 2457 442 2483 corpore
456 2451 570 2477 intextae
585 2452 641 2477 vim
652 2451 798 2486 quamdam
813 2452 1002 2479 incredibilem
1024 2437 1027 2479 l

208 2483 343 2510 artificiosi
354 2488 442 2519 operis
453 2487 595 2523 divinique
612 2493 752 2515 testantur.
796 2491 852 2515 ¹39.
874 2489 946 2521 Quid
960 2490 1003 2516 di—
1024 2484 1027 2516 ἓ

208 2527 265 2560 eam
277 2520 310 2546 de
321 2523 436 2554 ossibus,
449 2533 517 2559 quae
529 2525 649 2552 subiecta
661 2526 765 2560 corpori
780 2526 918 2553 mirabiles
929 2536 1003 2564 com-

209 2564 338 2598 missuras
354 2558 464 2591 liabent,
482 2567 507 2588 et
522 2562 555 2588 ad
569 2562 742 2589 stabilitatem
756 2568 830 2597 aptas
845 2569 871 2590 et
885 2564 917 2590 ad
929 2569 1003 2590 artus

209 2593 340 2620 luneudus
360 2599 570 2625 accommodatas
590 2605 615 2626 et
635 2600 668 2626 ad
688 2605 791 2627 motum
807 2605 832 2627 et
846 2600 879 2626 ad
894 2609 1002 2627 omnem

209 2631 326 2665 corporis
337 2633 477 2660 actionem.
518 2636 574 2663 Huc
585 2636 653 2664 adde
664 2645 761 2665 nervos
769 2658 775 2670 ,
791 2646 806 2664 a
815 2638 918 2673 quibus
928 2643 1002 2665 artus

1034 1544 1036 1552 ‚

206 1557 341 1590 pertinent
353 1557 386 1583 ad
397 1558 472 1583 iecur
483 1558 562 1592 eique
573 1558 728 1585 adbaerent.
762 1559 849 1593 Atque
864 1558 926 1584 inde
938 1558 1005 1584 aliae
1027 1550 1036 1570 ¹¹*

995 106 1283 133 (ltetittoxts

1057 177 1240 207 continentur,
1268 186 1415 212 eorumque
1441 178 1650 213 implicationem
1672 184 1724 206 toto
1742 188 1853 215 corpore

1059 215 1248 248 pertinentem:
1266 216 1314 249 qui
1330 216 1399 241 sicut
1412 224 1494 241 venae
1505 222 1530 243 ct
1541 218 1652 243 arteriae
1662 226 1675 242 a
1686 217 1766 243 corde
1777 218 1852 243 trac-ti

1035 271 1037 299 A.
1058 250 1203 285 etprol'ecti
1222 252 1247 277 in
1262 260 1360 286 corpus
1370 261 1448 278 omne
1459 252 1605 279 ducuntur.
1646 254 1710 280 Lvt.
1736 255 1791 281 ΗΟ.
1813 254 1853 281 Ad

1028 295 1037 332 t,
1059 288 1127 314 lianc
1148 288 1345 323 providentiam
1366 294 1476 315 naturae
1497 295 1549 316 tani
1569 290 1728 325 diligentem
1745 297 1853 326 tamque

1036 329 1037 375 1
1058 325 1191 351 sollertem
1204 325 1315 360 adiungi
1330 325 1412 352 multa
1429 332 1555 360 possunt,
1573 336 1587 353 e
1600 329 1703 363 quibus
1719 329 1855 364 intelliga-

1029 384 1037 431 Ἴ
1059 368 1109 389 tur.
1123 368 1238 397 ‹litantae
1251 372 1292 388 res
1307 363 1464 389 hominibus
1474 372 1488 389 a
1503 364 1570 394 diis,
1586 374 1723 400 quamque
1738 367 1854 392 eximiae

1059 400 1173 425 tributae
1189 400 1256 425 sint:
1280 401 1328 434 qui
1344 401 1463 434 primum
1479 409 1525 427 eos
1537 401 1619 427 humo
1629 404 1756 429 excitatos
1767 403 1854 429 celsos

1058 442 1082 463 ct
1095 442 1196 463 erectos
1211 438 1364 467 constituit,
1383 442 1412 463 ut
1426 437 1537 464 deorum
1553 439 1734 474 cognitionem
1748 440 1854 466 caelum

1036 472 1037 508 ]
1060 474 1193 500 intuentes
1204 483 1298 508 capere
1313 479 1431 508 possent.
1463 475 1532 502 Sunt
1542 477 1613 502 enim
1625 485 1639 502 e
1651 481 1718 503 terra
1730 477 1854 504 homines

1028 519 1037 547 Ιχ
1059 521 1109 537 non
1123 516 1150 537 ut
1163 511 1263 537 incolae
1275 516 1354 546 atque
1367 511 1592 542 habitatores,sed
1603 515 1681 548 quasi
1693 519 1855 549 spectatores

1058 557 1216 583 superarum
1233 557 1322 574 rerum
1338 554 1418 584 atque
1432 549 1604 580 caelestium,
1621 559 1736 585 quarum
1750 556 1854 586 specta—

1057 586 1149 612 culum
1170 586 1202 611 ad
1222 586 1327 612 nullum
1342 585 1416 612 aliud
1432 595 1519 622 genus
1534 588 1712 614 animantium
1728 589 1853 623 pertinet.

1036 639 1037 644 .
1058 623 1160 649 Sensus
1171 628 1274 654 autem,
1292 623 1449 658 interpretes
1465 632 1495 650 ac
1510 626 1597 651 nuntii
1609 634 1712 656 rerum,
1729 627 1756 652 in
1767 627 1855 661 capite

1035 659 1037 664 ’
1058 666 1194 695 tamquam
1209 661 1234 686 in
1246 669 1306 686 arce
1317 661 1430 687 mirilice
1443 661 1476 687 ad
1494 670 1560 687 usus
1575 664 1741 689 necessarios
1751 668 1777 689 et
1792 663 1854 690 tacti

1057 703 1082 724 et
1097 697 1218 724 collocati
1234 703 1307 724 sunt.
1349 698 1415 724 Nam
1430 698 1502 725 oculi
1518 704 1654 734 tamquam
1673 700 1855 735 speculatores

1057 735 1221 761 altissimum
1237 735 1325 761 locum
1341 735 1476 766 obtinent,
1494 744 1528 762 ex
1543 745 1598 771 quo
1612 737 1729 772 plurima
1745 738 1855 772 conspi-

1057 773 1158 799 cientes
1171 772 1317 807 fungantur
1327 781 1376 799 suo
1388 781 1508 800 munere.
1547 775 1603 800 tt«.
1625 775 1656 801 Et
1667 783 1755 805 aures,
1767 783 1855 810 quum

1057 819 1153 836 sonum
1166 811 1303 844 percipere
1319 810 1447 840 debeant,
1463 811 1511 845 qui
1523 816 1616 837 natura
1630 812 1748 838 sublime
1760 811 1852 843 fertur.

1058 852 1127 873 recte
1140 848 1166 873 in
1178 847 1239 873 altis
1250 856 1391 881 corporum
1404 848 1526 882 partibus
1537 848 1678 875 collocatae
1686 854 1757 876 sunt.
1775 850 1855 876 nem-

1035 894 1037 918 ι
1057 893 1110 919 que
1123 893 1209 915 nares,
1222 893 1253 910 eo
1263 884 1336 919 quod
1347 885 1435 910 omnis
1446 885 1511 911 odor
1522 886 1554 911 ad
1566 895 1662 921 supera
1675 886 1767 918 fertur.
1784 891 1854 913 recte

1057 930 1166 948 sursum
1183 926 1259 948 sunt:
1281 926 1307 948 et
1321 921 1393 956 quod
1410 922 1466 948 cibi
1482 927 1507 948 et
1522 924 1638 958 potionis
1653 923 1786 950 iudicium
1797 932 1855 950 ma-

1057 968 1141 994 gnum
1153 967 1245 985 earum
1256 964 1309 989 est.
1327 967 1378 985 non
1390 959 1449 985 sine
1460 968 1554 986 caussa
1570 962 1735 987 vicinitatem
1746 962 1801 987 oris
1811 970 1855 987 se-

1057 1001 1134 1022 cutae
1145 1001 1218 1022 sunt.
1258 997 1312 1022 lam
1324 1001 1457 1031 gustatus,
1469 998 1517 1032 qui
1529 999 1627 1024 sentire
1637 1007 1738 1028 eorum,
1752 998 1855 1033 quibus

1059 1034 1208 1063 vescimur,
1221 1042 1318 1069 genera
1330 1033 1422 1064 debet,
1442 1034 1543 1061 habitat
1555 1036 1580 1061 in
1592 1044 1622 1062 ea
1634 1041 1708 1070 parte
1718 1037 1787 1066 oriS,
1801 1044 1854 1070 qua

1034 1092 1037 1112 5
1057 1070 1204 1097 esculentis
1217 1076 1243 1097 et
1258 1070 1403 1105 potulentis
1420 1071 1468 1097 iter
1479 1077 1571 1098 natura
1583 1072 1716 1107 patefecit.
1757 1073 1855 1099 Tactus

1058 1113 1147 1134 autem
1164 1113 1216 1134 toto
1231 1116 1340 1142 corpore
1356 1108 1534 1142 aequabiliter
1549 1109 1627 1136 susus
1642 1115 1696 1140 est,
1717 1115 1746 1136 ut
1760 1119 1855 1136 omnes

1034 1137 1037 1192 i
1059 1146 1128 1172 ictus
1142 1153 1290 1180 omnesque
1307 1145 1434 1172 minimos
1448 1151 1475 1172 et
1490 1145 1598 1182 frigoris
1613 1152 1638 1173 et
1649 1147 1745 1173 caloris
1756 1147 1855 1182 appul-

1034 1201 1037 1234 ι
1058 1191 1104 1209 sus
1116 1183 1215 1209 sentire
1226 1182 1374 1217 possimus.
1414 1182 1515 1218 Atque,
1533 1189 1562 1210 ut
1577 1185 1605 1210 in
1620 1184 1752 1210 aedificiis
1765 1184 1855 1211 archi-

1034 1236 1037 1254 ,
1059 1221 1120 1246 tecti
1141 1224 1265 1246 avertunt
1284 1219 1318 1246 ab
1337 1219 1423 1246 oculis
1443 1225 1469 1246 et
1488 1221 1600 1247 naribus
1620 1221 1791 1248 dominorum
1811 1230 1853 1253 ea,

1034 1263 1036 1282 ¹,
1057 1266 1126 1292 quae
1141 1256 1298 1292 profluentia
1310 1258 1462 1284 necessario
1473 1259 1549 1284 taetri
1561 1264 1650 1285 essent
1659 1258 1763 1294 aliquid
1776 1258 1855 1285 babi-

1058 1300 1129 1328 tura,
1146 1295 1186 1321 sic
1198 1299 1290 1321 natura
1303 1303 1345 1320 res
1356 1294 1460 1321 similes
1472 1296 1565 1330 procul
1576 1296 1731 1323 amandavit
1741 1305 1755 1323 a
1766 1297 1855 1323 seusi-

1058 1332 1119 1358 bus.
1160 1332 1237 1358 Lt‘tt.
1262 1333 1318 1358 ΗΞ.
1339 1331 1406 1364 Quis
1418 1341 1481 1359 vero
1495 1332 1587 1368 opifex
1602 1339 1706 1368 praeter
1720 1339 1853 1365 naturam,

1034 1376 1036 1382 ⁸
1057 1379 1109 1405 qua
1122 1369 1190 1396 nihil
1203 1374 1288 1404 potest
1299 1378 1358 1395 esse
1369 1369 1494 1396 callidius
1503 1391 1509 1401 ,
1525 1376 1624 1397 tantam
1635 1370 1781 1398 sollertiam
1793 1379 1856 1406 pet·-

1034 1386 1036 1443 l
1057 1408 1135 1442 sequi
1156 1407 1289 1442 potuisset
1309 1407 1335 1433 in
1356 1407 1502 1434 sensibus?
1530 1416 1600 1443 quae
1623 1409 1741 1443 primum
1761 1408 1855 1435 oculos

1027 1446 1036 1474 s
1058 1445 1222 1471 membranis
1238 1445 1406 1470 tenuissimis
1422 1446 1531 1472 vestivit
1546 1451 1572 1472 et
1591 1447 1689 1480 sepsit:
1709 1454 1778 1480 quas
1798 1446 1856 1481 pri-

1058 1491 1132 1508 mum
1144 1481 1296 1516 perlucidas
1308 1481 1384 1512 fecit,
1400 1487 1429 1508 ut
1440 1491 1488 1517 per
1497 1491 1543 1509 eas
1553 1484 1626 1509 cerni
1637 1488 1740 1518 posset,
1763 1483 1855 1509 firmas

1034 1523 1036 1530 ¹
1057 1525 1156 1549 autern,
1171 1524 1199 1545 ut
1210 1520 1420 1546 continerentur.
1459 1519 1512 1546 Sed
1525 1520 1642 1547 lubricos
1653 1519 1745 1546 oculos
1756 1519 1819 1547 fecit
1829 1525 1856 1547 et

1057 1556 1185 1585 mobiles.
1203 1561 1232 1582 ut
1247 1561 1272 1582 et
1287 1556 1465 1588 declinarent,
1481 1558 1504 1583 si
1520 1557 1587 1593 quid
1603 1562 1722 1588 noceret,
1739 1562 1765 1584 et
1775 1565 1855 1592 aspe-

1057 1600 1139 1624 ctum,
1153 1603 1207 1629 quo
1219 1593 1331 1623 vellent,
1345 1593 1422 1620 facile
1432 1600 1630 1627 converterent,
1647 1595 1773 1629 aciesque
1784 1595 1852 1630 ipsa.

1057 1640 1110 1666 qua
1123 1632 1274 1661 ceruimus,
1287 1639 1357 1665 quae
1368 1631 1471 1666 pupilla
1483 1637 1605 1663 vocatur,
1619 1633 1654 1658 ita
1666 1640 1747 1666 parva
1759 1637 1812 1663 est,
1825 1636 1856 1658 ut

1057 1677 1102 1699 ea,
1119 1677 1188 1703 quae
1205 1676 1299 1694 nocere
1315 1669 1432 1703 possint,
1449 1668 1526 1695 facile
1543 1670 1621 1695 vitet:
1643 1668 1852 1704 palpebraeque.

1057 1715 1126 1741 quae
1137 1711 1201 1732 sunt
1213 1710 1345 1741 tegmenta
1356 1705 1510 1737 oculorum,
1527 1706 1703 1732 mollissimae
1719 1711 1803 1736 tactu,
1820 1714 1855 1732 ne

1059 1742 1194 1769 laederent
1205 1743 1299 1773 aciem,
1308 1743 1447 1777 aptissime
1460 1743 1542 1770 factae
1553 1749 1579 1770 et
1589 1743 1622 1769 ad
1632 1742 1855 1778 claudendaspu-

1057 1780 1146 1815 pillas,
1159 1788 1193 1806 ne
1203 1779 1270 1815 quid
1281 1780 1419 1811 incideret,
1433 1785 1458 1806 et
1468 1780 1500 1807 ad
1512 1780 1684 1815 aperiendas:
1698 1780 1781 1815 idque
1792 1788 1855 1815 pro-

1058 1817 1140 1848 vidit,
1157 1822 1185 1843 ut
1200 1817 1357 1843 idemtidem
1374 1817 1431 1844 fieri
1446 1823 1537 1852 posset
1551 1826 1614 1844 cum
1627 1818 1746 1844 maxima
1758 1818 1855 1844 celeri-

1058 1860 1119 1881 tate.
1163 1855 1217 1881 ⁴43.
1231 1855 1405 1890 Munitaeque
1418 1861 1483 1882 sunt
1493 1855 1636 1890 palpebrae
1647 1861 1785 1890 tamquam
1797 1853 1855 1881 val-

1058 1892 1083 1918 lo
1094 1891 1221 1926 pilorum,
1235 1891 1338 1926 quibus
1349 1897 1374 1918 et
1385 1893 1484 1927 apertis
1495 1892 1591 1924 oculis,
1599 1893 1623 1919 si
1635 1892 1701 1928 quid
1712 1891 1852 1923 incideret.

1034 1882 1037 1906 l

1035 1926 1037 1939 ι

1035 1957 1037 1974 Ι

1035 1995 1037 2009 ι

1028 1932 1037 1947 ’·
1058 1929 1239 1964 repelleretur,
1254 1935 1278 1955 et
1288 1938 1382 1956 somno
1393 1930 1611 1961 conniventibus,
1627 1939 1713 1966 quum
1723 1929 1810 1956 oculis
1819 1929 1854 1956 ad

1028 1962 1037 1995 ].=
1057 1967 1222 1993 cernendum
1237 1975 1289 1992 non
1303 1975 1459 2003 egeremus,
1477 1972 1506 1994 ut
1520 1969 1568 2003 qui
1584 1973 1722 2003 tamquam
1738 1966 1855 1994 involuti

1057 2004 1237 2039 quiescerent.
1264 2004 1358 2031 Latent
1368 2010 1502 2039 praeterea
1513 2004 1623 2036 utiliter,
1639 2009 1665 2032 et
1675 2004 1792 2031 excelsis
1803 2013 1855 2031 un-

1058 2042 1140 2076 dique
1156 2041 1278 2076 partibus
1294 2043 1446 2077 sepiuntur.
1486 2042 1606 2069 Primum
1621 2043 1694 2069 enim
1703 2042 1853 2076 superiora,

1057 2079 1211 2113 superciliis
1226 2079 1356 2110 obducta,
1379 2079 1505 2106 sudorem
1521 2088 1535 2105 a
1550 2080 1638 2114 capite
1648 2084 1674 2106 et
1684 2087 1699 2105 a
1711 2078 1796 2105 fronte
1805 2078 1855 2105 de-

1057 2116 1182 2142 fluentem
1198 2116 1342 2151 repellunt.
1383 2116 1474 2143 Genae
1489 2116 1587 2143 deinde
1597 2117 1632 2143 ab
1643 2116 1768 2143 inferiore
1779 2119 1854 2151 parte

1057 2158 1176 2180 tutantur
1187 2154 1324 2180 subiectae
1337 2153 1504 2189 leniterque‘
1516 2154 1676 2180 eminentes.
1710 2153 1854 2187 Nasusque

1057 2192 1092 2217 ita
1104 2190 1204 2217 locatus
1215 2196 1269 2221 est,
1287 2196 1317 2218 ut
1331 2192 1410 2226 quasi
1423 2199 1519 2217 murus
1528 2190 1616 2218 oculis
1627 2191 1783 2217 interiectus
1793 2198 1854 2216 esse

1056 2229 1189 2254 videatur.
1232 2229 1288 2254 ⁴44.
1310 2228 1426 2255 Auditus
1449 2233 1538 2254 autem
1559 2236 1667 2263 semper
1685 2232 1770 2262 patet3
1792 2227 1853 2253 eius

1055 2266 1128 2292 enim
1149 2274 1231 2292 sensu
1247 2266 1327 2292 etiam
1343 2265 1507 2292 dormientes
1522 2273 1648 2301 egemus:
1668 2273 1683 2290 a
1697 2272 1752 2299 quo
1765 2272 1853 2299 quum

1055 2311 1139 2329 sonus
1149 2307 1189 2329 est
1200 2308 1340 2337 acceptus,
1357 2304 1439 2329 etiam
1454 2311 1469 2328 a
1484 2311 1578 2329 somno
1591 2302 1750 2328 excitamur.
1791 2300 1854 2327 Fle-

1055 2348 1172 2366 xuosum
1184 2341 1234 2366 iter
1245 2340 1338 2370 habet,
1356 2348 1390 2366 ne
1401 2339 1469 2374 quid
1480 2340 1578 2366 intrare
1587 2339 1686 2374 possit,
1702 2337 1775 2372 quod
1788 2346 1854 2372 pos-

1054 2382 1107 2408 set,
1125 2378 1149 2403 si
1163 2377 1282 2412 simplex
1292 2382 1318 2403 et
1328 2377 1460 2403 directum
1471 2381 1585 2412 pateret,
1608 2376 1748 2410 provisum
1759 2376 1850 2406 etiam,

1055 2419 1093 2445 ut,
1101 2415 1183 2450 siqua
1195 2415 1307 2441 minima
1318 2414 1431 2441 bestiola
1442 2418 1583 2441 conaretur
1594 2413 1752 2447 irrumpere,
1760 2412 1853 2439 insor-

1054 2451 1137 2478 dibus
1148 2453 1256 2479 aurium
1267 2457 1405 2487 tamquam
1417 2452 1444 2478 in
1455 2451 1530 2478 visco
1540 2450 1745 2477 inhaeresceret.
1769 2449 1852 2476 Extra

1054 2494 1144 2515 autem
1160 2490 1292 2520 eminent,
1314 2497 1384 2524 quae
1399 2487 1568 2524 appellantur
1587 2495 1679 2515 aures,
1701 2491 1728 2513 et
1742 2486 1852 2522 tegendi

1054 2535 1148 2552 caussa
1160 2526 1244 2553 factae
1256 2526 1415 2561 tutandique
1425 2533 1536 2555 sensus,
1553 2528 1579 2550 et
1592 2532 1627 2550 ne
1641 2523 1759 2550 adiectae
1770 2531 1851 2550 voces

1055 2563 1208 2590 laberentur
1222 2570 1303 2599 atque
1317 2567 1448 2594 errarent,
1470 2562 1630 2597 priusquam
1645 2569 1742 2587 sensus
1757 2561 1791 2588 ab
1807 2560 1851 2587 bis

1053 2600 1150 2635 pulsus
1161 2606 1241 2628 esset.
1267 2601 1319 2627 Sed
1331 2601 1414 2627 duros
1424 2604 1450 2626 et
1459 2599 1539 2634 quasi
1549 2597 1686 2624 corneolos
1698 2597 1798 2624 habent
1808 2598 1851 2624 in-

1054 2638 1149 2665 troitus
1159 2638 1308 2674 multisque
1318 2646 1382 2664 cum
1391 2636 1522 2669 flexibus;
1535 2635 1609 2671 quod
1619 2635 1662 2661 his
1672 2634 1851 2662 naturisrela-
