1941 3052
218 159 266 185 380

217 230 306 264 potius
320 230 479 264 suscipiam.
499 237 579 264 (piam
598 233 643 254 aut
658 228 683 253 in
699 231 723 253 te
741 228 791 253 aim
809 225 940 256 crudelia,
961 230 1007 252 aut
1028 228 1029 239 ¹

217 271 253 293 tot
267 271 318 293 tam
332 276 426 300 graves
441 272 519 292 tentes
536 267 608 291 vivus
625 264 824 298 incolumi-nque
838 272 897 288 (esse
912 264 1005 297 patiar.

217 304 280 338 Agit
294 305 390 337 gratim·
406 304 567 331 (neuun-nos,
585 301 712 336 approbat
725 301 881 326 consilium:
898 300 962 326 dicit
973 301 1006 326 ita

217 342 272 367 lieri
287 346 414 375 oporte-re.
446 341 574 366 Admonet
589 344 674 364 tamt-n
690 337 765 367 illud.
782 337 853 372 quod
869 338 948 363 istum
965 337 1007 363 su-

216 383 302 413 geret.
325 379 349 404 in
371 378 523 403 Phalacrum
544 376 746 409 Centuripinum
773 374 935 400 nat-archum
955 383 1006 400 non

218 424 294 450 posse
309 414 490 442 animadverti.
509 418 643 447 propterca
657 412 728 446 quod
743 421 834 437 aecum
851 411 944 437 suisset
956 420 1007 437 una

218 453 243 478 in
259 453 428 485 Centuripina
443 450 616 485 quadriremi.
638 449 708 481 Quid
723 448 804 482 crgo?
818 449 866 474 iste
882 449 961 474 horno
974 457 1007 475 cx

217 488 346 514 eiusmodi
366 489 484 517 civitate.
505 487 659 512 adolescens
678 486 862 512 nobilissimus
877 487 951 511 testis
966 494 1008 511 re—

219 525 369 560 linquetur?
383 526 409 551 ln
426 525 580 559 praesentia.
598 524 685 558 inquit
700 524 863 554 Cleomenes.
879 524 1006 558 quoniam

217 564 250 588 itu
266 571 372 588 neccsse
387 567 439 588 est:
460 561 505 587 ned
521 566 579 596 post
597 561 698 596 aliquid
719 561 884 590 videbimus.
907 570 938 586 nc
958 561 1007 586 iste

217 600 292 626 nobis
311 599 414 625 obstare.
433 600 524 633 possit.
566 598 632 624 xm.
655 600 711 624 106.
740 598 807 624 llaec
834 602 1006 633 posteaquam

216 642 270 662 ucta
285 641 310 662 ct
323 637 464 662 constituta
479 640 550 666 sunt.
568 636 685 670 procedit
700 636 749 661 iste
763 640 870 670 repente
880 644 894 661 e
905 639 1007 670 praeto-

217 674 262 704 rio.
280 673 458 700 inflammatus
473 673 584 704 scelere.
602 673 701 703 furore.
717 673 884 699 crudelitate.
926 673 953 699 ln
968 672 1008 698 [ο-

216 720 274 737 rum
296 712 380 737 veuit:
402 711 547 737 nuvarclios
568 711 654 737 vocari
675 711 757 737 iubet.
797 709 848 742 Qui
869 709 935 736 nihil
951 718 1007 736 mc-

216 753 331 778 tuerent.
348 749 415 775 nihil
429 749 642 783 suspicarentur.
661 749 749 774 statim
765 752 915 773 accurrunt.
956 747 1006 773 lste

215 785 371 812 hominihus
386 786 490 812 miseris
505 786 746 820 innocentibusque
757 786 828 811 iniici
841 790 945 811 catenas
955 785 1008 810 im-

215 827 297 858 perat.
330 823 471 858 Implorare
487 823 524 849 illi
540 823 618 849 lidem
633 823 768 858 praetoria.
785 828 818 853 et.
834 831 916 857 quare
931 822 957 848 id
969 821 1007 847 sa-

214 865 296 891 ceret.
322 869 422 895 rogare.
463 861 537 887 'runc
561 861 610 887 iste
635 861 683 887 hoc
704 869 814 887 caussae
832 860 910 890 dicit.
935 859 1006 894 quod

214 897 326 924 classem
343 898 521 933 praedonibus
537 898 725 933 prodidissent.
758 898 797 924 Fit
811 897 910 923 clamor
923 901 947 923 et
962 896 1008 922 ad-

215 935 320 961 miratio
338 935 442 970 populi.
463 940 560 962 tantam
576 944 634 962 esse
649 936 675 962 in
691 935 798 961 homine
812 934 1006 969 impudentiam

214 977 293 1007 atque
312 973 462 1004 audaciam,
488 977 517 999 ut
535 973 594 999 aliis
612 981 734 999 caussam
753 972 911 999 calamitatis
933 972 1008 997 attri-

215 1009 320 1040 bueret.
336 1019 405 1045 quae
419 1011 506 1036 omnis
521 1015 627 1045 propter
641 1011 778 1036 avaritiam
794 1010 881 1044 ipsius
895 1009 1007 1035 accidis-

214 1051 267 1077 set.
291 1052 349 1078 aut.
374 1056 460 1082 quum
484 1048 540 1082 ipse
564 1047 727 1082 praedonum
750 1047 840 1073 socius
859 1050 1005 1081 putaretur,

206 1084 275 1110 'aliis
289 1084 446 1119 proditionis
460 1085 560 1111 crimen
577 1084 698 1111 inferret:
726 1084 823 1110 deinde
838 1084 885 1110 hoc
899 1084 1007 1119 quinto·

213 1121 317 1148 decimo
331 1122 374 1148 die
387 1123 487 1149 crimen
501 1130 560 1148 esse
575 1127 679 1153 natum.
700 1127 842 1157 postquam
856 1121 950 1147 classis
965 1129 1008 1147 es—

213 1162 254 1184 set
269 1159 377 1186 amissa.
421 1160 477 1186 ⁴07.
498 1159 587 1191 Quum
605 1159 669 1184 haec
685 1159 719 1184 ita
736 1159 841 1190 lierent.
863 1159 1012 1194 quaereba-

213 1199 270 1226 tur.
285 1196 331 1223 ubi
343 1201 413 1223 esset
424 1195 597 1223 Cleomenes?
617 1204 668 1222 non
679 1204 734 1231 quo
745 1196 848 1231 ipsum,
861 1197 1012 1223 cuicuimo-

213 1232 242 1259 di
253 1233 263 1245 ⁸
278 1238 330 1264 est.
351 1234 495 1269 quisquam
511 1233 645 1269 supplicio
659 1238 764 1268 propter
778 1233 845 1260 illud
860 1234 1007 1259 incommo-

213 1269 279 1296 dum
297 1270 409 1306 dignum
429 1276 546 1306 putaret:
575 1280 636 1297 nam
659 1271 726 1306 quid
745 1271 899 1297 Cleomenes
923 1270 1007 1296 facere

213 1307 318 1342 potuit?
330 1309 391 1342 (non
406 1309 477 1335 enim
492 1317 603 1344 possum
615 1317 778 1343 quemquam
790 1307 947 1334 insimulare
958 1307 1008 1334 sal-

212 1345 268 1380 so.)
281 1345 356 1380 quid.
373 1346 492 1381 inquam,
505 1355 601 1381 magno
611 1354 689 1380 opere
699 1346 853 1372 Cleomenes
866 1345 950 1371 facere
960 1353 1008 1380 po-

212 1383 276 1413 tuit.
297 1383 376 1409 istius
394 1384 503 1410 avaritia
522 1383 637 1410 navibus
655 1382 818 1410 exinanitis?
842 1383 930 1418 Atque
944 1391 1005 1409 eum

212 1419 304 1446 vident
317 1420 409 1447 sedere
423 1421 455 1447 ad
471 1420 539 1447 latus
554 1421 689 1456 praetoris.
706 1425 731 1447 et
744 1420 776 1447 ad
788 1429 880 1446 aurem
892 1420 1006 1446 familia-

212 1457 287 1488 riter.
306 1462 334 1483 ut
347 1458 442 1484 solitus
456 1463 524 1490 erat,
540 1459 719 1485 insusurrare.
760 1458 829 1484 Tum
843 1466 906 1484 vero
919 1458 1007 1484 omni-

211 1494 263 1520 bus
282 1495 503 1530 indignissimum
527 1496 617 1522 visum
640 1500 680 1522 est
702 1495 825 1522 homines
847 1495 1007 1522 honestissi—

212 1540 282 1563 mos.
303 1531 400 1559 electos
415 1541 448 1560 ex
460 1533 517 1559 suis
535 1533 703 1564 civitatibus.
724 1533 752 1559 in
771 1532 870 1559 ferrum
885 1537 964 1568 atque
979 1533 1005 1558 in

213 1569 319 1595 vincula
334 1570 478 1597 coniectos:
495 1570 665 1598 Cleomenem
681 1574 788 1606 propter
801 1569 962 1606 flagitiorum
976 1578 1006 1596 ac

211 1607 410 1641 turpitudinum
429 1608 581 1634 societatem
601 1608 843 1634 familiarissimum
857 1616 916 1634 esse
930 1615 1007 1642 prae—

211 1644 284 1670 toris.
326 1646 383 1671 408.
403 1645 554 1680 Apponitur
572 1645 614 1672 his
633 1650 720 1671 tamen
738 1649 876 1672 accusator
888 1645 1006 1671 Naevius

210 1681 311 1716 Turpio
323 1682 447 1716 quidam.
463 1683 524 1717 qui.
541 1682 570 1709 C.
586 1682 727 1709 Sacerdote
741 1686 873 1716 praetore.
893 1681 1007 1708 iniuria-

211 1726 271 1744 rum
285 1718 426 1745 damnatus
440 1724 489 1751 est.
507 1719 586 1746 homo
599 1719 667 1746 bene
676 1720 814 1754 appositus
826 1719 859 1746 ad
869 1719 948 1745 istius
958 1727 1007 1745 au-

211 1755 329 1782 daciam:
349 1765 429 1791 quem
444 1757 494 1783 iste
507 1757 534 1783 in
548 1757 679 1788 decumis,
696 1758 723 1783 in
738 1757 818 1783 rebus
832 1754 1003 1791 capitalibus,

210 1793 238 1819 in
261 1793 333 1819 omni
355 1793 489 1820 calumnia
512 1802 710 1829 praecursorem
735 1794 832 1820 habere
855 1793 958 1820 solebat
981 1798 1006 1820 et

210 1830 390 1856 emissarium.
423 1831 504 1858 XLII.
521 1832 634 1858 Veniunt
649 1831 794 1867 Syracusas
807 1835 930 1866 parentes
944 1839 1007 1866 pro-

211 1867 360 1903 pinquique
378 1869 538 1895 miserorum
556 1868 779 1900 adolescentium.
804 1869 853 1895 hoc
867 1869 1006 1903 repentino

209 1904 367 1931 calamitatis
385 1914 449 1932 suae
465 1907 590 1933 commoti
610 1907 717 1933 nuntio:
744 1906 848 1932 vinctos
871 1906 1005 1941 aspiciunt

210 1942 309 1968 catenis
328 1941 424 1969 liberos
442 1951 519 1975 suos.
543 1952 628 1978 quum
647 1944 726 1970 istius
743 1944 869 1970 avaritiae
892 1951 1005 1978 poenam

209 1978 278 2005 collo
291 1983 317 2005 et
329 1980 479 2006 cervicibus
494 1981 551 2007 suis
565 1981 738 2007 sustinerent.
777 1980 896 2011 Adsunt,
912 1980 1006 2006 defen-

209 2015 290 2048 dunt.
311 2016 488 2051 proclamant;
513 2018 592 2044 fidem
606 2022 693 2049 tuam.
717 2026 786 2053 quae
800 2026 935 2053 nusquam
950 2022 1006 2044 erat

210 2062 259 2080 nec
277 2062 407 2089 umquam
427 2054 524 2086 fuerat,
544 2055 696 2089 implorant.
737 2055 813 2082 Pater
831 2055 920 2081 aderat
933 2055 1004 2082 Dexo

209 2090 406 2126 Tyndaritanus
420 2091 500 2118 homo
514 2092 710 2123 nobilissimus.
727 2091 824 2127 hospes
837 2097 909 2124 tuus,
924 2093 1004 2119 cuius

209 2133 238 2154 tu
256 2127 329 2155 domi
348 2128 450 2160 fueras,
474 2137 554 2164 quem
578 2129 711 2164 hospitem
734 2129 893 2164 appellaras.
933 2130 1003 2156 Eum

209 2173 294 2200 quum
313 2165 358 2192 illa
377 2167 531 2193 auctoritate
548 2170 574 2192 et
591 2167 699 2192 miseria
717 2167 822 2193 videres
841 2166 1000 2201 praeditum.

209 2211 261 2229 non
276 2207 301 2229 te
314 2203 372 2229 eius
388 2203 523 2234 lacrimae.
544 2212 596 2230 non
610 2208 748 2235 senectus.
769 2212 821 2230 non
835 2204 945 2239 hospitii
959 2205 1003 2230 ius

208 2244 288 2275 atque
307 2249 403 2267 nomen
417 2249 431 2267 a
445 2241 544 2267 scelere
557 2240 674 2276 aliquam
689 2241 722 2267 ad
736 2246 837 2275 partem
852 2241 1004 2268 humanita-

208 2277 243 2304 tis
258 2286 379 2304 revocare
393 2277 497 2313 potuit?
530 2280 587 2305 109.
607 2278 660 2305 Sed
678 2278 744 2314 quid
758 2287 808 2314 ego
821 2278 931 2314 hospitii
945 2279 1003 2306 iura

208 2315 236 2341 in
255 2315 304 2341 hac
323 2319 376 2342 tam
394 2315 506 2342 immani
523 2315 612 2342 bellua
633 2315 830 2343 commemoro?
853 2315 905 2348 Qui
923 2316 1004 2343 Sthe-

210 2352 284 2378 nium
299 2352 514 2384 Thermitanum,
536 2353 670 2388 hospitem
684 2362 779 2384 suum.
799 2353 878 2380 cuius
891 2353 1002 2380 domum

209 2397 256 2423 per
277 2389 424 2424 hospitium
447 2390 572 2417 exhausit
589 2395 616 2417 et
632 2391 794 2422 exinanivit,
818 2391 955 2418 absentem
974 2391 1002 2418 in

209 2434 266 2452 reos
281 2426 412 2459 retulerit3
428 2436 522 2454 caussa
535 2428 648 2459 indicta,
663 2429 749 2463 capite
762 2428 908 2455 damnarit:
924 2428 958 2455 ab
971 2436 1002 2455 eo

210 2471 280 2489 nunc
293 2463 470 2498 hospitiorum
484 2465 542 2491 iura
555 2469 635 2500 atque
643 2464 729 2492 officia
740 2465 921 2500 quaeramus?
933 2465 1001 2493 Cum

210 2499 317 2526 homine
331 2502 402 2527 enim
416 2502 517 2529 crudeli
532 2503 609 2529 nobis
623 2511 666 2529 res
684 2507 737 2533 est.
757 2511 790 2529 an
808 2511 870 2529 cum
890 2502 944 2529 sera
962 2507 1002 2529 at-

209 2545 262 2571 que
275 2537 386 2564 immani
400 2539 507 2565 bellua?
523 2540 560 2566 Te
573 2540 656 2575 patris
671 2539 794 2566 lacrimae
807 2539 841 2566 de.
853 2540 1001 2567 innocentis

211 2573 258 2599 lilii
272 2575 391 2608 periculo
405 2584 457 2602 non
471 2576 631 2603 movebant?
653 2576 743 2609 Quum
757 2581 859 2612 patrem
873 2577 946 2604 domi
959 2585 1002 2604 re-

211 2609 349 2645 liquisses.
370 2612 455 2639 lilium
474 2617 561 2640 tecum
580 2614 705 2646 haberes3
725 2618 750 2640 te
768 2622 856 2649 neque
874 2622 1001 2649 praesens

210 2647 282 2674 lilius
300 2648 333 2675 de
352 2648 495 2676 liberorum
512 2651 633 2682 caritate.
657 2659 744 2686 neque
761 2651 859 2677 absens
877 2655 951 2686 pater
967 2651 1001 2678 de

209 2685 375 2722 indulgentia
389 2687 473 2723 patria
485 2687 687 2715 commonebat?
720 2689 777 2715 llo.
792 2688 904 2716 Catenas
919 2689 1001 2716 habe-

791 155 831 183 2⁸.
863 155 897 182 M.
927 155 957 182 Τ.
989 155 1265 182 (ΣΙΕΕΠΟΝΙΕ

1059 226 1102 252 bat
1117 227 1214 260 hospes
1229 230 1291 251 tuua
1306 226 1439 257 Aristeus.
1460 226 1573 252 Dexonis
1593 226 1674 252 nlius.
1713 226 1783 259 Quid
1799 226 1852 253 ita?

1061 264 1211 289 Prodiderat
1224 263 1350 289 classem:
1367 263 1438 298 quod
1453 264 1486 290 oli
1501 264 1667 298 praemium?
1685 264 1849 291 neser-uerat.

1059 300 1128 332 Quid
1143 300 1317 326 Cleomene-⁸¹!
1331 301 1444 335 ignavus
1459 300 1552 327 fuerat.
1588 302 1620 327 At
1633 310 1695 327 eum
1710 306 1737 327 tu
1751 301 1786 328 ob
1797 302 1851 328 vir·

1060 342 1142 363 tutem
1157 346 1251 363 corona
1265 346 1343 363 aurea
1357 338 1479 364 don-nn.
1513 339 1653 364 Dinniaerat
1667 344 1770 364 nautas.
1810 339 1850 365 Tu

1059 375 1091 400 ab
1113 375 1239 412 omnibus
1263 374 1412 401 mercedem
1436 376 1572 401 missionis
1591 384 1739 410 acceperat.
1779 375 1852 402 Alter

1060 420 1154 446 parens
1168 420 1200 438 ex
1214 412 1294 438 altera
1310 417 1382 446 parte
1395 417 1449 438 erat
1465 413 1630 440 Herbitensis
1644 412 1787 443 Eubulida.
1804 413 1852 439 ho-

1060 458 1102 475 ino
1115 449 1187 475 domi
1203 458 1266 475 auae
1279 449 1367 475 clarus
1382 454 1407 475 et
1421 449 1532 476 nobilis:
1547 451 1596 485 qui
1609 451 1672 486 quia
1683 450 1851 477 Cleomenem

1060 487 1085 512 in
1100 486 1268 512 defendendo
1282 487 1336 512 lilio
1351 486 1468 516 laeserat.
1486 487 1575 513 nudua
1590 496 1672 522 paene
1685 492 1725 513 est
1737 487 1853 514 destitu—

1060 529 1112 549 tus.
1153 524 1223 556 Quid
1242 529 1297 550 erat
1315 529 1418 555 autem.
1438 524 1511 560 quod
1529 525 1674 560 quisquam
1692 524 1791 551 diceret
1805 529 1851 551 aut

1058 560 1229 587 defenderet?
1243 561 1410 587 Cleomenem
1426 562 1561 588 nominare
1576 571 1626 588 non
1639 562 1708 588 iicet.
1730 562 1763 588 At
1773 570 1852 588 caua-

1059 608 1086 624 sa
1100 600 1179 633 cogit,
1211 599 1328 628 Moriere.
1345 599 1367 625 si
1382 599 1539 634 appellaris:
1555 608 1702 634 numquam
1717 599 1787 625 enim
1802 600 1852 626 iste

1059 641 1098 662 est
1115 637 1242 671 cuiquam
1263 636 1430 662 mediocriter
1447 637 1575 663 minatus.
1615 637 1648 663 At
1667 637 1780 672 remiges
1799 645 1851 663 non

1059 678 1140 700 erant.
1164 674 1310 700 Praetorem
1327 678 1353 699 tu
1367 673 1493 700 accusas?
1507 674 1607 710 Frange
1617 674 1743 700 cervices.
1766 674 1794 699 Si
1806 682 1853 700 ne-

1058 719 1110 745 que
1130 716 1289 746 praetorem.
1312 720 1399 746 neque
1418 712 1544 746 praetoris
1563 711 1699 738 aemulum
1718 711 1852 746 appellare

1060 748 1157 779 licebit.
1173 757 1258 784 quum
1274 749 1300 774 in
1316 749 1358 774 his
1372 749 1478 774 duobus
1493 754 1543 775 tota
1557 757 1650 775 caussa
1665 749 1713 775 sit.-
1728 748 1794 783 quid
1809 747 1853 774 lu—

1059 790 1148 812 turum
1162 786 1220 812 est‘?
1259 786 1349 812 XLlll.
1373 788 1429 812 111.
1454 787 1521 812 Dicit
1537 787 1616 813 etiam
1634 794 1757 812 caussam
1772 786 1854 812 ltera-

1058 823 1126 849 clius
1141 823 1315 859 Segestanus.
1337 823 1416 850 homo
1433 823 1504 850 domi
1525 832 1588 850 suae
1607 832 1714 850 summo
1733 822 1788 849 loco
1806 830 1853 849 na-

1059 865 1112 887 tus.
1151 861 1261 891 Audite.
1279 865 1307 887 ut
1321 866 1406 887 vestra
1422 861 1573 887 humanitas
1588 860 1716 895 postulat.
1733 860 1850 886 iudices:

1058 898 1172 924 audietis
1191 900 1262 925 enim
1276 898 1309 924 de
1324 899 1428 934 magnis
1444 899 1618 924 incommodis
1633 898 1794 933 iniuriisque
1808 906 1853 924 so-

1057 936 1169 962 ciorum.
1200 936 1276 962 Hunc
1289 936 1380 962 scitote
1396 935 1479 961 luisse
1494 936 1643 962 Heraclium
1658 936 1684 962 in
1699 944 1728 961 ea
1741 943 1850 966 caussa;

1057 973 1105 1007 qui
1124 978 1230 1008 propter
1246 981 1355 1009 gravem
1374 973 1496 999 morbum
1515 973 1653 999 oculorum
1668 978 1724 999 tum
1739 981 1791 998 non
1806 980 1853 998 na-

1060 1011 1155 1045 vigarit
1173 1015 1198 1037 et
1217 1011 1293 1036 iussu
1312 1011 1384 1041 eius.
1409 1011 1456 1045 qui
1480 1014 1635 1045 potestatem
1659 1010 1764 1039 hahuit.
1789 1017 1851 1036 cum

1058 1052 1205 1074 commeatu
1221 1047 1360 1084 Syracusis
1375 1048 1540 1074 remanserit.
1570 1047 1595 1074 Is
1608 1051 1677 1074 certe
1691 1054 1778 1082 neque
1792 1055 1853 1081 pro-

1058 1085 1127 1111 didit
1148 1084 1261 1111 classem
1288 1093 1375 1120 neque
1399 1090 1470 1111 metu
1495 1085 1650 1120 perterritus
1673 1084 1743 1120 fugit
1765 1092 1853 1119 neque

1057 1123 1204 1149 exercitum
1218 1122 1347 1149 deseruit.
1387 1122 1493 1148 Etenim
1508 1126 1571 1149 tunc
1584 1126 1655 1148 esset
1669 1122 1718 1148 hoc
1731 1121 1853 1148 animod-

1058 1168 1180 1191 versum,
1200 1169 1285 1195 quum
1299 1159 1394 1186 classis
1407 1160 1547 1195 Syracusis
1561 1159 1786 1194 proficiscebatur.
1826 1159 1852 1185 Is

1058 1202 1145 1224 tamen
1164 1198 1191 1224 in
1209 1197 1301 1223 eadem
1319 1206 1413 1223 caussa
1433 1197 1496 1228 suit.
1520 1197 1598 1232 quasi
1621 1201 1690 1223 esset
1711 1197 1737 1223 in
1761 1195 1853 1231 aliquo

1058 1234 1200 1261 manifesto
1213 1234 1314 1261 scelere
1327 1234 1526 1269 deprehensus:
1542 1235 1569 1261 in
1583 1243 1663 1270 quem
1675 1242 1707 1260 ne
1719 1233 1778 1260 l'alsi
1789 1234 1852 1268 qui-

1057 1272 1118 1298 dem
1132 1280 1227 1299 caussa
1241 1271 1353 1298 conferri
1367 1272 1488 1298 criminis
1503 1272 1597 1306 potuit.
1629 1273 1685 1298 ⁴42.
1702 1271 1763 1297 Fuit
1777 1271 1804 1297 in
1818 1270 1852 1297 il-

1059 1309 1091 1335 lis
1107 1310 1247 1336 navarchis
1261 1309 1437 1336 Heracliensis
1455 1309 1566 1344 quidam
1581 1309 1692 1339 Furius,
1726 1316 1785 1334 nam
1803 1307 1853 1334 ba-

1058 1347 1121 1373 bent
1139 1347 1180 1373 illi
1199 1346 1325 1373 nonnulla
1344 1346 1531 1373 huiuscemodi
1545 1347 1636 1373 Latina
1655 1343 1783 1382 nemum]
1803 1344 1853 1372 ho—

1058 1393 1114 1415 mo.
1130 1384 1262 1420 quamdiu
1277 1384 1357 1414 vixit,
1374 1392 1425 1410 non
1439 1383 1512 1410 domi
1527 1392 1591 1410 suae
1604 1382 1692 1410 solum
1707 1387 1767 1418 post
1780 1391 1852 1409 mor-

1058 1426 1124 1453 tem.
1150 1426 1201 1449 tota
1220 1421 1311 1448 Sicilia
1328 1421 1417 1448 clarus
1434 1426 1460 1448 et
1477 1420 1586 1448 nobilis.
1626 1421 1655 1447 ln
1672 1429 1727 1455 quo
1743 1419 1852 1446 homine

1058 1464 1160 1486 tantum
1175 1459 1258 1486 animi
1272 1458 1336 1490 ruit.
1357 1467 1409 1486 non
1423 1458 1511 1485 solum
1525 1463 1555 1485 ut
1568 1458 1651 1485 istum
1666 1457 1749 1484 libere
1764 1457 1852 1484 laede—

1058 1502 1109 1530 ret3
1135 1505 1196 1523 nam
1210 1496 1239 1523 id
1257 1496 1381 1532 quidem.
1401 1497 1528 1532 quoniam
1547 1495 1714 1523 moriendum
1733 1494 1849 1526 videbat.

1057 1535 1116 1560 sine
1134 1533 1253 1569 periculo
1270 1542 1300 1560 se
1323 1533 1408 1560 facere
1429 1533 1609 1570 intelligebat:
1636 1541 1745 1564 verum,
1768 1536 1853 1559 morte

1057 1572 1206 1606 proposita.
1231 1580 1317 1606 quum
1337 1571 1477 1598 lacrimans
1495 1571 1523 1597 in
1541 1579 1644 1597 carcere
1662 1574 1745 1596 mater
1762 1573 1852 1596 noctes

1057 1609 1170 1644 diesque
1183 1609 1320 1639 assideret.
1337 1608 1519 1635 defensionem
1530 1615 1640 1634 caussae
1651 1615 1715 1634 suae
1725 1607 1849 1641 scripsit:

1057 1655 1138 1681 quam
1154 1655 1225 1673 nunc
1238 1654 1317 1672 nemo
1329 1650 1370 1672 est
1384 1646 1410 1672 in
1423 1645 1523 1675 Sicilia.
1539 1645 1606 1680 quin
1616 1644 1720 1675 habeat.
1735 1644 1802 1679 quin
1813 1643 1853 1670 le-

1056 1687 1113 1719 gat.
1133 1683 1200 1718 quin
1219 1683 1258 1709 tui
1276 1682 1385 1709 sceleris
1403 1687 1428 1709 et
1446 1681 1611 1709 crudelitatis
1629 1690 1662 1708 ex
1676 1681 1721 1708 illa
1734 1681 1851 1708 oratione

1056 1720 1250 1747 commoneliat.
1284 1721 1312 1747 1n
1327 1729 1380 1755 qua
1394 1719 1478 1751 docet.
1494 1724 1559 1755 quot
1572 1728 1586 1745 a
1600 1720 1707 1746 civitate
1720 1727 1769 1744 sua
1784 1726 1852 1745 nau-

1057 1763 1096 1784 tas
1107 1758 1250 1793 aceeperit:
1266 1762 1332 1792 quot
1342 1762 1367 1783 et
1377 1758 1471 1792 quanti
1481 1765 1618 1792 quemque
1627 1756 1773 1782 dimiserit:
1785 1760 1852 1790 quot

1056 1803 1148 1822 secum
1163 1795 1299 1822 habuerit:
1316 1795 1379 1821 item
1393 1794 1426 1821 de
1440 1795 1535 1821 ceteris
1549 1794 1664 1820 navibus
1678 1793 1752 1820 dicit.
1777 1791 1851 1825 Quae

1055 1841 1142 1868 quum
1164 1832 1236 1868 apud
1258 1837 1284 1858 te
1304 1832 1412 1863 diceret,
1437 1832 1521 1868 virgis
1541 1831 1612 1858 oculi
1631 1830 1849 1857 verberabantur.

1056 1870 1103 1897 Ille
1116 1875 1200 1897 morte
1214 1870 1358 1904 proposita.
1376 1869 1452 1896 facile
1466 1868 1583 1896 dolorem
1598 1868 1716 1903 corporis
1730 1866 1851 1902 patieba—

1057 1912 1113 1934 tur:
1129 1907 1268 1938 clamabat.
1284 1906 1312 1933 id
1325 1906 1398 1942 quod
1413 1907 1543 1941 scriptum
1558 1905 1680 1941 reliquit:
1698 1907 1851 1939 [acinaces-

1055 1954 1082 1972 se
1099 1947 1245 1978 inndu'qnum,
1263 1946 1323 1978 plus
1342 1946 1559 1978 impudicissimae
1573 1945 1689 1969 mulieris
1701 1944 1771 1976 apud
1784 1946 1807 1968 te
1819 1943 1851 1968 de

1058 1982 1197 2009 Cleomenis
1210 1983 1300 2012 salute,
1316 1990 1392 2015 quam
1406 1983 1437 2007 de
1449 1989 1497 2008 sua
1508 1983 1561 2007 vita
1571 1982 1694 2006 lacrimas
1704 1981 1795 2006 matria
1804 1987 1851 2005 m-

1056 2021 1116 2046 lere.
1158 2021 1216 2046 113.
1238 2018 1339 2045 Deinde
1361 2019 1440 2045 etiam
1463 2017 1533 2044 illud
1554 2017 1632 2044 video
1654 2025 1713 2043 esse
1735 2015 1847 2047 dietum,

1055 2055 1141 2092 quod,
1161 2056 1184 2083 si
1202 2060 1272 2083 recte
1290 2064 1337 2082 vos
1355 2055 1472 2090 populus
1486 2055 1621 2082 Romanus
1639 2053 1776 2090 cognovit,
1795 2061 1849 2080 non

1055 2093 1123 2121 salso
1135 2093 1181 2120 ille
1195 2093 1248 2120 iam
1262 2094 1289 2120 in
1303 2093 1362 2128 ipsa
1375 2097 1459 2119 morte
1469 2092 1502 2119 de
1512 2092 1589 2119 vobis
1599 2091 1774 2127 praedicavit:
1790 2090 1849 2117 Non

1052 2140 1126 2165 posse
1140 2131 1254 2162 Verrem.
1275 2135 1348 2157 testes
1361 2132 1548 2164 interficiendo.
1564 2131 1674 2156 crimina
1687 2137 1735 2155 sua
1749 2129 1850 2154 aratin-

1054 2177 1146 2202 ςυστ-σε
1164 2170 1309 2202 9ram'orem
1321 2169 1392 2201 apud
1399 2169 1527 2200 sapientes
1536 2168 1633 2193 iudices
1641 2174 1668 2192 se
1676 2169 1731 2200 sore
1741 2166 1774 2191 ab
1783 2166 1850 2198 inse-

1054 2208 1093 2232 ris
1103 2209 1198 2236 testem,
1209 2214 1287 2239 quam
1297 2207 1321 2231 εἰ
1330 2207 1404 2231 vivus
1413 2207 1440 2230 in
1449 2206 1573 2231 iudicium
1579 2205 1780 2237 produeererur:
1795 2206 1850 2228 tum

1054 2245 1184 2269 avaritiae
1196 2244 1286 2273 solum,
1300 2245 1324 2268 ai
1337 2244 1447 2268 averet:
1465 2250 1541 2272 nunc,
1556 2249 1634 2275 quum
1647 2242 1684 2266 ita
1698 2243 1762 2266 esset
1771 2247 1850 2265 new-

1055 2284 1103 2310 eus.
1113 2281 1225 2311 sceleris,
1235 2281 1371 2310 audaciae,
1384 2280 1545 2306 crudelitatis
1554 2282 1639 2305 testem
1647 2279 1712 2311 [ore.
1736 2276 1791 2302 lam
1801 2274 1849 2302 illa

1053 2316 1201 2352 praeclara:
1226 2317 1284 2343 Non
1302 2319 1402 2343 testium
1420 2318 1493 2342 modo
1508 2320 1636 2345 catenus,
1657 2317 1794 2348 quamtum
1806 2321 1849 2340 res

1053 2359 1181 2388 ayeretur.
1195 2355 1240 2381 aed
1249 2355 1282 2380 ab
1292 2354 1351 2380 Dra
1358 2355 1477 2379 matribus
1485 2354 1656 2379 innocentium
1665 2351 1762 2377 Poenas
1768 2351 1849 2377 acele-

1053 2391 1262 2426 rumqueFui-t'as
1271 2393 1298 2417 in
1308 2395 1379 2417 tuum
1389 2392 1513 2417 iudicium
1521 2398 1574 2416 esse
1584 2393 1720 2415 venimus:
1729 2395 1784 2414 me
1791 2389 1848 2413 ideo

1053 2430 1172 2455 leviorem
1182 2437 1269 2455 casum
1277 2437 1351 2455 suum
1360 2430 1461 2462 fingere,
1474 2428 1542 2461 quod
1551 2429 1603 2453 iam
1612 2430 1672 2452 ante
1683 2427 1764 2452 aciem
1773 2432 1848 2451 aecu-

1052 2469 1121 2492 ru'um
1131 2471 1235 2492 tuarum
1245 2466 1388 2499 Sextiique.
1403 2467 1442 2491 tui
1451 2465 1590 2497 carnificis,
1601 2465 1700 2489 vultum
1710 2467 1734 2488 et
1743 2469 1848 2488 manum

1052 2505 1165 2534 vidisset,
1181 2511 1258 2537 quum
1268 2505 1295 2529 in
1305 2506 1427 2529 conventu
1437 2503 1530 2528 ciffum
1541 2501 1711 2527 Romanorum
1721 2502 1792 2525 iussu
1803 2502 1848 2524 tuo

1050 2543 1137 2566 securi·
1151 2543 1217 2567 cives
1227 2541 1336 2566 Romam·
1348 2541 1497 2574 ferirentur.
1538 2539 1596 2565 114.
1611 2537 1651 2564 Ne
1663 2535 1758 2568 multa.
1773 2534 1847 2562 iudi-

1050 2585 1108 2610 ces;
1134 2577 1268 2608 libertate,
1287 2585 1369 2612 quam
1383 2584 1431 2603 vos
1445 2576 1525 2602 sociis
1538 2575 1666 2605 dedistis.
1685 2573 1736 2600 hac
1753 2572 1799 2600 ille
1816 2572 1846 2598 in

1051 2614 1225 2641 acerbissimo
1242 2613 1375 2649 supplicio
1396 2613 1562 2639 miserrimae
1583 2611 1721 2639 servitutis
1742 2609 1845 2637 abusus

1051 2656 1100 2677 est.
1141 2651 1232 2678 XLIV.
1249 2651 1413 2678 Condemnat
1426 2659 1518 2677 omnes
1531 2650 1565 2676 de
1578 2648 1684 2676 consilii
1697 2647 1842 2675 sententia:

1052 2693 1140 2716 tamen
1153 2697 1241 2726 neque
1254 2689 1305 2717 iste
1318 2689 1347 2717 in
1359 2692 1431 2717 tanta
1444 2695 1480 2719 re.
1497 2691 1534 2714 tot
1547 2687 1688 2714 hominum
1702 2690 1794 2722 totque
1806 2683 1846 2711 ci·-

1905 1873 1919 2107 Μ·
1908 1699 1920 1871 “mu—J„
1907 1603 1920 1692 obe—⁶
1911 1442 1921 1598 §stau—ndat..
1914 1404 1921 1437 -r-
