1941 3052
459 98 512 124 DE
544 96 773 124 ORATORE
807 97 891 123 LIB.
914 97 933 123 1.

43 169 152 196 diceres.
186 169 228 195 76.
247 168 318 201 Quas
337 176 398 203 ego,
418 168 441 194 si
459 169 521 203 quis
539 168 574 194 sit
591 177 663 194 unus
676 167 832 203 complexus

42 214 134 233 omnes
152 205 278 240 idemque
295 206 318 232 si
337 206 369 232 ad
384 214 427 231 eas
439 204 589 231 facultatem
603 206 682 232 istam
696 206 834 232 ornatissi-

43 251 100 270 mae
123 243 247 270 orationis
270 243 429 273 adiunxerit,
454 251 506 269 non
529 251 640 277 possum
662 242 749 269 dicere
772 251 833 268 eum

43 289 94 308 non
108 281 245 316 egregium
259 280 402 315 quemdam
413 280 548 306 hominem
559 284 637 315 atque
647 279 833 306 admirandum

42 317 109 350 fore3
137 318 184 344 sed
198 318 234 348 is,
250 318 273 344 si
287 318 335 352 qui
353 321 430 348 esset,
459 322 504 344 aut
518 317 541 343 si
555 318 633 343 etiam
647 326 777 352 umquam
791 316 834 343 fu-

41 356 118 386 isset,
135 359 179 381 aut
193 363 255 381 vero
268 355 290 381 si
305 363 364 381 esse
378 359 475 389 posset,
492 359 520 381 tu
534 363 607 381 esses
621 363 692 381 unus
706 354 831 389 profecto,

41 393 89 428 qui
111 396 136 418 et
157 400 216 418 meo
237 392 346 423 iudicio,
371 397 396 418 et
419 392 549 423 omnium,
573 392 621 418 vix
638 391 722 418 ullam
739 392 833 418 ceteris
856 409 857 412 =

42 429 188 456 oratoribus
210 429 283 464 (pace
306 429 402 456 horum
421 429 545 464 dixerim)
564 429 670 455 laudem
688 428 831 463 reliquisti.

41 468 83 493 77.
98 467 197 493 Verum
211 467 234 493 si
249 467 296 492 tibi
311 467 363 501 ipsi
378 466 445 493 nihil
459 467 541 497 deest,
557 466 630 501 quod
643 466 670 492 in
681 465 833 492 forensibus

42 504 121 531 rebus
139 504 320 538 civilibusque
339 508 471 534 versetur,
492 504 558 538 quin
577 504 657 534 scias,
675 511 761 538 neque
775 511 833 528 eam

42 546 129 568 tamen
147 542 298 573 scientiam,
319 550 400 576 quam
419 541 543 576 adiungis
557 541 660 571 oratori,
676 539 833 575 complexus

41 587 78 609 es,
94 578 243 610 videamus,
260 587 292 605 ne
306 579 368 613 plus
382 579 406 605 ei
420 578 530 609 tribuas,
547 586 628 612 quam
642 585 684 604 res
697 581 723 604 et
736 578 833 604 veritas

39 617 98 650 ipsa
111 616 245 642 concedat.

94 654 136 679 78.
158 654 206 679 Hie
228 653 348 683 Crassus,
372 653 513 683 Memento,
537 652 634 686 inquit,
659 660 702 678 me
726 660 778 678 non
800 652 833 677 de

41 698 112 721 mea,
136 690 184 716 sed
201 690 234 716 de
252 690 360 716 oratoris
379 689 502 716 facultate
521 689 632 716 dixisse.
672 688 743 721 Quid
761 690 832 715 enim

41 736 88 754 nos
109 731 154 753 aut
175 727 320 753 didicimus
338 731 383 753 aut
402 727 469 753 scire
487 726 643 761 potuimus?
660 727 707 762 qui
722 731 781 752 ante
800 726 832 752 ad
854 738 856 745 ν

42 764 181 800 agendum,
198 773 278 799 quam
293 764 325 790 ad
338 764 554 800 cognoscendum
568 765 707 796 venimus,
723 772 791 799 quos
804 764 832 790 in

41 801 108 833 foro,
128 810 196 836 quos
213 802 241 828 in
260 802 416 833 ambitione,
437 811 505 837 quos
518 802 547 828 in
560 801 706 836 republica,
722 810 790 836 quos
805 801 832 827 in

41 839 184 866 amicorum
203 839 315 874 negotiis
334 848 376 865 res
392 839 451 874 ipsa
465 844 524 866 ante
538 839 658 870 confecit,
674 847 755 873 quam
770 847 833 873 pos-

41 884 130 902 semus
144 875 246 911 aliquid
260 876 292 902 de
306 877 387 903 rebus
402 877 481 903 tantis
495 877 636 912 suspicari.
663 877 706 902 79.
722 876 798 908 Quod
808 876 831 902 si

40 913 87 940 tihi
106 917 207 940 tantum
226 914 253 940 in
267 914 344 940 nobis
358 914 465 940 videtur
478 923 545 945 esse,
561 914 662 949 quibus
673 914 776 940 etiamsi
791 914 832 939 in-

39 951 161 986 genium,
183 955 213 977 ut
226 955 255 977 tu
273 956 365 985 putas,
386 960 438 977 non
456 952 572 978 maxime
594 951 688 982 defuit,
713 951 831 977 doctrina

39 992 108 1014 certe
121 992 146 1014 et
157 989 240 1014 otium
255 993 280 1014 et
293 988 401 1014 hercule
411 989 491 1015 etiam
501 989 622 1015 studium
632 988 700 1015 illud
710 988 831 1014 discendi

39 1025 196 1052 acerrimum
215 1025 313 1052 defuit:
341 1026 408 1061 quid
425 1035 526 1057 censes,
543 1027 566 1052 si
580 1026 613 1052 ad
627 1026 741 1052 alicuius
755 1026 832 1061 inge-

39 1063 114 1089 nium
125 1063 167 1089 vel
182 1064 268 1089 maius
282 1063 336 1095 illa,
352 1072 420 1098 quae
434 1072 482 1099 ego
496 1072 548 1090 non
562 1064 646 1099 attigi,
662 1064 828 1094 accesserint,

39 1099 145 1135 qualem
157 1100 235 1127 illum
250 1105 275 1126 et
288 1105 418 1135 quantum
433 1105 560 1127 oratorem
575 1100 716 1127 futurum?

93 1137 185 1164 XVIII.
208 1140 249 1164 80.
269 1139 338 1164 Tum
356 1138 496 1169 Antonius,
517 1138 615 1165 Probas
633 1138 714 1169 mihi,
730 1138 828 1173 inquit,

39 1175 96 1206 ista,
115 1175 220 1207 Crasse,
242 1184 310 1210 quae
323 1175 404 1208 dicis;
433 1184 480 1202 nec
494 1176 597 1206 dubito,
613 1176 679 1210 quin
693 1175 778 1202 multo
792 1175 831 1201 lo-

37 1212 167 1247 cupletior
185 1213 212 1239 in
230 1212 343 1239 dicendo
361 1212 468 1239 futurus
486 1214 528 1244 sit,
545 1214 567 1239 si
582 1214 644 1248 quis
659 1213 779 1239 omnium
789 1221 831 1239 re-

37 1258 98 1276 rum
113 1254 191 1284 atque
210 1251 306 1276 artium
325 1250 453 1276 rationem
467 1255 642 1285 naturamque
655 1250 831 1285 comprehen-

36 1286 114 1313 derit.
155 1288 196 1313 81.
220 1287 272 1314 Sed
290 1288 408 1322 primum
426 1287 453 1314 id
471 1287 580 1314 difficile
597 1292 637 1314 est
655 1287 738 1319 factu,
755 1296 831 1322 prae-

36 1325 128 1351 sertim
146 1325 173 1351 in
192 1325 241 1351 hac
258 1329 352 1358 nostra,
364 1325 417 1351 vita
431 1326 582 1360 nostrisque
596 1325 828 1360 occupationibus:

37 1361 133 1388 deinde
152 1360 220 1388 illud
234 1362 313 1388 etiam
328 1362 474 1388 verendum
486 1367 534 1393 est,
551 1371 583 1388 ne
598 1362 783 1389 abstrahamur
797 1362 830 1388 ab

37 1398 86 1425 hac
107 1399 293 1426 exercitatione
315 1403 341 1425 et
361 1399 554 1426 consuetudine
577 1399 683 1426 dicendi
706 1399 830 1434 populari

37 1440 63 1463 et
79 1435 186 1463 forensi.
219 1436 301 1463 Aliud
319 1436 390 1462 enim
405 1437 470 1463 mihi
485 1436 620 1472 quoddam
634 1445 721 1472 genus
735 1437 830 1463 oratio-

37 1473 79 1500 nis
97 1482 155 1500 esse
173 1473 279 1500 videtur
296 1482 388 1500 eorum
408 1474 561 1506 hominum,
577 1474 610 1501 de
624 1474 724 1509 quibus
739 1473 830 1509 paullo

37 1514 96 1537 ante
117 1510 219 1542 dixisti,
243 1511 369 1546 quamvis
392 1510 431 1537 illi
451 1516 540 1537 ornate
558 1515 583 1537 et
599 1512 716 1546 graviter
733 1515 779 1537 aut
797 1511 830 1537 de

37 1551 128 1575 natura
146 1557 234 1575 rerum
253 1553 298 1575 aut
316 1548 348 1574 de
366 1548 492 1574 humanis
510 1548 590 1575 rebus
605 1549 756 1583 loquantur.
782 1549 830 1574 Ni—

36 1584 123 1612 tidum
139 1585 274 1621 quoddam
292 1594 378 1621 genus
395 1590 436 1612 est
454 1586 595 1612 verborum
614 1590 640 1612 et
658 1585 765 1617 laetum,
781 1585 829 1612 sed

37 1622 180 1658 palaestrae
198 1623 283 1658 magis
302 1627 327 1649 et
344 1623 408 1654 olei,
428 1631 509 1658 quam
529 1623 611 1649 huius
629 1622 718 1649 civilis
736 1623 829 1649 turbae

0 1689 1 1699 γ
38 1668 67 1687 ac
91 1659 150 1687 fori.
178 1662 219 1688 82.
239 1661 361 1695 Namque
386 1665 497 1696 egomet,
526 1661 574 1696 qui
588 1669 658 1687 rsero
683 1669 713 1687 ac
735 1660 829 1687 leviter

0 1713 1 1719 κ
37 1696 149 1725 Graecas
164 1697 262 1724 litteras
276 1698 433 1733 attigissem,
449 1702 547 1729 tamen,
562 1706 648 1733 quum
661 1706 709 1733 pro
719 1697 828 1724 consule

36 1734 64 1762 in
83 1734 202 1762 Ciliciam
220 1735 390 1769 proficiscens
411 1735 528 1762 Athenas
546 1735 689 1767 venissem,
705 1734 829 1770 complu-

36 1780 79 1799 res
92 1776 149 1799 tum
164 1772 201 1799 ibi
215 1773 272 1799 dies
286 1781 347 1799 sum
361 1777 469 1807 propter
482 1772 628 1808 navigandi
642 1772 827 1799 difficultatem

37 1814 226 1837 commoratus:
254 1810 315 1841 sed,
335 1818 420 1845 quum
439 1809 559 1845 quotidie
578 1818 683 1836 mecum
701 1810 827 1837 haberem

37 1846 158 1874 homines
171 1847 347 1879 doctissimos,
363 1855 408 1873 eos
423 1846 476 1874 fere
490 1847 572 1882 iPSOS,
588 1848 636 1882 qui
650 1847 697 1874 abs
712 1852 736 1874 te
750 1847 828 1874 modo

37 1888 100 1911 sunt
115 1884 257 1916 nominati,
277 1892 417 1920 quumque
435 1884 485 1911 hoc
503 1885 592 1911 nescio
609 1885 743 1919 quomodo
756 1884 828 1920 apud

37 1929 81 1948 eos
97 1921 298 1953 increbruisset,
322 1930 364 1948 me
377 1922 405 1948 in
418 1921 521 1948 caussis
539 1922 684 1949 maioribus
710 1923 789 1948 sicuti
804 1926 828 1949 te

36 1958 120 1985 solere
134 1959 242 1987 versari.
258 1967 306 1994 pro
319 1967 347 1985 se
360 1959 477 1993 quisque
490 1963 520 1985 ut
533 1963 633 1993 poterat
651 1959 683 1985 de
702 1958 790 1986 officio
803 1963 829 1985 et

36 1996 136 2022 ratione
149 1996 257 2022 oratoris
272 1995 433 2031 disputabat.
462 1998 503 2023 83.
518 1996 619 2023 Horum
633 1996 687 2028 alii,
699 1997 769 2023 sicut
779 1997 828 2023 iste

36 2033 94 2068 ipse
108 2033 289 2064 Mnesarchus,
306 2033 363 2064 hos,
378 2041 447 2068 quos
462 2042 509 2060 nos
527 2037 642 2060 oratores
660 2042 824 2065 vocaremus,

36 2069 103 2097 nihil
130 2078 188 2096 esse
214 2069 327 2101 dicebat,
352 2070 403 2096 nisi
425 2070 556 2105 quosdam
578 2071 712 2106 operarios
736 2071 826 2106 lingua

36 2106 114 2134 celeri
128 2111 154 2134 et
167 2107 320 2139 exercitata,
345 2111 472 2134 oratorem
486 2112 584 2139 autem,
601 2108 652 2134 nisi
662 2109 709 2143 qui
720 2109 827 2143 sapiens

36 2148 118 2176 esset,
150 2152 209 2170 esse
239 2145 386 2176 neminem;
418 2148 498 2180 atque
527 2145 613 2180 ipsam
637 2144 825 2180 eloquentiam,

36 2181 108 2216 quod
121 2190 155 2208 ex
168 2181 234 2208 bene
248 2181 353 2208 dicendi
368 2182 477 2208 scientia
490 2186 628 2214 constaret,
641 2191 720 2209 unam
731 2191 827 2218 quam-

36 2217 97 2246 dam
115 2226 173 2245 esse
192 2219 331 2249 virtutem,
352 2222 389 2250 et,
409 2219 456 2253 qui
476 2227 555 2246 unam
570 2220 694 2246 virtutem
707 2220 824 2252 haberet,

36 2263 127 2282 omnes
141 2255 246 2287 habere,
263 2264 361 2291 easque
375 2264 434 2282 esse
444 2256 511 2283 inter
521 2265 549 2282 se
559 2256 684 2291 aequales
694 2261 720 2283 et
733 2266 823 2292 pares,

37 2292 84 2324 ita,
103 2293 150 2328 qui
171 2297 241 2320 esset
258 2293 396 2328 eloquens,
417 2301 479 2319 eum
497 2294 609 2320 virtutes
623 2302 715 2321 omnes
730 2295 826 2321 habere

37 2333 114 2366 atque
124 2338 183 2357 esse
196 2330 353 2365 sapientem.
369 2329 422 2356 Sed
436 2330 500 2356 haec
514 2335 568 2357 erat
577 2331 684 2365 spinosa
695 2332 825 2366 quaedam

37 2370 62 2393 et
78 2366 156 2394 exilis
173 2368 263 2399 oratio,
278 2367 409 2403 longeque
422 2376 436 2393 a
451 2367 548 2394 nostris
561 2368 686 2395 sensibus
700 2369 826 2395 abhorre-

36 2402 89 2430 bat.
116 2405 158 2431 84.
181 2404 342 2431 Charmadas
365 2413 428 2431 vero
451 2404 535 2431 multo
552 2405 662 2431 uberius
677 2405 772 2432 iisdem
792 2406 825 2432 ‹le

36 2440 115 2468 rebus
146 2440 316 2476 loquebatur;
357 2450 408 2468 non
442 2450 497 2477 quo
526 2442 639 2476 aperiret
667 2443 824 2470 sententiam

36 2485 125 2511 suam,
152 2478 196 2505 hic
216 2479 287 2506 enim
307 2488 364 2506 mos
375 2483 431 2505 crat
445 2479 547 2514 patrius
561 2479 718 2506 Academiae
732 2480 826 2506 adver-

37 2515 88 2542 seri
105 2523 209 2551 semper
226 2516 352 2543 omnibus
366 2517 393 2542 in
407 2516 582 2551 disputando;
609 2516 657 2542 sed
670 2525 755 2551 quum
770 2526 827 2544 ma·-

37 2551 107 2578 xime
125 2556 210 2579 tamen
228 2553 278 2580 hoe
295 2553 463 2589 significabat
476 2562 530 2584 e03,
546 2553 594 2588 qui
608 2553 726 2580 rhetores
740 2555 826 2581 norni-

37 2593 159 2616 nnrentur
180 2594 205 2616 et
226 2590 273 2625 qui
296 2590 401 2617 dicendi
429 2595 566 2626 praecepta
589 2590 733 2623 traderent,
758 2591 824 2618 nihil

37 2623 112 2660 plane
125 2630 213 2654 tenere
227 2636 313 2662 neque
327 2636 404 2663 posse
414 2636 578 2664 quemquam
590 2627 740 2656 facultatem
752 2637 825 2656 asse-

970 96 1024 123 CA
1037 97 1067 123 P.
1106 99 1191 124 14-
1212 99 1252 124 ΞΟ.
1641 99 1671 124 Τ.

883 168 930 202 qui
948 167 1066 200 dicendi,
1083 169 1134 194 nisi
1148 169 1195 203 qui
1209 167 1431 203 philosophorum
1444 168 1551 194 inventa
1565 168 1675 195 didicis-

883 210 932 231 set.
966 205 1039 231 xix.
1064 207 1105 232 85.
1130 205 1306 240 Disputabant
1327 209 1415 232 contra
1438 205 1530 232 diserti
1553 205 1675 232 homines

883 242 1059 269 Athenienses
1082 247 1107 269 et
1129 244 1157 270 in
1179 242 1315 278 republica
1337 243 1495 277 caussisque
1517 243 1623 274 versati,
1649 244 1674 269 in

884 281 945 314 quis
968 285 1022 306 erat
1040 281 1119 306 etiam
1140 281 1177 311 is,
1201 281 1249 315 qui
1267 288 1352 315 nuper
1365 280 1462 306 Romae
1476 279 1535 311 fuit,
1552 280 1676 306 Menede—

884 325 954 347 muS,
970 317 1067 352 hospes
1082 326 1172 351 meus;
1199 318 1247 352 qui
1257 326 1342 352 quum
1352 317 1451 343 diceret
1464 326 1522 343 esse
1532 317 1675 352 quamdam

884 354 1066 388 prudentiam,
1087 364 1155 390 quae
1173 359 1322 381 versaretur
1339 355 1367 381 in
1384 354 1578 389 perspiciendis
1598 356 1677 381 ratio-

884 391 964 417 nibus
982 392 1228 418 constituendarum
1247 396 1272 418 et
1289 392 1464 428 regendarum
1483 400 1572 418 rerum
1587 392 1678 426 publi-

884 437 983 460 carum,
999 429 1268 456 excitabatur*homo
1281 433 1420 464 promptus
1430 429 1463 455 ab
1473 429 1580 456 homine
1591 429 1678 455 abun·

884 465 956 492 danti
974 466 1092 493 doctrina
1110 471 1134 493 et
1151 467 1267 501 quadam
1285 466 1436 492 incredibili
1450 467 1574 492 varietate
1588 475 1675 492 rerum

884 508 909 529 et
922 504 1006 538 copia.
1036 503 1135 530 Omnes
1149 505 1221 530 enim
1235 508 1322 538 partes
1336 504 1409 530 illius
1424 504 1510 538 ipsius
1520 504 1677 539 prudentiae

885 541 1011 575 petendas
1030 549 1088 567 esse
1103 550 1116 567 a
1130 541 1300 575 philosophia
1314 541 1427 572 dicebat,
1449 550 1536 576 neque
1554 550 1591 572 ea,
1608 550 1676 576 quae

884 582 1062 604 statuerentur
1082 579 1110 604 in
1132 578 1268 612 republica
1291 578 1324 604 de
1341 579 1396 604 Diis
1414 578 1623 609 immortalibus,
1644 578 1677 604 de

884 615 1026 650 disciplina
1052 616 1209 646 iuventutis,
1234 615 1266 641 de
1288 616 1398 646 iustitia,
1423 615 1455 641 de
1477 616 1617 650 patientia,
1643 615 1676 642 de

884 653 1065 687 temperantia,
1078 652 1111 678 de
1122 652 1200 679 modo
1209 661 1298 679 rerum
1312 653 1442 683 omnium,
1458 658 1606 687 ceteraque,
1619 654 1676 679 sine

883 690 984 724 quibus
1002 690 1122 716 civitates
1141 694 1186 716 aut
1199 698 1266 721 esse,
1283 694 1329 716 aut
1342 690 1409 715 bene
1423 695 1537 715 moratae
1551 699 1609 716 esse
1624 699 1676 716 non

883 731 1003 761 possent,
1036 735 1152 762 usquam
1178 728 1204 753 in
1231 735 1322 753 eorum
1348 727 1463 753 inveniri
1489 726 1597 753 libellis.
1633 729 1674 753 86.

883 763 959 796 Quod
970 765 992 790 si
1007 768 1104 791 tantam
1120 765 1175 791 vim
1191 773 1279 790 rerum
1294 764 1471 790 maximarum
1486 769 1539 790 arte
1553 773 1601 790 sua
1615 765 1677 790 rhe-

883 802 956 828 torici
970 801 1010 828 illi
1024 801 1143 828 doctores
1157 801 1402 836 complecterentur,
1419 802 1570 836 quaerebat,
1583 810 1630 827 cur
1644 802 1676 828 de

882 839 1025 874 prooemiis
1043 844 1068 865 et
1090 838 1123 865 de
1141 839 1253 875 epilogis
1272 843 1297 865 et
1314 838 1347 865 de
1364 838 1521 865 huiusmodi
1536 839 1615 874 nugis
1629 839 1677 874 (sic

883 877 954 902 enim
973 876 1132 912 appellabat)
1151 876 1239 903 referti
1253 880 1341 902 essent
1354 884 1446 902 eorum
1461 876 1535 902 libri:
1564 876 1596 902 de
1610 877 1677 902 civi-

883 914 981 940 tatibus
1000 913 1184 945 instituendis,
1201 913 1233 940 de
1247 913 1396 940 scribendis
1410 913 1525 949 legibus,
1538 913 1570 939 de
1584 914 1677 948 aequi-

882 956 946 983 tate,
963 951 995 977 de
1009 951 1118 983 iustitia,
1135 951 1167 977 de
1182 951 1241 982 fide,
1257 951 1290 977 de
1304 950 1458 986 frangendis
1472 950 1673 986 cupiditatibus,

882 989 915 1015 de
933 988 1130 1015 conformandis
1150 988 1290 1015 hominum
1308 988 1428 1014 moribus
1443 988 1528 1014 littera
1542 988 1570 1014 in
1584 996 1675 1014 eorum

883 1026 958 1052 libris
977 1026 1051 1052 nulla
1069 1026 1242 1052 inveniretur.
1256 1027 1297 1052 87.
1331 1027 1390 1060 Ipsa
1409 1034 1471 1052 vero
1485 1030 1624 1060 praecepta
1638 1026 1676 1052 sie

881 1063 995 1089 illudere
1017 1063 1131 1095 solebat,
1156 1067 1185 1089 ut
1204 1063 1354 1090 ostenderet
1373 1072 1425 1089 non
1442 1062 1521 1089 modo
1539 1071 1583 1089 eos
1601 1062 1675 1089 illius

883 1105 1003 1135 expertes
1018 1110 1076 1127 esse
1091 1100 1255 1135 prudentiae,
1272 1109 1352 1135 quam
1370 1100 1421 1127 sibi
1440 1101 1611 1131 asciscerent,
1628 1100 1675 1126 sed

881 1147 914 1164 ne
941 1138 1008 1164 hanc
1032 1138 1142 1173 quidem
1166 1138 1251 1173 ipsam
1274 1137 1379 1164 dicendi
1403 1138 1530 1164 rationem
1553 1146 1582 1164 ac
1604 1138 1675 1164 viam

882 1184 969 1202 nosse.
1004 1175 1089 1210 Caput
1107 1176 1178 1201 enim
1196 1175 1374 1202 arbitrabatur
1391 1183 1450 1201 esse
1467 1176 1591 1206 oratoris,
1608 1180 1637 1201 ut
1651 1180 1676 1201 et

881 1213 957 1248 ipsis,
974 1213 1046 1248 apud
1059 1222 1127 1248 quos
1142 1217 1239 1248 ageret,
1257 1212 1324 1243 talis,
1338 1212 1445 1247 qualem
1457 1213 1552 1247 seipse
1563 1216 1672 1247 optaret,

882 1250 1030 1283 videretur3
1058 1250 1085 1276 id
1104 1250 1160 1276 fieri
1179 1251 1248 1276 vitae
1267 1250 1403 1285 dignitate,
1420 1249 1452 1276 de
1466 1258 1518 1285 qua
1533 1250 1600 1276 nihil
1615 1250 1676 1276 rhe-

881 1288 955 1314 torici
973 1288 1017 1314 isti
1036 1287 1155 1314 doctores
1171 1288 1198 1314 in
1216 1288 1364 1322 praeceptis
1378 1288 1435 1314 suis
1450 1287 1634 1322 reliquissent:
1651 1292 1675 1313 et

880 1326 920 1352 uti
941 1334 1046 1357 eorum,
1070 1326 1118 1360 qui
1137 1325 1271 1356 audirent,
1291 1325 1330 1351 sic
1348 1324 1516 1351 afficerentur
1534 1325 1630 1355 animi,
1647 1329 1676 1351 ut

881 1371 925 1389 eos
948 1362 1017 1389 affici
1036 1362 1116 1389 vellet
1133 1367 1232 1396 orator;
1257 1362 1329 1397 quod
1347 1362 1410 1389 item
1429 1362 1485 1388 fieri
1505 1361 1578 1388 nullo
1597 1362 1676 1389 modo

882 1408 968 1434 posse,
994 1400 1047 1426 nisi
1069 1404 1238 1436 cognosceret
1259 1400 1291 1431 is,
1312 1400 1359 1434 qui
1378 1399 1485 1430 diceret,
1506 1404 1572 1435 quot
1589 1400 1675 1426 modis

882 1437 1022 1463 hominum
1040 1442 1142 1463 mentes
1156 1441 1182 1463 et
1194 1437 1295 1472 quibus
1310 1437 1390 1463 rebus
1404 1441 1428 1463 et
1441 1446 1495 1472 quo
1507 1445 1604 1472 genere
1618 1446 1676 1463 ora-

882 1475 961 1501 tionis
981 1475 1008 1501 in
1027 1483 1163 1509 quamque
1181 1479 1282 1509 partem
1296 1479 1479 1500 moverentur:
1508 1474 1572 1500 haec
1586 1479 1675 1500 autem

881 1520 939 1538 esse
957 1512 1064 1547 penitus
1082 1512 1110 1538 in
1129 1512 1216 1538 media
1235 1511 1404 1546 philosophia
1419 1516 1521 1538 retrusa
1535 1516 1614 1546 atque
1628 1512 1676 1537 ab-

881 1549 948 1582 dita3
976 1558 1044 1584 quae
1055 1550 1099 1576 isti
1114 1549 1231 1576 rhetores
1246 1558 1278 1575 ue
1291 1549 1454 1584 primoribus
1468 1548 1578 1584 quidem
1594 1549 1675 1575 labris

880 1587 1040 1622 attigissent.
1083 1588 1124 1612 88.
1152 1586 1190 1612 Ea
1221 1586 1394 1613 Menedemus
1420 1586 1550 1621 exemplis
1577 1587 1672 1621 magis,

879 1632 961 1658 quam
988 1623 1152 1659 argumentis
1182 1624 1327 1650 conabatur
1352 1623 1480 1650 refellere.
1524 1624 1675 1650 Memoriter

879 1661 951 1687 enim
965 1661 1048 1687 multa
1062 1670 1096 1687 ex
1108 1661 1273 1688 orationibus
1287 1661 1456 1687 Demostheni
1468 1660 1599 1696 praeclare
1609 1662 1675 1687 scri-

879 1703 923 1733 pta
941 1698 1117 1733 pronuntians
1135 1698 1239 1724 dicebat
1252 1698 1330 1725 illum
1345 1699 1372 1725 in
1386 1699 1482 1724 animis
1497 1697 1538 1724 vel
1553 1698 1674 1724 iudicum

879 1735 920 1762 vel
933 1735 1025 1771 populi
1036 1736 1062 1762 in
1072 1744 1178 1762 omnem
1190 1740 1291 1770 partem
1302 1735 1415 1762 dicendo
1423 1735 1611 1770 permovendis
1622 1744 1674 1762 non

879 1773 963 1799 fuisse
977 1773 1110 1809 ignarum,
1126 1773 1227 1808 quibus
1241 1781 1270 1799 ea
1285 1773 1365 1800 rebus
1378 1777 1593 1808 consequeretur,
1606 1781 1674 1808 quae

879 1815 987 1845 negaret
1004 1810 1049 1837 ille
1067 1811 1125 1837 sine
1139 1810 1309 1845 philosophia
1323 1819 1487 1845 quemquam
1502 1811 1569 1836 scire
1583 1819 1670 1845 posse.

878 1847 941 1874 XX.
962 1849 1003 1874 89.
1022 1848 1090 1874 Huic
1108 1847 1153 1874 ille
1171 1848 1347 1883 respondebat
1362 1856 1413 1874 non
1427 1856 1456 1873 se
1471 1856 1565 1883 negare
1578 1848 1674 1874 Demo-

879 1885 999 1912 sthenem
1019 1894 1152 1911 summam
1172 1885 1340 1920 prudentiam
1354 1893 1542 1919 summamque
1558 1885 1611 1911 vim
1627 1885 1674 1911 ha-

879 1923 971 1951 buisse
993 1922 1112 1955 dicendi;
1141 1923 1188 1949 sed
1210 1923 1268 1949 sive
1286 1922 1331 1949 ille
1351 1922 1400 1949 hoc
1417 1923 1524 1957 ingenio
1543 1923 1672 1957 potuisset

879 1961 949 1991 sive,
970 1959 997 1986 id
1015 1960 1087 1995 quod
1110 1964 1249 1991 constaret,
1265 1960 1382 1986 Platonis
1396 1960 1533 1986 studiosus
1547 1960 1672 1986 audiendi

879 1997 987 2029 fuisset,
1000 2006 1051 2023 non
1067 1997 1132 2032 quid
1149 1997 1193 2023 ille
1204 1998 1342 2032 potuisset,
1355 1997 1401 2023 sed
1411 1997 1477 2032 quid
1489 1997 1670 2027 istidocerent,

878 2043 937 2061 esse
959 2034 1153 2069 quaerendum.
1187 2036 1229 2061 90.
1250 2034 1334 2069 Saepe
1352 2035 1431 2061 etiam
1450 2035 1477 2060 in
1495 2043 1552 2060 eam
1572 2039 1671 2069 partem

878 2071 1011 2098 ferebatur
1024 2072 1154 2103 oratione,
1175 2076 1205 2098 ut
1221 2073 1331 2098 omnino
1345 2071 1493 2107 disputaret
1511 2071 1612 2098 nullam
1631 2081 1673 2098 ar-

878 2113 930 2136 tem
945 2118 1003 2135 esse
1017 2109 1137 2142 dicendi;
1166 2109 1247 2144 idque
1261 2118 1346 2144 quum
1361 2109 1527 2145 argumentis
1537 2109 1669 2137 docuerat.

877 2146 949 2181 quod
968 2147 1003 2172 ita
1022 2147 1074 2172 nati
1094 2155 1229 2178 essemus,
1250 2151 1280 2173 ut
1297 2151 1322 2173 et
1341 2146 1455 2172 blandiri
1475 2151 1499 2173 et
1514 2145 1672 2180 suppliciter

878 2183 1014 2210 insinuare
1037 2184 1083 2214 iis.
1104 2192 1118 2210 a
1136 2183 1237 2219 quibus
1255 2188 1325 2210 esset
1338 2183 1493 2219 petendum,
1509 2188 1534 2210 et
1548 2183 1672 2209 adversa—

877 2221 930 2247 rios
945 2221 1083 2247 minaciter
1102 2225 1197 2247 terrere
1211 2229 1352 2256 possemus
1366 2225 1391 2246 et
1405 2229 1459 2247 rem
1473 2225 1575 2256 gestam
1589 2229 1671 2254 expo-

877 2266 939 2284 nere
952 2262 978 2284 et
991 2258 1027 2289 id,
1043 2257 1115 2292 quod
1130 2258 1337 2289 intenderemus,
1350 2258 1504 2284 confirmare
1515 2262 1539 2283 et
1551 2257 1586 2287 id,
1598 2257 1671 2292 quod

876 2299 965 2321 contra
983 2295 1129 2327 diceretur,
1150 2295 1269 2322 refellere
1287 2294 1358 2321 etad
1372 2299 1520 2321 extremum
1535 2294 1670 2329 deprecari

877 2332 979 2367 aliquid
994 2336 1019 2358 et
1032 2332 1168 2367 conqueri,
1185 2332 1286 2367 quibus
1300 2333 1327 2359 in
1342 2332 1422 2358 rebus
1436 2332 1523 2358 omnis
1537 2336 1669 2358 oratorum

877 2373 1027 2395 versaretur
1041 2368 1160 2400 facultas,
1173 2374 1198 2396 et
1207 2369 1279 2404 quod
1289 2369 1454 2396 consuetudo
1465 2369 1670 2404 exercitatioque

876 2410 902 2432 et
920 2405 1086 2441 intelligendi
1105 2406 1273 2440 prudentiam
1287 2411 1393 2433 acueret
1406 2410 1432 2432 et.
1445 2405 1587 2441 eloquendi
1601 2406 1670 2432 eele—

877 2444 980 2470 ritatem
999 2443 1131 2476 iucitaret3
1160 2447 1216 2469 tum
1235 2444 1314 2470 etiam
1333 2443 1517 2478 exemplorum
1535 2444 1610 2479 copia
1630 2445 1670 2470 ni-

877 2480 988 2507 tebatur.
1024 2481 1064 2506 et.
1088 2480 1153 2506 Nam
1177 2481 1293 2515 primum
1316 2481 1393 2516 quasi
1416 2480 1505 2507 dedita
1526 2490 1604 2516 opera
1624 2490 1670 2507 nts

877 2518 976 2544 minem
990 2517 1145 2552 scriptorem
1159 2518 1222 2544 artis
1237 2527 1268 2544 ue
1283 2518 1449 2544 mediocriter
1461 2518 1570 2553 quidem
1584 2519 1669 2544 diser-

877 2559 933 2582 tum
953 2554 1036 2581 fuisse
1053 2554 1170 2585 dicebat,
1189 2564 1275 2590 quim}
1295 2560 1423 2590 repeteret
1441 2564 1527 2590 usque
1545 2565 1558 2581 a
1573 2556 1668 2582 Corace

877 2592 965 2619 nescio
988 2600 1042 2627 quo
1065 2596 1090 2618 et
1113 2592 1192 2623 Tisia,
1213 2601 1281 2627 quos
1299 2593 1363 2619 artis
1382 2592 1456 2619 illius
1475 2593 1624 2619 inventores
1643 2599 1667 2619 et

876 2629 1010 2665 principes
1037 2628 1120 2656 fuisse
1145 2634 1290 2663 constater,
1316 2629 1548 2665 eloquentissimos
1580 2636 1666 2656 autem
