1941 3052
207 163 256 188 372

205 237 280 262 nunt.
306 241 335 258 ea
351 238 401 259 tam
419 233 499 259 multa
516 241 565 258 non
580 238 655 261 ιιιιηι,
681 240 762 266 quam
778 232 854 260 baec,
879 239 948 265 quae
967 231 993 256 in

206 270 254 296 hoe
274 279 326 296 uno
344 271 449 296 homine
469 270 595 295 vidimus.
636 271 676 294 63.
700 269 785 303 Atque
808 268 871 293 baec
895 272 930 293 tot
948 276 995 293 ex-

204 307 304 341 emplu,
330 312 398 333 tanta
422 317 451 332 nc
475 312 525 332 tam
550 315 629 335 nova.
656 305 769 339 profecta
791 309 855 330 sunt
873 305 898 330 in
918 313 994 330 eum-

204 343 264 370 dem
300 345 433 370 bominem
469 353 482 369 n
512 344 542 374 Q.
575 342 660 368 (Intuli
692 346 771 376 atque
801 350 814 367 a
845 346 991 367 ceterorum

204 382 323 407 ciusdem
350 381 485 416 dignitatis
516 379 744 414 amplissimorum
776 379 915 405 hominum
946 387 994 404 au·-

204 419 331 445 ctoritate.

260 456 343 481 XXll.
363 454 449 486 Quare
469 453 586 482 videant,
608 461 639 479 ne
658 453 692 478 ait
711 453 883 487 periniquum
902 456 927 478 et
941 460 992 478 non

204 493 355 522 ferendum,
377 491 481 517 illorum
500 491 679 516 auctoritatem
698 490 730 516 de
749 490 797 517 Cn.
818 490 935 524 Pompeii
952 489 993 515 di—

202 530 301 565 gnitate
318 539 331 554 a
351 528 425 554 vobis
444 528 639 562 comprobatam
658 536 763 562 semper
781 536 852 557 esse,
874 531 991 553 vestrum

203 568 235 592 ab
251 566 303 592 illis
317 566 349 592 do
363 565 455 591 eodem
471 565 576 591 bomine
592 565 721 591 iudicium
736 564 883 599 populique
898 565 993 590 nomn-

203 604 228 630 ui
243 603 423 629 auctoritatem
439 602 596 637 improbari;
613 602 767 637 praesertim
782 611 866 636 quum
880 602 931 628 iam
942 610 992 627 suo

202 642 258 667 iure
278 640 393 675 populus
408 641 541 666 Romanus
559 640 585 666 in
606 639 654 665 lioc
669 639 774 665 homine
789 648 864 665 suam
879 638 993 665 auctori-

202 682 280 704 tatem
296 678 336 704 vel
351 682 439 703 eontra
457 686 562 707 omnes,
583 678 629 712 qui
648 676 824 706 dissentiunt,
845 677 929 711 possit
946 675 993 701 de-

202 715 321 742 fendere:
351 720 486 750 propterea
509 715 595 749 quod.
620 715 678 740 istis
701 714 920 744 reclamantibus,
946 722 992 739 vos

202 761 285 779 unum
300 752 377 778 illum
392 761 424 778 ex
438 752 563 778 omnibus
578 751 724 785 delegistis,
740 760 821 786 quem
836 750 905 777 bello
917 758 993 785 prae-

201 790 301 816 donum
317 790 522 824 praeponeretis.
557 790 597 815 st.
615 789 666 815 lloc
681 789 703 815 si
718 797 764 815 vos
780 793 877 814 temere
891 787 992 814 fecistis

201 831 226 854 et
244 827 405 862 reipublicae
424 835 517 861 parum
536 826 724 856 consuluistis,
750 831 819 852 recte
838 826 880 852 isti
904 825 991 851 studia

201 869 287 891 vestra
305 865 362 891 suis
380 864 499 890 consiliis
518 872 607 899 regere
621 868 762 895 conantum
786 864 827 889 sin
842 868 930 889 autem
946 871 992 888 vos

201 902 262 937 plus
277 906 332 928 tum
347 903 374 928 in
390 901 524 936 republica
540 901 660 931 vidistis,
685 909 745 931 vos,
763 900 805 926 his
820 900 993 936 repugnanti-

199 939 265 971 bus,
282 948 328 974 per
342 939 518 974 vosmetipsos
531 939 687 973 dignitatem
703 938 765 964 huic
779 938 903 972 imperio,
919 937 993 963 salu-

200 981 252 1003 tem
267 977 324 1003 orbi
340 981 467 1003 terrarum
482 976 621 1002 attulistis:
640 975 785 1010 aliquando
799 975 842 1001 isti
858 975 991 1010 principes

200 1018 226 1041 et
243 1014 295 1040 sibi
314 1018 340 1040 et
357 1014 452 1040 ceteris
471 1013 563 1048 populi
577 1014 688 1039 Romani
707 1013 826 1039 universi
845 1012 990 1038 auctoritati

199 1051 346 1094 parendum
361 1060 419 1077 esse
434 1051 572 1077 fateantur.
595 1051 682 1085 Atque
696 1050 722 1076 in
738 1050 786 1076 hoc
798 1049 868 1076 bello
877 1049 992 1076 Asiatico

199 1093 225 1115 et
238 1090 311 1124 regio
325 1097 376 1115 non
391 1088 477 1115 solum
498 1088 619 1114 militaris
638 1087 682 1113 illa
701 1088 800 1118 virtus,
821 1096 890 1122 quae
907 1091 947 1113 est
965 1086 991 1112 in

199 1126 247 1154 Cn.
264 1126 388 1161 Pompeio
406 1125 564 1161 singularis,
589 1124 637 1151 sed
659 1124 726 1151 aliae
747 1133 856 1159 quoque
880 1125 991 1150 virtutes

198 1164 280 1190 animi
295 1163 393 1190 multae
408 1168 433 1189 et
447 1171 557 1199 magnae
572 1162 756 1197 requiruntur.
786 1161 897 1188 Difficile
911 1165 950 1187 est
963 1161 991 1187 in

199 1201 274 1232 Asia,
291 1201 396 1232 Cilicia,
413 1200 502 1236 Syria,
524 1200 668 1235 regnisque
682 1200 837 1226 interiorum
853 1199 991 1225 nationum

198 1239 233 1265 ita
248 1239 346 1265 versari
361 1242 479 1264 vestrum
495 1238 694 1272 imperatorem,
711 1241 740 1263 ut
754 1236 821 1263 nihil
836 1236 922 1267 aliud,
939 1236 990 1262 nisi

197 1275 230 1302 de
255 1276 329 1302 hoste
347 1284 377 1301 ac
395 1275 427 1301 de
447 1275 524 1301 laude
547 1275 653 1309 cogitet.
694 1274 794 1300 Deinde
816 1274 920 1300 etiamsi
942 1273 990 1308 qui

197 1317 261 1339 sunt
274 1313 375 1348 pudore
389 1321 418 1339 ac
433 1313 603 1347 temperantia
622 1311 823 1342 moderatiores,
844 1316 931 1337 tamen
946 1319 990 1337 eos

197 1359 257 1376 esse
280 1350 344 1376 tales
368 1354 474 1384 propter
497 1349 696 1375 multitudinem
719 1348 879 1383 cupidorum
905 1348 991 1374 bomi-

197 1396 262 1414 num
278 1396 355 1414 nemo
369 1388 518 1413 arbitratur.
559 1388 601 1413 65.
621 1386 733 1412 Difficile
748 1390 787 1412 est
801 1386 884 1417 dictu,
901 1385 991 1418 Quiri-

197 1430 249 1456 tes,
273 1429 373 1460 quanto
395 1425 422 1451 in
444 1424 505 1451 odio
528 1424 614 1450 simus
637 1423 709 1458 apud
732 1428 836 1450 exteras
859 1423 988 1455 nationes,

196 1466 303 1497 propter
321 1471 426 1493 eorum,
446 1470 515 1497 quos
533 1462 566 1487 ad
584 1470 628 1487 eas
643 1470 690 1496 per
702 1461 751 1488 hos
765 1469 848 1487 annos
862 1469 924 1487 cum
939 1461 991 1487 im-

196 1500 269 1535 perio
284 1500 418 1530 misimus,
435 1499 547 1525 iniurias
562 1507 591 1525 ac
606 1498 741 1525 libidines.
772 1498 849 1531 Quod
863 1499 934 1524 enim
949 1498 990 1524 fa-

197 1546 260 1564 num
279 1537 379 1572 putatis
398 1537 424 1562 in
439 1536 493 1563 illis
509 1537 585 1562 terris
600 1537 697 1562 nostris
711 1536 913 1572 magistratibus
927 1535 991 1562 reli-

195 1575 317 1610 giosum,
333 1583 415 1609 quam
428 1574 561 1600 civitatem
575 1578 707 1604 sanctam,
727 1582 808 1608 quam
822 1573 933 1600 domum
947 1581 991 1599 sa-

195 1613 229 1638 tis
244 1611 362 1638 clausam
376 1620 406 1638 ac
420 1612 551 1638 munitam
565 1610 668 1637 fuisse?
682 1611 765 1637 Urbes
779 1611 832 1637 iam
845 1610 990 1646 locupletes

195 1658 224 1675 ac
237 1650 359 1684 copiosae
374 1649 561 1684 requiruntur,
580 1648 682 1683 quibus
696 1657 791 1674 caussa
805 1648 868 1675 belli
883 1652 990 1683 propter

195 1686 339 1721 diripiendi
354 1686 528 1720 cupiditatem
542 1685 680 1712 inferatur.
721 1687 761 1712 66.
781 1686 906 1712 Libenter
924 1685 989 1712 haec

194 1732 281 1750 coram
305 1732 366 1750 cum
385 1724 416 1756 Q.
436 1723 529 1750 Catulo
551 1727 576 1749 et
597 1722 629 1755 Q.
650 1723 789 1749 Hortensio
811 1723 987 1758 disputarem,

195 1762 309 1787 summis
327 1766 353 1787 et
370 1761 528 1787 clarissimis
550 1761 626 1787 viris.
668 1761 804 1786 Noverunt
817 1761 889 1786 enim
903 1761 990 1787 socio-

195 1807 254 1824 rum
269 1798 390 1828 vulnera,
406 1797 498 1824 vident
511 1806 602 1824 eorum
617 1797 790 1829 calamitates,
806 1798 988 1832 querimonias

195 1835 317 1862 audiunt.
338 1835 389 1861 Pro
403 1835 482 1862 sociis
497 1844 544 1861 vos
557 1839 647 1861 contra
662 1835 751 1861 hostes
765 1836 912 1861 exercitum
927 1836 989 1862 mit-

194 1877 248 1899 tere
263 1873 370 1907 putatis,
387 1881 419 1898 an
434 1872 551 1899 hostium
566 1871 738 1898 simulatione
751 1877 840 1898 contra
854 1873 939 1899 socios
949 1877 988 1899 at-

194 1918 248 1944 que
261 1909 380 1936 amicos?
393 1909 465 1942 Quae
479 1910 574 1936 civitas
588 1914 628 1935 est
641 1910 669 1935 in
680 1909 752 1940 Asia,
767 1918 836 1944 quae
847 1918 898 1936 non
910 1910 988 1937 modo

194 1947 360 1981 imperatoris
385 1951 430 1973 aut
453 1946 544 1982 legati,
569 1946 617 1973 sed
639 1947 720 1973 unius
744 1947 845 1973 tribuni
871 1947 987 1974 militum

194 1985 297 2011 animos
321 1993 351 2010 ac
372 1984 484 2018 spiritus
511 1992 604 2018 capere
631 1983 733 2018 possit?
764 1984 862 2010 Xxltt.
889 1984 985 2017 Quare.

193 2022 297 2048 etiamsi
315 2029 397 2056 quem
417 2021 534 2052 habetis,
558 2022 605 2056 qui
623 2021 726 2047 collatis
744 2021 832 2057 signis
855 2023 987 2048 exercitus

194 2059 280 2094 regios
294 2067 420 2093 superare
434 2067 512 2093 posse
522 2058 651 2089 videatur,
667 2062 764 2089 tamen,
781 2059 833 2085 nisi
844 2059 894 2085 erit
905 2059 984 2090 idem,

192 2096 241 2131 qui
255 2104 284 2122 se
298 2104 312 2122 a
326 2095 447 2131 pecuniis
461 2096 602 2126 sociorum,
619 2096 666 2130 qui
680 2096 713 2122 ab
723 2104 815 2122 eorum
825 2097 986 2132 coniugibus

193 2141 223 2159 ac
237 2132 342 2164 liberis,
358 2133 406 2168 qui
420 2132 453 2159 ab
466 2133 629 2159 ornamentis
645 2132 766 2159 fanorum
779 2138 860 2168 atque
874 2134 987 2168 oppido—

193 2179 262 2201 rum,
278 2171 324 2205 qui
339 2170 373 2196 ab
387 2178 451 2196 auro
463 2178 582 2205 gazaque
596 2171 667 2205 regia
682 2179 791 2201 manus,
807 2171 913 2201 oculos,
929 2172 988 2197 ani-

192 2216 268 2234 mum
281 2207 405 2234 cohibere
419 2208 516 2242 possit,
538 2216 589 2233 nou
604 2208 653 2233 erit
666 2207 793 2238 idoneuS‚
813 2209 860 2243 qui
879 2208 912 2234 ad
930 2208 987 2234 bel-

194 2244 249 2271 lum
259 2244 405 2271 Asiaticum
421 2245 580 2281 regiumque
594 2245 722 2271 mittatur.
745 2246 786 2271 67.
801 2246 920 2280 Ecquam
936 2254 987 2280 pu-

192 2283 254 2308 tatis
267 2282 401 2308 civitatem
417 2287 535 2317 pacatam
549 2281 642 2312 fuisse,
658 2291 727 2317 quae
741 2282 860 2317 locuples
874 2282 926 2308 sit?
943 2291 987 2309 ec—

191 2327 272 2354 quam
287 2328 346 2346 esse
362 2319 533 2354 locupletem,
554 2328 622 2354 quae
640 2320 699 2346 istis
718 2325 808 2354 pacata
823 2329 882 2346 esse
896 2320 987 2346 videa-

192 2355 253 2382 tur?
275 2356 326 2383 Ora
341 2357 481 2387 maritima,
498 2356 624 2389 QuiriteS,
641 2357 689 2383 Cn.
704 2357 862 2392 Pompeium
877 2366 929 2384 non
943 2366 987 2384 so-

193 2392 249 2420 lum
263 2398 370 2429 propter
383 2394 421 2420 rei
436 2394 559 2420 militaris
573 2393 698 2430 gloriam,
719 2394 767 2420 sed
785 2395 864 2421 etiam
879 2399 987 2430 propter

193 2431 274 2456 animi
288 2431 476 2457 continentiam
491 2432 641 2466 requisivit.
671 2431 784 2458 Videbat
797 2432 868 2458 enim
883 2437 986 2467 praeto-

193 2475 235 2494 res
258 2467 411 2503 locupletari
437 2469 581 2504 quotannis
608 2469 720 2504 pecunia
747 2469 856 2504 publica
883 2474 986 2504 praeter

880 2568 995 2583 ——en

394 162 436 189 27.
459 162 494 188 M.
515 161 546 188 T.
568 160 778 188 etet-:ulmis
798 159 944 187 OllATlO
966 157 1039 186 {⁹110
1064 157 1165 185 LEGE
1188 157 1466 185 M.tNtLt.t.cA1‘.
1490 159 1521 185 22
1541 173 1577 178 —
1597 159 1639 185 et.

1045 239 1156 265 paucos;
1180 237 1266 264 neque
1279 237 1324 255 eos
1337 229 1485 264 quidquam
1499 229 1572 256 aliud
1586 231 1693 266 assequi
1706 230 1833 258 clusium

1045 267 1160 296 nomine.
1177 267 1229 293 nisi
1244 271 1281 297 ut,
1297 266 1464 293 detrimentis
1478 267 1648 302 accipiendis,
1665 269 1763 294 maiore
1776 268 1835 294 affi-

1044 306 1067 330 ci
1083 303 1247 338 turpitudine
1262 303 1423 330 videremur.
1462 305 1546 334 Nunc.
1561 313 1615 339 qua
1628 305 1774 340 cupiditate
1788 306 1836 332 ho—

1046 342 1130 367 mines
1150 341 1176 367 in
1191 342 1356 375 provincias,
1375 341 1477 376 quibus
1490 342 1608 372 iacturis,
1628 342 1729 377 quibus
1742 343 1835 369 eondi-

1045 378 1163 404 tionibus
1177 378 1386 412 proficiscantur,
1402 379 1524 413 ignorant
1538 379 1661 406 videlicet
1674 380 1728 409 isti,
1743 380 1791 415 qui
1801 379 1834 405 ad

1046 424 1129 441 unum
1147 415 1290 441 deferenda
1308 424 1366 441 esse
1383 417 1470 442 omnia
1485 424 1536 442 non
1551 416 1729 443 arbitrantur?
1753 416 1835 449 Quasi

1046 462 1106 479 vero
1120 452 1168 478 Cn.
1185 453 1339 487 Pompeium
1355 461 1406 479 non
1419 461 1505 487 quum
1523 454 1580 479 suia
1600 454 1757 484 virtutibus.
1778 459 1834 480 turn

1044 491 1123 516 etiam
1137 489 1231 516 alienis
1246 490 1318 516 vitiis
1333 498 1459 525 magnum
1473 498 1531 516 este
1543 490 1691 517 videamus.
1712 493 1754 517 68.
1765 490 1837 523 Qua-

1044 536 1071 553 re
1086 526 1166 554 nolite
1179 527 1314 557 dubitare,
1330 527 1397 562 quin
1412 527 1475 553 huic
1489 528 1535 554 uni
1549 528 1661 554 credatis
1674 529 1772 559 omnia,
1787 529 1835 564 qui

1044 565 1112 591 inter
1125 573 1208 590 annos
1223 569 1260 591 tot
1274 573 1343 590 unus
1358 564 1483 591 inventus
1496 565 1544 595 sit,
1563 573 1644 600 quem
1662 566 1727 592 socii
1745 566 1772 592 in
1790 574 1836 592 ur-

1044 602 1091 628 bes
1109 610 1172 628 suas
1190 610 1251 628 cum
1270 602 1387 628 exercitu
1407 602 1512 628 venisse
1530 602 1672 638 gaudeant.
1712 601 1789 635 Quod
1811 603 1835 629 si

1043 639 1244 665 auctoritatibus
1261 639 1327 665 banc
1337 647 1468 670 caussam,
1484 639 1611 671 Quirites.
1627 639 1834 666 confirmandam

1044 677 1156 711 putatis:
1181 681 1221 702 est
1239 676 1315 703 vobis
1333 681 1423 703 auctor
1441 677 1482 703 vir
1500 676 1630 703 bellorum
1644 677 1765 704 omnium
1779 685 1836 703 ma-

1044 714 1233 749 ximarumque
1247 723 1335 740 rerum
1351 714 1540 748 peritissimus,
1558 715 1586 741 P.
1601 714 1741 745 Servilius,
1756 714 1835 740 cuius

1044 756 1128 777 tantae
1143 759 1183 777 res
1196 755 1286 787 gestae
1300 755 1367 778 terra
1381 752 1502 786 marique
1513 752 1679 783 exstiterunt,
1696 756 1734 783 ut,
1749 760 1834 787 quum

1043 788 1076 814 de
1090 788 1160 815 bello
1173 788 1340 819 deliberetis,
1360 793 1451 815 auctor
1469 789 1545 815 vobis
1562 790 1668 825 gravior
1685 797 1744 815 esse
1757 797 1835 816 nemo

1043 825 1151 858 debean
1170 831 1210 852 eat
1224 826 1254 853 C.
1270 825 1363 856 Curio,
1378 826 1493 852 summis
1507 827 1602 852 vestris
1617 826 1762 857 beneficiis,
1778 834 1835 852 ma-

1044 863 1178 898 ximisque
1197 863 1277 890 rebus
1294 864 1388 899 gestis,
1408 872 1515 890 summo
1533 864 1641 899 ingenio
1653 868 1679 890 et
1692 863 1834 899 prudentia

1044 900 1192 935 praeditus;
1209 906 1248 927 est
1263 901 1310 927 Cn.
1329 900 1471 932 Lentulus,
1488 901 1514 927 in
1528 909 1582 936 quo
1595 909 1700 931 omnes,
1718 909 1765 936 pro
1777 909 1835 927 am-

1043 937 1172 973 plissimis
1199 939 1294 964 vestris
1321 938 1481 969 honoribus,
1513 947 1650 965 summum
1680 938 1832 969 consilium.

1042 984 1176 1002 summam
1189 976 1346 1011 gravitatem
1361 984 1420 1002 esse
1433 976 1610 1011 cognovistis;
1626 975 1834 1006 esteceissius.

1043 1013 1200 1048 integritate,
1217 1014 1324 1044 virtute,
1340 1014 1486 1039 constantia
1500 1013 1642 1049 singulari.
1663 1013 1750 1045 Quare
1760 1012 1836 1039 vide-

1043 1055 1076 1081 te,
1094 1055 1122 1076 ut
1136 1050 1231 1077 horum
1245 1050 1446 1077 auctoritatibus
1460 1050 1567 1077 illorum
1581 1050 1701 1081 orationi,
1717 1050 1765 1086 qui
1778 1049 1836 1076 dis-

1042 1088 1169 1118 sentiunt,
1185 1088 1344 1122 respondere
1359 1096 1437 1122 posse
1451 1087 1599 1114 videamur.

1098 1124 1194 1151 xxiv.
1208 1127 1248 1151 69.
1261 1124 1334 1158 Quae
1343 1133 1430 1160 quum
1440 1125 1475 1151 ita
1485 1125 1548 1156 sint,
1562 1125 1591 1152 C.
1603 1124 1704 1155 Manili,
1716 1125 1835 1160 primum

1042 1163 1120 1189 istam
1135 1166 1208 1189 tuam
1222 1167 1248 1189 et
1262 1162 1347 1198 legem
1361 1167 1387 1188 et
1401 1161 1562 1189 voluntatem
1573 1167 1598 1188 et
1608 1163 1766 1189 sententiam
1778 1161 1836 1188 lau-

1042 1199 1076 1226 do
1097 1199 1385 1235 vehementissimeque
1402 1200 1558 1234 comprobo,
1578 1199 1675 1226 deinde
1693 1204 1717 1226 te
1735 1199 1833 1230 hortor.

1043 1242 1072 1263 ut
1090 1242 1195 1264 auctore
1213 1237 1313 1272 populo
1327 1238 1444 1264 Romano
1461 1246 1568 1263 maneas
1582 1238 1609 1263 in
1624 1237 1754 1263 sententia
1768 1244 1836 1263 neve

1041 1275 1203 1310 cuiusquam
1222 1275 1276 1301 vim
1291 1279 1336 1301 aut
1349 1275 1436 1300 minas
1450 1275 1632 1309 pertimescas.
1673 1274 1793 1300 Primum
1806 1274 1835 1300 in

1042 1316 1066 1338 te
1076 1312 1141 1338 satis
1151 1320 1210 1338 esse
1219 1312 1301 1338 animi
1313 1312 1578 1347 perseverantiaeque
1589 1311 1714 1343 arbitror,
1727 1310 1833 1342 deinde,

1041 1358 1127 1384 quum
1146 1353 1245 1376 tantam
1260 1349 1461 1375 multitudinem
1476 1357 1539 1375 cum
1553 1353 1625 1375 tanto
1638 1348 1728 1375 studio
1741 1348 1836 1375 adesse

1042 1387 1195 1418 videamus,
1219 1391 1347 1422 quantam
1367 1394 1438 1412 nunc
1455 1387 1553 1413 iterum
1570 1387 1598 1413 in
1616 1386 1709 1413 eodem
1727 1385 1836 1412 homine

1041 1424 1217 1459 praeficiendo
1231 1423 1369 1451 videmus:
1394 1423 1461 1459 quid
1474 1428 1526 1454 est,
1542 1423 1615 1459 quod
1628 1428 1675 1450 aut
1687 1423 1720 1450 de
1733 1431 1774 1454 re,
1790 1427 1838 1450 aut

1041 1462 1074 1488 de
1089 1461 1242 1496 perficiendi
1253 1461 1377 1488 facultate
1386 1460 1562 1488 dubitemus?
1574 1461 1630 1497 Ego
1640 1465 1739 1491 autem,
1754 1459 1837 1496 quid-

1041 1499 1107 1534 quid
1121 1499 1148 1526 in
1163 1507 1206 1525 me
1215 1503 1256 1525 est
1265 1499 1357 1530 studii.
1373 1499 1487 1530 consilii,
1504 1498 1611 1530 laboris,
1627 1499 1738 1534 ingenii,
1753 1497 1837 1533 quid—

1041 1536 1107 1572 quid
1122 1536 1170 1563 hoc
1184 1536 1313 1563 beneficio
1326 1536 1419 1571 populi
1433 1536 1544 1563 Romani
1558 1541 1637 1571 atque
1648 1535 1697 1562 hae
1707 1539 1836 1570 potestate

1041 1575 1183 1609 praetoria,
1199 1573 1334 1609 quidquid
1347 1574 1514 1604 auctoritate.
1531 1573 1596 1605 fide,
1611 1573 1758 1600 constantia
1772 1580 1836 1607 pos-

1040 1620 1116 1642 sum,
1136 1611 1163 1637 id
1181 1619 1259 1637 omne
1277 1610 1310 1637 ad
1329 1611 1396 1637 hanc
1414 1619 1469 1637 rem
1482 1610 1672 1637 conficiendam
1687 1610 1735 1636 tibi
1749 1614 1775 1636 et
1787 1618 1836 1644 po-

1041 1648 1106 1684 pulo
1116 1649 1233 1675 Romano
1247 1648 1373 1683 polliceor
1386 1656 1416 1674 ac
1424 1647 1528 1674 defero:
1542 1649 1585 1674 70.
1597 1652 1732 1682 testorque
1741 1655 1835 1674 omnes

1040 1686 1117 1717 deos,
1134 1690 1159 1712 et
1173 1694 1217 1712 eos
1232 1685 1360 1716 maxime,
1380 1685 1427 1720 qui
1443 1685 1505 1711 huic
1520 1684 1576 1712 loco
1591 1684 1744 1720 temploque
1758 1692 1835 1719 prae—

1040 1723 1137 1754 sident,
1152 1724 1201 1758 qui
1213 1723 1336 1750 omnium
1350 1727 1452 1749 mentes
1466 1731 1567 1754 eorum,
1583 1723 1631 1758 qui
1641 1722 1674 1748 ad
1685 1721 1835 1756 rempubli-

1040 1769 1097 1787 cam
1111 1760 1224 1791 adeunt,
1243 1760 1360 1786 maxime
1374 1760 1554 1795 perspiciunt,
1571 1768 1613 1786 me
1627 1759 1676 1786 hoc
1690 1767 1777 1794 neque
1791 1767 1835 1785 ro-

1039 1803 1101 1834 gatu
1117 1797 1202 1824 facere
1215 1798 1389 1832 cuiusquam,
1410 1805 1497 1832 neque
1510 1805 1564 1832 quo
1577 1796 1626 1824 Cn.
1642 1796 1760 1832 Pompeii
1773 1804 1835 1832 gra-

1040 1836 1104 1862 tiam
1118 1835 1185 1862 mihi
1200 1843 1246 1870 per
1260 1834 1328 1861 hanc
1341 1843 1465 1861 caussam
1479 1834 1614 1861 conciliari
1629 1838 1730 1869 putem,
1746 1841 1835 1868 neque

1039 1881 1093 1908 quo
1115 1872 1182 1899 mihi
1205 1881 1238 1899 ex
1259 1873 1422 1907 cuiusquam
1443 1871 1621 1906 amplitudine
1639 1875 1685 1898 aut
1701 1870 1834 1906 praesidia

1040 1909 1166 1945 periculis
1181 1914 1225 1936 aut
1239 1909 1391 1936 adiumenta
1402 1909 1549 1936 honoribus
1558 1917 1698 1944 quaeram;
1714 1912 1835 1943 propter-

1039 1956 1068 1974 ea
1082 1947 1154 1982 quod
1169 1946 1287 1982 pericula
1301 1946 1391 1977 facile,
1411 1951 1441 1973 ut
1459 1946 1594 1973 hominem
1608 1950 1743 1981 praestare
1755 1953 1834 1980 opor-

1040 1990 1083 2016 tet,
1099 1985 1249 2011 innocentia
1264 1985 1325 2010 tecti
1339 1983 1509 2019 repellemus,
1525 1984 1638 2010 honores
1648 1987 1735 2010 autem
1746 1990 1833 2017 neque

1039 2022 1071 2048 ab
1086 2031 1140 2049 uno
1153 2030 1240 2057 neque
1254 2030 1288 2048 ex
1300 2021 1351 2048 hoc
1369 2022 1438 2052 loco,
1458 2021 1507 2048 sed
1523 2021 1616 2047 eadem
1633 2024 1723 2047 nostra
1735 2019 1781 2046 illa
1796 2020 1834 2046 la-

1039 2059 1221 2086 boriosissima
1239 2059 1340 2085 ratione
1356 2059 1439 2090 vitae,
1464 2059 1487 2085 si
1506 2063 1593 2085 vestra
1611 2057 1734 2084 voluntas
1757 2056 1831 2084 feret.

1038 2105 1243 2132 consequemur.
1283 2097 1326 2122 Ἡ.
1354 2095 1546 2128 Quamobrem,
1577 2094 1713 2131 quidquid
1733 2095 1762 2120 in
1784 2094 1833 2120 hac

1038 2143 1132 2160 caussa
1146 2134 1214 2160 mihi
1227 2137 1384 2168 susceptum
1398 2138 1446 2164 est,
1462 2132 1589 2165 Quirites,
1605 2132 1632 2159 id
1641 2140 1690 2168 ego
1701 2139 1779 2158 omne
1790 2139 1833 2157 me

1038 2171 1201 2206 reipublicae
1218 2179 1313 2198 caussa
1335 2171 1488 2205 suscepisse
1511 2169 1650 2200 confirmo,
1675 2173 1833 2203 tantumque

1038 2209 1126 2240 abest,
1148 2213 1178 2235 ut
1190 2208 1308 2244 aliquam
1323 2207 1419 2234 bonam
1433 2208 1545 2243 gratiam
1559 2207 1626 2234 mihi
1639 2206 1778 2241 quaesisse
1791 2206 1834 2232 vi-

1038 2246 1109 2277 dear,
1125 2250 1154 2272 ut
1168 2245 1266 2272 multas
1281 2254 1323 2271 me
1337 2245 1416 2271 etiam
1427 2245 1577 2271 simultates
1588 2244 1684 2279 partim
1693 2243 1830 2273 obscuras,

1037 2285 1135 2318 partim
1149 2288 1253 2318 apertas
1267 2282 1430 2318 intelligam,
1450 2282 1517 2308 mihi
1531 2290 1583 2308 non
1597 2280 1768 2310 necessarias,
1784 2287 1833 2306 vo-

1037 2321 1080 2347 bis
1094 2329 1146 2347 non
1160 2320 1279 2350 inutiles,
1295 2320 1458 2354 suscepisse.
1481 2319 1534 2346 Sed
1546 2327 1596 2354 ego
1605 2326 1656 2348 me,
1672 2317 1722 2344 hoc
1733 2317 1832 2344 bonore

1037 2358 1201 2392 praeditum,
1221 2358 1302 2384 tantis
1315 2357 1412 2383 vestris
1429 2356 1566 2383 beneficiis
1583 2355 1719 2385 affectum,
1739 2354 1829 2385 statui,

1037 2395 1166 2429 Quirites,
1188 2399 1304 2421 vestram
1323 2393 1486 2420 voluntatem
1502 2398 1527 2419 et
1541 2392 1703 2428 reipublicae
1715 2391 1833 2427 dignita-

1036 2436 1090 2458 tem
1114 2437 1140 2459 et
1161 2431 1275 2458 salutem
1297 2431 1493 2466 provinciarum
1511 2435 1591 2465 atque
1608 2429 1742 2456 sociorum
1763 2428 1831 2455 meis

1036 2470 1163 2496 omnibus
1176 2468 1324 2496 commodis
1337 2472 1363 2495 et
1375 2468 1523 2495 rationibus
1537 2466 1669 2502 praeferre
1681 2469 1810 2502 oportere.

999 2569 1104 2580 m>-
