1941 3052
334 88 660 115 EPISTOLARUM
689 88 743 114 AD
771 88 999 115 DIVERSOS
1031 89 1180 115 LIB.VI.
1211 89 1272 115 ΕΡ.
1301 91 1383 114 13—
1405 91 1444 114 20.

71 159 189 187 adeundi
204 163 230 186 et
242 158 421 186 conveniendi
442 158 516 185 illius
535 159 723 195 indignitatem
739 163 764 185 et
778 158 862 185 mole·
888 158 890 190 ξ

72 198 175 225 lestiam
194 196 379 232 pertulissem;
403 205 487 231 quum
510 195 603 222 fratres
619 201 644 223 et
661 196 808 231 propinqui
822 197 862 222 tui

70 236 188 262 iacerent
198 234 231 260 ad
241 233 337 269 pedes,
351 238 376 260 et
386 242 435 269 ego
446 242 533 260 essem
546 233 649 260 locutus
658 255 664 264 ,
677 242 745 268 quae
756 241 859 263 caussa,
889 259 890 263 ,

70 280 139 307 quae
150 276 227 298 tuum
237 276 345 306 tempus
356 270 520 305 postulabat:
539 279 590 297 non
602 271 689 297 solum
701 280 735 297 ex
744 271 862 297 oratione

70 309 205 339 Caesaris,
222 316 290 343 quae
301 317 364 334 sane
377 307 465 334 mollis
476 313 502 334 et
513 308 632 334 liberalis
643 308 706 339 fuit,
723 308 771 334 sed
782 309 862 334 etiam

69 355 104 373 ex
118 345 204 373 oculis
220 350 246 372 et
259 344 350 377 vultu⁷
373 354 406 372 ex
420 345 512 372 multis
528 351 662 380 praeterea
678 346 777 381 signis,
793 354 862 380 quae
882 357 883 372 ι

70 383 178 410 facilius
188 383 341 418 perspicere
352 383 435 417 potui,
449 391 531 418 quam
542 383 672 414 scribere,
686 383 754 409 hanc
765 384 792 409 in
803 383 863 417 opi-
882 399 883 422 3

70 422 178 447 niouem
193 420 320 450 discessi,
338 425 367 446 ut
382 420 450 446 mihi
466 425 510 446 tua
526 420 599 446 salus
615 420 698 446 dubia
713 429 765 447 non
781 425 860 446 esset.
882 433 884 445 κ

70 460 95 485 3.
116 457 297 490 Quamobrem
309 457 350 483 sac
360 458 450 484 animo
465 466 561 493 magno
577 457 692 492 fortique
707 459 759 484 sis:
782 462 820 488 et,
839 458 862 483 si

69 495 259 522 turbidissima
269 495 405 529 sapienter
416 494 533 525 ferebas,
550 494 735 530 tranquilliora
747 494 812 521 laete
823 494 863 520 fe-
883 518 884 521 ,

70 541 122 559 ras.
162 533 219 568 Ego
230 536 317 558 tamen
329 533 384 558 tuis
395 532 476 558 rebus
487 533 527 558 sic
537 532 624 562 adero,
640 536 669 558 ut
678 531 859 562 difficillimis,

69 578 158 605 neque
169 570 275 596 Caesari
287 568 383 600 solum,
397 569 444 595 sed
456 570 536 596 etiam
547 570 642 596 amicis
653 569 712 595 eius
723 569 859 600 omnibus,

69 615 138 642 quos
149 607 218 633 mibi
229 607 409 633 amicissimos
420 615 478 632 esse
489 607 612 641 cognovi,
625 615 672 641 pro
683 610 720 638 te,
734 607 805 633 sicut
814 606 862 632 ad-

70 644 123 671 huc
135 644 195 676 feci⁷
210 644 390 671 libentissime
401 643 570 678 supplicabo.
610 643 684 671 Vale.

124 722 174 742 XV.
191 722 208 742 Δ
214 722 234 742 R
240 721 266 742 G.
286 720 419 741 Gramlatio.

286 765 428 793 CICERO
451 765 590 792 BASILO
614 765 642 792 S.

126 807 197 838 Tibi
211 811 344 847 gratulor:
362 812 431 838 mihi
447 811 564 847 gaudeo:
582 816 606 838 te
621 820 694 838 amo:
712 816 757 838 tua
771 816 859 838 tueor:

69 849 213 914 ῑὲῗοεωατί
224 853 262 879 et,
275 848 343 884 quid
354 857 417 885 agas
425 870 431 881 ‚
444 849 566 884 quidque
577 854 684 885 agatur,
697 850 794 876 certior
804 849 862 876 fieri

456 723 530 744 (Pansa,
540 722 602 740 Hiitiu
614 729 658 740 coss.
670 722 725 744 710.)

120 964 182 985 XVI.
197 963 275 985 ARG.
291 964 370 989 Rogat,
382 966 407 984 ut
417 970 440 984 se
451 964 562 984 absentem
573 967 667 984 tueatur.

244 1001 274 1023 (ln
283 1001 353 1021 Sicilia,
362 1002 452 1022 Antonio,
462 1001 562 1018 Dolabella
573 1008 619 1020 coss.
631 1003 686 1022 710.)

214 1044 452 1071 BITHYNICUS
475 1044 662 1072 CICERONI
685 1044 712 1071 S.

122 1085 156 1116 Si
172 1089 241 1116 mihi
257 1094 346 1116 tecum
366 1098 418 1117 non
440 1094 466 1117 et
485 1090 585 1117 multae
605 1095 631 1117 et
650 1091 736 1117 iustae
749 1099 861 1117 caussae

67 1128 200 1155 amicitiae
211 1128 339 1162 privatim
350 1132 453 1159 essent,
471 1132 619 1162 repeterem
635 1128 712 1154 initia
727 1129 861 1155 amicitiae

67 1173 102 1192 ex
116 1165 273 1200 parentibus
290 1165 401 1191 nostris:
424 1165 496 1200 quod
513 1165 666 1191 faciendum
679 1166 712 1191 iis
724 1166 858 1197 existimo,

67 1203 115 1238 qui
132 1207 270 1237 paternam
285 1203 432 1229 amicitiam
448 1202 531 1229 nullis
547 1203 599 1237 ipsi
615 1202 712 1229 officiis
725 1204 860 1238 prosecuti

67 1245 139 1266 sunt.
180 1240 271 1274 Itaque
286 1244 425 1266 contentus
437 1248 481 1267 ero
493 1245 580 1266 nostra
592 1241 712 1275 ipsorum
726 1242 857 1274 amicitia3

66 1278 145 1304 cuius
158 1277 254 1303 fiducia
267 1282 327 1312 peto
338 1286 352 1303 a
364 1282 402 1308 te,
420 1282 448 1304 ut
459 1278 596 1304 absentem
608 1286 663 1308 me,
681 1278 861 1313 quibuscum-

66 1315 158 1350 quein
170 1314 251 1340 rebus
262 1323 330 1349 opus
347 1314 439 1345 fuerit,
458 1320 560 1345 tueare,
579 1316 602 1341 si
618 1315 724 1342 nullum
739 1315 860 1342 officium

66 1357 144 1379 tuum
155 1351 227 1387 apud
238 1360 280 1378 me
292 1353 522 1379 intermoriturum
532 1353 682 1380 existimas.
722 1353 796 1380 Vale.

119 1434 194 1456 xvu.
212 1435 289 1456 ΑΚΘ.
305 1435 429 1456 eonsilium
441 1435 555 1461 Bithynici
565 1437 687 1457 constituta
702 1437 815 1465 republica
825 1445 859 1458 ιε-

65 1477 112 1491 cum
121 1470 210 1491 vivendi
220 1470 264 1491 sibi
275 1474 359 1495 gratum
370 1478 419 1491 esse
430 1471 547 1496 significat.

244 1508 346 1529 (Puteolis,
356 1508 445 1528 Αιιιιιιιὶι»,
457 1508 554 1525 liniamur·
567 1515 611 1525 vm«.
624 1508 678 1529 710.)

222 1551 258 1577 M.
280 1550 422 1578 CICERO
441 1551 654 1578 BITllYNICO
673 1551 699 1579 S.

123 1598 146 1622 l.
169 1590 265 1628 Quum
281 1601 429 1623 ceterarum
441 1605 531 1622 rerum
543 1605 637 1623 caussa
648 1598 728 1632 cupio
739 1607 797 1625 esse
809 1598 860 1626 ali-

65 1633 172 1669 quando
194 1634 389 1668 rempublicam
409 1634 594 1665 constitutam,
618 1639 674 1661 tum
691 1635 773 1662 velim
790 1637 858 1663 mihi

65 1671 158 1697 credas
169 1671 303 1702 accedere,
313 1671 340 1697 id
351 1672 430 1698 etiam
437 1680 491 1706 quo
503 1672 588 1707 magis
600 1677 733 1706 expetam,
742 1675 858 1708 promis-

65 1717 125 1735 sum
136 1713 222 1738 tuum,
234 1717 288 1743 quo
300 1709 327 1735 in
339 1708 434 1735 litteris
446 1709 538 1735 uteris.
579 1708 682 1736 Scribis
692 1711 774 1741 enim,
788 1712 811 1737 si
823 1712 857 1738 ita

64 1745 108 1777 sit,
122 1750 146 1772 te
157 1754 262 1772 mecum
274 1754 332 1772 esse
345 1746 490 1772 victurum.
521 1747 546 1773 2.
563 1746 722 1774 Gratissima
733 1749 801 1774 milii
814 1754 857 1775 tua

65 1782 188 1809 voluntas
199 1787 247 1814 est,
256 1782 376 1818 facisque
391 1783 458 1810 nihil
471 1783 589 1810 alienum
601 1786 799 1812 necessitudine
811 1795 859 1813 no-

64 1824 118 1846 stra
134 1819 298 1855 iudiciisque
314 1821 397 1855 patris
409 1821 447 1847 tui
458 1820 491 1847 de
503 1829 558 1851 me,
574 1823 676 1848 summi
687 1823 749 1850 viri.
790 1824 858 1850 Nam

64 1857 104 1883 sic
116 1856 220 1888 habeto.
233 1857 424 1884 beneficiorum
436 1858 622 1893 magnitudine
633 1862 744 1895 eos,qui
755 1866 858 1896 tempo-

65 1894 141 1920 ribus
152 1893 294 1921 valuerunt
304 1899 349 1921 aut
361 1895 463 1925 valent,
479 1895 676 1922 coniunctiores
688 1902 774 1924 tecum
787 1907 855 1930 esse,

64 1939 146 1966 quam
157 1939 208 1962 me,
223 1931 421 1958 necessitudine
433 1933 579 1959 neminem.
605 1933 784 1965 Quamobrem
796 1945 858 1971 gra-

65 1973 89 1995 ta
110 1967 179 1994 mihi
199 1972 238 1994 est
257 1973 282 1995 et
297 1970 424 1995 memoria
441 1974 485 1995 tua
501 1974 604 1996 nostrae
620 1972 817 1999 coniunctionis
833 1978 858 2000 et

64 2005 123 2032 eius
135 2005 215 2032 etiam
226 2005 363 2042 augendae
375 2006 508 2033 voluntas,

118 2092 203 2113 xvtlt.
222 2091 296 2112 ΑΒΘ.
313 2092 449 2119 Renponnum
465 2099 492 2113 ex
503 2092 550 2118 lege
559 2093 586 2114 de
596 2092 764 2114 (lecurionilmu
778 2094 805 2114 «le
817 2093 856 2114 ni-

63 2127 161 2155 npnniis,
177 2128 203 2148 ile
213 2127 295 2154 Leptae
306 2126 406 2152 negotiu,
422 2127 449 2147 ile
460 2131 551 2148 oratore
567 2135 616 2153 nuo.
632 2128 659 2149 de
667 2128 781 2154 Tulliola,
797 2132 817 2150 et
830 2129 856 2150 de

64 2161 161 2183 tie-imin
172 2162 255 2189 Leptae
265 2161 347 2182 iuniori
357 2161 455 2186 legemln.

250 2199 337 2222 (Romi-e,
348 2199 424 2216 (Ἅι-νου
435 2199 466 2217 IV.
478 2205 515 2217 cm.
536 2206 549 2216 n.
561 2200 603 2217 intt.
615 2202 670 2221 70⁹.)

263 2241 430 2269 CICERO
466 2242 651 2270 LEPTAE.

121 2288 143 2313 t.
167 2282 260 2314 Simul
281 2288 371 2322 accepi
393 2296 406 2313 a
428 2287 540 2314 Seleuco
560 2292 604 2315 tuo
625 2288 738 2318 litteras.
766 2291 854 2317 statim

63 2325 186 2359 quaesivi
207 2333 221 2351 e
236 2324 317 2352 Balbo
337 2333 384 2360 per
399 2324 551 2355 codicillos,
574 2326 640 2360 quid
657 2331 728 2353 esset
743 2327 770 2353 in
786 2327 854 2363 lege.

63 2360 223 2396 Rescripsit:
245 2371 300 2393 eos,
314 2363 361 2397 qui
374 2361 490 2388 facerent
501 2363 687 2397 praeconium,
702 2365 785 2390 vetari
797 2373 856 2390 esse

63 2397 92 2425 in
105 2397 311 2426 decurionibus:
334 2400 382 2434 qui
399 2399 536 2429 fecissent,
560 2408 612 2426 non
633 2402 727 2427 vetari.
767 2401 856 2433 Quare

64 2433 133 2462 bono
147 2436 237 2463 animo
250 2437 305 2464 sint
315 2441 341 2463 et
351 2437 389 2463 tui
400 2442 425 2463 ct
436 2437 488 2463 mei
502 2436 659 2471 familiares:
683 2446 770 2472 neque
782 2440 855 2465 enim

64 2476 119 2499 orat
129 2472 281 2506 ferendum,
299 2483 398 2509 quum,
415 2475 463 2509 qui
481 2474 559 2500 hodie
572 2474 772 2509 haruspicinam
785 2475 855 2502 sace-

64 2513 133 2541 rent,
156 2510 184 2537 in
199 2516 323 2538 senatum
338 2510 349 2525 *
366 2512 461 2538 Itomae
479 2511 642 2547 legerentur.
665 2520 724 2542 eos,
740 2513 788 2547 qui
804 2513 855 2539 ali-

63 2546 170 2581 quando
181 2549 353 2582 praeconium
365 2548 503 2579 fecissent,
522 2549 547 2575 in
561 2549 719 2584 municipiis
730 2549 855 2576 decurio-

64 2590 111 2610 nes
121 2591 180 2611 esse
193 2593 244 2612 nou
256 2585 345 2612 licere.
377 2588 401 2613 2.
423 2587 459 2613 De
471 2586 607 2621 Hispaniis
619 2587 681 2613 novi
693 2587 771 2614 nihil.
798 2587 854 2614 Ma-

63 2626 147 2656 gnum
167 2626 254 2650 tamen
277 2624 424 2651 exercitum
444 2623 601 2659 Pompeium
621 2623 718 2651 habere
736 2629 850 2652 constat:

883 559 885 593 l

1655 91 1704 116 707

913 167 974 185 nam
987 158 1082 185 Caesar
1098 159 1155 193 ipse
1171 158 1204 185 ad
1220 168 1267 185 nos
1278 159 1353 186 misit
1363 158 1518 194 exemplum
1530 159 1649 186 Paciaeci
1661 159 1706 186 lit-

912 201 1042 227 terarum,
1066 197 1094 222 in
1109 204 1163 231 quo
1178 201 1245 227 erat,
1269 197 1342 231 ipsas
1358 196 1483 223 undecim
1499 205 1558 222 esse
1574 196 1703 233 legiones.

913 233 1061 268 Scripserat
1077 234 1156 259 etiam
1171 233 1284 260 Messala
1298 233 1329 266 Q.
1347 234 1453 260 Salasso
1467 234 1496 260 P.
1514 234 1636 260 Curtium
1653 234 1706 260 fra—

913 276 980 297 trem
995 271 1054 297 eius
1071 271 1147 297 iussu
1163 271 1284 305 Pompeii
1301 272 1464 306 inspectante
1484 271 1604 298 exercitu
1624 272 1706 297 inter-

913 307 1026 339 fectum,
1044 308 1116 342 quod
1128 309 1307 334 consensisset
1318 317 1379 334 cum
1392 309 1517 344 Hispanis
1529 308 1703 344 quibusdam,

913 346 936 371 si
948 346 974 371 in
985 345 1117 380 oppidum
1129 346 1218 372 nescio
1228 345 1299 380 quod
1312 347 1455 381 Pompeius
1467 347 1504 372 rei
1517 346 1706 372 frumentariae

912 391 1007 408 caussa
1020 383 1146 413 venisset,
1158 391 1220 409 eum
1231 383 1458 417 comprehendere
1469 383 1501 409 ad
1512 383 1706 418 Caesaremque

913 419 1055 446 deducere.
1096 422 1120 446 3.
1143 420 1178 446 De
1195 421 1300 455 negotio
1316 425 1373 451 tuo,
1397 420 1468 455 quod
1487 429 1600 455 sponsor
1615 430 1643 446 es
1659 429 1707 455 pro

913 458 1052 492 Pompeio.
1070 457 1093 482 si
1105 457 1190 483 Galba
1201 466 1364 492 consponsor
1375 463 1437 484 tuus
1448 458 1570 489 redierit,
1589 458 1668 484 homo
1678 458 1706 484 in

913 503 940 520 re
953 494 1079 520 familiari
1090 503 1141 521 non
1152 503 1247 529 parum
1259 494 1385 530 diligens,
1403 504 1453 521 non
1465 495 1587 521 desinam
1599 504 1661 521 cum
1673 494 1708 521 il-

890 527 891 556 i
914 531 938 558 lo
949 532 1162 562 communicare,
1179 532 1203 557 si
1217 532 1283 566 quid
1298 532 1420 567 expediri
1432 533 1528 567 possit:
1545 532 1618 568 quod
1629 532 1707 558 vide—

915 569 992 595 batur
1007 569 1075 594 mihi
1091 569 1136 595 ille
1152 569 1294 596 confidere.
1336 571 1359 596 4.
1383 570 1515 596 Oratorem
1533 578 1623 596 meum
1636 574 1707 596 tanto

913 615 991 641 opere
1003 615 1017 632 a
1028 611 1052 632 te
1064 606 1170 640 probari
1181 606 1352 633 vehementer
1363 607 1476 642 gaudeo.
1517 607 1584 633 Mihi
1594 607 1706 642 quidem

913 644 952 670 sic
964 643 1124 678 persuadeo,
1139 652 1194 674 me,
1212 644 1347 679 quidquid
1360 644 1500 670 habuerim
1513 644 1609 670 iudicii
1620 644 1653 670 de
1664 644 1707 670 di-

913 681 1012 712 cendo,
1036 681 1062 706 in
1075 680 1152 706 illum
1165 680 1265 707 librum
1276 681 1432 708 contulisse.
1473 681 1524 714 Qui
1541 682 1564 707 si
1579 686 1619 707 est
1634 681 1703 711 talis,

914 717 1022 753 qualem
1034 718 1084 744 tibi
1096 718 1184 744 videri
1194 718 1305 749 scribis,
1322 727 1370 754 ego
1386 728 1493 753 quoque
1509 718 1613 753 aliquid
1629 727 1704 746 sum:

914 756 956 781 sin
970 755 1059 786 aliter,
1077 763 1129 781 non
1144 763 1251 785 recuso.
1270 756 1350 790 quin,
1368 761 1498 790 quantum
1515 756 1548 781 de
1564 755 1610 783 illo
1627 756 1704 787 libro,

914 792 1080 819 tantumdem
1092 792 1125 818 de
1137 793 1190 818 mei
1202 792 1297 819 iudicii
1309 792 1377 819 fama
1392 793 1556 820 detrahatur.
1597 795 1707 829 Leptam

914 835 1035 857 nostrum
1046 830 1126 865 cupio
1137 829 1263 856 delectari
1275 831 1328 857 iam
1340 831 1439 857 talibus
1450 832 1572 866 scriptis,
1595 832 1645 858 etsi
1660 832 1707 858 ab-

913 872 953 894 est
965 868 1103 894 maturitas
1115 868 1220 899 aetatis,
1239 868 1290 894 iam
1306 873 1393 894 tamen
1406 878 1547 904 personare
1559 877 1636 895 aures
1648 870 1707 895 eius

914 905 1073 931 huiusmodi
1088 905 1214 936 vocibus,
1236 914 1288 932 non
1303 911 1342 932 est
1360 906 1466 933 inutile.
1506 908 1530 932 5.
1553 907 1593 932 Me
1609 907 1707 932 Romae

914 943 999 969 tenuit
1015 943 1124 969 omnino
1140 943 1243 969 Tulliae
1259 952 1332 969 meae
1348 948 1450 978 partus.
1491 944 1544 970 Sed
1559 953 1644 978 quum
1666 952 1704 974 ea,

914 980 1144 1015 quemadmodum
1155 989 1246 1015 spero,
1269 981 1334 1007 satis
1346 981 1421 1007 firma
1433 981 1480 1012 sit,
1504 986 1595 1007 teneor
1606 986 1704 1011 tamen,

914 1017 1156 1044 dumaDolabellae
1167 1018 1384 1052 procuratoribus
1395 1019 1502 1054 exigam
1514 1019 1629 1053 primam
1641 1027 1707 1053 pen-

913 1056 1030 1087 sionem,
1053 1060 1091 1086 et,
1114 1055 1281 1087 mehercule.
1306 1065 1358 1082 non
1379 1061 1432 1082 tam
1448 1065 1508 1082 sum
1525 1056 1708 1091 peregrinator

914 1093 980 1123 iam,
999 1101 1080 1128 quam
1096 1092 1226 1119 solebam.
1266 1093 1395 1119 Aedificia
1412 1102 1470 1120 mea
1486 1102 1527 1119 me
1539 1093 1707 1119 delectabant

913 1135 938 1156 et
953 1131 1048 1157 otium.
1088 1131 1188 1157 Domus
1204 1135 1256 1161 est,
1276 1140 1344 1165 quae
1360 1130 1428 1157 nulli
1446 1130 1570 1157 villarum
1586 1139 1706 1156 mearum

912 1167 1001 1199 cedat,
1017 1168 1101 1194 otium
1117 1168 1192 1194 omni
1203 1168 1386 1195 desertissima
1398 1169 1505 1203 regione
1517 1169 1615 1194 maius.
1656 1169 1707 1194 Ita-

912 1214 964 1240 que
977 1214 1009 1232 ne
1025 1205 1125 1232 litterae
1136 1206 1249 1241 quidem
1261 1215 1334 1232 meae
1346 1206 1544 1241 impediuntur3
1565 1206 1593 1232 in
1605 1205 1707 1240 quibus

911 1243 970 1269 sine
982 1243 1037 1269 ulla
1051 1243 1264 1278 interpellatione
1280 1252 1381 1270 versor.
1422 1244 1522 1276 Quare,
1540 1248 1568 1270 ut
1582 1243 1704 1273 arbitror,

912 1281 988 1315 prius
1001 1281 1044 1307 hic
1057 1285 1080 1307 te
1093 1289 1149 1311 nOS,
1163 1290 1244 1315 quam
1257 1281 1317 1307 istic
1329 1286 1356 1307 tu
1368 1290 1416 1307 nos
1429 1280 1545 1307 videbis.
1579 1282 1604 1307 6.
1624 1281 1706 1315 Lepta

911 1319 1092 1344 suavissimus
1104 1318 1205 1345 ediscat
1218 1318 1364 1345 Hesiodum
1376 1323 1401 1345 et
1412 1318 1507 1344 habeat
1519 1318 1546 1344 in
1556 1326 1601 1344 ore

987 1359 1037 1390 Τῆς
1048 1356 1069 1381 δ)
1083 1355 1174 1391 ἀρετῆς
1185 1356 1281 1392 ἱδρῶτα
1294 1372 1338 1381 -.

963 1441 1028 1461 xlx.
1048 1442 1123 1462 ARG.
1141 1442 1240 1462 nuent-u·
1252 1442 1366 1462 Falernum
1379 1441 1421 1461 silai
1434 1441 1544 1468 tuis-pindo
1555 1441 1632 1461 iisum.
1665 1442 1704 1461 Ix-

911 1482 961 1503 ptae
970 1477 1088 1504 expetitam
1100 1477 1122 1497 in
1132 1477 1234 1497 Caesaris
1246 1477 1304 1497 ludis
1315 1484 1425 1496 munerum
1437 1477 1571 1496 rurationem
1582 1477 1704 1496 dissimilet.

1095 1514 1190 1533 «Am-m,
1202 1515 1277 1531 casan-
1289 1514 1319 1531 tv,
1332 1522 1361 1530 ιη,
1380 1516 1514 1533 -.1.1.7w³,)

1061 1556 1229 1584 CICERO
1254 1557 1282 1583 S.
1308 1557 1338 1583 D.
1368 1557 1555 1583 LEPTAE.

969 1603 990 1627 l.
1012 1597 1153 1629 Maculam
1168 1602 1257 1629 officio
1272 1602 1394 1629 functum
1410 1612 1469 1629 esse
1483 1603 1598 1638 gaudeo.
1639 1603 1704 1629 Eius

910 1638 1053 1665 Falernum
1070 1640 1138 1666 mihi
1153 1649 1260 1674 semper
1276 1639 1402 1666 idoneum
1419 1641 1509 1666 visum
1524 1645 1563 1667 est
1578 1640 1705 1667 deverso-

910 1677 961 1705 rio:
975 1677 998 1702 si
1011 1677 1089 1704 modo
1101 1678 1161 1703 tecti
1173 1678 1238 1704 satis
1249 1677 1332 1704 estad
1343 1678 1497 1704 comitatum
1510 1683 1629 1704 nostrum
1637 1678 1705 1704 reci-

910 1714 1050 1748 piendum.
1091 1715 1232 1749 Ceteroqui
1254 1715 1321 1741 mihi
1339 1715 1412 1741 locus
1427 1724 1478 1742 non
1494 1715 1632 1750 displicet:
1657 1724 1705 1741 nec

909 1760 938 1777 ea
952 1761 978 1777 re
993 1752 1131 1778 Petrinum
1148 1757 1224 1779 tuum
1235 1752 1371 1778 deseram:
1395 1761 1456 1778 nam
1468 1757 1493 1779 et
1504 1752 1567 1779 villa
1579 1757 1604 1779 et
1615 1761 1706 1778 amoe-

909 1789 978 1815 nitas
996 1789 1039 1815 illa
1056 1790 1273 1816 commorationis
1284 1795 1336 1820 est.
1360 1798 1411 1816 non
1423 1790 1581 1816 deversorii.
1622 1792 1646 1817 2.
1668 1791 1705 1816 De

908 1827 1045 1853 curatione
1057 1826 1146 1862 aliqua
1159 1836 1301 1853 munerum
1313 1828 1452 1863 regionum
1465 1836 1526 1853 cuni
1533 1827 1619 1862 Oppio
1632 1827 1705 1853 locu—

909 1869 952 1890 tus
963 1873 1034 1890 sum.
1075 1865 1141 1890 Nam
1154 1864 1276 1894 Balbum.
1294 1870 1466 1899 posteaquam
1479 1870 1506 1891 tu
1517 1874 1546 1891 es
1558 1864 1702 1899 profectus.

910 1910 960 1928 non
974 1901 1044 1927 vidi:
1068 1903 1148 1928 tantis
1160 1901 1260 1937 pedum
1271 1901 1410 1928 doloribus
1422 1902 1546 1933 afficitur.
1562 1907 1589 1928 ut
1601 1911 1629 1928 se
1640 1911 1704 1928 con-

910 1939 996 1965 veniri
1009 1938 1083 1965 nolit.
1124 1940 1240 1966 Omnino
1251 1939 1284 1965 de
1297 1944 1347 1966 tota
1360 1948 1396 1969 re,
1414 1945 1441 1966 ut
1453 1939 1520 1965 mihi
1533 1939 1647 1970 videtur,
1661 1948 1704 1966 sa—

909 1976 1028 2010 pientius
1045 1976 1158 2008 faceres,
1178 1977 1202 2003 si
1217 1986 1268 2003 non
1282 1985 1400 2003 curares.
1440 1976 1517 2009 Quod
1533 1978 1606 2003 enim
1623 1986 1654 2003 eo
1666 1976 1703 2002 la—

909 2014 972 2040 bore
988 2014 1097 2048 assequi
1114 2014 1169 2045 vis,
1187 2014 1262 2040 nullo
1278 2014 1357 2041 modo
1372 2022 1526 2049 assequere.
1567 2015 1648 2040 Tanta
1664 2019 1703 2040 est

908 2051 981 2076 enim
1003 2051 1159 2077 intimorum
1180 2051 1338 2081 multitudo,
1355 2057 1383 2078 ut
1399 2060 1432 2078 ex
1449 2052 1482 2077 iis
1498 2051 1598 2086 aliquis
1614 2052 1703 2085 potius

909 2087 1008 2118 effluat,
1023 2097 1104 2123 quam
1116 2097 1184 2115 novo
1195 2089 1230 2115 sit
1241 2088 1339 2118 aditus,
1354 2089 1510 2123 praesertim
1522 2089 1570 2123 qui
1582 2088 1651 2115 nihil
1663 2088 1703 2113 as-

910 2124 988 2155 serat,
1012 2130 1115 2159 praeter
1128 2134 1250 2160 operam.
1274 2127 1300 2152 in
1316 2135 1368 2160 qua
1385 2125 1428 2152 ille
1440 2135 1468 2152 se
1480 2126 1589 2152 dedisse
1601 2125 1703 2152 beneti-

908 2162 980 2188 cium
993 2162 1106 2196 putabit,
1119 2162 1152 2197 (si
1165 2162 1242 2189 modo
1254 2163 1280 2189 id
1293 2163 1381 2197 ipsum
1394 2163 1481 2196 sciet.)
1492 2172 1543 2189 non
1555 2163 1700 2197 accepisse.

908 2199 958 2225 Sed
972 2204 1058 2225 tamen
1071 2199 1175 2234 aliquid
1188 2199 1356 2229 videbimus,
1381 2201 1406 2226 in
1423 2208 1477 2235 quo
1487 2201 1522 2226 sit
1533 2209 1604 2234 speS.
1645 2199 1702 2226 Ali-

909 2241 947 2262 ter
957 2236 1068 2271 quidem
1082 2245 1132 2263 non
1145 2236 1224 2263 modo
1235 2246 1285 2262 non
1297 2237 1492 2271 appetendum.
1506 2237 1553 2263 sed
1566 2238 1644 2263 etiam
1659 2236 1702 2262 [ιι-

907 2273 1037 2307 giendum
1058 2278 1131 2308 puto.
1182 2274 1238 2309 Ego
1263 2282 1304 2300 me
1326 2275 1438 2300 Asturae
1463 2274 1567 2300 diutius
1587 2274 1701 2300 arbitror

907 2316 1142 2340 commoraturum,
1155 2310 1243 2345 quoad
1256 2310 1301 2336 ille
1311 2310 1474 2345 quandoque
1487 2312 1585 2337 veniat.
1626 2310 1698 2336 Vale.

962 2388 1014 2408 ΧΧ.
1033 2388 1108 2408 ΛΚΘ.
1128 2388 1228 2408 'rurant-1
1248 2388 1321 2408 ‘nuli
1340 2387 1453 2408 itinn-«tet
1472 2387 1588 2408 ‹on-ilium
1609 2389 1699 2408 (ιε-Μή

907 2423 992 2443 obuium
1003 2423 1076 2444 eiiinli.
1109 2425 1289 2445 21x=i···n->.(‘⁴·›⁴·=
1305 2425 1335 2442 IV.
1347 2432 1377 2441 m·
1396 2432 1410 2441 ι,
1421 2425 1464 2441 wll.
1476 2426 1530 2445 709.)

1073 2468 1240 2494 CICERO
1268 2468 1471 2494 TORANIO
1501 2467 1529 2493 S.

964 2515 985 2539 t.
1001 2509 1136 2539 ”ederam
1149 2513 1238 2540 triduo
1249 2517 1308 2539 ante
1320 2513 1411 2548 pueris
1423 2513 1471 2539 Cn.
1485 2511 1585 2538 l‘lancii
1599 2512 1698 2539 litteras

905 2550 937 2576 ad
951 2555 984 2576 te.
1026 2550 1062 2576 Eo
1073 2559 1144 2577 nunc
1154 2559 1199 2577 ero
1211 2550 1330 2581 brevior,
1344 2555 1435 2584 teque,
1450 2555 1477 2576 ut
1489 2555 1564 2576 antea
1576 2550 1698 2576 consola-

906 2587 964 2618 har,
984 2587 1033 2614 hoc.
1049 2592 1166 2623 tempore
1183 2588 1305 2614 monebo.
1347 2587 1419 2614 Nihil
1437 2592 1500 2622 puto
1513 2587 1560 2613 tibi
1573 2596 1631 2613 csse
1644 2588 1697 2613 uti-

906 2624 970 2655 lius,
989 2633 1070 2660 quam
1085 2625 1186 2652 ibidem
1197 2625 1324 2660 opperiri.
1341 2624 1429 2660 quoad
1440 2625 1508 2650 scire
1519 2625 1616 2660 possi&
1629 2624 1696 2660 quid

1430 2670 1490 2699 89'
