1941 3052
416 147 980 173 ‚xD11ERENN1L'ML113.lt.

1015 147 1069 173 CA
1084 148 1112 173 P.
1150 150 1179 174 ⁴9
1200 164 1235 167 —
1258 151 1297 174 ΞΒ,
1644 154 1671 176 lll

45 218 92 244 Hic
108 217 144 248 id,
165 216 237 252 quod
256 221 404 242 extremum
422 216 524 243 dictum
539 222 586 247 est,
608 218 672 243 satis
686 217 736 243 suit
749 225 832 251 expo-
852 221 860 242 Α
883 217 930 243 do:
946 218 1041 253 Magno
1054 217 1124 244 malo
1137 222 1177 244 est
1191 219 1345 244 hominihus
1355 220 1471 249 avaritia,
1485 220 1672 255 idcircoquod

44 263 114 285 nere,
135 263 167 281 ne
180 254 297 280 Ennium
315 258 340 279 et
353 258 452 280 ceteros
466 258 556 288 poetas
571 255 714 285 imitemur,
730 255 831 289 quibus
852 246 860 277 ll
883 254 1004 280 homines
1023 256 1127 290 magnis
1145 260 1170 281 et
1188 255 1281 281 multis
1299 257 1473 282 incommodis
1491 257 1674 285 conflictantur

44 292 93 318 hoc
107 291 185 318 modo
198 291 271 326 loqui
285 299 440 317 concessum
455 295 507 316 est:

121 330 223 355 Utinam
237 337 267 353 ne
278 331 303 353 in
315 337 413 353 nemore
424 329 492 354 Pelio
504 329 636 353 securibus

118 369 192 392 caesa
207 368 336 391 cecidisset
348 367 455 398 ‹Ibieyna
469 368 502 390 ad
517 367 613 391 terram
627 366 724 398 trabes,-

117 412 177 429 nece
190 405 247 428 inste
260 405 334 428 navis
346 404 504 428 inchoandae
517 404 652 427 exordium

118 442 244 473 coepisset,
260 448 324 473 qnae
338 448 404 465 nunc
419 441 565 465 nominatur
578 441 676 464 rzonzine

116 478 192 510 Arqo,
208 486 259 510 qua
272 479 337 503 vecti
349 477 446 510 Arqz'vi,
462 478 552 502 delecti
564 478 623 505 viri,

114 516 231 548 petebant
245 516 317 540 illam
329 515 419 546 pe‘ttem
432 516 581 539 inauratam
594 515 686 538 arietis

119 551 226 581 Colchis,
242 553 347 584 imperio
360 553 428 584 re'yis
441 551 533 579 Peliae.
546 553 592 583 pe'r
606 551 705 582 dotum,-

117 598 177 615 unm
199 591 336 622 numquam
358 589 420 614 hera
442 596 533 614 errans
555 590 610 612 me'a
637 589 710 613 domo
732 589 833 621 efferret

528 626 617 657 pedem

117 664 213 693 Medea,
229 665 314 688 animo
326 670 413 695 aegra,
429 664 515 687 amore
527 670 602 687 saevo
615 663 714 687 saucia.

43 701 110 727 Nam
123 700 167 727 hic
180 700 244 726 satis
258 703 312 725 erat
326 698 412 725 dicere
430 698 464 734 (si
477 698 504 724 id
519 698 605 729 modo,
621 698 694 733 quod
707 702 777 724 esset
790 706 834 723 sa-
860 705 861 708 ¹

42 739 86 770 tis,
101 741 219 764 curasset
232 736 330 771 poeta):

119 775 221 801 Utinam
235 782 265 799 ne
277 775 338 799 hera
352 781 443 799 errans
457 775 511 799 me'a
524 774 597 799 donno
610 775 711 806 efferret
723 774 810 805 pedem

115 812 211 839 Mede‘a.

41 886 122 913 nibus
135 893 294 921 magnopere
308 884 538 919 supersedendum
552 888 599 910 est.
633 885 691 910 Non
705 885 776 910 enim
791 893 832 910 re-

41 923 225 959 prehensione,
250 923 320 948 sicut
341 922 407 948 aliae
429 921 590 956 complures,
615 921 661 947 sed
676 930 724 947 sua
738 925 832 956 sponte

41 961 136 987 vitiosa
150 964 198 986 est.
229 960 326 986 XXIII.
343 961 384 986 35.
399 959 498 985 Vitiosa
513 959 579 985 ratio
592 963 640 990 est,
656 967 724 993 quae
739 959 771 984 ad
785 967 832 984 ex-

41 998 199 1033 positionem
214 1006 266 1023 non
280 1001 320 1023 est
333 996 587 1027 accommodata,vel
602 1001 708 1031 propter
718 996 832 1022 infirmi-
859 1002 861 1016 ἰ

41 1039 121 1062 tatem
147 1034 187 1061 vel
203 1039 308 1069 propter
321 1034 474 1060 vanitatem.
500 1033 606 1060 Infirma
620 1034 685 1059 ratio
698 1038 746 1064 est,
763 1042 832 1068 quae

41 1081 93 1098 non
111 1072 259 1098 necessario
277 1071 393 1098 ostendit
409 1072 445 1097 ita
459 1079 526 1102 esse,
542 1071 770 1106 quemadmodum
784 1080 832 1097 ex-

41 1110 158 1144 positum
172 1113 224 1142 est;
246 1109 321 1135 velut
334 1108 405 1143 apud
418 1108 556 1135 Plautum:

114 1165 228 1190 Amicum
242 1166 370 1197 castiyare
383 1165 412 1189 ob
426 1165 542 1189 meritam
555 1164 670 1193 nesciam,

114 1203 223 1227 immane
236 1205 272 1227 est
285 1203 401 1235 saciuus;
421 1203 509 1227 ve'rum
522 1202 549 1226 in
562 1204 645 1226 aetate
658 1201 720 1226 utile

114 1243 137 1265 et
151 1239 316 1265 conducibile.

40 1292 110 1319 Haec
127 1292 258 1327 expositio
274 1296 324 1318 est.
356 1291 510 1323 Videamus,
531 1299 600 1326 quae
613 1291 680 1317 ratio
693 1290 828 1317 afferatur:

151 1330 219 1356 Nam
233 1338 277 1363 eqo
290 1331 401 1356 amicum
413 1331 487 1355 hodie¹
499 1338 580 1354 meum

115 1368 293 1400 concastigabo
303 1368 353 1400 pro
367 1368 512 1392 commerita
526 1368 615 1392 noxia.

39 1413 81 1439 Ex
99 1420 138 1443 eo,
158 1412 231 1447 quod
248 1413 307 1447 ipse
322 1411 440 1438 facturus
455 1415 503 1441 est.
520 1419 571 1437 non
585 1419 619 1436 ex
633 1419 672 1442 eo,
688 1410 760 1446 quod
774 1410 831 1437 fieri

40 1450 171 1480 convenit,
192 1449 258 1476 utile
275 1449 341 1484 quid
356 1449 398 1479 sit,
416 1449 595 1474 ratiocinatur.
615 1448 687 1475 Vana
701 1449 766 1474 ratio
780 1453 828 1479 est,
859 1448 861 1471 J

40 1495 109 1522 quae
123 1495 156 1513 ex
169 1486 235 1512 falsa
249 1495 343 1513 caussa
356 1490 466 1516 constat,
482 1485 532 1511 hoc
546 1484 637 1512 modo:
664 1485 746 1511 Amor
760 1485 832 1520 fngi-
859 1495 861 1515 ;

40 1524 125 1551 endus
139 1532 191 1550 non
205 1527 258 1550 est:
287 1532 347 1549 nam
362 1532 396 1549 ex
409 1532 439 1549 eo
453 1523 594 1549 verissima
608 1523 726 1549 nascitur
739 1523 832 1549 amici·
859 1540 860 1543 ,

38 1562 84 1588 tia.
118 1561 172 1587 Aut
194 1560 243 1587 hoc
257 1561 349 1587 modo:
368 1559 541 1594 Philosophia
555 1559 662 1585 vitanda
677 1564 729 1586 est:
758 1560 832 1586 affert

39 1599 111 1626 enim
133 1598 280 1624 socordiam
303 1602 382 1632 atque
400 1597 541 1624 desidiam.
574 1597 640 1623 Nam
655 1596 703 1623 hae
718 1598 831 1623 rationes

39 1636 92 1663 nisi
110 1635 192 1662 falsae
209 1639 306 1666 essent,
327 1635 506 1669 expositiones
524 1642 632 1669 quoque
650 1642 741 1660 earum
755 1643 831 1660 veras

39 1681 98 1700 esse
115 1672 308 1699 confiteremur.
341 1674 382 1699 36.
402 1673 466 1698 Item
485 1670 589 1697 infirma
608 1672 674 1697 ratio
690 1675 742 1702 est,
763 1680 831 1706 quae
852 1672 853 1676 ’

40 1719 93 1738 non
110 1710 286 1737 necessariam
309 1718 432 1736 caussam
450 1708 524 1735 affert
540 1708 729 1744 expositionis:
757 1709 832 1735 velut

38 1748 186 1774 Pacuvius:

39 1785 179 1812 Fortunam
197 1787 315 1811 insanam
332 1787 384 1811 essse
401 1788 424 1810 et
438 1792 540 1810 caecam
553 1787 576 1809 et
589 1784 690 1809 brutam
701 1785 832 1817 perhibent

526 1822 678 1854 philosophi.

38 1862 154 1893 saa-oque
167 1860 239 1885 illam
252 1861 350 1886 instare
363 1859 463 1892 qloboso
474 1860 627 1891 praedicant
641 1859 790 1893 rotabilem,-

39 1898 104 1928 t'deo,
125 1905 174 1930 quo
190 1905 285 1923 saccum
301 1897 431 1930 impulerit
444 1899 506 1930 sors,
522 1897 613 1922 cadere
628 1893 675 1931 [eo]
691 1895 832 1922 Fortunam

528 1935 671 1959 antumant.

42 1970 148 1998 Caecum
166 1971 196 1997 ob
213 1979 269 1997 eam
285 1979 340 1997 rem
356 1979 409 1997 esse
425 1972 529 2000 iterant,
544 1971 606 2003 quia
619 1970 657 1995 nil
671 1972 767 2000 cernat,
782 1978 832 2004 quo

527 2015 580 2033 sese
593 2007 718 2039 applicet,-

40 2047 158 2072 insanam
171 2049 255 2071 autem
268 2047 350 2076 aiunt,
365 2047 428 2079 quia
440 2048 527 2075 atrox.
542 2046 642 2070 incerta
656 2045 832 2078 instabilisque
859 2055 860 2071 1

40 2120 149 2150 brittam,
165 2120 227 2152 quia
240 2120 344 2152 dignum
361 2120 439 2152 atque
451 2085 584 2152 indiqiittim
597 2120 705 2152 nequeat
718 2120 832 2145 interno-

40 2192 106 2220 St'mt
121 2197 207 2220 autem
223 2193 273 2219 alii
288 2193 440 2227 philosophi,
460 2195 506 2227 qui
524 2164 614 2219 csticritrifa
632 2192 774 2219 Fortunam
788 2201 832 2219 ne-

39 2269 170 2294 miseriam
191 2275 244 2293 esse
261 2267 351 2297 ullam,
374 2269 418 2293 sed
436 2234 680 2293 temeritqtet'enomnia
697 2270 761 2301 τεῳ.

39 2343 95 2368 ve'rt'
105 2342 188 2368 simite
200 2343 282 2371 attint,
303 2342 369 2375 quod
385 2349 448 2367 usus
460 2313 722 2374 roopxagai-{ernmdo
735 2344 827 2368 e'ctocet.

43 2377 114 2405 Vetat
127 2377 228 2406 orestes
241 2380 313 2405 modo
325 2381 374 2412 suit
387 2387 445 2408 rex,
460 2381 533 2404 modo
545 2381 675 2404 mendicus
687 2381 772 2412 sactus
783 2383 832 2406 est.-

38 2417 179 2450 nattsrayi'o
195 2424 237 2442 res
252 2418 366 2449 contiqit.
400 2415 493 2448 Nempe
507 2417 648 2459 erqonhaud
659 2416 775 2442 Fortuna
788 2417 832 2442 u'b-

39 2489 107 2516 Nam
125 2489 169 2516 hic
185 2489 319 2516 Pacuvius
336 2489 441 2516 infirma
457 2457 668 2521 ratioriisy‘iititur,
696 2498 781 2524 quum
796 2490 831 2516 ait

804 2268 832 2293 Id

40 2526 130 2553 verius
144 2535 211 2558 esse,
227 2527 382 2558 temeritate,
397 2535 479 2562 quani
495 2526 598 2553 fortune
612 2535 654 2553 res
668 2528 734 2562 regi.
765 2528 830 2553 Nam
858 2535 859 2560 j

40 2567 154 2599 utraque
174 2564 299 2598 opinione
321 2564 543 2599 philosophorum
567 2564 622 2590 lieri
642 2565 736 2598 potuit.
753 2569 782 2590 ut
796 2565 828 2595 is,

79 2600 87 2627 i
101 2609 148 2628 rex
161 2600 265 2633 suisset,
281 2601 421 2628 mendicus
436 2601 518 2627 tieret.
540 2601 637 2627 XXIV.
653 2602 694 2627 ³7.
712 2602 774 2627 Item
789 2602 831 2628 in-

50 2646 116 2665 trma
133 2638 199 2665 ratio
217 2642 265 2670 est,
285 2647 354 2674 quae
373 2638 479 2665 videtur
497 2647 545 2673 pro
559 2639 658 2665 ratione
672 2638 766 2669 afferri,
782 2638 830 2664 sed

40 2674 111 2702 idem
124 2675 197 2707 dicit,
213 2675 285 2711 quod
299 2677 327 2703 in
341 2676 506 2711 expositione
519 2676 621 2703 dictum
637 2680 685 2707 est,
707 2675 756 2702 hoc
775 2684 830 2702 mo-

852 312 854 388 ἒ

852 401 855 442 ι

859 281 861 322 l
883 296 989 325 propter
1007 292 1165 318 immensam
1183 294 1311 327 pecuniae
1330 293 1512 327 cupiditatem.
1549 295 1616 321 Nam
1630 296 1673 322 hic

860 323 861 368 ἰ
884 328 943 354 aliis
962 329 1050 355 verbis
1068 329 1139 355 idem
1158 339 1204 364 per
1222 330 1349 355 rationem
1363 330 1468 361 dicitur,
1485 331 1558 365 quod
1571 332 1673 358 dictum

860 371 861 378 ¹
884 370 923 391 est
945 374 992 400 per
1013 367 1216 401 expositionem.
1250 368 1315 393 Item
1334 367 1439 393 infirma
1457 369 1522 394 ratio
1536 373 1584 399 est,
1605 378 1673 404 quae

861 423 862 433 ,
885 403 975 428 minus
989 403 1120 435 idoneam,
1136 413 1218 438 quam
1232 413 1273 430 res
1288 404 1412 438 postulat,
1428 414 1550 431 caussam
1565 406 1674 433 subiicit

853 448 855 450 ·
884 440 1067 474 expositionis,
1084 441 1133 467 hoc
1147 441 1238 467 modo:
1255 441 1332 467 Utilis
1347 446 1386 467 est
1399 443 1537 476 sapientia,
1554 449 1674 478 propter-

861 480 862 513 }
884 485 914 502 ea
927 477 1008 511 quod,
1029 479 1076 512 qui
1090 479 1222 512 sapientes
1237 483 1308 509 sunt,
1326 479 1450 513 pietatem
1463 479 1548 506 colere
1562 489 1674 507 consue-

885 518 988 540 verunt.
1022 515 1087 540 Item
1102 515 1167 541 utile
1181 520 1220 541 est
1234 517 1332 542 amicos
1346 525 1422 542 veros
1437 517 1546 550 habere,
1576 518 1674 544 habeas

853 542 862 584 l'
884 551 955 576 enini
977 551 1141 586 quibuscum
1163 553 1242 578 iocari
1265 554 1361 587 possis
1396 554 1462 579 Nam
1476 554 1503 580 in
1518 554 1673 582 huiusmodi

852 769 861 811 ξ’
883 774 1080 800 confirmatione
1099 775 1207 801 rationis
1226 775 1309 801 multa
1327 780 1352 802 et
1366 776 1472 802 vitanda
1490 778 1516 803 in
1536 784 1632 809 nostra,
1649 784 1673 804 et

852 818 861 846 '¹
883 811 1047 837 observanda
1061 812 1088 838 in
1103 812 1314 839 adversariorum
1325 818 1387 839 sunt
1398 815 1469 844 vitia,
1483 820 1673 850 proptereaque

41 850 112 885 Ergo
131 849 181 875 hac
197 856 306 883 quoque
323 847 356 873 ab
370 846 465 873 ultimo
478 847 633 881 repetitione
646 847 674 872 in
688 846 833 881 expositio-
860 851 861 857 ¹

884 589 1031 614 rationibus
1045 597 1097 615 non
1112 590 1236 615 universa
1251 599 1338 625 neque
1353 590 1482 621 absoluta,
1500 592 1547 618 sed
1561 597 1674 618 extenu-

884 629 923 650 ata
939 626 1038 652 ratione
1051 627 1181 660 expositio
1194 627 1374 653 confirmatur.
1411 629 1476 654 Item
1490 629 1592 655 infirma
1608 631 1674 656 ratio

884 667 932 692 est,
948 671 1017 697 quae
1035 663 1077 688 vel
1096 663 1140 689 alii
1155 664 1314 698 expositioni
1328 670 1413 699 potest
1427 667 1626 698 accommodari,
1644 672 1674 693 ut

884 699 946 725 facit
968 700 1109 730 Pacuvius,
1133 701 1180 735 qui
1203 701 1322 727 eamdem
1345 702 1418 728 affert
1439 703 1574 733 rationem,
1591 713 1673 738 quare

860 743 861 770 ἦ
883 745 968 767 caeca,
988 737 1118 768 eamdem,
1134 746 1216 772 quare
1234 738 1310 764 bruta
1325 738 1427 765 fortuna
1442 739 1552 766 dicatur.
1588 744 1627 767 3⁸.
1645 742 1672 767 ln

883 848 1040 883 diligentius
1058 849 1262 880 consideranda.
1283 850 1355 885 quod
1372 856 1492 877 accurata
1510 852 1673 879 confirmatio

859 914 861 920 ,
883 886 991 912 rationis
1010 890 1090 912 totam
1108 886 1343 913 vehementissime
1361 888 1514 923 comprobat
1531 898 1674 924 argumen-

859 928 861 949 ,Ι
883 923 1018 949 tationem.
1043 924 1161 950 Utuntur
1174 925 1256 960 igitur
1270 925 1383 951 studiosi
1398 926 1425 952 in
1439 926 1617 953 confirmanda
1633 936 1673 953 ra-

883 961 952 986 tione
966 960 1068 995 duplici
1081 961 1260 993 conclusione,
1277 962 1326 988 hoc
1340 963 1430 989 modo:

956 998 1058 1024 Iniuria
1072 1000 1118 1024 abs
1132 1003 1154 1024 te
1167 1001 1271 1032 afficior
1285 1002 1399 1032 ιήᾱιῃηά,
1412 1005 1501 1033 pater,-

956 1044 1024 1066 nam,
1038 1038 1063 1062 δι’
1077 1035 1252 1069 Cresphontem
1267 1039 1432 1063 existimabas
1445 1040 1598 1071 improbum,

957 1081 1004 1098 cur
1017 1081 1054 1098 me
1067 1074 1125 1099 huic
1140 1075 1242 1100 tocabus
1256 1074 1370 1107 nuptiis?
1395 1077 1435 1100 sin
1449 1078 1484 1101 e'st
1495 1077 1598 1108 probus,

957 1118 1004 1136 cur
1017 1111 1093 1136 talem
1108 1113 1215 1137 invitam
1229 1114 1335 1137 int-itum
1350 1114 1418 1144 coyis
1432 1112 1564 1146 linquere?

859 1150 861 1170 ἲ
883 1145 956 1178 Quae
974 1146 1024 1173 hoc
1042 1147 1121 1174 modo
1138 1148 1339 1180 concludentur,
1360 1153 1406 1175 aut
1423 1158 1455 1176 ex
1469 1151 1598 1177 contrario
1612 1159 1674 1176 con-

883 1188 1026 1216 vertentur,
1043 1189 1088 1211 aut
1102 1193 1135 1211 ex
1148 1186 1265 1221 simplici
1279 1191 1352 1221 parte
1365 1187 1602 1221 reprehendentur.
1634 1188 1674 1214 Ex

859 1233 861 1250 ε
882 1222 1011 1248 contrario
1025 1222 1075 1248 hoc
1088 1222 1179 1249 modo:

859 1252 861 1280 l
957 1260 1038 1286 Nulla
1053 1264 1074 1285 te
1088 1262 1203 1293 indigna,
1219 1264 1290 1291 nala,
1305 1263 1391 1295 afficio
1405 1264 1511 1288 iniuria.

957 1296 986 1323 Si
997 1298 1093 1330 probus
1107 1302 1150 1327 est,
1167 1300 1261 1325 colloca
1267 1301 1291 1325 vi
1296 1309 1304 1331 ς
1329 1301 1370 1324 sin
1383 1304 1467 1325 autem
1482 1301 1618 1332 improbus,

957 1336 1067 1360 divortio
1081 1339 1104 1360 te
1118 1336 1230 1361 liberabo
1244 1338 1415 1362 incommodis.

859 1387 861 1404 2
882 1371 923 1397 Ex
937 1371 1053 1406 simplici
1072 1376 1145 1406 parte
1159 1372 1395 1407 reprehendentur,
1412 1374 1435 1400 si
1449 1382 1482 1400 ex
1495 1373 1598 1408 duplici
1611 1383 1675 1400 con-

882 1408 1002 1435 clusione
1016 1408 1139 1436 alterutra
1154 1418 1214 1444 pars
1228 1410 1355 1442 diluetur,
1372 1411 1421 1437 hoc
1436 1411 1525 1437 modo:

957 1446 1025 1472 Nam
1037 1448 1061 1472 si
1075 1446 1251 1480 Cresphontem
1265 1450 1432 1474 emistimabas
1446 1450 1594 1481 improbum,

957 1491 1004 1509 cur
1017 1492 1054 1508 me
1067 1485 1125 1509 huic
1140 1486 1242 1511 tocabas
1256 1484 1370 1518 nuptiis?
1390 1486 1465 1511 Duxi
1473 1488 1595 1518 probum:

956 1523 1057 1549 errat-i:
1082 1526 1138 1553 post
1153 1524 1264 1554 εοφιυυί,
1280 1527 1302 1547 et
1315 1525 1386 1555 snqto
1399 1525 1533 1555 co'ynitum.

882 1557 967 1583 XXV.
987 1559 1028 1583 39.
1048 1557 1118 1592 Ergo
1137 1558 1308 1593 reprehensio
1327 1559 1408 1585 huius
1426 1559 1605 1586 conclusionis
1623 1560 1675 1586 ‹lu—

883 1594 946 1629 plex
959 1599 1012 1627 est3
1029 1596 1128 1621 acutior
1142 1595 1188 1622 illa
1202 1597 1331 1630 superior=
1353 1596 1454 1623 facilior
1468 1597 1532 1623 haec
1546 1598 1674 1632 posterior

882 1632 915 1657 ad
929 1632 1144 1667 excogitandum.
1178 1633 1242 1659 Item
1258 1634 1350 1660 vitiosa
1365 1638 1405 1660 est
1418 1634 1581 1661 confirmatio
1595 1635 1674 1661 ratio-

883 1669 933 1700 nis,
949 1678 1035 1704 quum
1049 1678 1078 1695 ea
1093 1678 1129 1700 rc,
1145 1679 1213 1705 quae
1228 1670 1303 1705 plura
1318 1671 1458 1706 significat,
1477 1671 1613 1698 abutimur
1627 1681 1674 1706 pro

882 1711 952 1733 certo
967 1707 1047 1733 unius
1062 1707 1098 1733 rei
1113 1708 1199 1743 signo,
1220 1708 1268 1734 hoc
1282 1708 1373 1734 modo:
1402 1709 1516 1734 Necesse
1535 1714 1586 1740 est,
1607 1718 1674 1744 quo-

883 1745 954 1770 niam
974 1744 1067 1778 pallet.
1091 1750 1253 1780 aegrotasse:
1281 1750 1334 1776 mit,
1352 1754 1459 1771 necesse
1473 1751 1513 1772 est
1527 1747 1671 1781 peperisse.

882 1782 1009 1816 quoniam
1023 1782 1137 1808 sustinet
1151 1791 1264 1817 puerum
1280 1782 1418 1809 infantem.
1457 1783 1523 1809 Nam
1543 1784 1606 1810 haec
1625 1793 1673 1810 sua

882 1824 976 1854 sponte
993 1824 1062 1845 certe
1081 1820 1156 1855 signa
1176 1829 1227 1846 non
1243 1820 1348 1848 liabent.
1365 1821 1388 1846 si
1403 1830 1453 1846 non
1467 1825 1552 1847 cetera
1566 1830 1674 1856 quoque

882 1856 980 1883 similia
1003 1861 1169 1883 concurrant.
1203 1857 1280 1890 Quod
1302 1858 1325 1884 si
1343 1858 1532 1887 concurrerint,
1553 1858 1672 1884 nonnihil

882 1893 1030 1920 illiusmodi
1049 1894 1124 1929 signa
1144 1894 1278 1930 adaugent
1291 1895 1482 1929 suspicionem.
1516 1896 1579 1921 Item
1596 1896 1673 1922 vitio-

860 1937 861 1967 ]
882 1940 942 1957 sum
958 1936 1006 1961 cst,
1026 1940 1111 1965 quum
1127 1932 1167 1957 vel
1183 1933 1209 1959 in
1224 1932 1316 1962 atium,
1338 1932 1378 1958 vel
1393 1933 1420 1958 in
1435 1941 1495 1958 eum
1511 1933 1610 1967 ipsum,
1626 1934 1673 1967 qui

859 1975 861 2003 j
882 1969 955 2000 dicit,
975 1968 1011 1999 id.
1028 1969 1100 2003 quod
1114 1969 1141 1996 in
1156 1970 1338 1996 adversarium
1352 1970 1459 2000 dicitur,
1478 1975 1564 2004 potest
1577 1979 1674 1996 conxe-

882 2006 947 2037 nire,
964 2005 1013 2032 hoc
1027 2005 1119 2033 modo:

918 2044 1009 2070 Moeri
1021 2049 1089 2074 sunt,
1104 2046 1149 2078 qni
1162 2047 1258 2070 umores
1269 2047 1373 2070 ducunt.
1406 2045 1438 2070 Ae
1452 2049 1478 2070 tn
1492 2047 1591 2071 dica-isti
1608 2047 1673 2070 ‹tlte-

1374 2091 1438 2108 ram.

883 2118 947 2144 Item
962 2118 1088 2144 vitiosum
1103 2123 1142 2144 est
1157 2118 1193 2149 id,
1209 2118 1281 2153 quod
1297 2118 1434 2153 vulgarem
1449 2118 1527 2145 habet
1541 2118 1673 2145 defensio-

884 2164 954 2186 nem,
979 2155 1028 2181 hoc
1051 2155 1142 2182 niodo:
1182 2156 1320 2182 Iracundia
1344 2156 1470 2182 inductus
1492 2157 1611 2191 peccavit
1629 2162 1673 2182 aut

883 2192 1059 2219 adolescentia
1073 2197 1118 2219 nut
1131 2202 1229 2220 amore.
1264 2193 1453 2219 Huiuscemodi
1468 2194 1538 2219 cuim
1549 2193 1674 2227 depreca-

884 2230 968 2256 tiones
986 2230 1009 2256 si
1024 2230 1216 2264 probabuntur,
1234 2231 1344 2265 impune
1358 2231 1473 2256 maxima
1488 2235 1592 2265 peccata
1607 2230 1673 2256 dila-

884 2267 990 2293 bcntur.
1011 2268 1075 2294 Item
1091 2268 1216 2294 vitiosum
1231 2273 1279 2299 est.
1295 2276 1380 2302 quum
1396 2267 1421 2294 id
1437 2276 1484 2302 pro
1499 2272 1570 2293 certo
1588 2268 1674 2293 suini—

884 2309 936 2335 tur,
956 2304 1028 2339 quod
1047 2305 1115 2331 inter
1132 2313 1224 2331 omncs
1239 2313 1290 2331 non
1304 2309 1414 2335 constat,
1430 2305 1496 2339 quin
1510 2305 1588 2331 etiarn
1603 2313 1673 2331 nunc

884 2342 910 2368 in
924 2342 1102 2368 controversia
1115 2347 1164 2373 est,
1181 2342 1230 2368 hoc
1244 2342 1335 2368 niodo:

921 2379 973 2405 Eho
987 2383 1022 2409 tu,
1037 2381 1082 2409 dii,
1097 2381 1189 2413 quibus
1202 2382 1237 2405 est
1248 2383 1360 2412 potestas
1374 2382 1454 2404 motus
1466 2381 1585 2412 superam
1598 2384 1674 2413 utque

1374 2417 1492 2448 {rusci-tim,

919 2455 1007 2485 pacem
1022 2455 1088 2478 inter
1101 2457 1154 2479 sese
1167 2454 1313 2481 conciliant.
1329 2455 1462 2486 conserunt
1476 2455 1649 2479 concordiam.

884 2490 949 2515 Nam
969 2490 1003 2515 itu
1023 2498 1069 2524 pro
1087 2498 1136 2516 suo
1155 2490 1211 2516 iuro
1231 2490 1278 2516 hoc
1292 2489 1416 2524 exemplo
1430 2498 1508 2516 usum
1524 2490 1673 2525 Cresphon-

883 2531 934 2552 tem
950 2527 1053 2552 Ennius
1068 2527 1182 2557 induxit,
1198 2527 1275 2562 quasi
1291 2527 1341 2553 inin
1353 2527 1416 2553 satis
1426 2528 1504 2553 certis
1515 2528 1671 2558 rationibus,

858 2562 860 2572 *
883 2564 917 2589 ita
931 2572 999 2594 esse,
1015 2563 1231 2590 demonstrasset.
1260 2565 1300 2590 60.
1316 2565 1380 2591 Item
1396 2565 1522 2591 vitiosum
1536 2570 1585 2596 est,
1601 2566 1672 2600 quod

882 2601 934 2627 inm
957 2602 1034 2636 qumi
1057 2610 1116 2627 sero
1133 2606 1212 2636 utque
1231 2606 1287 2627 acto
1306 2601 1412 2637 negotio
1425 2601 1477 2628 (lici
1493 2602 1607 2633 videtur.
1625 2602 1673 2629 hoc

882 2637 972 2665 inodo:
1003 2639 1030 2664 ln
1054 2643 1169 2665 mentem
1193 2639 1259 2665 milii
1282 2639 1304 2665 si
1329 2639 1454 2670 venisset,
1478 2640 1604 2671 Quirites,
1621 2649 1672 2666 non

856 2688 859 2704 ι
880 2676 1085 2707 commisissem,
1103 2681 1131 2703 ut
1145 2676 1216 2703 huno
1231 2677 1256 2703 in
1273 2675 1358 2703 locum
1371 2685 1412 2703 res
1423 2677 1536 2704 venii-012
1553 2686 1612 2703 nam
1625 2677 1673 2703 hoc
