1941 3052
379 139 709 166 EPISTULARUM
738 140 791 166 AD
820 139 1024 166 ATTICUM
1053 140 1203 166 LIB.V1.
1234 140 1295 166 EP.
1318 141 1342 166 Ξ.
1365 142 1389 167 3.

72 214 147 237 xerat
160 210 188 236 in
197 208 379 244 Peloponneso
388 209 406 244 τ)
424 209 577 236 admirabar
587 215 690 243 tamem
714 215 747 241 et,
761 210 809 236 vix
821 219 866 236 ac-

71 248 192 278 credens,
205 247 403 273 communicavi
414 255 476 273 cum
488 248 625 283 Dionysio.
646 248 733 282 Atque
744 248 767 273 is
778 248 865 282 primo

72 290 112 312 est
133 288 296 311 commotus:
319 284 425 315 deinde,
443 284 516 319 quod
531 289 588 311 tum
600 285 633 311 de
644 285 694 311 isto
705 285 865 311 Dicaearcho

71 331 124 349 non
140 322 232 348 minus
243 321 311 347 bene
323 322 503 353 existimabat,
516 330 598 357 quam
608 327 637 348 tu
648 322 681 348 de
691 322 721 349 C.
734 322 863 353 Vestorio,

72 367 121 395 ego
132 358 165 385 de
177 359 212 385 M.
225 358 329 389 Cluvio.
343 367 395 385 non
407 358 556 390 dubitabat,
570 360 636 394 quin
647 360 672 385 ei
683 359 864 385 crederemus.

72 396 201 422 Arcadiae
211 395 338 422 censebat
349 405 407 422 esse
415 397 533 431 Lepreon
540 396 676 431 quoddam
683 397 862 428 maritimum,

73 434 160 460 Tenea
180 437 270 459 autem
285 438 311 459 et
321 433 449 468 Aliphera
464 438 490 460 et
505 434 587 460 Tritia
601 433 736 461 νεόκτιστα
752 434 777 460 ei
789 433 866 459 vide-

72 471 179 502 bantur,
196 470 279 505 idque
294 473 328 506 τῷ
339 473 389 497 τῶν
400 474 464 498 νεῶν
475 471 612 507 καταλόγῳ
621 471 804 501 confirmabat,
818 470 866 496 ubi

73 508 173 534 mentio
193 516 246 534 non
262 507 290 534 fit
305 508 427 534 istorum.
467 509 559 543 Itaque
572 509 654 535 istum
666 517 715 543 ego
727 508 814 534 locum
826 512 867 534 to-

72 545 157 572 tidem
177 545 268 571 verbis
288 554 302 571 a
317 545 478 572 Dicaearcho
493 546 594 572 tratuli.
634 545 766 572 Phliasios
777 550 866 571 autem
887 550 888 555 ¹

73 583 128 609 dici
148 582 277 613 sciebam,
295 588 321 609 et
334 583 379 613 ita,
397 582 447 614 sac,
464 588 494 609 ut
509 583 623 609 habeas:
646 591 694 609 nos
704 582 816 617 quidem
827 583 866 608 sic

73 620 216 646 habemus.
238 619 291 646 Sed
306 620 393 655 primo
405 629 447 646 me
459 620 586 657 ἀναλογία
597 620 747 655 deceperat,
763 621 865 650 Φλιοῦς,
887 629 888 633 ’

71 657 176 688 Ὀποῦς,
197 660 305 687 Σιποῦς,
319 657 391 692 quod
400 657 553 688 Ὀπούντιοι,
564 657 722 684 Σιπούντιοι.
753 656 805 683 Sed
817 656 867 683 hoc

73 695 200 721 continuo
216 695 391 721 correximus.
419 696 443 721 4.
457 695 560 721 Laetari
572 699 595 721 te
605 699 694 721 nostra
705 694 867 720 moderatio-

73 741 107 759 ne
119 737 144 758 et
154 732 316 758 continentia
327 732 416 758 video.
444 732 511 758 Tum
524 732 551 758 id
563 732 649 767 magis
662 731 770 762 faceres,
783 732 806 757 si
819 731 867 757 ad-

73 777 157 800 esses,
171 774 250 804 atque
262 769 311 795 hoc
323 769 386 800 soro,
400 769 472 804 quod
484 769 527 804 egi
538 777 572 795 ex
582 769 761 795 IdibusFebr.
770 768 867 794 Laodi—

73 815 135 833 ceae
150 806 183 833 ad
194 806 308 832 Kalend.
325 807 386 832 Mai.
398 807 520 832 omnium
531 806 696 832 dioecesium
708 810 812 841 praeter
823 806 868 832 Ci-

74 843 162 871 liciae.
201 843 335 870 Mirabilia
346 843 477 878 quaedam
492 843 644 870 effecimus:
667 844 703 870 ita
717 843 817 869 multae
828 843 868 869 ci-

73 882 170 908 vitates
189 881 263 907 omni
278 889 337 907 aere
353 880 440 907 alieno
456 880 595 911 liberatae,
618 880 718 907 multae
734 880 812 907 valde
829 880 868 906 le-
887 900 888 903 .

73 923 149 945 vatae
161 922 236 944 sunt:
249 926 352 948 omnes,
361 918 419 944 suis
431 918 538 954 legibus
549 922 575 944 et
586 918 695 944 iudiciis
706 917 869 949 usae,a1'1m-

73 956 165 990 νομίαν
181 955 301 990 adeptae,
319 956 484 982 revixerunt.
524 956 571 981 His
581 964 630 991 ego
642 956 749 982 duobus
760 955 868 991 generi-

72 993 125 1020 bus
136 992 288 1019 facultatem
300 992 333 1018 ad
344 1001 371 1018 se
383 1002 443 1019 aere
457 993 543 1019 alieno
555 992 706 1019 liberandas
718 998 763 1019 aut
775 993 868 1019 levan-

73 1030 121 1056 das
141 1030 219 1063 dedi3
247 1039 309 1061 uno,
332 1030 404 1064 quod
418 1031 527 1057 omnino
539 1030 630 1057 nullus
643 1031 670 1057 in
683 1031 797 1066 imperio
809 1039 867 1056 meo

73 1072 198 1102 sumptus
220 1067 305 1094 sactus
326 1072 374 1098 est,
392 1067 509 1103 (nullum
523 1076 608 1103 quum
623 1068 692 1099 dico,
708 1077 761 1095 non
774 1067 868 1103 loquor

72 1104 267 1141 ὖπερβολικῶς,)
288 1104 388 1136 nullus,
407 1106 528 1140 inquam,
549 1114 582 1131 ne
593 1107 732 1132 teruncius
743 1105 865 1140 quidem.

73 1142 126 1168 Hac
136 1147 225 1168 autem
237 1151 273 1172 re,
283 1142 440 1168 incredibile
452 1148 500 1173 est,
509 1148 641 1177 quantum
651 1144 774 1169 civitates
780 1151 868 1169 emer-

73 1180 166 1206 serint.
197 1181 222 1206 5.
244 1180 364 1206 Accessit
378 1180 469 1206 altera.
510 1181 575 1206 Mira
587 1185 661 1207 erant
672 1181 699 1207 in
711 1180 867 1207 civitatibus

73 1218 194 1252 ipsorum
210 1216 279 1244 furta
291 1217 462 1248 Graecorum,
480 1226 548 1252 quae
560 1219 732 1254 magistratus
743 1219 786 1244 sui
797 1217 868 1244 sece-

73 1259 141 1281 rant.
171 1254 300 1286 Quaesivi
312 1255 369 1289 ipse
380 1255 413 1281 de
425 1256 468 1285 iis,
481 1255 529 1290 qui
541 1257 618 1281 annis
632 1255 725 1281 decem
735 1255 867 1290 proximis

74 1293 260 1327 magistratum
271 1297 419 1327 gesserant.
459 1292 556 1327 Aperte
569 1292 728 1319 fatebantur.

73 1329 131 1355 sine
152 1329 206 1356 ulla
224 1330 384 1365 ignominia,
407 1330 465 1356 suis
481 1330 602 1356 humeris
616 1331 745 1365 pecunias
759 1329 867 1364 populis

73 1365 231 1393 retulerunt.
271 1367 366 1402 Populi
379 1372 477 1398 autem,
491 1367 565 1394 nullo
576 1368 688 1403 gemitu,
702 1368 865 1402 publicanis,

73 1403 175 1438 quibus
187 1404 236 1430 hoc
247 1405 306 1439 ipso
318 1404 401 1431 lustro
413 1404 481 1431 nihil
493 1404 636 1435 solverant,
650 1406 730 1431 etiam
744 1405 868 1440 superio-

73 1442 110 1467 ris
130 1440 207 1467 lustri
226 1441 411 1468 reddiderunt.
451 1443 543 1477 Itaque
564 1442 717 1477 publicanis
738 1444 766 1469 in
781 1442 867 1468 oculis

73 1487 179 1505 sumus.
220 1479 318 1510 Gratis,
332 1480 433 1514 inquis,
448 1480 528 1506 viris!
553 1480 704 1507 Sensimus.
730 1481 785 1506 Iam
797 1484 868 1506 cete-

73 1525 101 1542 ra
122 1516 272 1543 iurisdictio
293 1525 341 1543 nec
361 1518 484 1551 imperita
501 1522 527 1543 et
540 1517 659 1544 clemens
673 1526 736 1544 cum
750 1517 868 1544 admira-

72 1553 123 1579 bili
144 1552 280 1580 facilitate.
319 1554 416 1580 Aditus
432 1559 519 1580 autem
536 1555 569 1581 ad
580 1564 622 1581 me
634 1556 745 1582 minime
756 1555 868 1590 provin-

72 1590 167 1620 ciales:
200 1591 268 1617 nihil
290 1600 337 1626 per
351 1591 559 1619 cubicularium.
598 1592 666 1619 Ante
682 1592 768 1619 lucem
781 1593 868 1619 inam-

73 1627 201 1654 bulabam
221 1628 308 1660 domi,
326 1633 356 1655 ut
375 1628 439 1655 olim
455 1629 624 1657 candidatus.
666 1630 745 1658 Grata
762 1630 827 1656 haec
843 1634 869 1656 et

73 1674 178 1701 magna,
197 1666 318 1701 mihique
335 1666 454 1693 nondum
471 1666 601 1694 laboriosa
613 1676 646 1694 ex
658 1667 703 1694 illa
715 1672 804 1694 vetere
816 1667 868 1693 mi—

73 1702 139 1729 litia.
161 1705 188 1729 6.
201 1703 283 1729 Nonis
295 1704 357 1730 Mai.
371 1705 397 1730 in
409 1704 532 1731 Ciliciam
543 1705 708 1740 cogitabam:
731 1705 770 1731 ibi
781 1714 867 1740 quum

72 1741 180 1766 Iunium
192 1749 312 1767 mensem
323 1743 563 1776 consumpsissem,
572 1747 651 1777 atque
662 1743 765 1769 utinam
780 1743 807 1769 in
819 1751 868 1777 pa·-

72 1777 115 1804 ce!
133 1777 272 1814 (magnum
283 1779 355 1804 enim
367 1778 470 1806 bellum
481 1779 619 1814 impendet
630 1789 643 1806 a
655 1780 770 1816 Parthis)
780 1780 868 1812 Quin-

72 1814 147 1842 tilem
162 1815 189 1841 in
200 1815 287 1842 reditu
299 1825 407 1851 ponere.
447 1817 558 1843 Annuae
570 1818 642 1844 enim
655 1818 721 1844 mihi
733 1826 829 1853 operae
841 1827 865 1844 a.

72 1852 100 1878 d.
122 1861 160 1879 m.
183 1852 295 1879 Kalend.
317 1853 390 1880 Sext.
413 1859 573 1881 emerentur.
614 1855 709 1890 Magna
730 1861 819 1882 autem
839 1855 866 1882 in

72 1897 120 1924 spe
135 1898 196 1916 sum
213 1890 280 1916 mihi
293 1891 360 1917 nihil
373 1893 500 1926 temporis
512 1897 682 1928 prorogatum
695 1893 738 1919 iri.
779 1893 867 1919 liabe-

72 1926 134 1952 bam
155 1931 212 1953 acta
228 1927 330 1954 urbana
346 1937 432 1963 usque
448 1929 481 1955 ad
497 1930 585 1956 Nonas
600 1930 716 1961 Martias,
734 1939 748 1956 e
763 1930 866 1965 quibus

73 1963 258 1999 intelligebam
273 1964 398 1991 Curionis
413 1966 496 1992 nostri
511 1967 659 1993 constantia
672 1968 762 1994 omnia
776 1969 866 2002 potius

72 2005 161 2028 actum
178 2002 219 2032 iri,
236 2009 317 2036 quam
332 2002 364 2028 de
375 2003 532 2037 provinciis.

72 2038 180 2074 pediem
191 2043 215 2065 te
227 2039 334 2065 videbo.
374 2041 399 2066 7.
422 2040 505 2066 Venio
516 2040 549 2067 ad
561 2041 672 2067 Brutum
683 2047 769 2073 tuum,
785 2042 867 2068 immo

72 2080 207 2102 nostrum:
239 2077 278 2102 sic
303 2077 374 2102 enim
401 2079 496 2104 mavis.
536 2078 670 2113 Equidem
690 2080 779 2105 onmia
804 2079 864 2110 feci,

72 2121 141 2148 quae
156 2113 230 2148 potui
247 2119 292 2140 aut
310 2115 337 2140 in
353 2123 410 2140 mea
427 2115 564 2149 provincia
580 2116 706 2150 perlicere
722 2121 767 2143 aut
783 2117 810 2143 in
825 2126 867 2142 re-

71 2158 125 2186 gno
136 2151 263 2185 experiri.
303 2151 382 2177 Omni
396 2152 478 2187 igitur
490 2152 567 2179 modo
578 2153 621 2188 egi
633 2162 694 2180 cum
707 2163 768 2190 rege
780 2159 806 2180 et
817 2163 866 2189 ago

71 2187 202 2222 quotidie,
225 2196 272 2222 per
288 2188 388 2214 litteras
402 2189 515 2216 scilicet.
556 2190 646 2224 {psum
661 2192 733 2218 enim
746 2191 865 2218 triduum

72 2225 283 2260 quatriduumve
309 2235 414 2252 mecum
436 2227 519 2252 habui
540 2227 703 2255 turbulentis
724 2230 750 2255 in
772 2229 862 2260 rebus,

72 2262 174 2296 quibus
194 2271 256 2289 eum
269 2262 391 2290 liberavi.
432 2264 485 2290 Sed
497 2268 523 2290 et
534 2269 590 2290 tum
606 2273 734 2299 praesens
750 2270 775 2292 et
791 2271 865 2301 post-

72 2307 102 2325 ea
132 2299 303 2326 creberrimis
329 2309 380 2327 non
401 2301 492 2328 destiti
518 2310 610 2337 rogare
638 2307 664 2329 ct
688 2308 778 2338 petere
804 2312 862 2330 mea

71 2344 177 2368 caussa,
194 2337 306 2364 suadere
323 2343 348 2364 et
359 2338 456 2365 hortari
468 2347 526 2365 sua.
565 2339 679 2366 Multum
694 2340 804 2375 proieci.
817 2341 864 2367 sed

72 2378 213 2408 quantum,
231 2383 282 2401 non
294 2375 382 2410 plane,
399 2376 463 2410 quia
477 2376 553 2411 longe
565 2376 670 2408 absum,
684 2379 749 2404 scio.
790 2378 866 2404 Sala-

72 2411 171 2438 minios
193 2416 281 2438 autem
297 2413 356 2448 (hos
376 2414 447 2439 enim
467 2418 584 2448 poteram
604 2415 735 2451 coercere)
752 2415 863 2446 adduxi,

72 2453 102 2474 ut
117 2453 200 2475 totum
217 2457 313 2476 nomen
324 2450 431 2485 Scaptio
442 2450 541 2477 vellent
551 2450 668 2484 solvere;
691 2452 738 2478 sed
750 2453 866 2479 centesi-

72 2486 125 2511 mis
140 2485 229 2512 ductis
245 2495 258 2513 a
272 2488 395 2521 proxima
411 2488 521 2522 quidem
533 2489 695 2523 syngrapha,
710 2498 758 2515 nec
770 2498 866 2524 perpe—

72 2523 136 2554 tuis,
153 2523 201 2549 sed
216 2525 349 2551 renovatis
365 2526 519 2560 quotannis,
560 2526 775 2553 Numerabantur
787 2536 866 2553 num-

73 2560 124 2586 ini:
147 2559 233 2587 noluit
243 2560 379 2596 Scaptius.
410 2562 449 2588 Tu
461 2563 509 2597 qui
521 2562 569 2593 ais,
584 2563 694 2589 Brutum
706 2572 804 2598 cupere
815 2564 866 2591 ali-

72 2596 140 2631 quid
151 2597 280 2631 perdere?
299 2603 442 2633 quaternas
454 2599 569 2626 habebat
580 2600 607 2626 in
618 2601 782 2636 syngrapha.
806 2602 866 2628 Fie-

72 2634 96 2660 ri
107 2642 158 2660 non
169 2639 284 2669 poterat:
301 2645 358 2667 nec,
371 2637 394 2662 si
405 2641 504 2671 posset,
517 2645 566 2673 ego
578 2638 631 2672 pati
643 2646 760 2673 possem.
778 2639 865 2666 Audio

572 2004 650 2039 Ergo,
665 2010 694 2031 ut
704 2014 791 2039 spero,
805 2014 867 2039 pro-

764 1294 865 1327 Itaque,
888 1299 890 1312 z

72 2672 182 2698 omnino
211 2672 348 2707 Scaptium
374 2674 519 2708 poenitere.
569 2675 635 2701 Nam
658 2675 732 2710 quod
756 2681 866 2703 senatus
886 2685 889 2708 ῃ

1658 145 1702 169 861

917 209 1070 236 consultum
1091 218 1149 236 esse
1163 210 1282 241 dicebat,
1305 215 1334 237 ut
1344 211 1387 236 ius
1399 219 1430 237 ex
1441 211 1594 247 syngrapha
1605 212 1709 239 dicere-

917 252 968 278 tur,
986 256 1016 274 eo
1027 247 1140 274 consilio
1155 247 1255 274 sactum
1266 252 1314 277 est,
1328 247 1401 282 quod
1413 250 1556 282 pecuniam
1568 249 1708 276 Salaminii

917 289 1006 310 contra
1023 284 1109 320 legem
1123 285 1266 311 Gabiniam
1278 290 1458 319 sumpserant.
1498 286 1609 312 Vetabat
1620 292 1709 314 autem

917 321 980 348 Auli
1001 321 1056 353 lex,
1074 323 1117 348 ius
1132 322 1186 348 dici
1202 322 1235 348 de
1251 323 1286 348 ita
1302 327 1408 356 sumpta
1424 324 1548 357 pecunia.
1587 324 1710 352 Decrevit

918 359 1001 394 igitur
1011 364 1129 390 senatus,
1143 364 1172 385 ut
1183 360 1225 385 ius
1236 359 1371 385 diceretur
1382 360 1432 385 ista
1443 360 1606 396 syngrapha.
1632 362 1710 388 Nunc

918 396 968 422 ista
989 396 1069 422 habet
1089 397 1156 422 iuris
1172 396 1253 426 idem,
1272 396 1344 431 quod
1355 402 1466 427 ceterae,
1480 398 1547 423 nihil
1559 400 1708 433 praecipui.

918 435 942 458 8.
956 433 1025 459 Haec
1036 442 1050 459 a
1064 442 1106 459 me
1119 434 1211 460 ordine
1223 434 1299 464 sacta,
1309 438 1373 468 puto
1385 443 1426 460 me
1434 435 1512 461 Bruto
1519 436 1706 469 probaturum3

918 469 986 496 tibi‘?
1011 471 1114 502 nescio,
1137 471 1230 497 Catoni
1250 476 1320 497 certe
1336 471 1464 505 probabo.
1504 472 1556 498 Sed
1572 473 1625 499 iam
1641 473 1673 499 ad
1685 479 1710 499 te

918 508 1009 541 ipsum
1031 513 1157 534 revertor.
1197 509 1255 534 Ain*
1271 508 1388 540 tandem,
1401 509 1496 540 Attice,
1511 509 1630 537 laudator
1641 511 1710 537 inte-

918 545 1023 580 gritatis
1035 549 1060 571 et
1071 545 1218 580 elegantiae
1230 545 1352 571 nostrae‘?

974 583 1057 608 Ausus
1067 592 1092 608 es
1102 584 1147 608 hoc
1158 592 1190 608 em
1202 591 1244 608 ore
1256 588 1339 609 tuo—
1350 598 1386 602 —

918 618 1017 653 (inquit
1036 620 1164 654 Ennius),
1178 624 1207 646 ut
1226 620 1331 654 equites
1347 620 1454 655 Scaptio
1468 620 1501 646 ad
1513 621 1655 655 pecuniam
1666 630 1711 649 co-

887 675 896 689 „
917 656 1033 691 gendam
1054 656 1155 687 darem,
1178 665 1220 682 me
1236 656 1345 692 rogare?
1375 666 1407 683 an
1419 662 1456 688 tu,
1475 659 1497 684 si
1509 667 1613 685 mecum
1625 668 1708 690 esses,

918 694 967 727 qui
987 694 1084 719 scribis
1096 694 1211 720 morderi
1223 699 1246 720 te
1258 694 1402 725 interdum,
1419 695 1492 729 quod
1504 705 1555 722 non
1567 696 1648 722 simul
1660 697 1708 727 sis,

918 735 1038 764 paterere
1060 740 1101 757 me
1122 731 1149 757 id
1167 730 1261 762 facere,
1278 732 1302 757 si
1318 731 1433 757 vellem‘?
1453 733 1511 758 Non
1526 733 1651 768 amplius,
1669 735 1711 760 in-

918 768 989 801 quis,
1006 769 1213 803 quinquaginta.
1249 769 1317 795 Cum
1328 768 1453 803 Spartaco
1464 770 1554 796 minus
1566 770 1643 796 multi
1655 772 1711 805 pri-

919 813 963 830 mo
984 804 1101 831 fuerunt.
1146 805 1217 837 Quid
1238 805 1345 832 tandem
1365 807 1410 832 isti
1429 806 1492 832 mali
1508 807 1535 833 in
1550 812 1602 833 tam
1621 813 1710 834 tenera

920 841 1008 868 insula
1029 851 1081 868 non
1102 842 1245 868 fecissent?
1274 844 1331 869 Non
1353 843 1478 870 fecissent
1498 844 1605 870 autem?
1629 846 1711 872 immo

919 879 986 914 quid
1008 884 1067 905 ante
1083 879 1229 905 adventum
1245 889 1335 906 meum
1352 889 1403 906 non
1419 880 1555 907 fecerunt?
1573 881 1711 908 Inclusum

919 917 947 942 in
967 917 1042 942 curia
1058 922 1181 943 senatum
1198 917 1351 943 habuerunt
1367 917 1545 944 Salaminium
1562 920 1596 944 ita
1613 919 1711 946 multos

919 953 991 985 dies,
1009 959 1038 980 ut
1054 955 1203 980 interierint
1218 954 1340 981 nonnulli
1352 954 1430 981 same.
1470 956 1533 982 Erat
1547 957 1620 982 enim
1635 965 1713 991 prae-

919 990 1004 1017 fectus
1025 992 1107 1026 Appii
1128 991 1262 1026 Scaptius,
1276 997 1301 1018 et
1321 992 1437 1019 habebat
1448 997 1549 1019 turmas
1565 994 1598 1019 ab
1613 994 1710 1029 Appio.

918 1029 947 1054 ld
963 1037 1006 1054 me
1022 1030 1106 1064 igitur
1121 1034 1163 1060 tu,
1177 1030 1255 1055 cuius
1267 1029 1420 1056 mehercule
1431 1038 1460 1056 os
1472 1030 1540 1056 mihi
1552 1036 1610 1057 ante
1621 1031 1712 1057 oculos

918 1065 985 1092 solet
1000 1067 1115 1097 versari,
1134 1075 1219 1101 quum
1231 1067 1263 1093 de
1275 1066 1365 1102 aliquo
1376 1067 1464 1093 officio
1480 1077 1509 1094 ac
1525 1067 1602 1094 laude
1615 1069 1710 1103 cogito,

919 1108 947 1130 tu
968 1112 1024 1135 me,
1048 1105 1173 1139 inquam,
1197 1113 1287 1139 rogas,
1309 1104 1459 1139 praefectus
1475 1110 1504 1131 ut
1519 1105 1642 1140 Scaptius
1661 1105 1714 1132 sit?

919 1140 992 1167 Alias
1014 1142 1064 1168 hoc
1087 1146 1280 1172 statueramus,
1299 1147 1328 1168 ut
1348 1143 1539 1177 negotiatorem
1560 1143 1709 1175 neminem}

919 1178 1002 1213 idque
1017 1179 1097 1205 Bruto
1113 1179 1334 1214 probaveramus.
1376 1179 1509 1206 habeatis
1521 1180 1640 1206 turmas‘?
1660 1181 1713 1207 Cur

919 1217 1018 1250 potius,
1032 1225 1113 1251 quam
1125 1216 1264 1243 cohortes?
1290 1218 1314 1243 9.
1336 1217 1452 1251 Sumptu
1465 1218 1517 1244 iam
1530 1226 1612 1252 nepos
1623 1218 1713 1244 evadit

918 1254 1052 1289 Scaptius.
1092 1253 1205 1285 Volunt,
1218 1255 1319 1289 inquis,
1332 1255 1478 1289 principes.
1500 1255 1569 1281 Scio.
1602 1256 1668 1281 Nam
1680 1255 1713 1281 ad

919 1300 961 1317 me
982 1292 1120 1326 Ephesum
1144 1300 1232 1326 usque
1250 1297 1395 1322 venerunt,
1422 1291 1569 1327 flentesque
1589 1293 1712 1327 equitum

919 1328 1019 1355 scelera
1039 1334 1065 1355 et
1085 1330 1208 1356 miserias
1228 1337 1291 1355 suas
1312 1329 1475 1356 detulerunt.
1516 1331 1607 1364 Itaque
1622 1331 1713 1356 statim

919 1366 982 1392 dedi
1004 1366 1117 1397 litteras,
1136 1371 1165 1393 ut
1180 1375 1214 1392 ex
1229 1366 1316 1402 Cypro
1331 1367 1437 1402 equites
1455 1371 1514 1393 ante
1530 1372 1628 1393 certam
1640 1367 1712 1393 diem

920 1403 1092 1437 decederent3
1115 1405 1149 1430 ob
1166 1413 1279 1439 eamque
1290 1413 1423 1434 caussam,
1432 1408 1489 1430 tum
1501 1405 1534 1431 ob
1546 1409 1655 1435 ceteraS,
1664 1405 1713 1431 Sa—

921 1440 1025 1468 laminii
1041 1450 1089 1468 nos
1102 1442 1128 1467 in
1140 1442 1243 1468 caelum
1256 1441 1370 1468 decretis
1381 1442 1439 1467 suis
1450 1442 1628 1468 sustulerunt.
1660 1442 1713 1468 Sed

920 1479 973 1504 iam
993 1479 1060 1514 quid
1081 1488 1149 1513 opus
1170 1478 1309 1514 equitatu?
1344 1479 1457 1505 Solvunt
1472 1480 1544 1505 enim
1561 1479 1711 1506 Salaminii.

919 1516 977 1542 Nisi
995 1516 1060 1543 forte
1075 1517 1102 1542 id
1119 1516 1244 1543 volumus
1256 1517 1338 1543 armis
1354 1516 1472 1547 efficere,
1491 1522 1519 1543 ut
1536 1516 1630 1543 foenus
1645 1526 1713 1552 qua—

920 1554 1003 1580 ternis
1018 1554 1174 1580 centesimis
1190 1554 1298 1580 ducant.
1321 1554 1353 1580 Et
1368 1563 1417 1589 ego
1433 1554 1538 1580 audebo
1554 1554 1641 1589 legere
1653 1563 1714 1580 um-

919 1600 1000 1626 quam
1022 1596 1067 1618 aut
1082 1593 1213 1627 attingere
1228 1600 1273 1618 eos
1290 1591 1387 1622 libros,
1405 1600 1472 1626 quos
1489 1596 1516 1617 tu
1532 1591 1670 1622 dilaudas,
1689 1593 1713 1618 si

919 1628 969 1655 tale
981 1629 1048 1664 quid
1061 1628 1164 1655 feccro‘?
1185 1630 1285 1660 Nimis,
1300 1630 1394 1659 nimis,
1409 1629 1532 1663 inquam,
1547 1630 1573 1655 in
1586 1630 1636 1656 isto
1648 1630 1713 1656 Bru—

919 1671 977 1692 tum
984 1667 1088 1697 amasti,
1098 1666 1256 1693 dulcissime
1268 1667 1366 1692 Attice:
1385 1675 1442 1696 nOS,
1456 1675 1556 1697 vereor,
1567 1675 1598 1692 ne
1606 1676 1711 1701 parum.

919 1704 1006 1739 Atque
1028 1704 1106 1735 haec,
1125 1705 1222 1738 scripsi
1238 1713 1287 1739 ego
1303 1704 1335 1729 ad
1351 1704 1477 1734 Brutum,
1491 1705 1632 1738 scripsisse
1645 1709 1668 1730 te
1680 1704 1713 1730 ad

919 1750 971 1768 me.
1015 1743 1053 1767 40.
1069 1742 1204 1777 Cognosce
1221 1750 1292 1767 nunc
1307 1746 1403 1767 cetera.
1443 1741 1492 1767 Pro
1508 1742 1595 1776 Appio
1611 1750 1658 1768 nos
1671 1741 1714 1768 hic

918 1779 1008 1805 omnia
1025 1778 1152 1811 facimus,
1181 1779 1290 1805 honeste
1307 1783 1408 1809 tamen.
1426 1778 1473 1804 sed
1490 1778 1567 1813 plane
1584 1779 1711 1811 libenter,

920 1825 968 1843 nec
984 1817 1055 1843 enim
1072 1817 1162 1851 ipsum
1173 1816 1281 1842 odimus
1292 1820 1317 1842 et
1328 1817 1438 1842 Brutum
1451 1824 1586 1846 amamus,
1601 1821 1625 1843 et
1636 1817 1714 1843 Pom—

919 1855 997 1889 peius
1014 1855 1126 1880 mirilice
1142 1863 1156 1880 a
1168 1862 1210 1880 me
1221 1853 1370 1883 contendit;
1394 1862 1475 1887 quem
1488 1853 1640 1880 mehercule
1653 1854 1714 1888 plus

918 1891 1036 1927 plusque
1052 1893 1078 1917 in
1095 1891 1153 1918 dies
1169 1891 1263 1927 diligo.
1304 1891 1333 1918 C.
1349 1891 1469 1917 Caelium
1481 1896 1649 1925 quaestorem
1663 1891 1715 1918 huc

920 1930 1012 1955 venire
1027 1929 1137 1955 audisti.
1160 1930 1270 1960 Nescio,
1284 1928 1350 1963 quid
1362 1929 1410 1954 sit:
1433 1928 1481 1954 sed
1492 1944 1538 1954 —.
1561 1929 1714 1955 Pammenia

919 1966 965 1993 illa
987 1967 1055 1993 mihi
1077 1975 1128 1993 non
1150 1966 1265 2001 placent.
1306 1966 1362 2001 Ego
1379 1974 1420 1991 me
1436 1974 1515 2000 spero
1530 1966 1642 1992 Athenis
1660 1966 1714 1992 fore

920 2012 1011 2030 mense
1028 2004 1190 2038 Septembri.
1231 2004 1349 2030 'suorum
1367 2004 1494 2029 itinerum
1511 2008 1629 2038 tempora
1645 2004 1713 2030 scire

918 2050 982 2067 sane
995 2041 1087 2067 veliin.
1110 2041 1243 2074 Εὐήθειην
1256 2041 1408 2075 Sempronii
1421 2041 1479 2066 Ruti
1491 2042 1605 2076 cognovi
1617 2042 1714 2075 exepi-

918 2078 985 2105 stola
1007 2083 1050 2104 tua
1062 2079 1217 2114 Corcyraea.
1258 2078 1329 2110 Quid
1345 2077 1472 2112 quaeris?
1492 2078 1600 2104 invideo
1622 2084 1714 2113 poten-

918 2116 971 2142 tiae
993 2116 1116 2142 Vestorii.
1157 2115 1306 2150 Cupiebam
1323 2116 1403 2141 etiam
1420 2124 1492 2141 nunc
1504 2115 1580 2150 plura
1596 2117 1710 2151 garrire,

917 2153 965 2178 sed
978 2152 1060 2179 lucet:
1088 2158 1165 2187 urget
1177 2153 1267 2183 turba,
1283 2152 1389 2178 festinat
1401 2152 1570 2188 Philogenes.
1608 2153 1713 2178 Valcbis

917 2190 1013 2225 igitur,
1031 2195 1056 2216 et
1072 2190 1160 2216 valere
1177 2190 1271 2216 l‘iliam
1283 2195 1309 2215 et
1319 2189 1463 2215 Caeciliam
1475 2195 1593 2216 nostram
1606 2190 1712 2217 iubebis

918 2227 1026 2253 litteris:
1049 2226 1167 2253 salvebis
1179 2236 1192 2253 a
1205 2236 1263 2253 meo
1274 2227 1411 2253 Cicerone.

970 2299 1008 2320 ΙΙΙ.
1028 2302 1055 2324 111.
1066 2302 1142 2319 (nima.
1154 2302 1226 2320 rann...
1239 2302 1329 2318 mmm..

1341 2308 1385 2317 runs.
1399 2303 1452 2321 ΠΗ.)

1104 2343 1272 2371 CICERO
1302 2343 1470 2371 ATTtCO
1499 2344 1526 2371 S.

974 2383 996 2407 l.
1018 2377 1078 2408 Etsi
1092 2381 1128 2407 nil
1140 2390 1203 2407 sane
1217 2380 1347 2407 habebam
1361 2382 1432 2411 novi,
1445 2381 1516 2416 qnod
1529 2386 1587 2416 post
1598 2380 1712 2407 accidis-

917 2423 965 2449 set,
980 2427 1060 2453 quam
1073 2418 1209 2444 dedissem
1222 2418 1253 2443 ad
1267 2423 1290 2444 te
1303 2419 1452 2453 Philogeni,
1468 2419 1561 2445 liberto
1574 2424 1627 2448 tuo,
1643 2419 1712 2445 litte-

917 2465 973 2482 ras:
996 2461 1098 2486 tamen,
1116 2464 1200 2490 quum
1219 2455 1392 2481 Philotimum
1410 2457 1519 2482 llomnm
1538 2457 1710 2487 remitterem,

917 2493 1091 2519 scribendum
1113 2492 1216 2528 aliquid
1238 2493 1270 2518 ad
1293 2498 1316 2518 te
1338 2492 1397 2519 suit.
1443 2494 1479 2519 Ae
1498 2494 1615 2528 primum
1633 2493 1709 2524 illud,

916 2530 988 2565 quod
1001 2539 1042 2556 me
1056 2532 1172 2556 maxime
1184 2530 1310 2565 augebat:
1333 2531 1395 2565 (non
1407 2539 1460 2565 quo
1473 2530 1625 2566 int-aliquid
1635 2531 1711 2556 iuva-

917 2576 944 2593 re
956 2576 1062 2602 posses:
1086 2568 1200 2603 quippe;
1225 2576 1265 2593 res
1281 2567 1353 2593 enim
1364 2573 1404 2594 est
1416 2569 1442 2594 in
1455 2568 1594 2601 inanibus,
1624 2573 1651 2595 tu
1664 2576 1711 2594 au-

917 2609 970 2631 tem
981 2605 1046 2631 abes
1058 2604 1135 2641 louge
1146 2605 1282 2641 gentium:

1189 2642 1271 2668 πολλὰ
1285 2641 1306 2667 δ’
1320 2643 1346 2667 r'v
1356 2644 1498 2678 μεταιχμίῳ

971 2678 1059 2710 Νότος
1069 2679 1178 2707 κυλίνδει
1188 2678 1278 2714 κύματ’
1295 2678 1393 2715 εὐρείῃ-ς
1403 2680 1473 2714 ἁλός)
