1941 3052
252 140 298 162 run,
824 138 865 161 8⁸.

251 206 400 233 celebratur
417 207 459 232 itn.
479 210 506 230 ut
517 213 601 239 quum
615 205 741 230 maxime.
784 204 870 230 Unum
882 205 979 232 accidit
991 206 1042 232 im-

252 243 392 278 prudentia
410 242 514 268 Milonis
532 241 707 270 incommode,
723 240 931 268 des.‹210‹lio·:
960 251 1042 277 quem

253 289 338 314 ιιι-«μυ-
351 280 399 305 hoc·
410 284 536 312 tvnipore,
546 287 633 312 neque
645 278 678 303 ab
691 278 835 304 imbecillis
842 280 1043 306 accusatoribus

253 317 318 342 inihi
332 316 431 350 plan-nit
443 315 572 340 accusari.
614 315 644 340 Ei
657 320 708 340 tres
719 316 867 341 sententiae
877 317 1043 342 taeterrimae

253 355 277 379 in
294 353 405 378 consilio
421 351 572 377 defuerunt.
614 352 704 386 ltaque
721 351 856 378 hominem
874 353 990 388 populus
1003 363 1043 379 re-

253 395 327 415 vocat
347 394 371 414 et
387 388 535 414 retrahatur
557 397 664 414 neeesse
684 394 734 414 est.
780 390 835 416 Non
861 390 932 416 enirn
956 390 1044 417 terunt
1064 390 1065 396 ¹

253 427 384 452 hominos.
425 426 456 452 Et
470 426 548 460 quia,
565 434 649 460 quum
666 426 738 460 apud
754 435 817 452 suos
833 427 942 458 diceret,
960 437 1043 462 paene
1064 421 1066 462 ἶ

250 464 392 490 damnatus
403 467 451 492 est,
461 462 552 488 vident
563 462 730 489 danmatum.
772 464 807 489 Ea
821 465 878 499 ipsa
891 465 916 491 in
928 473 955 491 rc
967 465 1044 491 Pom·
1064 478 1066 502 ι

251 501 303 534 peii
323 500 434 526 offensio
456 499 533 525 nobis
553 500 667 526 obstitit.
717 500 876 527 Senatorum
891 502 963 528 enim
979 511 1043 528 urna
1065 530 1067 537 ,

249 538 356 572 copiose
373 536 498 567 absolvit,
516 537 638 571 equitum
650 537 819 572 adaequavit,
837 539 937 565 tribuni
950 540 1043 566 aerarii

249 574 471 600 condemnarunt.
511 574 562 600 Sed
584 574 632 600 hoc
654 575 852 602 incommodum
873 576 1045 603 consolantur
1065 599 1067 607 .

249 611 420 646 quotidianae
440 611 625 638 damnationes
643 612 828 643 inimicorum,
847 614 873 640 in
889 614 990 648 quibus
1003 623 1044 640 me
1065 609 1067 616 ⁴

250 648 407 683 perlubente
428 648 539 674 Servius
560 648 654 675 allisus
675 654 727 680 est,
753 651 832 676 ceteri
853 651 1042 678 conciduntur.

249 686 278 712 C.
297 686 360 712 Cato
374 686 547 712 concionatus
560 691 609 716 cst,
629 687 735 713 comitia
749 687 840 714 haberi
853 697 904 714 non
916 689 1042 719 siturum,

249 723 272 749 si
288 723 342 749 sibi
359 731 420 749 cum
433 722 532 757 populo
543 722 602 749 dies
613 724 709 759 agendi
721 729 811 751 essent
821 726 949 760 exempti.
990 726 1045 760 Αρ-

250 761 313 794 pius
333 769 346 786 a
362 760 474 787 Caesare
494 760 613 787 nondum
631 761 754 788 redierat.
794 763 819 788 7.
844 763 915 789 Tuas
931 763 1044 789 mirifice

251 798 352 824 litteras
372 802 510 832 exspecto:
543 802 622 832 atque
643 798 732 825 adhue
752 798 875 825 clausum
898 809 969 826 mare
987 801 1044 827 scio

250 834 348 861 fuisse:
381 834 428 861 sed
444 834 576 869 quosdam
593 836 699 861 venisse
715 840 803 862 tamen
819 838 892 863 Ostia
907 837 1040 868 dicebant,
1065 861 1067 865 .

248 872 296 906 qui
313 876 337 898 te
352 872 431 898 unice
449 871 595 902 laudarent.
614 872 780 908 plurimique
797 874 822 900 in
835 876 973 908 provincia
986 874 1043 901 fieri
1064 875 1067 901 l

248 909 378 935 dicerent.
418 908 532 935 Eosdem
548 909 655 936 aiebant
671 912 802 941 nuntiare.
826 916 850 937 te
867 913 952 946 prima
966 913 1044 938 navi·
1064 907 1067 943 Ι

211 962 215 969 ·
247 946 354 981 gatione
374 947 606 972 transmissurum.
651 947 679 973 1d
700 949 793 982 cupio:
821 953 859 979 et,
878 958 1042 984 quamquam

249 984 366 1018 teipsum
386 983 489 1010 scilicet
509 985 639 1014 maxime,
667 989 755 1011 tamen
771 986 850 1012 etiam
868 986 968 1013 litteras
984 991 1043 1013 tuas

248 1025 308 1047 ante
322 1025 457 1056 exspecto.
499 1021 535 1047 Mi
548 1020 635 1052 frater.
650 1021 718 1048 vale.

301 1090 350 1111 vn.
367 1090 383 1110 A
391 1090 443 1111 RG.
459 1090 488 1110 Μ.
500 1090 577 1110 Cicero
589 1090 666 1110 scribit
676 1091 703 1111 de
713 1098 752 1111 nuo
760 1091 849 1116 itinere.
857 1092 884 1112 de
891 1091 972 1113 Arcani
982 1092 1041 1112 aedi-
1072 1095 1073 1106 ³

247 1124 350 1145 ficatiune
360 1125 417 1145 etde
428 1125 594 1152 exspectatione
605 1125 690 1149 Quinti.

436 1161 504 1183 mnu..
514 1162 728 1184 ,uu-‹-11÷··1›.1²1·21;.·.·0
738 1169 785 1181 em«.
797 1165 852 1184 aaa.)

404 1195 584 1223 MARCUS
604 1196 635 1229 Q.
658 1197 835 1224 FRATRI.
857 1198 884 1224 S.

302 1228 340 1260 A.
355 1232 382 1259 d.
398 1242 443 1259 ιιι.
460 1233 498 1259 ld.
515 1233 599 1268 April.
625 1239 684 1260 ante
705 1234 792 1260 lucem
813 1235 881 1261 hanc
900 1235 1040 1270 epistolam
1063 1243 1065 1252 ¹

901 135 934 161 M.
966 136 996 161 T.
1031 136 1307 164 CICERONIS

1094 207 1170 238 Quod
1188 216 1230 233 me
1245 207 1373 233 admones
1388 207 1422 234 de
1438 213 1524 234 nostra
1544 209 1652 238 Urania,
1671 209 1836 245 suadesque.
1858 216 1887 239 ut

1096 244 1264 270 meminerim
1281 245 1351 270 lovis
1365 246 1524 275 orationem,
1542 255 1610 280 quw
1621 252 1660 272 est
1673 247 1698 273 in
1710 253 1830 273 extremo
1841 247 1888 274 illo

1070 272 1072 313 ἶ
1097 281 1178 306 libro:
1209 290 1258 316 ego
1281 290 1342 307 vero
1363 283 1488 312 memini,
1509 288 1535 309 et
1551 283 1595 309 illa
1610 285 1699 310 omnia
1716 285 1783 310 mihi
1800 285 1887 320 magis

1095 318 1205 352 scripsi,
1218 327 1300 352 quam
1314 319 1419 345 ceteris.
1451 321 1476 345 Ξ.
1491 319 1542 345 Sed
1555 325 1641 346 umen
1654 321 1791 355 postridie.
1805 330 1886 356 quum

1070 385 1072 387 q
1096 360 1122 380 tu
1144 364 1172 380 es
1193 354 1342 389 profectus,
1364 356 1447 382 multa
1464 362 1539 382 nocte
1561 366 1624 383 cum
1643 358 1762 384 Vibullio
1778 359 1838 384 veni
1854 358 1887 385 ad

1072 703 1073 728 ζ
1095 690 1167 724 quod
1185 689 1292 716 vellem.

1097 392 1268 426 Pompeium.
1285 401 1425 427 quumque
1440 402 1490 428 ego
1505 394 1622 428 egissem
1637 394 1670 420 de
1686 395 1744 421 istis
1759 396 1888 430 operibus

1096 434 1176 464 atque
1198 430 1434 464 inscriptionibus,
1457 439 1505 465 per
1519 431 1587 456 mihi
1603 431 1719 467 benigne
1735 433 1885 467 respondit:

1097 475 1220 499 magnam
1242 475 1317 501 spem
1339 466 1436 493 attulit.
1479 467 1546 494 Cum
1566 468 1662 494 Crasso
1681 477 1710 494 se
1729 469 1798 496 dixit
1815 470 1888 504 loqui

1097 503 1179 529 velle:
1198 504 1334 538 mihique.
1354 509 1382 530 ut
1394 504 1464 530 idem
1482 504 1609 535 facerem,
1627 506 1722 532 suasit.
1762 506 1887 533 Crassum

1096 540 1234 567 vonsulem
1251 550 1284 567 ex
1303 546 1396 567 senatu
1412 541 1523 568 domum
1540 542 1649 569 reduxi:
1681 543 1802 578 suscepit
1816 552 1886 570 rem:

1096 578 1219 613 dixitque
1235 587 1308 608 esse,
1326 578 1398 613 quod
1409 578 1520 605 Clodius
1533 579 1581 605 hoc
1593 585 1711 614 tempore
1722 585 1832 615 cuperet
1842 589 1889 616 per

1095 624 1124 641 se
1139 621 1164 641 et
1179 624 1226 650 per
1241 616 1397 650 Pompeium
1409 617 1551 651 consequi:
1578 622 1671 651 putare
1681 625 1719 648 se,
1732 618 1755 644 si
1765 626 1816 653 ego
1825 626 1888 645 eum

1097 661 1147 679 non
1166 653 1339 687 impedirem,
1359 662 1436 688 posse
1453 662 1495 679 me
1511 653 1625 688 adipisci
1641 655 1699 680 sine
1709 655 1886 685 contentione,

1333 691 1427 716 Totum
1444 691 1468 717 ei
1481 692 1618 726 negotium
1630 692 1741 726 permisi
1753 700 1850 727 meque
1861 693 1888 719 in

1095 728 1154 753 eius
1175 732 1302 762 potestate
1322 727 1380 754 dixi
1401 727 1465 754 sore.
1496 727 1617 754 interfuit
1637 728 1701 755 huic
1721 730 1837 756 sermoni
1858 729 1887 756 Ρ.

1072 779 1073 785 =
1095 764 1222 794 Crassus,
1244 764 1400 791 adolescens
1424 766 1506 791 nostri
1528 766 1565 797 (ut
1580 766 1643 799 scis)
1659 766 1887 793 studiosissimus.

246 1270 471 1304 conscripseram.
496 1271 712 1306 scripseramque
734 1272 760 1297 in
782 1272 890 1301 itinere,
908 1277 982 1299 uteo
997 1273 1040 1299 die
1062 1279 1071 1298 ἃ

246 1307 318 1342 apud
341 1308 371 1334 T.
396 1308 496 1333 Titium
518 1308 545 1333 in
566 1308 707 1344 Anagnino
723 1317 868 1335 manerem.
908 1310 1040 1336 Postridie
1062 1303 1064 1343 Ξ

246 1349 334 1371 autem
351 1345 378 1371 in
394 1345 498 1371 Laterio
508 1345 672 1380 cogitabam:
698 1346 769 1377 inde,
783 1355 868 1381 quum
881 1348 907 1373 in
919 1348 1040 1382 Arpinati
1062 1348 1063 1370 l

245 1382 369 1416 quinque
385 1381 443 1408 dies
460 1381 587 1413 fuissem,
607 1383 645 1409 ire
662 1383 688 1409 in
701 1383 908 1418 Pompeianum:
932 1384 1040 1411 rediens

247 1419 367 1453 aspicere
382 1419 547 1450 Cumanum,
566 1424 607 1450 ut,
621 1421 749 1455 quoniam
762 1422 788 1447 in
805 1422 872 1448 Non.
890 1422 973 1449 Maias
988 1422 1040 1448 Mi-

246 1455 298 1482 loni
311 1456 369 1482 dies
381 1456 484 1491 prodita
496 1461 545 1487 est,
558 1457 630 1492 prid.
643 1458 711 1484 Non.
724 1458 822 1485 Romae
834 1467 935 1491 essem,
949 1465 1038 1495 teque,

246 1494 281 1519 mi
303 1494 442 1520 carissime
462 1498 488 1520 et
502 1495 666 1521 suavissime
683 1495 776 1527 frater,
794 1496 827 1522 ad
843 1505 901 1523 eam
917 1497 989 1523 diem
1001 1498 1041 1532 (ut

245 1530 396 1565 sperabam)
413 1530 543 1558 viderem.
578 1532 798 1559 Aedificationem
810 1534 907 1560 Arcani
919 1534 952 1561 ad
963 1540 1040 1561 tuum
1070 1555 1071 1558 ,

245 1567 392 1594 adventum
408 1569 552 1594 sustentari
564 1568 696 1603 placebat.
728 1571 788 1602 Fac,
801 1571 840 1597 mi
850 1571 939 1603 frater,
953 1577 983 1598 ut
994 1580 1041 1598 va-

245 1605 299 1631 leas
310 1606 568 1640 quamprimumque
580 1607 683 1634 venias.

299 1674 359 1694 vm.
375 1675 393 1694 A
400 1675 420 1695 R
427 1674 453 1695 G.
469 1675 503 1695 De
513 1674 678 1702 supplicatione
685 1676 782 1697 Gabinio
793 1680 873 1703 negata
882 1681 904 1697 et
914 1684 954 1697 suo
964 1677 1041 1698 fratri·

244 1716 252 1727 ι
259 1709 333 1729 intendi
343 1709 463 1731 desiderio.
478 1713 502 1735 (R
508 1719 568 1731 omne.
578 1712 699 1734 Murccllino,
708 1712 798 1737 Philippo
808 1720 853 1731 coss.
864 1714 919 1736 ⁶98.)

376 1745 412 1772 M.
434 1745 577 1774 CICERO
598 1746 626 1773 S.
647 1747 678 1774 D.
700 1747 731 1780 Q.
753 1748 909 1775 FRATRI.

301 1782 324 1808 l.
345 1777 374 1808 Ο
391 1782 492 1810 litteras
508 1784 576 1810 mihi
592 1789 650 1811 tuas
662 1785 889 1817 iucundissimas,
902 1791 1043 1821 exspecta-

244 1824 294 1850 tas,
308 1827 338 1845 ac
349 1820 437 1854 primo
448 1821 559 1856 quidem
571 1829 633 1848 cum
645 1821 789 1853 desiderio,
803 1831 875 1849 nunc
887 1832 950 1849 vero
961 1824 1041 1849 etiam

244 1864 306 1883 cum
317 1857 424 1883 timore!
447 1858 534 1892 Atque
549 1858 597 1885 has
608 1859 674 1885 scito
686 1859 786 1885 litteras
797 1868 839 1886 me
845 1859 916 1886 solas
922 1862 1042 1895 accepis-

244 1901 272 1919 se
284 1898 344 1928 post
355 1893 425 1925 illas,
438 1903 506 1929 quas
518 1900 581 1921 tuus
592 1900 672 1922 nauta
683 1896 780 1927 attulit,
794 1896 872 1923 Olbia
881 1897 965 1924 datas.
987 1898 1041 1925 Sed

243 1935 329 1956 cetera
360 1931 399 1965 (ut
423 1931 531 1967 scribis)
556 1933 690 1967 praesenti
715 1935 834 1960 sermoni
858 1940 1039 1962 reserventur.

243 1968 298 1993 Hoc
312 1972 400 1994 tamen
417 1977 469 1995 non
484 1977 554 2003 queo
570 1969 686 1996 differre.
721 1970 760 1997 Id.
778 1971 856 1998 Maiis
867 1977 976 1999 senatus
989 1972 1042 1999 fre-

243 2013 340 2039 quens,
353 2004 465 2031 diviuus
477 2005 527 2032 suit
540 2007 567 2032 in
579 2006 776 2042 supplicatione
783 2008 1041 2045 Gabiniodenegan-

243 2042 288 2068 da.
327 2041 441 2069 Adiurat
455 2043 587 2070 Procilius
603 2044 653 2070 hoc
669 2046 771 2072 nemini
783 2046 924 2073 accidisse.

244 2078 322 2105 valde
338 2078 486 2113 plauditur.
524 2081 592 2107 Mihi
608 2090 694 2116 quum
710 2091 758 2108 sua
772 2089 866 2118 sponte
879 2084 1038 2115 iucundum,

245 2121 302 2142 tum
319 2116 479 2148 iucundius,
497 2118 570 2152 quod
585 2127 628 2145 me
646 2119 756 2146 absente
767 2120 817 2155 (est
827 2121 900 2147 enim
912 2121 1041 2156 εἱλικρινὲς

244 2153 386 2189 iudicium)
396 2155 455 2180 sine
465 2156 675 2191 oppugnatione,
684 2157 742 2183 sine
748 2159 833 2193 gratia
840 2164 938 2185 nostra.
961 2159 1040 2185 Eram
1069 2181 1070 2184 ,

243 2190 326 2217 Antii.
360 2193 385 2218 2.
405 2191 482 2223 Quod
497 2192 591 2219 Idibus
606 2198 631 2219 et
642 2194 771 2228 postridie
783 2194 868 2222 fuerat
878 2196 993 2227 dictum,
1007 2196 1040 2222 de

243 2274 271 2291 sa
287 2265 356 2291 mihi
371 2274 439 2300 aqua
453 2266 552 2294 haeret.
584 2267 638 2294 Sed
648 2268 726 2303 plura
737 2278 820 2304 quam
837 2271 1038 2297 constitueram.

242 2302 336 2328 Coram
352 2304 434 2329 enim.
466 2303 542 2334 Vale,
561 2306 598 2331 mi
613 2306 714 2340 optime
729 2311 756 2333 et
769 2308 937 2342 optatissime
948 2307 1037 2338 frater,

242 2344 267 2365 et
278 2339 382 2366 advola.
413 2340 486 2367 Idem
498 2346 522 2367 te
534 2343 617 2369 nostri
629 2348 723 2379 rogant
732 2345 825 2379 pueri:
849 2344 1037 2377 illudscilicet,

242 2376 378 2408 caenabis,
392 2385 477 2412 quum
490 2380 607 2406 veneris.

295 2445 336 2465 lX.
353 2447 370 2465 A
377 2447 396 2466 R
403 2447 429 2467 G.
449 2448 539 2468 Librum
554 2456 615 2468 suuni
625 2450 652 2469 de
661 2450 797 2476 temporibus
807 2450 854 2470 suis
865 2450 930 2470 fratri
940 2450 1038 2478 plne-uis-

243 2484 267 2498 se
280 2480 366 2504 gautlet,
383 2481 431 2501 eius
442 2489 466 2502 se
475 2482 587 2508 negotium
597 2483 703 2511 Pompeio
713 2485 877 2505 commendasse
887 2489 908 2505 et
918 2485 945 2505 ile
955 2485 1038 2506 nabitu

243 2512 276 2533 SC
284 2517 327 2534 tum
337 2514 360 2534 in
371 2515 461 2537 Afranii
471 2519 602 2538 sententiam
613 2519 693 2539 factum
704 2525 754 2539 esse
763 2519 849 2539 serit-it.

412 2554 499 2575 (Romae.
509 2555 599 2578 Pompeio
609 2555 634 2573 11.
645 2555 709 2573 enm
719 2555 745 2573 ll.
756 2561 803 2572 coss.
813 2558 870 2577 6⁹9.)

376 2586 412 2613 M.
433 2587 576 2616 CICERO
597 2589 625 2616 S.
646 2590 677 2616 D.
699 2589 731 2622 Q.
753 2590 907 2618 FRATRI.

301 2627 323 2652 t.
339 2622 509 2655 placiturum
520 2629 570 2657 tibi
581 2639 640 2657 esse
651 2630 752 2657 librum
763 2640 855 2658 meum
861 2633 1035 2668 suspicabar:

244 2667 297 2688 tam
317 2663 394 2690 valde
415 2664 559 2699 placuisse.
581 2676 664 2702 quam
684 2668 797 2699 scribis,
820 2669 898 2696 valde
918 2670 1034 2706 gaudeo.

965 2047 1041 2073 Foris
1070 2064 1071 2069 .

243 2236 307 2263 agro
318 2227 454 2263 Campano
464 2234 553 2256 actum
566 2231 608 2261 iri,
622 2240 675 2257 non
687 2236 727 2258 est
737 2237 837 2259 actum.
866 2234 895 2259 In
906 2233 1041 2260 haccaus-
1068 2223 1071 2255 f
1093 2224 1176 2250 [estus
1187 2225 1249 2250 Sim·
1292 2224 1376 2251 Video
1387 2228 1412 2250 *θ
1426 2223 1603 2259 iugemffisse·
1629 2222 1674 2249 Sic
1685 2222 1722 2253 fib
1735 2221 1758 2249 εἷ
1768 2221 1791 2248 δ’
1803 2224 1830 2248 ‘²'
1840 2222 1874 2248 “f
1903 2256 1905 2258 .

1095 801 1164 828 lllud
1182 807 1286 832 autem,
1303 802 1375 836 quod
1391 803 1466 837 cupit
1481 802 1605 833 Clodius,
1623 808 1663 829 est
1675 802 1771 838 legatio
1782 803 1886 839 aliqua:

1095 840 1118 865 si
1131 839 1221 865 minus
1234 848 1281 874 per
1291 844 1423 866 senatum.
1438 839 1721 874 perpopulumlibera,
1735 841 1889 877 autByzan-

1096 877 1163 902 tium
1184 881 1230 902 aut
1250 876 1282 902 ad
1303 877 1470 912 Brogitarum
1490 882 1535 903 aut
1556 882 1711 912 utrumque.
1751 877 1831 904 Plena
1847 886 1889 904 res

1095 922 1278 940 nummorum.
1313 913 1390 946 Quod
1406 923 1455 950 ego
1471 923 1522 940 non
1535 914 1650 940 nimium
1663 914 1765 945 laboro,
1783 915 1888 941 etiamsi

1095 952 1186 976 minus
1200 959 1342 986 assequor,
1367 951 1438 986 quod
1456 951 1525 977 volo.
1565 951 1708 986 Pompeius
1724 957 1810 979 tamen
1826 961 1888 978 cum

1094 988 1190 1014 Crasso
1210 987 1314 1014 locutus
1334 993 1384 1014 est.
1424 988 1555 1015 Videntur
1571 990 1707 1024 negotium
1724 991 1887 1024 suscepisse.

1095 1025 1123 1052 Si
1137 1025 1291 1060 perficiunt,
1316 1026 1429 1060 optime:
1452 1027 1494 1052 sin
1508 1026 1612 1055 minus,
1628 1026 1660 1051 ad
1673 1027 1889 1053 nostrumlovem

1095 1068 1270 1089 revertamur.
1306 1064 1330 1088 3.
1349 1063 1380 1088 Α.
1397 1062 1425 1088 d.
1438 1071 1475 1089 ιιι.
1493 1063 1530 1089 ld.
1543 1063 1605 1088 Maii
1617 1067 1725 1089 senatus
1736 1063 1889 1090 consultum

1094 1100 1246 1126 estfactum
1258 1099 1291 1125 de
1302 1099 1406 1126 ambitu
1418 1101 1444 1126 in
1455 1099 1558 1126 Afranii
1569 1101 1739 1131 sententiam,
1752 1109 1890 1136 quamego

1094 1137 1230 1168 dixeram,
1247 1145 1332 1171 quum
1350 1141 1378 1163 tu
1394 1137 1516 1164 adesses:
1543 1137 1591 1163 sed
1607 1145 1704 1173 magno
1714 1145 1776 1164 cum
1786 1138 1890 1173 gemitu

1096 1179 1216 1201 senatus.
1251 1173 1382 1201 Consules
1398 1183 1449 1200 non
1461 1179 1524 1200 sunt
1535 1175 1668 1209 persecuti
1679 1183 1771 1201 eorum
1783 1180 1891 1202 senten-

1063 1210 1071 1237 0'
1094 1213 1158 1238 tias:
1189 1212 1237 1246 qui
1255 1211 1364 1238 Afranio
1379 1219 1464 1246 quum
1483 1212 1699 1242 essentassensi,
1717 1211 1888 1244 addiderunt,

1094 1254 1122 1275 ut
1137 1254 1271 1284 praetores
1287 1249 1322 1275 iia
1337 1254 1504 1279 crearentur,
1525 1254 1554 1275 ut
1564 1248 1622 1275 dies
1634 1257 1669 1275 Lx
1680 1250 1778 1284 privati
1789 1254 1888 1276 essent.

1092 1286 1130 1312 Eo
1156 1286 1200 1312 die
1224 1286 1351 1313 Catonem
1371 1285 1449 1321 plane
1470 1286 1656 1321 repudiarunt.
1696 1286 1767 1319 Quid
1789 1285 1891 1313 multa?

1093 1328 1185 1350 tenent
1194 1324 1299 1350 omnia:
1322 1323 1404 1358 idque
1416 1324 1451 1350 ita
1462 1332 1555 1350 omnes
1567 1323 1718 1360 intelligere
1730 1323 1832 1350 volunt.

1145 1401 1175 1421 Χ,
1192 1402 1209 1421 Α
1218 1401 1269 1422 RG.
1288 1402 1416 1429 lle-pendet
1427 1401 1538 1428 epistulae
1547 1400 1634 1425 Quinti.
1649 1407 1692 1428 qu·
1701 1407 1726 1422 se
1732 1399 1890 1422 ninum-er}-

1093 1440 1175 1464 pserat,
1186 1443 1214 1457 ne
1224 1437 1314 1458 fratrem
1322 1436 1407 1458 litteris
1417 1436 1465 1457 suis
1474 1435 1636 1463 interpell-ret.

1303 1474 1405 1497 (Pompeio
1415 1474 1439 1491 u.
1450 1474 1516 1492 &nm
1526 1473 1550 1491 u.
1561 1480 1608 1491 eoas.
1618 1475 1675 1494 ⁶⁹9.)

1250 1516 1431 1544 MARCUS
1453 1516 1485 1549 Q.
1506 1516 1676 1543 FRATRI
1700 1516 1728 1543 S.

1152 1556 1174 1580 l.
1197 1549 1245 1580 Tu
1267 1555 1379 1585 metuis,
1398 1563 1430 1580 ne
1446 1562 1488 1580 me
1505 1553 1678 1588 interpelles?
1702 1554 1805 1583 Primo.
1822 1554 1846 1579 si
1861 1554 1888 1580 iu

1093 1592 1145 1618 isto
1156 1600 1258 1623 essem,
1272 1597 1299 1618 tu
1311 1593 1377 1619 seis.
1394 1591 1461 1626 quid
1473 1592 1507 1617 sit
1519 1591 1698 1626 interpellare.
1739 1591 1779 1617 An
1791 1595 1815 1616 te
1826 1591 1890 1617 Ate-

1094 1628 1155 1654 ius‘?
1177 1629 1330 1655 Mehercule
1346 1628 1414 1654 mihi
1429 1628 1524 1655 docere
1540 1628 1676 1654 videbaris
1692 1629 1771 1654 istius
1782 1628 1889 1663 generis

1093 1665 1302 1692 humanitatem:
1337 1674 1390 1700 qua
1409 1665 1521 1700 quidem
1544 1673 1594 1701 ego
1613 1665 1682 1691 nihil
1703 1670 1762 1691 utor
1782 1664 1830 1691 abs
1853 1670 1887 1691 te.

1094 1703 1134 1729 Tu
1151 1711 1227 1734 vero,
1245 1708 1275 1730 ut
1285 1711 1327 1729 me
1338 1707 1364 1729 et
1374 1702 1494 1737 appelles
1505 1707 1530 1728 et
1541 1702 1696 1737 interpelles
1707 1707 1732 1728 et
1742 1701 1889 1736 obloquare
1906 1707 1913 1711 ·

1093 1744 1119 1766 et
1133 1740 1295 1775 colloquare,
1310 1740 1402 1766 velim.
1433 1739 1505 1772 Quid
1516 1740 1588 1766 enim
1601 1739 1668 1766 mihi
1680 1738 1812 1765 suavius?
1830 1739 1888 1766 Non
1900 1752 1904 1755 ·

1093 1777 1246 1803 mehercule
1259 1777 1406 1812 quisquam
1417 1776 1636 1812 μουσοπάιακως
1647 1776 1776 1802 libentius
1786 1785 1835 1802 sua
1847 1784 1890 1802 re-

1092 1815 1179 1841 centia
1194 1819 1315 1849 poemata
1332 1814 1409 1850 legit,
1427 1822 1509 1849 quam
1525 1822 1574 1849 ego
1589 1819 1614 1840 te
1625 1813 1706 1840 audio
1716 1821 1889 1848 quacumque
1912 1814 1913 1817 ’

1093 1851 1126 1878 de
1137 1860 1173 1882 re,
1186 1851 1306 1886 publica,
1320 1853 1432 1886 privata,
1446 1851 1555 1882 rustica,
1571 1851 1684 1877 urbana.
1714 1850 1768 1877 Sed
1779 1858 1837 1876 mea
1849 1848 1913 1894 sii-2

1093 1894 1166 1915 ctum
1186 1894 1226 1916 est
1245 1888 1348 1915 insulsa
1369 1888 1546 1919 verecundia,
1563 1893 1592 1914 ut
1607 1893 1632 1914 te
1647 1887 1820 1923 proficiscens
1835 1895 1905 1916 non.

1093 1926 1223 1953 tollerem.
1264 1926 1422 1961 Opposuisti
1440 1925 1524 1951 semel
1539 1925 1742 1952 ‹ii-miisxror‘
1752 1932 1897 1956 caussam.⁴

1093 1963 1229 1990 Ciceronis
1243 1964 1328 1990 nostri
1343 1962 1540 1994 valetudinem3
1572 1962 1703 1989 conticui:
1735 1963 1833 1988 iterum
1842 1961 1890 1989 Ci-

1092 2009 1215 2028 cerones:
1245 2001 1350 2036 quievi.
1390 2002 1415 2027 2.
1437 2001 1515 2026 Nunc
1535 1999 1603 2026 mihi
1618 1999 1794 2026 iucunditatis
1808 1998 1888 2034 plena
1907 2007 1910 2009 ’

1093 2038 1205 2073 epistola
1216 2038 1266 2064 hoc
1277 2038 1391 2073 aspersit
1402 2037 1554 2067 molestiae.
1571 2036 1644 2072 quod
1656 2036 1772 2068 videris,
1789 2044 1822 2062 ne
1836 2035 1900 2063 mi·.

1093 2075 1122 2101 hi
1133 2075 1262 2102 molestus
1272 2083 1355 2105 esses,
1367 2075 1470 2101 veritus
1481 2083 1540 2101 esse
1551 2079 1631 2109 atque
1641 2074 1722 2100 etiam
1733 2081 1900 2110 nuncvere-¹

1093 2113 1126 2139 ri.
1166 2113 1311 2148 Litigarem
1332 2117 1430 2143 tecum,
1453 2111 1493 2138 fas
1513 2112 1537 2138 si
1556 2116 1639 2138 esset:
1671 2110 1718 2137 sed
1733 2108 1901 2139 mehercule..

1093 2151 1163 2176 istuc
1178 2150 1202 2176 si
1218 2158 1349 2184 umquam
1365 2149 1521 2184 suspicatus
1537 2157 1595 2179 ero,
1613 2147 1682 2174 nihil
1697 2147 1785 2174 dicam
1801 2146 1902 2183 aliudff

1093 2188 1146 2213 nisi
1156 2187 1277 2218 verebor,
1291 2196 1324 2213 ne
1335 2186 1443 2222 quando
1453 2195 1503 2222 ego
1514 2185 1573 2216 tibi,
1585 2194 1671 2220 quum
1682 2194 1743 2211 sum
1755 2193 1816 2216 una,
1829 2184 1900 2224 ulo-5

1091 2262 1192 2295 ἑζησιις.
1228 2262 1384 2296 Numquam
1399 2262 1472 2287 enim
1487 2260 1589 2291 dicam,
1602 2259 1631 2286 ἔα
1642 2259 1737 2289 πάσας.
1771 2258 1838 2285 Mari

1091 2304 1180 2325 autem
1205 2304 1327 2325 nostrum
1348 2299 1376 2325 in
1391 2297 1513 2324 lecticam
1529 2295 1684 2323 mehercule
1698 2296 1874 2322 coniecissem

1092 2345 1144 2362 non
1159 2335 1233 2362 illam
1245 2337 1316 2372 regis
1328 2335 1473 2362 Ptolemaei
1483 2335 1651 2361 Anicianam.
1678 2333 1790 2359 Memini
1800 2333 1843 2359 en'
1879 2347 1883 2349 -

1091 2382 1178 2408 quum
1190 2373 1327 2400 hominem
1338 2378 1471 2408 portarem
1482 2371 1515 2398 ad
1525 2372 1611 2402 Baias,
1624 2370 1744 2405 Neapoli,
1757 2375 1835 2404 oetop
1883 2367 1891 2414 J

1091 2419 1120 2437 ro
1139 2411 1284 2442 Aniciano,
1312 2409 1548 2444 machaerophoris
1567 2412 1674 2434 centum
1695 2407 1892 2449 sequentib-use¹

1090 2448 1174 2474 miros
1189 2449 1260 2474 risus
1272 2456 1320 2474 nos
1331 2447 1418 2477 edere,
1431 2454 1517 2481 quum
1529 2444 1583 2476 ille,
1597 2445 1708 2480 ignarus
1718 2445 1763 2470 sui
1772 2448 1894 2479 comita-„i

1090 2490 1143 2516 tus,
1166 2490 1275 2520 repente
1295 2485 1400 2520 apernit
1420 2483 1554 2513 lecticam,
1576 2487 1601 2508 et
1616 2490 1700 2516 paene
1716 2481 1763 2508 ille
1777 2482 1798 2508 ti
1875 2492 1879 2497 .

1089 2531 1140 2557 ego
1153 2523 1210 2548 risu
1220 2523 1319 2548 corrui.
1349 2522 1436 2551 Tunc,
1453 2525 1484 2546 ut
1493 2519 1563 2550 dieo,
1575 2524 1646 2545 certe
1657 2518 1838 2549 sustulissem,
1880 2548 1883 2552 .

1090 2559 1236 2594 aliquando
1256 2559 1433 2585 subtilitatem
1452 2557 1551 2582 veteris
1571 2556 1732 2582 urbanitatis
1745 2560 1772 2582 et
1786 2555 1890 2581 huma-2

1090 2597 1197 2622 nissimi
1217 2596 1350 2623 sermonis
1371 2595 1539 2629 attingerem.
1580 2593 1634 2620 Sed
1655 2593 1792 2619 hominem
1807 2591 1883 2618 infixa-

1090 2642 1165 2659 mum
1182 2634 1210 2659 in
1225 2632 1319 2659 villam
1334 2636 1466 2666 apertam,
1483 2639 1514 2656 ac
1530 2638 1563 2656 ne
1574 2630 1670 2656 rudem
1680 2629 1791 2665 quidem
1801 2629 1885 2655 etiam*

1089 2679 1170 2701 nunc,
1185 2671 1299 2696 invitare
1310 2668 1395 2696 nolui.
1426 2670 1451 2695 3.
1464 2668 1517 2694 Hoc
1528 2675 1592 2694 vero
1602 2667 1670 2693 mihi
1681 2665 1882 2702 peculim-efne-
