1941 3052
431 126 480 152 DE
514 125 698 152 NATURA
727 123 916 151 DEORUM
947 124 1028 150 LIB.
1059 125 1079 150 1.
1111 124 1203 151 CAP.
1225 126 1340 150 6—12.

66 195 244 224 numerabilia
254 195 361 223 saecula
371 196 539 223 dormierint.
580 196 639 222 Non
649 197 732 226 enim,
748 196 771 221 si
784 203 864 221 mun-

66 233 118 261 dus
129 233 222 260 nullus
232 239 295 264 erat,
309 233 416 260 saecula
427 242 480 260 non
491 239 574 260 erant.

66 279 97 298 co
127 279 180 297 non
195 279 239 302 ea,
255 279 325 306 quae
339 271 446 298 dierum
458 273 631 306 noctiumque
643 278 754 296 numero
766 270 863 296 annuis

65 308 192 335 cursibus
207 308 397 335 coniiciuntur.
437 309 506 334 Nam
522 308 616 335 fateor.
638 316 668 334 ea
688 309 747 334 sine
768 306 864 333 mundi

65 346 241 372 conversione
252 345 324 372 eslici
335 355 387 372 non
398 346 529 381 potuisse.
559 345 612 372 Sed
624 344 674 371 fuit
684 344 817 379 quaedam
830 343 864 369 ab

64 381 170 409 infinito
181 388 300 418 tempore
311 384 462 413 aeternitas,
471 391 552 418 quam
564 382 638 409 nulla
649 387 800 416 temporum
811 382 865 407 cir-

65 421 241 454 cumscriptio
251 420 425 451 metiebatur,
441 421 528 455 spatio
541 425 644 449 tamen,
662 418 752 454 qualis
763 427 792 445 ea
804 418 864 444 sue-
885 419 893 450 ζ’

65 457 109 487 rit.
122 457 239 493 intelligi
250 466 302 484 non
314 463 414 492 potest:
430 457 503 492 quod
519 465 552 484 ne
564 458 590 483 in
601 457 790 492 cogitationem
801 456 865 490 qui·
885 460 887 470 ¹

65 493 128 521 dem
143 494 228 526 cadit,
250 500 280 521 ut
295 494 376 522 fuerit
391 499 498 529 tempus
513 493 637 529 aliquod,
656 493 762 520 nullum
777 501 863 528 quum

64 536 173 566 tempus
191 537 272 558 esset.
312 534 354 558 22.
375 532 428 558 Isto
442 533 526 567 igitur
541 536 594 557 tam
614 532 746 557 immenso
766 531 862 564 spatio.

64 577 173 604 quaero.
186 569 280 600 Balbe,
294 577 343 595 cur
353 569 469 595 Pronoea
481 573 569 595 vestra
579 569 736 594 cessaverit.
777 567 865 593 Labo-

64 614 157 633 remne
168 605 307 642 fugiebat?
317 608 350 632 At
361 607 410 632 iste
422 614 471 632 nec
481 605 686 641 attingitdeum,
695 613 743 631 nec
755 610 810 631 erat
821 604 864 630 ul-

64 642 122 675 lus,
144 652 230 678 quum
249 652 343 670 omnes
364 648 473 670 naturae
494 643 600 669 numini
616 642 723 674 divino,
746 641 861 671 caelum,

63 681 152 716 ignes,
166 685 259 711 terrae,
273 681 366 711 maria.
380 685 513 716 parerent.
535 679 607 712 Quid
619 684 708 706 autem
720 678 863 713 erat.quod
892 703 893 708 ,

63 718 266 752 concupisceret
285 717 354 744 deus
394 717 527 744 mundum
547 718 635 753 signis
655 721 681 743 et
702 716 863 743 luminibus.
884 731 886 734 >

63 760 202 790 tamquam
213 755 319 786 aedilis,
337 755 449 782 ornare?
462 755 501 786 Si,
514 760 544 782 ut
555 755 622 781 deus
634 755 692 789 ipse
703 753 803 780 melius
815 753 864 779 ha—

63 792 173 825 bitaret3
197 797 273 819 antea
290 792 416 820 videlicet
431 798 550 828 tempore
565 792 671 818 infinito
687 792 715 818 in
732 791 860 821 tenebris.
884 798 885 805 ¹

63 834 201 865 tamquam
213 831 240 856 in
251 831 408 866 gurgustio,
425 830 601 856 habitaverat.
641 829 703 855 Post
714 834 803 855 autem
816 837 863 854 va-

63 868 190 894 rietatene
201 876 263 894 eum
275 867 402 894 delectari
412 873 549 903 putamus,
562 875 616 902 qua
627 866 731 893 caelum
743 871 768 892 et
780 872 862 892 terras

63 909 203 931 exornatas
224 904 368 931 videmus‘?
387 904 460 938 Quae
479 906 529 931 ista
545 909 631 940 potest
646 912 705 930 esse
721 903 863 930 oblectatio

63 941 131 968 deo‘?
150 941 223 974 Quae
239 942 262 968 si
278 947 362 973 esset,
380 951 433 969 non
449 951 478 969 ea
495 942 598 969 tamdiu
613 950 703 968 carere
719 942 860 976 potuisset.

62 980 105 1006 23.
127 979 167 1006 An
183 979 262 1010 haec.
281 984 310 1006 ut
326 979 380 1006 fere
394 979 499 1011 dic-itis,
518 980 659 1007 hominum
675 988 770 1005 caussa
786 987 799 1004 a
813 978 862 1004 deo

62 1017 205 1043 constituta
219 1016 300 1044 sunt?
319 1017 530 1052 Sapientumne‘?
549 1022 657 1052 propter
668 1025 768 1052 paucos
778 1017 863 1052 igitur

62 1058 133 1080 tanta
143 1058 183 1081 est
195 1053 262 1081 facta
273 1063 362 1081 rerum
374 1055 487 1082 molitio.
527 1055 568 1082 An
584 1054 746 1081 stultorum?
766 1058 791 1080 at
806 1054 862 1088 pri-

62 1099 137 1118 mum
152 1100 248 1118 caussa
262 1101 314 1118 non
331 1091 395 1125 suit,
413 1101 462 1119 cur
476 1092 510 1119 de
521 1092 654 1128 improbis
665 1092 734 1118 bene
746 1100 863 1118 merere·
884 1091 885 1097 ¹

153 1129 256 1156 Deinde
267 1129 334 1165 quid
347 1135 387 1156 est
401 1129 560 1157 assecutus?
575 1138 661 1165 quum
676 1137 771 1156 omnes
786 1128 862 1155 stulti
890 1152 891 1160 ,

62 1133 114 1155 tur.

61 1167 115 1192 sint
126 1166 185 1193 sine
196 1166 281 1193 dubio
292 1167 452 1199 miserrimi;
477 1169 594 1194 maxime
609 1166 682 1203 quod
693 1166 770 1193 stulti
781 1171 858 1192 sunt:

61 1204 189 1230 miserius
195 1205 268 1230 enim
274 1204 387 1231 stultitia
398 1205 465 1240 quid
476 1214 622 1240 possumus
633 1204 742 1231 dicere?
750 1203 858 1234 deinde,

61 1240 133 1276 quod
146 1241 180 1267 ita
193 1241 276 1268 multa
287 1247 351 1269 sunt
362 1242 530 1269 incommoda
543 1243 570 1269 in
582 1243 650 1273 vita.
669 1247 697 1269 ut
711 1250 740 1268 ea
752 1242 861 1276 sapien-

61 1283 100 1305 tes
111 1278 313 1306 commodorum
324 1281 542 1315 compensatione
553 1279 662 1309 leniant,
676 1279 751 1306 stulti
763 1288 812 1305 nec
820 1279 861 1304 vi-

61 1320 116 1342 tare
128 1317 262 1342 venientia
273 1317 390 1351 possint.
408 1326 457 1344 nec
468 1317 536 1344 ferre
548 1318 708 1352 praesentia.
749 1316 784 1343 X.
807 1316 860 1348 Qui

60 1361 125 1379 vero
144 1353 278 1380 mundum
294 1355 385 1389 ipsum
400 1355 564 1382 animantem
580 1356 784 1390 sapientemque
800 1362 860 1379 esse
882 1370 883 1375 ,

59 1389 201 1422 dixerunt,
224 1391 299 1418 nullo
314 1391 392 1418 modo
408 1392 535 1419 viderunt
545 1393 630 1419 animi
641 1397 764 1419 naturam
775 1392 805 1403 ⁸*
817 1391 861 1417 in-
888 1421 890 1430 Ι

59 1426 221 1463 telligentes,
234 1429 261 1455 in
267 1437 350 1464 quam
361 1429 474 1465 figuram
485 1429 580 1456 cadere
591 1434 694 1465 posset:
708 1429 742 1455 de
752 1437 807 1464 quo
817 1428 861 1454 di-

59 1473 118 1491 cam
129 1465 257 1500 equidem
268 1466 359 1501 paullo
370 1471 439 1502 post.
473 1468 515 1494 24.
537 1467 615 1494 Nunc
629 1472 718 1494 autem
730 1466 860 1493 hactenus

60 1501 214 1529 admirabor
224 1511 317 1529 eorum
329 1504 490 1535 tarditatem.
506 1505 554 1539 qui
566 1505 739 1534 animantem,
749 1505 861 1530 immor·
882 1527 883 1534 ,

61 1539 150 1570 talem,
160 1544 185 1566 et
195 1540 322 1567 eumdem
334 1541 452 1572 beatum,
461 1541 607 1568 rotundum
614 1550 673 1568 esse
684 1541 778 1571 velint,
787 1540 860 1576 quod

59 1585 90 1603 ea
102 1576 185 1603 forma
197 1577 280 1604 ullam
293 1583 372 1615 neget
382 1587 441 1606 esse
453 1578 635 1614 pulchriorem
645 1578 729 1606 Plato.
763 1579 797 1605 At
808 1579 861 1604 mi-

61 1614 89 1640 lii
100 1614 142 1641 vel
153 1614 284 1651 cylindri,
300 1616 343 1642 vel
354 1617 493 1651 quadrati,
507 1616 550 1643 vel
561 1617 636 1647 coni.
654 1616 696 1643 vel
709 1615 860 1652 pyramidis

61 1651 168 1678 videtur
178 1660 238 1678 esse
250 1651 399 1680 formosior.
439 1654 513 1686 Quae
529 1662 593 1681 vero
608 1655 662 1680 vita
674 1654 804 1681 tribuitur
815 1654 859 1680 isti

60 1688 174 1716 rotundo
198 1689 266 1716 deo‘?
286 1691 403 1726 Nempe,
426 1696 457 1718 ut
476 1700 506 1718 ea
526 1691 662 1718 celeritate
683 1696 860 1727 contorquea-

59 1731 116 1757 tur.
134 1727 179 1753 cui
193 1735 241 1762 par
256 1727 330 1754 nulla
346 1736 379 1754 ne
390 1729 502 1764 cogitari
513 1728 625 1764 quidem
637 1729 736 1764 possit:
755 1729 782 1755 in
794 1737 858 1764 qua,

59 1772 112 1790 non
124 1763 213 1795 video,
230 1764 341 1792 ubinam
354 1774 431 1792 mens
442 1771 567 1793 constans
578 1771 604 1793 et
618 1767 672 1793 vita
684 1766 760 1793 beata
774 1767 860 1801 possit

59 1801 197 1828 insistere:
219 1802 348 1838 quodque
364 1803 391 1830 in
408 1809 497 1830 nostro
511 1812 636 1839 corpore.
658 1804 682 1830 si
698 1804 811 1830 minima
826 1812 860 1830 ex

59 1842 133 1873 parte
143 1839 321 1875 significetur.
333 1839 476 1867 molestum
488 1842 532 1872 sit,
540 1849 589 1868 cur
601 1841 650 1868 hoc
662 1841 734 1868 idem
746 1850 798 1868 non
811 1841 860 1867 ha-

60 1875 155 1902 beatur
170 1876 312 1903 molestum
330 1878 357 1904 in
371 1877 441 1905 deo?
462 1878 542 1905 Terra
557 1879 630 1905 enim
641 1878 772 1914 profecto,
790 1887 860 1914 quo-

60 1913 133 1939 niam
144 1913 240 1939 mundi
251 1922 313 1948 pars
324 1919 377 1945 est,
399 1923 462 1950 pars
472 1921 513 1942 est
522 1916 603 1942 etiam
617 1915 672 1942 dei.
711 1916 795 1951 Atqui
807 1922 860 1943 ter-

60 1958 104 1976 rae
123 1950 256 1977 maximas
282 1952 406 1987 regiones
426 1952 620 1979 inhabitabiles
639 1957 720 1988 atque
743 1953 859 1980 incultas

60 1986 200 2018 videmus,
221 1988 294 2023 quod
309 1997 371 2023 pars
386 1997 479 2016 earum
493 1989 611 2025 appulsu
632 1990 698 2016 solis
717 1992 857 2021 exarserit.

60 2033 122 2059 pars
136 2024 286 2061 obriguerit
301 2027 363 2052 nive
379 2027 545 2062 pruinaque,
562 2026 710 2063 longinquo
721 2028 786 2054 solis
797 2028 860 2055 abs-

59 2070 151 2094 cessu;
175 2070 258 2097 quae.
280 2063 304 2089 si
320 2063 440 2090 mundus
459 2069 500 2091 est
518 2063 600 2095 deus,
622 2065 751 2100 quoniam
771 2070 860 2100 partes

59 2099 155 2126 mundi
166 2104 230 2126 sunt
238 2120 244 2130 .
261 2099 306 2127 dei
317 2100 437 2128 membra
448 2102 546 2137 partim
556 2101 677 2129 ardentia
685 2123 691 2134 ,
708 2103 806 2138 partim
818 2111 861 2129 rt.h

60 2136 185 2173 srigerata
199 2137 314 2164 dicenda
324 2142 398 2165 sunt.

114 2175 157 2201 25.
173 2175 260 2209 Atque
272 2174 337 2202 haec
347 2175 459 2211 quidem
471 2180 569 2206 vestra.
582 2176 680 2203 Lucili.
705 2175 801 2209 Qualia
813 2185 861 2203 vc.k

59 2219 88 2238 ro
98 2211 162 2242 sint.
175 2211 209 2238 ab
221 2211 316 2239 ultimo
327 2218 444 2248 repetam
455 2214 637 2248 superiorum.
678 2213 775 2240 Thales
786 2215 859 2241 enim

58 2248 191 2280 Milesius.
207 2249 859 2287 quiprimusdetalibusrebusquaesivit‚aquam

58 2285 129 2313 dixit
139 2294 198 2313 esse
210 2287 318 2313 initium
331 2295 436 2318 rerum.
453 2287 535 2314 deum
550 2293 640 2315 autem
655 2297 714 2315 eam
729 2294 857 2319 mentem,

58 2331 128 2358 quae
138 2331 173 2350 ex
183 2332 253 2359 aqua
263 2329 358 2351 cuncta
374 2324 496 2360 fingeret.
536 2325 564 2352 Si
575 2324 614 2352 dii
626 2331 740 2361 possunt
750 2335 809 2353 esso
820 2327 859 2353 si—

58 2368 92 2387 ne
102 2369 198 2392 sensu,
216 2369 266 2388 cur
275 2370 361 2397 aquae
372 2367 489 2388 mentam
497 2362 507 2374 ·
519 2362 643 2390 adiunxit
651 2383 657 2394 ,
673 2364 697 2390 si
713 2364 771 2398 ipsa
782 2372 859 2390 mens

58 2402 180 2425 constare
194 2403 282 2433 potest
297 2407 395 2425 vacans
410 2399 538 2434 corporo?
557 2400 753 2427 Anaximandri
768 2406 858 2428 autem

58 2435 150 2470 opinio
161 2440 214 2466 est,
229 2436 333 2463 nativos
344 2444 404 2463 esse
415 2436 480 2463 deos
488 2457 494 2467 ,
508 2436 596 2472 longis
608 2437 758 2464 intervallis
768 2438 859 2464 orien-

58 2476 99 2498 tes
108 2472 324 2509 occidentesque.
333 2474 654 2509 eosqueinnumerabiles
660 2483 720 2501 esse
731 2475 856 2501 mundos.

58 2508 112 2535 Sed
124 2517 172 2536 nos
182 2509 274 2542 deum,
287 2511 341 2537 nisi
351 2512 558 2546 sempiternum,
572 2511 724 2547 intelligere
734 2514 782 2547 qut
796 2521 859 2547 pos-

57 2545 173 2572 sumus?
184 2548 227 2574 26.
240 2547 302 2575 Post
312 2548 494 2575 Anaximenes
505 2550 564 2575 aera
575 2548 658 2575 deum
669 2550 771 2579 statuit.
780 2558 859 2575 eum-

57 2591 112 2619 que
125 2583 202 2619 gigni
217 2592 333 2620 esseque
348 2586 513 2613 immensum
528 2591 555 2612 et
565 2586 703 2613 inlinitum
714 2591 740 2613 et
750 2594 859 2621 semper

59 2621 86 2647 in
98 2625 186 2648 motu:
202 2623 281 2657 quasi
296 2627 342 2650 aut
355 2624 400 2650 aar
413 2624 472 2650 sine
484 2623 538 2650 ulla
550 2623 634 2650 forma
645 2623 714 2650 deus
724 2632 784 2650 eaee
795 2632 858 2659 pos-

58 2658 102 2690 sit,
113 2666 200 2694 quum
210 2660 368 2695 praesertim
379 2659 461 2688 deum
473 2669 526 2688 non
538 2660 617 2688 modo
627 2660 783 2697 aliqua‚sed
794 2661 859 2697 pul·
878 2685 882 2695 ,

615 232 727 260 Saecula
738 241 810 259 nunc
820 232 863 258 di-
884 250 886 256 .

1647 128 1706 151 ito!

883 205 894 236 {¹
914 195 1048 221 cherrima
1059 196 1149 230 specie
1161 203 1220 221 esse
1230 195 1336 228 deceat;
1354 201 1461 222 autnon
1475 203 1567 222 omne.
1585 195 1657 230 quod
1669 204 1712 222 or-

884 262 886 268 ·
915 238 972 258 tum
984 233 1028 262 sit,
1044 232 1190 259 mortalitas
1201 238 1391 267 consequatur.
1431 233 1479 259 xl.
1494 233 1558 259 Inde
1570 234 1713 268 Anaxago-

884 278 886 299 ι
915 278 971 299 ras,
989 271 1036 304 qui
1053 271 1155 304 accepit
1170 270 1204 296 ab
1219 271 1386 296 Anaximene
1401 270 1588 305 disciplinam.
1607 271 1712 304 primus

884 311 887 335 l
914 308 1037 333 omnium
1049 316 1138 333 rerum
1150 307 1358 342 descriptionem
1370 312 1395 333 et
1411 307 1521 333 modum
1536 308 1634 334 mentis
1651 307 1713 333 inti-

884 338 887 376 ξ
915 345 986 370 uitae
1002 345 1029 370 vi
1045 353 1075 370 ac
1091 345 1192 371 ratione
1206 344 1344 380 designari
1355 350 1379 371 et
1391 345 1485 371 confici
1498 345 1597 371 voluit:
1620 346 1647 371 in
1658 353 1713 379 quo

884 385 887 400 ¹
915 390 968 407 non
980 381 1061 411 vidit,
1085 390 1172 416 neque
1186 387 1288 408 motum
1300 383 1393 408 sensui
1405 383 1526 408 iunctum
1537 387 1562 408 et
1573 383 1714 408 continen-

915 423 969 444 tem
983 419 1011 445 in
1022 419 1128 445 inlinito
1135 419 1221 445 ullum
1232 427 1291 444 esse
1303 428 1390 454 posse,
1405 428 1492 454 neque
1503 428 1613 445 sensum
1624 419 1714 445 omni-

916 464 963 482 no.
986 464 1040 490 quo
1061 465 1112 482 non
1131 457 1190 490 ipsa
1205 462 1300 482 natura
1316 456 1393 491 pulsa
1410 458 1529 483 sentiret.
1569 456 1671 482 Deinde
1689 457 1714 482 si

916 498 1032 519 mentem
1049 494 1127 519 istam
1143 494 1221 528 quasi
1236 493 1334 520 animal
1351 493 1461 528 aliquod
1477 502 1535 520 esse
1547 494 1646 521 voluit.
1663 494 1714 520 erit

885 533 887 575 ί
915 530 1020 565 aliquid
1032 531 1196 559 interius,ex
1209 539 1263 565 quo
1275 530 1342 557 illud
1353 531 1452 557 animal
1465 532 1626 557 nominetur.
1641 530 1713 563 Quid

885 582 887 604 ᾗ
916 573 1005 594 autem
1017 568 1131 594 interius
1148 568 1254 594 mente?
1272 568 1401 604 cingatur
1412 569 1494 603 igitur
1505 577 1613 603 corpore
1625 574 1714 594 exter-

885 618 894 634 μ
916 614 959 631 no.
1000 606 1042 631 Ξῖ.
1063 604 1140 637 Quod
1151 606 1280 640 quoniam
1292 614 1344 631 non
1356 605 1455 640 placet.
1479 611 1568 640 aperta
1580 605 1713 640 simplex—

915 651 967 677 que
979 651 1064 672 mens,
1078 642 1150 669 nulla
1164 651 1190 668 re
1202 642 1336 672 adiuncta.
1352 652 1405 677 qua
1417 644 1515 669 sentire
1528 644 1621 677 possit,
1636 643 1714 678 iuge-

915 688 942 705 ro
955 679 1148 715 intelligentiae
1159 685 1264 706 nostrae
1276 681 1331 706 vim
1339 686 1362 706 et
1370 682 1504 707 notionem
1512 680 1629 706 videtur.
1649 680 1714 707 Cro-

915 718 1029 743 toniates
1040 722 1129 743 autem
1142 717 1279 745 Alcmaeo.
1295 718 1343 752 qui
1355 717 1405 743 soli
1417 723 1441 744 ct
1454 717 1532 743 lunae
1545 718 1713 752 reliquisque

884 755 886 782 !
915 754 1060 783 sideribus,
1074 755 1218 789 animoque
1230 760 1365 789 praeterea
1377 755 1546 781 divinitatem
1559 755 1646 782 dedit.
1661 763 1712 781 uon

914 793 1012 821 sensit,
1034 800 1093 817 sese
1114 791 1274 817 mortalibus
1294 792 1376 818 rebus
1396 792 1621 818 immortalitatem
1637 792 1711 818 dare.

884 821 886 866 i
914 829 981 855 Nam
993 829 1165 865 Pythagoras,
1179 830 1227 863 qui
1238 830 1356 856 censuit.
1373 830 1494 855 animum
1506 838 1565 855 esse
1577 838 1624 864 per
1636 835 1714 855 natu—

884 867 886 907 y
914 875 969 893 ram
982 875 1071 892 rerum
1083 875 1190 893 omnem
1203 867 1335 892 intentum
1347 871 1371 892 et
1387 872 1596 895 commeantem,
1615 875 1648 893 ex
1659 875 1713 901 quo

913 904 997 930 nostri
1013 904 1097 930 animi
1113 909 1299 938 carperentur.
1316 912 1367 930 uon
1379 904 1462 930 vidit.
1478 904 1650 930 distractione
1663 904 1714 930 hu-

914 950 1054 968 manorum
1076 942 1228 968 animorum
1248 940 1366 975 discerpi
1387 946 1412 968 et
1434 941 1543 968 lacerari
1559 941 1654 968 deum.
1678 947 1712 969 et.

914 988 1000 1014 quum
1011 980 1104 1005 miseri
1116 979 1198 1005 animi
1215 984 1317 1014 essent.
1334 978 1406 1013 quod
1423 978 1560 1013 plerisque
1574 980 1714 1014 continge·

913 1022 962 1047 ret,
975 1022 1032 1043 tum
1043 1016 1088 1043 dei
1099 1021 1202 1051 partem
1213 1024 1272 1042 esse
1284 1017 1424 1042 miseram:
1447 1016 1520 1051 quod
1535 1016 1591 1042 lieri
1603 1025 1654 1043 non
1667 1025 1714 1051 po-

883 1048 885 1082 l
914 1059 974 1080 test.
1015 1056 1057 1080 28.
1073 1054 1127 1081 Cur
1138 1059 1228 1080 autem
1239 1053 1390 1088 quidquam
1404 1054 1535 1089 ignoraret
1547 1054 1654 1080 animus
1667 1054 1715 1079 lio-

913 1092 1006 1121 minis.
1019 1092 1043 1118 si
1053 1096 1124 1118 esset
1135 1090 1222 1117 deus'?
1241 1091 1380 1123 Quomodo
1392 1100 1470 1126 porro
1481 1091 1548 1117 deus
1561 1092 1620 1119 iste.
1637 1092 1659 1117 si
1673 1092 1715 1117 ni-

913 1129 952 1155 hil
964 1134 1035 1156 esset
1049 1130 1102 1155 nisi
1117 1129 1239 1157 animus.
1257 1134 1301 1155 aut
1317 1129 1418 1155 infixus
1430 1134 1474 1155 aut
1487 1129 1594 1155 infusus
1605 1134 1674 1154 esset
1687 1129 1714 1154 in

890 1167 891 1190 l
913 1166 1032 1193 mundo?
1055 1167 1123 1193 Tum
1136 1166 1326 1201 Xenophanes.
1339 1167 1388 1201 qui
1400 1172 1487 1192 mente
1499 1166 1625 1192 adiuncta
1636 1175 1714 1192 omne

890 1222 891 1235 ¹
913 1209 1058 1239 praeterea.
1072 1203 1146 1239 quod
1157 1209 1227 1230 esset
1239 1203 1375 1230 inlinitum
1384 1224 1390 1234 ,
1402 1203 1484 1230 deum
1496 1203 1581 1230 voluit
1593 1212 1666 1233 esse.
1680 1203 1713 1230 de

913 1243 971 1277 ipsa
983 1247 1071 1268 mente
1084 1243 1147 1268 item
1159 1241 1374 1276 reprehenditur.
1388 1246 1417 1268 ut
1427 1242 1523 1268 ceteri:
1537 1241 1570 1267 de
1584 1241 1714 1267 infinitate

912 1285 1002 1306 autem
1011 1279 1208 1309 vehementius,
1218 1279 1303 1313 inqua
1317 1278 1385 1305 nihil
1397 1287 1484 1314 neque
1496 1280 1614 1305 sentiens
1626 1287 1714 1313 neque

888 1328 891 1349 q
912 1318 1087 1343 coniunctum
1103 1321 1189 1351 potest
1209 1324 1280 1342 esse.
1321 1316 1388 1342 Nam
1409 1316 1582 1342 Parmenides
1602 1315 1714 1351 quidem

911 1355 1127 1381 commentitium
1144 1353 1275 1388 quiddam
1291 1362 1403 1380 coronae
1419 1353 1600 1380 similitudine
1615 1353 1712 1379 esticit:

911 1392 1064 1427 Stephanen
1085 1391 1202 1426 appellat
1221 1391 1374 1417 continente
1394 1391 1487 1417 ardore
1499 1392 1509 1402 ⁸
1525 1390 1594 1417 lucis
1609 1391 1712 1418 orbem.

888 1441 890 1449 v
911 1431 959 1464 qui
973 1430 1058 1465 cingit
1072 1429 1192 1457 caelum:
1210 1437 1292 1464 quem
1309 1428 1425 1464 appellat
1441 1428 1536 1454 deum:
1555 1429 1582 1454 in
1598 1437 1652 1463 quo
1667 1436 1715 1454 ne-

882 1459 891 1524 ,i
911 1476 965 1502 que
976 1466 1090 1502 figuram
1104 1466 1236 1495 divinam,
1245 1475 1333 1501 neque
1344 1475 1456 1492 sensum
1467 1467 1614 1501 quisquam
1622 1467 1715 1500 suspi-

911 1505 966 1531 cari
978 1509 1078 1539 potest:
1102 1504 1242 1539 multaque
1258 1503 1381 1530 eiusdem
1398 1509 1530 1531 monstra:
1547 1504 1649 1538 quippe
1665 1503 1714 1538 qui

882 1539 883 1579 J
912 1541 1030 1572 bellum,
1048 1542 1096 1576 qui
1111 1541 1290 1571 discordiam,
1313 1542 1360 1576 qui
1379 1541 1556 1576 cupiditatem
1571 1546 1714 1575 ceteraque

882 1590 883 1598 ¹
911 1580 1019 1615 generis
1035 1578 1159 1605 eiusdem
1176 1579 1209 1605 ad
1225 1578 1307 1605 deum
1324 1584 1443 1605 revocat:
1468 1587 1537 1613 quae
1554 1577 1595 1604 vel
1610 1577 1712 1606 morbo-

912 1616 954 1643 vel
967 1625 1074 1647 somno,
1092 1616 1134 1642 vel
1145 1616 1298 1646 oblivione.
1317 1615 1358 1642 vel
1371 1621 1502 1642 vetustate
1513 1615 1650 1642 delentur:
1669 1623 1714 1642 ea-

912 1654 1029 1689 demque
1041 1653 1074 1680 de
1085 1654 1237 1680 sideribus:
1260 1662 1344 1688 quae,
1362 1653 1524 1688 reprehensa
1541 1655 1594 1679 iam
1611 1654 1638 1679 in
1649 1651 1712 1680 alio.

912 1692 939 1718 in
951 1692 1001 1718 hoc
1011 1692 1178 1718 omittantur.
1200 1691 1259 1717 xit.
1276 1693 1317 1718 29.
1334 1690 1510 1726 Empedocles
1521 1689 1714 1718 auteni.multa

912 1729 963 1755 alia
980 1737 1108 1764 peccans.
1131 1730 1158 1755 in
1169 1728 1282 1755 deorum
1293 1729 1421 1764 opinione
1433 1729 1591 1763 turpissime
1603 1727 1712 1754 labitur.

911 1766 1042 1799 Quattuor
1053 1767 1125 1793 enim
1137 1771 1254 1796 naturas,
1263 1774 1297 1792 ex
1307 1766 1410 1801 quibus
1419 1766 1509 1792 onmia
1516 1771 1637 1792 constare
1644 1764 1712 1793 vult.

911 1803 1020 1830 divinas
1031 1812 1091 1830 esse
1101 1809 1193 1830 censet
1201 1824 1207 1833 .
1219 1812 1288 1838 quas
1299 1809 1323 1830 et
1337 1804 1410 1830 nasci
1422 1808 1447 1829 et
1458 1803 1597 1838 exstingui
1608 1803 1714 1838 perspi-

911 1850 994 1868 cuum
1005 1846 1054 1872 est.
1067 1846 1093 1868 et
1103 1850 1186 1867 sensu
1197 1841 1270 1868 omni
1283 1849 1380 1867 carere.
1406 1841 1460 1867 Nec
1472 1849 1535 1867 vero
1547 1841 1712 1875 Protagoras,

911 1879 960 1914 qui
970 1887 1030 1905 sese
1042 1884 1121 1914 negat
1131 1879 1243 1905 omnino
1257 1878 1291 1905 de
1307 1878 1361 1904 diis
1378 1878 1490 1908 habere.
1513 1877 1586 1913 quod
1602 1877 1712 1912 liqueat.

911 1917 975 1946 sint.
989 1925 1041 1943 non
1053 1915 1255 1951 siut,qualesve
1266 1916 1329 1946 sint.
1338 1915 1490 1951 quidquam
1502 1915 1611 1941 videtur
1621 1915 1654 1941 de
1667 1923 1714 1941 na-

912 1959 970 1981 tura
981 1953 1094 1980 deorum
1105 1954 1249 1989 suspicari.
1290 1952 1380 1986 Quid?
1399 1953 1580 1983 Democritus,
1596 1953 1713 1988 quitum

912 1992 1046 2027 imagines
1061 1999 1210 2026 earumque
1224 1991 1356 2018 circuitus
1372 1991 1399 2017 in
1415 1990 1526 2017 deorum
1543 1998 1656 2016 numero
1672 1998 1714 2016 re-

912 2028 971 2059 fert.
980 2034 1037 2055 tum
1050 2028 1124 2055 illam
1136 2034 1268 2058 naturam,
1277 2037 1346 2063 quae
1358 2029 1492 2064 imagines
1505 2027 1597 2054 fundat
1609 2036 1639 2053 ac
1650 2028 1714 2053 mit-

912 2071 961 2096 tat.
978 2071 1036 2092 tum
1047 2067 1189 2092 scientiam
1201 2065 1463 2101 intelligentiamque
1476 2070 1607 2095 nostram,
1626 2073 1713 2090 nonne

913 2104 939 2129 in
951 2104 1071 2129 maximo
1081 2111 1169 2129 errore
1180 2102 1320 2129 versatur?
1330 2102 1420 2135 Quum
1433 2102 1505 2129 idem
1516 2103 1634 2131 omnino,
1649 2102 1712 2136 quia

912 2139 981 2166 nihil
993 2148 1101 2175 semper
1111 2148 1161 2166 suo
1174 2145 1244 2166 statu
1260 2145 1378 2169 maneat.
1397 2145 1475 2175 neget
1491 2148 1550 2166 esse
1561 2139 1712 2174 quidquam

911 2177 1122 2212 sempiternum:
1146 2185 1234 2203 nonne
1249 2176 1331 2203 deum
1343 2177 1453 2203 omnino
1466 2177 1501 2203 ita
1513 2176 1594 2205 tollit.
1613 2182 1640 2202 ut
1651 2175 1713 2201 nul-

913 2214 965 2240 lam
976 2215 1132 2248 opinionem
1143 2215 1203 2240 eius
1215 2214 1347 2248 reliquam
1361 2213 1457 2240 saciat?
1475 2213 1566 2246 Quid?
1584 2222 1640 2240 aer.
1658 2221 1712 2247 quo

911 2250 1232 2287 DiogencsApolloniates
1244 2252 1328 2277 utitur
1339 2250 1398 2279 deo.
1411 2259 1493 2286 quem
1505 2259 1615 2277 sensum
1629 2250 1712 2276 habe-

911 2297 938 2315 re
950 2293 1046 2323 potest.
1059 2293 1105 2315 aut
1115 2297 1198 2323 quam
1211 2287 1323 2315 sormam
1334 2287 1397 2314 dei?
1426 2290 1467 2314 30.
1484 2289 1538 2314 lam
1549 2287 1582 2313 de
1595 2287 1712 2313 Platonis

912 2326 1090 2352 inconstantia
1116 2325 1226 2359 longum
1242 2330 1281 2351 est
1297 2324 1401 2350 dicere:
1427 2324 1475 2358 qui
1492 2324 1518 2349 in
1539 2322 1647 2347 Tinmco
1663 2328 1710 2354 pa-

911 2368 977 2390 trem
990 2363 1074 2389 liuius
1086 2362 1181 2389 mundi
1194 2361 1326 2388 nominari
1339 2365 1515 2395 negetposxse:
1531 2359 1556 2385 iu
1566 2359 1711 2391 legum-iu-

911 2406 963 2426 tcm
977 2400 1064 2430 libris.
1077 2399 1144 2435 quid
1155 2400 1190 2426 sit
1200 2399 1311 2426 omniuo
1320 2397 1398 2427 deus.
1406 2398 1514 2432 anquiri
1525 2402 1647 2431 oportere
1659 2406 1709 2423 uon

909 2442 1027 2464 censeat.
1052 2436 1130 2469 Quod
1143 2446 1206 2463 vcro
1217 2437 1276 2463 sine
1287 2443 1397 2470 corpore
1409 2434 1464 2461 ullo
1474 2434 1556 2460 deum
1570 2433 1627 2460 vult
1638 2442 1708 2463 esse.

910 2479 939 2501 ut
950 2475 1046 2501 Graeci
1057 2474 1161 2505 dicunt.
1174 2473 1330 2508 duranum-w
1350 2471 1377 2499 id
1389 2471 1468 2507 quale
1480 2475 1540 2497 esso
1552 2472 1649 2506 possit.
1668 2472 1710 2497 in-

910 2511 996 2547 telligi
1008 2520 1059 2538 nou
1071 2516 1171 2546 potest:
1188 2516 1277 2538 careat
1292 2511 1365 2536 enim
1376 2517 1458 2535 seusu
1475 2517 1584 2535 necesse
1595 2514 1649 2539 est,
1665 2517 1710 2535 ca-

910 2554 965 2575 rcat
979 2549 1060 2575 etiam
1077 2548 1234 2584 prudentia.
1251 2552 1339 2574 careat
1356 2546 1507 2581 voluptate:
1529 2554 1599 2581 quac
1618 2547 1709 2572 omnia

909 2594 962 2613 una
973 2594 1036 2612 cum
1046 2585 1158 2613 deorum
1171 2586 1278 2612 notione
1291 2583 1558 2619 comprehendimus.
1600 2583 1672 2610 ldcni
1684 2588 1710 2609 ct

909 2624 936 2650 in
948 2623 1058 2650 Timaeo
1067 2623 1133 2650 dicit
1147 2628 1172 2650 et
1184 2624 1211 2650 in
1223 2622 1340 2659 legibus,
1363 2627 1389 2648 ct
1400 2620 1534 2648 mundum
1544 2620 1626 2647 deum
1638 2629 1707 2650 csse.

908 2665 934 2688 et
944 2660 1062 2693 caelum,
1073 2666 1099 2689 et
1109 2666 1189 2692 astra.
1205 2665 1230 2688 et
1242 2665 1338 2687 terram
1347 2680 1353 2690 .
1366 2664 1391 2686 et
1402 2659 1520 2689 animos.
1533 2663 1559 2686 ct
1569 2667 1625 2688 eos.
1640 2666 1710 2694 quos
