1941 3052
804 127 858 150 tta.
892 123 926 149 M.

240 132 301 157 10ῗο

234 208 275 228 tus
294 203 341 228 sou.
361 208 456 231 mnf-rna
469 205 548 231 opert.-
565 196 664 222 laetari.
706 195 744 221 Ex
760 203 814 229 quo
831 194 871 223 fit.
896 199 923 220 ut
938 193 1025 221 alieno

235 238 303 264 „mlo
318 237 440 270 gaudent.
480 234 554 266 Quod
575 234 702 267 quoniam
719 241 770 258 uon
787 231 857 257 cndu
875 233 900 257 in
916 232 1025 265 natricu-

234 282 295 304 teui,
313 284 344 300 iu·
357 279 383 299 ut
397 275 523 298 irum-atur
533 269 644 304 quidem
656 269 737 295 cudit.
760 269 806 294 sin
819 273 907 294 autem
918 268 1026 295 caderet

235 313 260 339 in
274 312 419 345 sapit-ntem
433 307 694 340 negritiitlo,rndert·t
704 307 784 332 etiam
797 306 945 332 iracundia.
967 306 1024 337 Qua

233 350 358 384 quoniam
373 350 453 373 νεα-ιιι,
468 344 635 377 aegritudine
646 345 725 369 ctiam
739 343 852 369 vacabit.
900 344 941 369 20.
964 343 1025 369 Ete-

234 388 287 412 uiui
301 386 322 410 si
335 384 441 418 sapit-us
454 383 479 407 iu
492 380 687 415 aegritudinem
704 380 822 406 incidere
838 385 939 414 posset:
963 389 1025 414 pos-

233 428 271 448 :wt
291 422 369 447 etiam
393 421 417 445 iu
441 418 664 447 misericordiam,
687 422 777 452 possm
793 418 818 443 in
837 417 1022 443 invidt-utinm.

234 460 287 484 Nun
301 458 357 483 dixi
371 456 509 484 invidiam,
519 464 587 490 quae
599 460 654 481 tum
667 460 714 484 est,
728 463 813 489 quum
827 454 976 480 invidetur:
991 454 1024 480 ab

234 494 377 521 invidt-udo
389 498 475 519 milvii}
490 492 636 519 invidentia
649 496 717 518 recte
728 491 782 518 dici
794 496 892 526 potest,
916 496 944 517 ut
957 491 1025 517 effu—

231 531 501 566 giamusauiliiguum
510 538 604 556 nomen
619 529 749 560 invidiae,
763 528 835 563 quod
849 528 961 554 verbum
973 528 1026 554 du-

231 575 302 595 ctum
315 574 353 594 est
365 578 377 594 a
391 568 471 594 nimis
484 566 612 593 intuendo
624 566 756 593 fortunam
766 565 890 597 alterius,
908 570 938 592 ut
947 570 987 592 est
998 566 1023 591 in

233 606 393 640 Melanippa,

267 658 303 662 —
313 658 347 662 —
362 644 483 674 Qtu'mmm
495 643 580 674 (lor-eut
592 642 697 667 litterum
711 640 802 666 inmittit
816 638 914 665 metim?

231 681 297 706 Male
309 680 400 706 Latino
413 678 574 710 videtur,se‹l
595 677 845 712 praeclareAccius:
860 681 888 702 ut
899 684 970 702 enim
984 676 1025 702 vi—

230 717 302 746 dore,
325 718 363 743 sic
387 716 506 742 invidere
522 715 612 742 liorem
630 715 742 744 rectius.
766 722 847 749 quam
863 712 930 739 ssori.
971 714 1024 739 Nos

230 754 424 781 consuetudine
437 753 624 787 prohibemur:
644 756 719 786 pocta
734 751 776 777 ius
790 759 871 777 suum
884 751 982 780 tenuit,
999 755 1025 776 et
1045 753 1047 759 “

231 792 300 818 dixit
315 791 453 817 audacius.
495 790 529 816 X.
553 791 592 816 21.
615 789 692 815 Cadit
707 789 789 824 igitur
810 789 836 814 in
857 787 982 814 eumdem
998 792 1025 813 et

230 829 352 855 misereri
368 833 393 854 et
409 827 539 854 invidere.

230 866 360 895 adversis,
370 865 439 891 idem
451 864 566 890 alicuius
578 865 657 890 etiam
668 863 796 889 secundis
807 862 890 888 dolet:
904 862 1025 889 utTheo-
1046 882 1047 891 ,

230 904 370 938 plirastus,
387 903 523 928 interitum
535 901 678 935 deplorans
689 900 847 927 Callistheni
859 899 959 925 sodalis
970 899 1022 929 sui,

231 941 312 967 rebus
323 939 467 966 Alexandri
481 939 615 973 prosperis
627 938 748 973 angitur:
766 938 856 972 itaque
867 936 933 963 dicit
943 936 1026 964 Calli-

230 978 352 1004 sthenem
370 976 497 1003 incidisse
514 977 539 1002 in
557 976 692 1002 bominem
704 983 809 1001 summa
823 975 938 1009 potentia
949 982 1025 1000 sum-

231 1023 328 1050 maque
341 1014 457 1042 fortuna,
475 1013 522 1039 scd
543 1014 679 1048 ignarum,
697 1011 926 1047 quemadmodum
943 1011 1024 1037 rebus

229 1051 358 1078 secundis
369 1052 407 1077 uti
418 1051 582 1077 conveniret.
609 1050 690 1085 Atqui
702 1048 932 1084 quemadmodum
942 1049 1024 1075 mise-

230 1089 343 1116 ricordia
360 1088 499 1123 aegritudo
515 1092 555 1114 est
568 1096 601 1114 ex
613 1087 722 1113 alterius
735 1087 815 1113 rebus
826 1086 962 1112 adversis:
985 1086 1024 1111 sic
1046 1090 1047 1096 ¹

230 1125 378 1152 invidentia
401 1125 540 1161 aegritudo
559 1130 599 1151 est
614 1134 647 1151 ex
662 1124 773 1151 alterius
788 1123 869 1150 rebus
884 1123 1022 1150 secundis.

231 1164 258 1189 In
270 1171 351 1197 quem
365 1163 447 1197 igitur
457 1162 528 1189 cadit
544 1163 679 1192 misereri,
702 1162 728 1188 in
744 1161 870 1188 eumdem
886 1161 965 1187 etiam
982 1161 1024 1186 in-

230 1200 329 1226 videre.
363 1201 420 1226 Non
431 1200 502 1226 cadit
513 1205 601 1226 autem
615 1199 734 1225 invidere
746 1199 773 1225 in
785 1199 948 1233 sapientem:
961 1206 1024 1233 ergo

230 1246 262 1264 ne
275 1238 395 1263 misereri
406 1237 527 1271 quidem.
569 1236 646 1269 Quod
657 1237 680 1263 si
691 1244 770 1271 aegre
782 1235 849 1262 serre
860 1236 968 1270 sapiens
981 1244 1025 1261 so—

231 1274 308 1303 leret,
326 1275 446 1300 misereri
463 1275 541 1301 etiam
558 1274 663 1301 soleret.
706 1273 788 1300 Abest
803 1281 865 1308 crgo
879 1281 892 1298 a
904 1273 1024 1307 sapiente

229 1311 378 1348 aegritudo.

284 1350 326 1375 22.
349 1349 418 1375 Ilaec
433 1349 472 1375 sic
486 1348 614 1375 dicuntur
629 1357 643 1375 a
659 1347 757 1374 Stoicis
772 1346 1025 1381 concludunturque

229 1387 384 1413 contortius.
430 1386 482 1412 Sed
498 1385 577 1412 latius
588 1384 726 1420 aliquanto
736 1384 850 1410 dicenda
862 1389 925 1410 sunt
936 1389 962 1410 et
971 1383 1026 1410 dif-

230 1423 331 1449 susius:
343 1424 484 1449 sententiis
496 1428 583 1450 tamen
594 1422 725 1449 utendum
736 1430 828 1448 eorum
840 1422 1023 1456 potissimum,

229 1461 277 1495 qui
288 1461 404 1487 maxime
416 1460 476 1487 sorti
487 1465 521 1491 et,
535 1465 563 1486 ut
575 1461 609 1486 ita
621 1459 719 1490 dicam,
733 1459 806 1485 virili
821 1463 934 1486 utuntur
945 1459 1025 1485 ratio-

229 1506 262 1523 ne
274 1502 352 1533 atque
363 1498 504 1524 sententia.
545 1498 612 1523 Nam
626 1497 805 1532 Peripatetici,
820 1496 966 1522 familiares
978 1504 1026 1522 no-

229 1535 290 1565 stri,
308 1535 409 1569 quibus
426 1535 493 1561 nihil
509 1539 549 1561 est
564 1534 689 1565 uberius,
708 1533 776 1560 nihil
791 1533 938 1563 eruditius,
956 1532 1025 1559 nihil

228 1573 353 1607 gravius,
371 1572 569 1598 mediocritates
587 1571 628 1598 vel
648 1571 880 1606 perturbationum
896 1570 938 1596 vel
954 1579 1026 1597 mor-

230 1609 325 1636 borum
347 1609 430 1635 animi
451 1609 519 1635 mihi
540 1617 592 1635 non
607 1617 671 1635 sane
687 1608 810 1643 probant.
851 1607 937 1634 Omne
952 1608 1024 1634 enim

230 1646 341 1677 malum,
353 1647 431 1672 etiam
444 1646 588 1677 mediocre,
602 1654 730 1681 magnum
741 1650 791 1672 est.
832 1645 886 1672 Nos
897 1649 985 1671 autem
998 1644 1025 1671 id

229 1684 345 1718 agimus,
361 1687 391 1710 ut
401 1683 428 1709 id
439 1684 466 1709 in
476 1683 596 1717 sapiente
608 1683 714 1709 nullum
726 1683 761 1709 sit
770 1683 890 1709 omnino.
919 1682 985 1708 Nam
997 1686 1026 1716 ut

229 1728 340 1754 corpus,
358 1721 437 1747 etiam
453 1721 477 1747 si
489 1720 659 1746 mediocriter
669 1728 780 1755 aegrum
794 1724 848 1750 est,
865 1727 962 1745 sanum
974 1727 1025 1745 non
1046 1734 1048 1750 ;

229 1762 282 1783 est:
296 1758 335 1783 sic
347 1758 373 1783 in
385 1758 474 1784 animo
486 1758 535 1783 ista
547 1757 718 1783 mediocritas
729 1761 800 1783 caret
810 1757 932 1783 sanitate.
975 1757 1026 1782 lta-

230 1802 282 1829 que
294 1794 427 1828 praeclare
439 1795 531 1825 nostri,
544 1794 635 1821 utalia
647 1794 740 1824 multa,
749 1793 910 1824 molestiam,
923 1792 1026 1819 sollici-

230 1831 365 1862 tudinem,
383 1840 524 1867 angorem,
543 1836 651 1866 propter
663 1830 872 1857 similitudinem
883 1838 1025 1864 corporum

230 1877 380 1903 aegrorum,
394 1868 589 1904 aegritudinem
601 1869 819 1894 nominaverunt.
841 1869 882 1894 23.
900 1868 952 1893 Hoc
964 1875 1026 1901 pro-

230 1905 376 1939 pemodum
387 1906 469 1931 verbo
476 1905 571 1932 Graeci
581 1913 689 1931 omnem
701 1905 785 1931 animi
797 1904 1025 1939 perturbationem

230 1941 374 1976 appellant.
420 1943 520 1968 Vocant
530 1942 602 1968 enim
613 1941 713 1972 πάθος,
727 1942 754 1968 id
765 1946 805 1968 est
816 1941 950 1972 morbum,
963 1941 1026 1976 qui-

230 1987 347 2013 cumque
363 1983 403 2005 est
418 1984 506 2005 motus
523 1979 550 2005 in
563 1979 653 2005 animo
668 1979 804 2005 turbidus
845 1979 898 2005 Nos
910 1978 1022 2005 melius:

231 2017 318 2051 aegris
329 2017 401 2042 enim
411 2016 568 2051 corporibus
579 2015 719 2042 simillima
730 2021 770 2042 est
779 2017 862 2042 animi
874 2015 1023 2051 aegritudo.

230 2054 263 2080 At
274 2062 326 2080 non
337 2053 436 2079 similis
451 2054 638 2089 aegrotationis
654 2058 695 2080 est
710 2053 807 2084 libido,
827 2062 879 2079 non
892 2053 1025 2079 immode-

230 2095 284 2117 rata
299 2090 406 2121 laetitia,
419 2099 488 2125 quae
499 2095 539 2117 est
551 2090 674 2125 voluptas
685 2091 769 2117 animi
781 2090 847 2117 elata
857 2095 883 2117 et
893 2091 1022 2126 gestiens.

230 2128 289 2162 Ipse
307 2128 387 2154 etiam
407 2133 494 2154 metus
518 2136 570 2154 non
585 2132 626 2154 est
646 2128 733 2154 morbi
748 2127 894 2154 admodum
914 2127 1022 2159 similis,

229 2173 394 2200 quamquam
406 2165 569 2201 aegritudini
580 2169 621 2191 est
631 2164 776 2191 finitimus:
793 2165 841 2191 sed
856 2165 977 2200 proprie,
995 2169 1025 2192 ut

229 2202 373 2237 aegrotatio
387 2203 414 2228 in
429 2210 551 2236 corpore,
568 2202 608 2228 sic
623 2202 763 2238 aegritudo
779 2203 806 2229 in
821 2203 911 2229 animo
925 2211 1023 2229 nomen

229 2239 310 2266 habet
325 2247 377 2266 non
391 2241 543 2266 seiunctum
559 2248 574 2266 a
589 2238 689 2266 dolore.
729 2239 833 2266 Doloris
846 2240 930 2275 igitur
940 2239 1024 2266 huius

228 2277 303 2311 origo
314 2276 392 2303 nobis
403 2276 562 2311 explicanda
577 2281 630 2308 est,
648 2276 674 2303 id
685 2281 726 2303 est
740 2285 837 2303 caussa
847 2276 967 2303 efficiens
979 2285 1024 2303 ae-

227 2313 394 2348 gritudinem
405 2315 432 2340 in
443 2315 542 2344 animo,
559 2318 695 2348 tamquam
706 2315 914 2350 aegrotationem
925 2314 953 2340 in
964 2322 1023 2340 cor—

228 2359 301 2384 pore.
341 2351 422 2381 Nam,
436 2356 466 2377 ut
476 2351 586 2382 medici,
600 2360 695 2378 caussa
708 2351 794 2378 morbi
806 2352 927 2382 inventa,
945 2359 1023 2377 cura-

228 2389 327 2414 tionem
338 2396 396 2414 esse
411 2389 547 2415 inventam
559 2393 665 2423 putant:
678 2389 718 2415 sic
728 2397 784 2419 nos,
798 2397 894 2415 caussa
903 2389 1023 2424 aegritu—

227 2424 300 2450 dinis
311 2431 422 2460 reperta,
434 2425 562 2452 medendi
572 2425 726 2452 facultatem
738 2426 914 2460 reperiemus.

281 2461 328 2488 XI.
349 2463 391 2489 24.
412 2463 459 2489 Est
474 2464 557 2499 igitur
571 2471 666 2489 caussa
677 2463 765 2489 omnis
776 2463 803 2489 in
814 2463 955 2497 opinione,
973 2471 1022 2489 uec

228 2505 290 2523 vero
301 2499 476 2534 aegritudinis
482 2499 580 2530 solum,
588 2500 721 2526 sedetiam
728 2499 893 2534 reliquarum
899 2500 1022 2526 omnium

227 2535 471 2568 perturbationum:
487 2545 556 2571 quae
567 2542 632 2563 sunt
640 2545 737 2572 genere
748 2542 883 2571 quattuor,
899 2537 1021 2571 partibus

226 2569 328 2605 plures.
368 2573 435 2599 Nam
450 2582 535 2608 quum
549 2575 638 2601 omnis
649 2573 813 2609 perturbatio
824 2575 859 2600 sit
869 2574 953 2600 animi
963 2582 1022 2600 mo-

227 2611 276 2649 tus·
286 2607 328 2634 vel
344 2610 452 2636 rationis
466 2619 576 2645 expers,
596 2610 640 2640 vel
656 2612 785 2638 rationem
800 2619 960 2646 aspernans,
977 2610 1020 2637 vel

228 2645 324 2671 rationi
338 2654 390 2672 non
405 2647 548 2679 obediens,
565 2649 644 2683 isque
658 2653 747 2675 motus
761 2653 807 2675 aut
821 2647 884 2674 boni
899 2653 946 2675 aut
955 2648 1020 2675 mali

581 827 646 852 Nam
666 827 714 861 qui
728 825 800 852 dolet
816 825 896 851 rebus
908 824 1025 851 alicuius
1046 846 1047 849 ,

961 123 991 150 T.
1022 123 1295 149 CICERONIS

1076 194 1201 227 opinione
1211 195 1319 220 citetur:
1334 193 1457 220 bilariam
1468 200 1593 229 quattuor
1599 195 1812 230 perturbationes
1822 205 1867 223 ae-

1075 231 1190 265 qualiter
1201 231 1360 257 distributae
1372 236 1444 258 sunt.
1466 232 1532 258 Nam
1543 232 1612 259 duae
1623 238 1685 259 »unt
1696 242 1729 259 ex
1741 234 1868 268 opinione

1078 268 1153 294 boni:
1176 276 1291 302 tiniarum
1311 268 1391 294 altera
1409 268 1530 303 voluptas
1543 270 1676 304 gestiens.
1694 270 1719 296 id
1735 275 1775 296 eut
1791 279 1867 304 prae-

1078 310 1115 331 tcr
1131 304 1239 331 moduni
1256 305 1323 331 elata
1340 305 1454 335 laetitia,
1471 307 1597 341 opinione
1613 308 1760 341 praeacuti»
1777 308 1869 341 magui

1076 342 1193 367 alicuius
1209 342 1286 372 boni:
1304 342 1398 371 altera,
1416 351 1485 377 quae
1501 348 1541 370 eat
1557 344 1729 371 immoderata
1741 344 1869 379 appetitio

1075 379 1176 413 opinati
1189 380 1279 414 inagui
1291 379 1364 409 boni,
1380 380 1474 406 rationi
1488 389 1540 406 non
1550 380 1751 416 obtemperans.
1769 381 1809 407 vel
1820 390 1868 407 cu-

1077 416 1175 450 piditas
1187 421 1255 442 recte
1268 416 1308 442 vel
1322 416 1406 442 libido
1416 417 1471 443 dici
1483 422 1578 452 [mmet.
1600 419 1642 444 25.
1659 418 1728 453 Ergo
1739 419 1804 445 haec
1815 418 1870 444 duo

1075 462 1182 486 genera,
1197 453 1319 487 voluptas
1330 454 1448 488 gestiens
1459 459 1484 480 et
1496 454 1589 485 libido,
1602 454 1732 482 bonorum
1742 457 1868 490 opinione

1076 490 1229 519 turbantur:
1244 495 1272 516 ut
1282 490 1336 516 duo
1348 490 1450 526 reliqua
1459 511 1465 522 ,
1481 496 1568 518 metus
1579 497 1604 518 et
1614 492 1767 527 aegritudo,
1784 492 1868 519 malo·

1076 536 1145 553 rum.
1185 527 1251 553 Nam
1263 532 1289 554 ct
1300 532 1386 554 metus
1397 529 1489 562 opinio
1500 529 1590 564 magni
1601 528 1665 556 mali
1677 529 1867 564 impendentis,

1076 569 1101 590 ct
1112 564 1251 599 aegritudo
1261 569 1301 590 est
1311 565 1402 599 opinio
1414 566 1505 601 magni
1519 565 1581 592 mali
1594 567 1741 600 praesentis
1750 587 1756 597 ,
1771 572 1797 593 et
1806 568 1869 601 qui-

1075 601 1136 627 dem
1149 610 1240 628 recens
1251 603 1342 636 opinio
1354 602 1414 629 talis
1426 603 1498 633 mali,
1515 608 1543 630 ut
1555 604 1581 629 in
1592 611 1624 629 eo
1635 608 1736 630 rectum
1748 603 1869 630 videatur

1075 647 1134 665 esse
1145 639 1222 674 angi:
1238 639 1263 664 id
1275 644 1364 665 autem
1376 645 1424 670 est,
1439 645 1467 666 ut
1479 641 1565 675 is,qui
1576 640 1800 675 doleat,oportere
1809 641 1869 675 opi-

1076 681 1153 702 netur
1164 685 1192 702 se
1203 675 1302 702 dolere.
1334 677 1379 702 llis
1390 682 1478 703 autem
1491 677 1746 712 perturbationibus,
1761 686 1831 712 quas
1843 679 1869 704 in

1077 714 1158 739 vitam
1171 713 1311 740 hominum
1322 713 1520 749 stultitiaquasi
1530 714 1662 749 quasdam
1673 714 1757 741 furias
1769 716 1871 742 immit-

1076 752 1106 777 tit
1117 755 1196 785 atquo
1213 751 1317 780 incitat,
1333 751 1461 778 omnibus
1473 752 1578 778 viribus
1589 757 1668 786 atque
1679 752 1778 786 opibus
1789 760 1870 787 repu-

1075 788 1213 823 gnandum
1225 793 1278 818 est,
1295 789 1318 814 si
1331 789 1455 815 volumus
1468 789 1530 819 lioc,
1547 788 1619 824 quod
1633 789 1726 815 datum
1737 795 1777 816 est
1789 790 1868 819 vitae.

1077 825 1220 860 tranquille
1236 825 1395 860 placideque
1412 826 1559 853 traducere.
1599 826 1650 853 Sed
1669 832 1770 853 ceteras
1787 826 1867 853 alias:

1077 871 1148 888 nunc
1159 862 1354 898 aegritudinem
1367 864 1389 889 si
1402 872 1556 898 possumus,
1564 863 1742 898 depellamus.
1763 864 1789 889 ld
1797 865 1870 890 enim

1076 901 1111 925 sit
1126 900 1306 934 propositum,
1324 900 1544 936 quandoquidem
1561 909 1618 926 eam
1635 906 1662 927 tu
1680 900 1766 927 videri
1781 901 1831 927 tibi
1843 901 1870 927 iu

1075 938 1224 971 sapientem
1235 937 1329 963 cadere
1340 937 1447 964 dixisti:
1462 937 1533 972 quod
1545 946 1595 973 ego
1606 937 1680 964 nullo
1691 938 1870 965 modoexisti-

1077 982 1133 1000 mo:
1152 979 1232 1000 taetra
1247 975 1318 1000 enim
1336 983 1377 1000 res
1392 980 1446 1005 est,
1465 976 1574 1006 misera,
1591 974 1773 1004 detestabilis,
1795 977 1870 1001 omni

1075 1012 1257 1042 contentione,
1276 1011 1357 1042 velis,
1376 1009 1452 1039 ut'ita
1463 1012 1565 1042 dicam,
1584 1013 1718 1047 remisque
1730 1012 1868 1048 fugienda.

1076 1049 1133 1075 XII.
1156 1050 1197 1075 26.
1219 1048 1312 1080 Qualis
1323 1049 1395 1075 enim
1408 1049 1457 1076 tibi
1472 1049 1516 1075 ille
1527 1049 1633 1076 videtur

1115 1086 1222 1112 Tantalo
1232 1089 1382 1119 proqndeus,
1389 1087 1476 1119 Pelope
1487 1090 1570 1117 vuitus,
1577 1089 1622 1120 qui
1631 1089 1758 1120 quondam
1768 1089 1785 1113 ά
1794 1095 1871 1112 socru

1113 1123 1240 1149 Oenomao
1254 1132 1312 1156 reqe
1323 1123 1519 1156 Hippodamiam
1531 1126 1613 1157 raptis
1623 1125 1744 1150 noctu-fat
1755 1123 1872 1157 nuptiis?

1076 1160 1146 1187 Iovis
1163 1161 1212 1186 iste
1235 1160 1347 1194 quidem
1368 1169 1514 1196 pronepos:
1543 1165 1631 1187 tanme
1651 1170 1715 1196 ergo
1737 1161 1868 1190 abiectus,

1077 1202 1185 1232 tamque
1197 1196 1314 1224 fractus?

1115 1235 1199 1261 Nolite
1210 1235 1318 1269 (inquit)
1332 1236 1440 1269 hospites
1450 1237 1485 1261 (ιιι
1496 1244 1534 1261 me
1543 1237 1627 1262 adire.

1114 1281 1143 1297 ne
1157 1275 1274 1305 contaqio'
1285 1281 1337 1298 mea
1350 1274 1428 1301 bouis,
1441 1275 1562 1299 umbrave
1571 1274 1649 1299 obsit:

1112 1324 1126 1329 ο
1136 1324 1149 1328 -
1161 1314 1232 1335 tantu
1244 1311 1282 1335 t-t's
1291 1312 1395 1336 sceleris
1406 1312 1432 1336 ιή
1443 1318 1549 1343 corpore
1561 1311 1654 1336 haer-et.

1076 1347 1115 1373 Tu
1133 1351 1170 1375 te.
1188 1346 1317 1381 Thyesta,
1334 1346 1490 1377 damnabis.
1509 1346 1673 1382 orbabisque
1690 1346 1748 1373 luce
1763 1351 1871 1382 propter

1077 1385 1132 1410 vim
1147 1384 1256 1410 sceleris
1270 1383 1370 1410 alieni‘?
1387 1384 1476 1416 Quid?
1496 1384 1574 1410 illum
1590 1384 1675 1411 filium
1692 1383 1763 1411 Solis
1783 1392 1870 1411 nonne

1077 1422 1160 1456 patris
1172 1422 1260 1455 ipsius
1272 1421 1330 1448 luce
1342 1421 1485 1457 indignum
1497 1420 1593 1456 putas?

1116 1459 1236 1492 Restiyeoe
1246 1461 1314 1484 oculi
1320 1469 1328 1484 :
1339 1462 1432 1492 corpus
1442 1462 1522 1485 macie
1531 1461 1662 1486 extabuit.-

1115 1497 1247 1522 lacrumae'
1253 1497 1374 1529 peredere
1383 1498 1487 1523 humore
1497 1499 1637 1529 exaanyun'a
1646 1504 1733 1529 genas,

1114 1535 1164 1559 situ
1177 1534 1294 1559 liventes.-
1309 1535 1390 1560 ὸάι-Ιια
1398 1535 1509 1566 paedore
1518 1535 1624 1560 horrida
1635 1538 1712 1567 atque

1114 1572 1215 1596 incensu
1227 1573 1338 1603 infuscat
1346 1574 1434 1603 pe'ctus
1444 1572 1533 1597 illuvie·
1540 1572 1669 1597 scabrum.

1077 1607 1146 1633 Ilaec
1162 1606 1245 1638 mala,
1266 1616 1282 1633 o
1297 1607 1456 1634 stultissime
1470 1608 1564 1638 Aeeta,
1587 1608 1646 1642 ipse
1661 1607 1710 1634 tibi
1730 1605 1869 1633 addidisti.

1077 1645 1135 1671 Non
1147 1645 1251 1671 inerant
1262 1645 1288 1670 in
1301 1644 1344 1670 his
1352 1665 1358 1675 ,
1375 1653 1444 1680 quae
1455 1645 1506 1671 tibi
1515 1652 1595 1671 casus
1607 1645 1758 1671 invexerat:
1773 1649 1800 1670 et
1809 1644 1871 1678 qui-

1076 1681 1138 1708 dem
1152 1682 1299 1708 inveterato
1314 1681 1396 1712 malo,
1414 1690 1499 1717 quum
1515 1686 1604 1708 tumor
1616 1681 1700 1708 animi
1710 1680 1868 1707 resedisset:

1076 1734 1113 1739 —
1123 1724 1163 1745 est
1176 1723 1265 1745 autem
1281 1719 1434 1754 aegritudo.
1452 1724 1482 1745 ιιι
1495 1718 1609 1749 docebo,
1626 1720 1654 1745 in
1669 1719 1795 1753 opinione
1806 1717 1870 1744 mali

1077 1757 1192 1782 recentis
1202 1770 1239 1775 —
1248 1755 1297 1782 sed
1308 1764 1411 1782 maeres
1421 1755 1547 1782 videlicet
1561 1756 1636 1790 regni
1651 1755 1800 1785 desiderio,
1817 1763 1870 1782 non

1077 1793 1157 1819 tiliae.
1192 1792 1268 1819 Illam
1279 1794 1351 1819 enim
1362 1793 1466 1823 oderas,
1481 1798 1507 1820 et
1518 1794 1575 1819 iure
1587 1792 1711 1819 sortasse:
1725 1800 1807 1828 regno
1817 1800 1870 1818 non

1077 1838 1162 1865 aequo
1181 1831 1271 1856 animo
1290 1830 1410 1857 carebas.
1450 1831 1497 1856 Est
1516 1835 1606 1856 autem
1621 1829 1766 1864 impudens
1782 1828 1870 1856 luctus

1077 1876 1195 1893 maerore
1208 1875 1236 1893 se
1247 1867 1428 1897 conficientis.
1449 1867 1523 1902 quod
1538 1868 1670 1902 imperare
1685 1875 1737 1893 non
1750 1866 1828 1892 liceat
1838 1865 1871 1892 li-

1077 1904 1159 1931 beris.
1199 1905 1242 1930 27.
1264 1905 1408 1940 Dionysius
1429 1904 1541 1939 quidem
1561 1909 1706 1940 tyn-annus.
1729 1903 1870 1939 Syracusis

1076 1941 1217 1976 expulsuS,
1231 1941 1353 1968 Corinthi
1363 1950 1461 1977 pueros
1471 1941 1598 1968 docebat:
1614 1949 1702 1976 usque
1712 1949 1744 1968 eo
1758 1941 1871 1975 imperio

1075 1987 1164 2005 carere
1180 1987 1232 2005 non
1248 1984 1359 2013 poterat.
1400 1979 1546 2014 Tarquinio
1561 1987 1624 2005 vero
1639 1978 1707 2014 quid
1726 1976 1871 2012 impuden—

1076 2017 1139 2046 tius,
1151 2016 1199 2050 qui
1211 2015 1313 2042 bellum
1323 2021 1427 2052 gereret
1437 2025 1499 2042 cum
1511 2017 1554 2046 iis,
1562 2017 1611 2051 qui
1621 2016 1682 2043 eius
1691 2023 1745 2042 non
1756 2014 1871 2041 tulerant

1075 2052 1250 2088 superbiam?
1270 2053 1308 2084 Is,
1325 2062 1411 2088 quum
1427 2054 1534 2080 restitui
1548 2054 1577 2080 in
1587 2061 1701 2088 regnum
1712 2061 1762 2080 nec
1772 2052 1870 2078 Veien—

1075 2092 1144 2117 tium
1156 2099 1205 2117 nec
1215 2090 1370 2117 Latinorum
1381 2091 1464 2118 armis
1475 2091 1615 2126 potuisset,
1623 2090 1722 2117 Cumas
1733 2098 1762 2116 se
1775 2093 1870 2116 contu-

1076 2127 1140 2154 lisse
1154 2127 1267 2158 dicitur,
1284 2128 1367 2163 inque
1383 2137 1414 2155 ea
1429 2128 1496 2155 urbe
1511 2128 1586 2155 senio
1597 2132 1623 2154 et
1633 2126 1802 2163 aegritudine
1811 2134 1870 2152 esse

1075 2164 1222 2191 consectus.
1262 2165 1333 2192 XIII.
1354 2165 1409 2192 Hoc
1424 2170 1452 2192 tu
1468 2166 1552 2201 igitur
1565 2173 1660 2191 censes
1669 2163 1786 2199 sapienti
1798 2163 1869 2190 aeci-

1075 2202 1137 2228 dere
1152 2210 1244 2236 posse,
1262 2206 1292 2228 ut
1306 2203 1476 2238 aegritudine
1489 2203 1671 2237 opprimatur,
1692 2201 1720 2228 id
1732 2205 1773 2228 est
1786 2200 1869 2226 mise-

1075 2239 1132 2265 ria?
1144 2240 1212 2265 Nam
1227 2247 1314 2274 quum
1328 2241 1417 2267 omnis
1431 2239 1597 2275 perturbatio
1611 2239 1721 2265 miseria
1735 2242 1789 2267 est,
1811 2241 1868 2264 Cum

1074 2276 1229 2303 carnificina
1243 2281 1284 2303 est
1298 2277 1448 2313 aegritudo.
1488 2276 1573 2304 Habet
1582 2275 1703 2303 ardorem
1715 2273 1813 2304 libido,
1830 2273 1869 2300 le-

1075 2314 1183 2340 vitatem
1196 2313 1295 2340 laetitia
1305 2315 1424 2350 gestiens
1432 2335 1438 2346 ,
1456 2313 1638 2340 humilitatem
1647 2316 1747 2344 metus:
1765 2310 1814 2337 sed
1823 2319 1869 2338 ae-

1073 2350 1182 2387 gritudo
1194 2352 1293 2378 maiora
1304 2351 1452 2386 quaedam,
1465 2351 1554 2378 tabem
1562 2371 1568 2381 ,
1580 2350 1744 2379 cruciatum,
1756 2347 1869 2375 afflicta-

1073 2389 1184 2417 tionem,
1198 2387 1365 2420 foeditatem:

1111 2427 1216 2453 lacerat.
1228 2431 1298 2452 exest
1308 2429 1431 2457 animum,
1440 2427 1567 2459 planeque
1576 2425 1687 2457 conticit.

1072 2462 1145 2489 Hanc
1156 2462 1210 2489 nisi
1220 2463 1348 2489 exuimus
1358 2463 1412 2494 sic,
1429 2467 1459 2490 ut
1471 2461 1646 2491 abiiciamus,
1659 2460 1767 2486 miseria
1778 2467 1868 2486 carere

1073 2508 1126 2526 non
1136 2508 1294 2534 possumus.

1127 2538 1170 2563 28.
1182 2537 1270 2572 Atque
1280 2537 1331 2564 hoc
1341 2536 1452 2572 quidem
1463 2536 1637 2571 perspicuum
1647 2538 1697 2564 est,
1710 2539 1768 2561 tum
1778 2534 1867 2569 aegri-

1073 2573 1194 2600 tudinem
1206 2575 1348 2605 exsistere,
1365 2582 1451 2609 quum
1462 2572 1530 2607 quid
1541 2572 1576 2599 ita
1592 2572 1683 2598 visum
1697 2572 1746 2602 sit,
1764 2575 1795 2598 ut
1808 2579 1867 2597 ma-

1071 2619 1157 2645 gnum
1176 2611 1314 2646 quoddam
1335 2611 1437 2637 malum
1456 2609 1552 2636 adesse
1569 2613 1596 2635 et
1616 2616 1711 2644 urgere
1731 2608 1865 2635 videatur.

1072 2648 1190 2682 Epicuro
1201 2653 1292 2676 autem
1306 2648 1406 2683 placet,
1421 2647 1577 2682 opinionem
1590 2645 1655 2672 mali
1668 2644 1866 2682 aegritudinem

1667 1235 1742 1261 luteo
1752 1236 1835 1262 istim!
