1941 3052
243 163 290 186 ,¹228
495 161 534 185 23.
560 159 592 184 M.
615 158 644 184 Τ.
667 156 877 183 tllCliltthlS
898 156 935 181 ΙΝ
958 155 1117 182 VERREM
1139 154 1221 181 ACT.
1245 155 1275 181 ll.
1299 154 1369 180 Lm.
1393 154 1435 180 lv.
1458 154 1541 181 CAP.
1564 155 1606 180 67.

241 232 274 256 nl)
287 240 318 256 eo
332 230 449 265 ροῃιυΙο,
467 235 495 255 ut
509 229 682 255 Svrnousnnis
698 227 785 252 lice-rvi
800 230 908 252 uenatus
921 224 1030 251 consul-

242 273 307 298 tum.
322 268 393 302 quod
409 267 492 301 pridie
508 260 638 293 tobim-nt,
656 264 720 290 inihi
737 263 852 289 reddere.
885 262 931 288 llle
945 262 1030 288 enim-

243 314 304 331 vero
318 310 406 337 nogat:
424 309 448 329 et
462 305 496 329 uit
513 303 651 335 iudignum
664 301 766 326 fucinus
777 308 843 329 esse,
860 299 931 334 ‘iuml
943 307 991 334 ego
1003 299 1029 325 in

242 347 332 368 senatu
353 342 452 367 (imvm
471 340 548 364 vvrlm
568 337 703 364 fecissem:
731 336 803 371 quod
826 336 936 370 quidem
958 335 1029 370 apud

242 380 355 404 Graecos
374 379 470 403 (imm-c
491 376 594 401 locutus
613 383 712 405 essem,
734 373 759 399 id
780 373 840 399 terri
861 373 934 399 nullo
953 372 1030 399 modo

243 424 327 450 possa,
370 413 500 448 Respondi
517 412 631 441 homini.
649 415 677 437 ut
691 411 778 445 potui,
795 415 825 436 ut
840 410 925 440 volui,
942 414 971 436 ut
984 409 1031 436 de-

243 454 297 478 lmi.
333 452 399 477 Tum
416 450 506 479 multa,
523 454 578 475 turn
594 449 671 474 etiam
687 448 736 474 hoc
751 456 792 474 me
807 448 916 473 memini
931 447 1027 477 dicere.

242 489 316 514 (avito,
331 497 388 513 esse
404 487 589 522 perspicuum,
605 490 735 520 quantum
750 485 818 511 inter
832 485 903 511 hunc
917 488 942 510 et
953 484 1029 510 illum

242 525 427 553 Numidicum.
446 532 537 549 verum
552 531 581 548 ac
594 531 752 558 germanum
768 522 904 548 Metellum
919 522 1031 548 interes-

241 568 288 588 set.
330 562 408 588 illum
424 560 540 587 noluisse
554 568 602 586 sua
617 559 766 586 laudatione
781 560 872 585 iuvare
887 559 916 585 L.
933 558 1031 585 Lucul-

242 600 306 627 lum.
318 599 414 624 sororis
426 598 522 629 virum,
535 598 644 632 quicum
656 598 754 631 optime
763 597 944 627 convenisset;
960 595 1032 622 hunc

242 636 341 662 homini
361 635 525 661 alienissimo
538 644 552 660 a
565 634 720 661 civitatibus
735 633 900 660 laudationes
915 642 962 668 per
975 633 1030 659 vim

240 678 265 700 et
279 677 379 699 metum
393 681 554 707 comparare.
591 673 647 698 ⁴48.
662 670 739 703 Quod
754 671 800 697 ubi
815 670 943 701 intellexi,
960 670 1032 696 mul-

241 716 296 736 tum
321 710 391 745 apud
415 709 492 736 illum
512 714 628 735 recentes
648 709 768 739 nuntios,
793 708 908 734 multum
927 707 1031 734 tabulas

241 756 291 774 non
305 746 547 777 commendaticias,
563 746 610 772 sed
625 746 777 772 tributarias
792 745 923 772 valuisse:
940 744 1031 771 admo-

241 786 297 811 nitu
312 786 431 820 ipsorum
442 783 669 819 Syracusanorum
684 783 814 818 impetum
829 783 856 809 in
870 791 914 809 eas
928 782 1032 809 tabulas

241 822 320 853 facio.
345 823 372 848 in
395 821 495 856 quibus
514 825 623 847 senatus
640 820 760 847 consulta
779 821 923 855 perscripta
947 824 1030 846 erant.

241 860 306 886 Ecce
321 863 408 885 autem
423 867 490 885 nova
505 858 580 884 turba
595 863 673 892 atque
687 858 753 884 rixa.
795 858 833 883 Ne
847 862 934 883 tamen
949 857 1031 882 istum

240 897 349 923 omnino
362 896 502 932 Syracusis
516 896 573 921 sine
587 896 694 926 amicis.
714 895 773 921 sine
787 894 939 929 hospitibus
954 893 1032 928 plane

241 934 343 960 nudum
362 941 420 959 csse
439 941 468 960 ac
481 932 616 959 desertum
631 933 743 967 putetis:
768 932 880 958 retinere
893 931 980 966 coepit
994 935 1033 957 ta-

241 971 318 997 bulas
332 971 527 997 Theomnastus
540 970 664 1005 quidam.
686 969 765 996 homo
782 968 894 995 ridicule
909 969 1029 999 insanus.

239 1017 320 1044 quem
336 1008 495 1044 Syracusani
509 1007 683 1034 Theoractum
700 1011 805 1033 vocant:
829 1006 876 1041 qui
891 1005 946 1032 illic
960 1014 1033 1032 eius-

241 1045 311 1072 modi
326 1050 378 1075 est,
396 1049 424 1071 ut
437 1053 499 1071 cum
514 1045 589 1079 pueri
603 1048 749 1071 sectentur:
778 1048 807 1070 ut
820 1052 926 1074 omnes.
946 1051 1031 1078 quum

210 1078 214 1085 ’
242 1083 314 1118 loqui
328 1082 427 1117 coepit,
448 1082 584 1108 irrideant.
624 1081 710 1108 Huius
725 1086 811 1107 tamen
826 1081 942 1111 insania,
963 1088 1032 1115 quae

241 1119 353 1147 ridicula
367 1124 407 1146 est
420 1119 493 1150 aliis,
509 1119 576 1145 mihi
591 1123 647 1145 tum
661 1118 773 1145 molesta
787 1126 850 1144 sane
864 1118 924 1144 fuit.
965 1118 1031 1143 Nam

239 1166 325 1193 quum
339 1165 450 1192 spumas
464 1160 551 1191 ageret
565 1156 593 1182 in
605 1164 659 1186 ore.
675 1155 885 1186 arderentoculi‚
902 1163 966 1181 voce
976 1163 1033 1180 ma-

241 1196 311 1222 xima
331 1195 385 1220 vim
404 1202 446 1220 me
463 1193 516 1220 sibi
534 1192 625 1219 ass'erre
642 1193 780 1224 clamaret.
804 1192 921 1227 copulati
940 1192 966 1218 in
989 1192 1032 1218 ius

241 1232 422 1267 pervenimus,
463 1232 520 1257 ⁴49.
539 1231 587 1258 Hic
604 1239 654 1266 ego
667 1229 800 1265 postulare
813 1230 902 1264 coepi,
922 1233 952 1255 ut
966 1229 1032 1255 mihi

241 1269 344 1296 tabulas
358 1268 500 1304 obsignare
513 1276 543 1295 ac
556 1268 693 1302 deportare
708 1267 806 1294 liceret.
827 1267 875 1294 Ille
887 1271 977 1293 contra
991 1266 1034 1292 di-

239 1315 311 1333 cere:
337 1314 434 1341 negare
451 1313 510 1331 esse
529 1304 597 1332 illud
615 1309 723 1331 senatus
741 1304 908 1336 consultum,
933 1304 960 1330 in
979 1311 1033 1338 quo

241 1348 344 1379 praetor
361 1342 511 1378 appellatus
530 1347 613 1375 esset;
633 1350 729 1377 negare
746 1342 774 1368 id
793 1341 860 1368 mihi
875 1341 941 1368 tradi
955 1349 1033 1375 opor-

241 1387 304 1408 tere.
325 1381 382 1416 Ego
397 1380 483 1415 legem
497 1379 615 1410 recitare,
631 1380 752 1406 omnium
766 1379 834 1406 mihi
844 1378 997 1405 tabularum
1007 1381 1033 1404 et

242 1419 387 1445 litterarum
402 1417 458 1443 fieri
473 1421 628 1452 potestatem
642 1421 771 1452 oportere.
792 1416 841 1443 llle
854 1415 972 1442 furiosus
986 1423 1033 1442 ur-

239 1464 309 1491 gere,
326 1454 393 1481 nihil
408 1454 440 1480 nd
454 1463 483 1480 se
498 1458 599 1480 nostras
615 1453 686 1490 leges
700 1454 841 1488 pertinere.
872 1454 978 1479 Praetor
990 1453 1033 1479 in-

241 1492 363 1529 telligens
376 1500 472 1527 negare
486 1491 538 1517 sibi
549 1491 660 1525 placere,
675 1491 748 1526 quod
759 1495 868 1517 senatus
878 1489 1032 1517 consultum

240 1535 326 1556 ratum
348 1537 406 1555 esse
429 1537 480 1555 non
503 1528 623 1560 deberet,
647 1528 676 1555 id
694 1537 736 1555 me
754 1528 865 1554 Romam
883 1527 1032 1562 deportare.

239 1567 309 1600 Quid
327 1565 430 1593 multa?
452 1566 511 1592 Nisi
529 1565 716 1592 vehementius
733 1565 836 1592 homini
855 1565 972 1591 minatus
990 1573 1034 1591 es-

239 1613 310 1631 sem:
335 1604 388 1630 nisi
402 1602 493 1638 legum
506 1603 669 1629 sanctionem
683 1611 850 1638 poenamque
864 1602 1030 1629 recitassem:

239 1641 391 1668 tabularum
405 1639 471 1666 mihi
485 1644 601 1675 potestas
615 1639 682 1666 sacta
696 1649 749 1666 non
762 1644 841 1666 esset.
882 1639 929 1666 Ille
943 1643 1032 1665 autem

240 1680 365 1709 insanus.
389 1677 436 1713 qui
450 1685 498 1712 pro
511 1677 562 1704 isto
575 1681 664 1704 contra
678 1685 722 1704 me
736 1676 972 1704 vehementissime
985 1675 1033 1702 de-

760 2047 1354 2078 ACCUSATIONIS

939 2130 1578 2183 VERREM

859 2240 1006 2268 LIBER
1039 2240 1260 2274 QUINTUS

540 2132 676 2181 IN
787 2133 827 2182 C.

1030 2329 1084 2349 nl:

681 2399 1433 2439 SUPPLICI‘IS.

295 2552 312 2572 Α
319 2553 337 2572 R
344 2553 371 2573 G.
387 2554 446 2574 Haec
456 2554 528 2576 untiu
538 2557 564 2576 de
575 2555 705 2585 Suppliciis
714 2557 857 2578 inscribitur:
867 2557 906 2578 ned
915 2557 943 2578 de
953 2556 988 2578 liis
997 2556 1032 2578 ul-

242 2586 295 2607 tima
305 2590 387 2608 tantum
397 2595 467 2615 neque
477 2590 596 2618 praecipua
604 2598 656 2619 pars
666 2592 719 2618 ugit.
739 2592 798 2613 Tres
807 2595 882 2619 partes
893 2592 965 2613 huben
982 2592 1032 2614 Pri-

241 2627 275 2642 ma
285 2624 319 2642 eut
328 2621 355 2642 de
365 2622 422 2643 bellu
434 2624 577 2649 fugitivarum
587 2632 599 2646 e
608 2626 664 2647 belli
673 2627 785 2654 Spartacii
795 2626 899 2654 reliquiis
913 2631 965 2647 natu
979 2627 1003 2653 (ι
1012 2634 1031 2647 t.

241 2658 253 2676 2
260 2667 283 2670 —
290 2658 338 2682 16);
357 2656 427 2677 ultera
439 2658 467 2678 de
476 2659 584 2680 maritimo
595 2660 667 2686 laelio,
682 2662 739 2688 quod
749 2665 826 2682 temti-n
833 2662 956 2688 praedones
965 2665 989 2682 et
997 2661 1032 2689 pi-

241 2694 300 2711 ntus
315 2692 441 2716 gerebatur.
457 2693 495 2719 qui
509 2696 553 2714 tum
567 2694 665 2716 Siculum
680 2702 740 2716 mure
753 2695 891 2716 infestabunt
905 2697 930 2722 (ι
942 2703 961 2717 e.
976 2699 1031 2717 ¹7—
1058 2713 1061 2720 ,

1081 2559 1131 2584 52);
1142 2560 1165 2578 et
1173 2557 1241 2578 terti·
1249 2557 1334 2577 deatum
1343 2555 1371 2576 de
1379 2554 1473 2576 inin-tin
1482 2559 1560 2576 eontra
1568 2553 1629 2580 lege·
1638 2553 1701 2574 Rea.
1711 2558 1724 2572 ι
1732 2551 1820 2573 eis-ibu-
1828 2551 1874 2572 R·-

1081 2592 1152 2613 manis
1161 2591 1256 2619 aumptis
1266 2590 1393 2619 suppliciis.

1081 224 1234 254 clamasset.
1259 229 1401 259 postquam
1420 233 1470 251 non
1490 225 1654 260 impetravit:
1681 225 1773 257 eredo.
1799 230 1828 252 ut
1845 226 1872 253 in

1082 262 1193 294 gratiam
1213 270 1318 287 mecum
1337 261 1447 293 rediret.
1468 261 1589 288 libellum
1609 262 1675 288 mihi
1693 262 1750 293 dat.
1773 263 1801 290 in
1819 271 1874 299 quo

1083 299 1160 324 istius
1183 297 1251 324 furta
1270 298 1434 334 Syracusana
1459 300 1602 334 perscripta
1625 304 1711 326 erant.
1733 308 1802 335 quae
1824 308 1874 337 ego

1083 336 1134 361 iam
1149 340 1224 361 antea
1239 336 1272 361 ab
1287 335 1341 362 illis
1355 344 1495 371 cognoram
1510 341 1536 363 et
1549 345 1709 371 acceperam.

1138 372 1239 399 vau.
1257 374 1314 398 ¹50.
1334 373 1453 399 Laudent
1467 378 1491 399 te
1504 382 1567 400 sane
1582 374 1633 400 iam
1648 373 1810 403 Mamertini.
1826 374 1874 409 qui

1082 418 1115 436 ex
1129 414 1198 436 tanta
1213 410 1349 444 provincia
1363 409 1414 436 soli
1427 415 1498 441 aunt.
1514 411 1561 446 qui
1576 416 1600 437 te
1610 410 1715 437 salvum
1728 410 1823 438 velint:
1839 411 1874 438 ita

1083 451 1170 473 tamen
1186 446 1304 477 laudent.
1321 451 1350 473 ut
1361 447 1450 478 lleius.
1465 448 1513 482 qui
1527 448 1586 474 eius
1599 448 1724 483 princeps
1736 447 1875 483 legationis

1082 488 1134 515 est,
1155 483 1238 510 adsit:
1263 484 1298 510 ita
1313 483 1433 515 laudent.
1454 489 1483 510 ut
1496 484 1529 511 ad
1543 493 1587 516 ea,
1605 493 1675 520 quae
1690 485 1772 521 rogati
1786 489 1873 514 erunt.

1083 521 1149 547 mihi
1169 521 1252 556 parati
1266 521 1320 548 sint
1334 521 1504 556 respondere.
1544 522 1581 548 Ac
1595 530 1627 549 ne
1640 522 1731 549 subito
1743 531 1757 548 a
1771 530 1814 549 me
1827 530 1876 557 op-

1083 558 1239 593 primantur,
1257 558 1321 585 haec
1331 567 1392 585 aum
1403 563 1558 594 rogaturus:
1575 559 1671 586 Nat-em
1677 561 1772 593 populo
1783 560 1876 585 Roma-

1082 605 1115 621 no
1129 595 1285 621 debeamne?
1305 595 1468 623 fatebuntur.
1500 596 1698 622 Praebuerimm
1708 601 1829 630 praetore
1845 596 1874 622 C.

1087 632 1182 659 Ver-ro?
1201 632 1346 669 negabunt.
1381 635 1611 667 Acdificaven'ntne
1624 642 1714 660 navem
1728 635 1876 660 onerariam

1082 672 1223 696 „unimam
1235 672 1348 704 publice,
1370 680 1446 704 quam
1464 671 1537 697 Ver-ri
1550 669 1692 697 dederunt?
1714 678 1809 706 negare
1823 678 1875 697 non

1083 711 1215 742 poterunt.
1237 707 1433 734 meeneumne
1446 709 1479 734 ab
1492 709 1532 734 his
1544 710 1680 742 sumpserit
1694 707 1791 738 Verres,
1808 709 1876 741 quod

1080 746 1175 778 populo
1191 745 1302 771 Romano
1316 748 1438 776 mitteret,
1454 747 1531 772 sicuti
1543 744 1708 779 superiores?
1727 744 1873 780 negabunt.

1085 782 1153 813 Quia
1171 783 1279 808 militum
1299 787 1345 808 aut
1364 788 1503 809 nautarum
1519 791 1567 816 per
1585 785 1722 808 triennium
1739 780 1876 808 dederint?

1083 818 1190 845 nullum
1212 818 1304 845 datum
1327 819 1427 846 dicent.
1467 820 1562 846 Fuisse
1580 819 1731 846 Messanam
1753 819 1875 846 omnium

1083 855 1162 882 istius
1176 855 1307 883 furtorum
1321 865 1351 883 ac
1364 856 1521 892 praedarum
1536 857 1707 892 receptricem
1718 864 1813 892 negare
1823 864 1875 883 non

1084 897 1217 928 poterunt.
1251 893 1384 920 Permulta
1399 893 1492 920 multis
1507 894 1622 920 navibus
1636 893 1710 921 illinc
1723 897 1873 929 exportata:

1084 930 1151 957 hanc
1170 939 1265 957 navem
1279 930 1396 966 denique
1410 932 1554 958 maximam
1568 940 1582 957 a
1596 931 1761 958 Mamertinis
1774 930 1874 961 datam,

1083 972 1206 994 onustam
1220 976 1282 994 cum
1297 969 1348 995 isto
1361 967 1505 1003 protectam
1519 968 1683 995 fatebuntur.
1708 969 1763 994 ⁴51.
1775 967 1876 1000 Quam-

1083 1005 1174 1031 obrem
1194 1005 1243 1031 tibi
1261 1005 1329 1032 habe
1343 1014 1407 1032 sane
1421 1006 1498 1032 istam
1514 1005 1692 1032 laudationem
1706 1005 1877 1032 Mamertino·
1923 1035 1925 1040 ¹

1083 1050 1158 1068 rum:
1178 1041 1373 1078 Syracusanam
1387 1042 1497 1078 quidem
1511 1043 1656 1073 civitatem.
1671 1047 1702 1069 ut
1714 1041 1762 1069 aba
1776 1047 1801 1069 te
1813 1041 1877 1068 affe-

1083 1084 1124 1106 cta
1138 1083 1186 1110 est.
1203 1080 1237 1105 ita
1252 1080 1278 1106 in
1294 1084 1318 1106 te
1331 1088 1390 1106 esse
1403 1080 1546 1106 animatam
1560 1079 1698 1106 videmus:
1722 1079 1794 1115 apud
1807 1087 1876 1115 quos

1083 1117 1163 1143 etiam
1177 1116 1272 1143 Verrea
1286 1116 1332 1143 illa
1346 1115 1475 1153 flagitiosa
1488 1116 1593 1144 sublata
1606 1121 1680 1143 sunt.
1704 1116 1811 1143 Etenim
1824 1116 1877 1143 mi-

1084 1154 1155 1180 nime
1168 1154 1343 1180 conveniebat
1355 1155 1379 1181 ei
1393 1154 1504 1181 deorum
1522 1154 1636 1181 honores
1653 1153 1759 1185 haberi,
1778 1154 1826 1189 qui
1839 1153 1878 1180 si-

1085 1190 1200 1217 mulacra
1214 1190 1324 1218 deorum
1338 1191 1503 1218 sustulisset.
1541 1191 1628 1218 Etiam
1642 1190 1795 1218 mehercule
1808 1189 1876 1217 illud
1923 1212 1925 1214 .

1083 1229 1111 1255 in
1134 1228 1310 1264 Syracusanis
1332 1229 1426 1256 merito
1452 1228 1704 1264 reprehenderetur.
1728 1229 1765 1259 si,
1789 1236 1876 1264 quum

1083 1265 1155 1292 diem
1173 1265 1272 1292 festum
1291 1265 1415 1292 ludorum
1433 1265 1466 1292 de
1484 1266 1560 1293 fastis
1574 1266 1632 1292 suis
1645 1264 1821 1292 sustulissent
1832 1273 1877 1292 ce—
1923 1280 1925 1291 ι

1085 1302 1258 1329 leberrimum
1272 1309 1297 1329 et
1310 1303 1523 1335 sanctissimum,
1539 1302 1612 1338 quod
1625 1310 1657 1329 eo
1668 1303 1728 1338 ipso
1741 1302 1784 1329 die
1798 1301 1878 1338 Syra-
1923 1300 1925 1306 ’

1084 1348 1164 1366 cusae
1183 1349 1197 1366 a
1211 1339 1336 1367 Marcello
1353 1345 1445 1375 captae
1463 1349 1523 1367 esse
1540 1340 1680 1371 dicuntur,
1704 1339 1786 1366 iidem
1804 1339 1876 1366 diem
1919 1348 1921 1353 ·

1084 1377 1183 1404 festum
1197 1377 1286 1404 Verris
1304 1378 1413 1404 nomine
1425 1382 1547 1414 agerent:
1567 1385 1653 1412 quum
1666 1377 1717 1404 iste
1730 1376 1877 1413 Syracusa-

1085 1415 1139 1446 nis,
1155 1423 1224 1450 quae
1238 1414 1284 1441 ille
1297 1414 1469 1442 calamitosus
1483 1415 1541 1442 dies
1555 1414 1706 1450 reliquerit.
1721 1414 1875 1441 ademisset.
1919 1432 1921 1434 -

1083 1452 1117 1478 At
1135 1452 1223 1478 videte
1241 1452 1358 1478 hominis
1376 1451 1573 1487 impudentiam
1591 1456 1671 1487 atque
1688 1452 1874 1488 arrogantiam,

1083 1489 1196 1520 iudices,
1212 1490 1259 1524 qui
1271 1498 1324 1516 non
1333 1489 1421 1516 solum
1431 1490 1526 1516 Verrea
1541 1489 1606 1516 haec
1619 1489 1707 1524 turpia
1721 1497 1751 1516 ac
1763 1487 1876 1516 ridicula

1083 1535 1117 1553 ex
1130 1526 1243 1553 Heraclii
1261 1527 1374 1561 pecunia
1392 1526 1574 1558 constituerit,
1599 1534 1693 1553 verum
1710 1526 1790 1552 etiam
1808 1526 1878 1552 Har-
1918 1539 1920 1544 ·

1084 1563 1166 1590 cellea
1181 1563 1236 1590 tolli
1254 1564 1404 1599 imperarit,
1425 1569 1455 1591 ut
1468 1564 1492 1591 ei
1506 1572 1580 1590 sacra
1593 1563 1709 1590 facerent
1721 1563 1874 1598 quotannis,

1083 1601 1162 1627 cuius
1179 1609 1258 1635 opera
1276 1601 1397 1628 omnium
1415 1609 1546 1628 annorum
1559 1609 1633 1627 sacra
1645 1600 1765 1635 deosque
1777 1600 1877 1635 pan-ios
1918 1622 1920 1629 ,

1084 1638 1241 1671 amiserant3
1265 1639 1324 1665 eius
1342 1643 1431 1665 autem
1446 1637 1563 1665 familiae
1575 1637 1634 1664 dies
1647 1637 1729 1664 tostos
1743 1636 1874 1668 tollerent.
1915 1640 1918 1646 ¹

1084 1683 1131 1710 per
1143 1683 1226 1711 quam
1239 1679 1340 1702 ceteros
1353 1683 1462 1711 quoque
1476 1674 1557 1703 festos
1570 1674 1628 1702 dies
1641 1679 1837 1710 recuperarent.

1777 2484 1792 2499 ³

1137 2651 1158 2677 1.
1174 2652 1198 2676 t.
1221 2643 1338 2683 Nemini
1354 2647 1433 2674 video
1449 2647 1564 2674 dubium
1582 2654 1655 2677 esse,
1674 2643 1792 2676 iudices.
1806 2643 1879 2679 quin,

1082 2688 1251 2723 apertissime
1273 2685 1302 2712 C.
1325 2685 1420 2712 Verres
1445 2685 1473 2711 in
1495 2683 1588 2711 Sicilia
1611 2690 1685 2709 sacra
1710 2680 1873 2717 profanaque
