1941 3052
197 134 244 157 {itti

253 198 352 220 xxxin
391 200 573 219 “tumn-‚cmv
587 199 610 215 iv

382 240 799 268 s:i‹:13!i‹).xTTii:tiS.

680 206 683 212 .
702 199 737 213 μιι
758 200 812 217 τιν»,

256 284 276 307 i.
300 277 371 313 Ego,
387 285 414 305 ut
428 279 482 304 lii-ri
495 278 526 303 ml
539 283 562 303 te
573 278 684 311 scripsi.
698 278 720 303 si
733 282 758 303 vt
768 277 853 303 Silius
866 279 888 302 is
900 276 988 307 fuerit.
1018 292 1019 298 ι

197 328 277 353 quein
291 323 316 343 tu
331 322 416 351 putas.
431 325 478 341 nee
492 316 592 340 Drusus
605 314 709 340 facilem
721 324 749 339 se
761 314 927 348 praebuerit¹
942 314 991 339 na-
1018 330 1019 337 ι

673 352 708 381 ls,
727 352 834 386 opinor,
854 352 887 377 ita
903 356 991 385 partes
1012 366 1020 384 ῃ
1071 380 1075 384 ,
1142 380 1146 384 .
1390 379 1392 382 .
1447 380 1449 382 Ι
1478 379 1481 383 ¹

1012 385 1021 420 i
1042 384 1147 405 etiamsi
1159 379 1211 405 alio
1224 378 1279 404 loeo
1291 378 1419 412 placebit,
1445 379 1518 404 illius
1530 379 1606 404 nobis
1617 387 1695 413 opera
1707 379 1834 406 consiliu-

883 425 991 451 ss-rij„
1012 421 1013 459 ζ
1042 425 1095 452 que
1107 416 1236 443 utendum
1248 421 1322 450 puto.

198 357 350 389 iuzisippuni
369 353 448 378 veliin
465 352 630 387 aggrediare.

198 394 259 418 sei-it
273 393 297 417 in
309 391 364 424 ripa
378 389 468 416 nescio
478 393 654 423 quotenorum
668 389 801 423 iugerum,
811 393 839 414 ut
849 393 918 414 certa
931 397 991 422 pre-

198 431 232 456 tis·
249 429 434 459 consumeret,
458 435 526 460 quae
543 426 609 452 milii
627 430 685 452 nota
702 434 753 451 nou
770 430 842 452 sunt.

197 467 228 492 ml
247 475 287 492 nic
305 466 399 500 igitur,
419 463 555 498 quidquid
571 464 668 497 egeris.
709 464 734 489 2.
757 462 934 489 Vehementer
950 470 992 488 me

197 503 322 529 sollicitat
334 501 434 528 Atticae
445 505 548 526 nostrae
561 499 697 526 valetudo:
713 504 741 526 ut
753 508 844 526 verear
855 501 944 529 etiam.
960 508 992 526 ne

197 550 250 575 qua
265 539 344 574 culpa
360 539 404 565 sit.
445 538 496 563 Sed
508 543 533 564 et
548 537 695 572 paedagogi
708 537 840 571 probitas,
857 542 883 563 ct
895 537 991 563 medici

197 577 355 607 assiduitas.
378 579 404 602 et
420 579 470 602 tota
482 574 578 601 domus
592 574 617 600 in
629 574 702 601 omni
713 583 810 609 genere
822 574 938 609 diligens
951 582 992 600 mo

199 623 292 641 rursus
309 613 335 640 id
351 612 484 648 suspicari
497 617 575 639 vetat.
616 611 684 638 Cura
698 612 788 647 igitur.
830 611 907 638 Plura
919 612 992 638 enim

199 660 250 678 non
262 659 383 686 possum.

251 728 361 749 XXXIV.
391 729 488 749 (Λιιιινιιυ,
499 728 577 747 cnr-arc
589 728 621 746 IV.
633 734 670 746 ms.
681 735 697 745 c.
709 729 753 745 eun.
766 730 820 749 709.)

257 813 278 836 t.
300 806 361 845 Ego
378 810 422 836 hic
438 809 479 835 vel
496 809 555 835 sine
566 808 624 835 Sica
639 809 739 843 (Tironi
750 810 822 834 enim
835 807 932 834 melius
944 807 994 842 est)

199 847 325 874 facillime
338 855 444 881 possem
455 855 523 877 esse¹
533 851 562 873 ut
573 847 599 872 in
612 846 703 878 malis,
717 846 774 876 sed,
783 854 867 880 quum
879 845 991 875 scribas,

199 884 347 911 videndum
360 884 428 910 mihi
439 892 507 914 esse,
516 892 548 910 ne
560 885 710 918 opprimar,
724 892 757 910 ex
768 892 822 918 quo
834 882 991 917 intelligam,

200 928 223 949 te
235 927 336 948 certum
348 921 421 948 diem
434 921 507 947 illius
519 920 691 955 profectionis
703 930 754 947 non
772 920 883 946 habere:
902 920 993 954 putavi

199 968 258 994 esse
272 959 454 988 commodius,
473 966 515 984 me
531 959 600 984 istuc
616 959 720 990 venire3
739 958 811 992 quod
829 957 900 983 idem
916 957 995 983 video

200 997 248 1023 tihi
265 996 379 1031 placere.
419 996 483 1022 Cras
500 996 582 1030 igitur
596 996 623 1022 in
637 996 712 1022 Sicae
728 995 898 1021 suburbano:
921 994 992 1024 inde.

199 1033 428 1068 quemadmodum
440 1032 547 1063 suades.
562 1038 626 1067 puto
638 1042 679 1059 me
692 1034 718 1059 in
730 1032 866 1059 Ficulensi
879 1031 943 1058 sore.
968 1034 993 1058 Ξ.

198 1071 306 1103 Quibus
317 1071 349 1096 de
361 1071 442 1096 rebus
454 1070 486 1096 ad
498 1079 539 1096 me
550 1071 693 1105 scripsisti,
702 1070 894 1104 quoniamipse
906 1070 993 1099 venio.

199 1117 288 1135 coram
305 1108 470 1134 videbimus.
511 1108 594 1133 Tuam
611 1107 722 1142 quidem
738 1113 763 1133 et
778 1107 805 1133 in
821 1106 934 1142 agendis
948 1115 996 1133 no-

199 1146 262 1172 stris
278 1145 372 1175 reluis.
390 1150 416 1171 et
432 1146 458 1171 in
473 1144 595 1171 consiliis
611 1144 738 1171 ineundis
753 1144 875 1178 mihique
886 1143 993 1174 dandis,

200 1184 228 1209 in
241 1184 308 1218 ipsis
322 1183 429 1213 litteris,
445 1191 513 1217 quas
525 1182 622 1212 mittis,
635 1181 864 1213 benevolentiam,
878 1181 996 1217 diligen-

200 1221 274 1251 tiam,
289 1219 459 1255 prudentiam
470 1219 583 1246 mirifice
594 1219 689 1255 diligo.

254 1292 353 1313 xxxv.
382 1294 411 1316 (ln
422 1294 502 1314 Antiati,
513 1294 592 1311 Caesare
602 1294 634 1311 IV.
645 1300 683 1312 cns.
694 1301 709 1312 a.
721 1294 764 1311 coll.
776 1295 832 1315 709.)

383 1328 553 1356 CICERO
584 1328 754 1356 ATTICO
783 1328 812 1355 S.

257 1377 280 1401 I.
303 1370 350 1401 Tu
364 1380 451 1401 tamen
460 1395 466 1406 ,
479 1375 502 1401 si
514 1374 581 1409 quid
592 1383 654 1401 cum
666 1374 745 1405 Silio,
761 1373 802 1400 vel
814 1372 860 1400 illo
871 1374 930 1408 ipso
941 1372 995 1404 die,

201 1421 255 1447 quo
265 1412 393 1438 adSicam
404 1417 534 1439 venturus
546 1420 599 1442 ero,
608 1412 747 1438 certiorem
755 1420 797 1438 me
808 1410 891 1437 velim
904 1409 995 1440 facias,

201 1455 227 1476 et
239 1450 364 1479 maxime,
381 1450 459 1475 cuius
472 1449 522 1475 loci
533 1448 724 1476 detractionem
736 1449 793 1475 fieri
805 1448 880 1474 velit.
920 1447 997 1480 Quod

201 1488 274 1514 enim
286 1487 394 1518 scribis,
407 1489 529 1518 eaetremi;
541 1486 613 1518 vide,
628 1495 660 1513 ne
672 1487 695 1513 is
707 1487 764 1521 ipse
776 1486 850 1512 locus
861 1485 905 1516 sit,
918 1485 998 1511 cuius

201 1533 296 1551 caussa
307 1524 340 1550 de
352 1529 404 1550 tota
416 1532 452 1554 re,
466 1528 495 1550 ut
505 1524 567 1555 scis,
580 1529 621 1550 est
631 1532 645 1550 a
657 1524 735 1550 nobis
746 1524 902 1559 cogitatum.
938 1523 999 1548 llir-

202 1563 232 1588 tii
249 1561 390 1596 epistolam
402 1561 452 1587 tibi
467 1561 544 1592 misi,
557 1565 583 1588 et
594 1566 740 1591 recentem,
754 1565 780 1587 et
791 1559 920 1587 benevole
931 1560 999 1586 scri-

202 1604 285 1634 ptam.
311 1600 336 1625 2.
353 1599 504 1634 Antequam
515 1607 529 1624 a
541 1603 566 1625 te
577 1599 700 1633 proxime
711 1598 835 1629 discessi,
849 1605 998 1632 numquam

202 1636 271 1662 mihi
282 1636 356 1662 venit
367 1636 394 1662 in
406 1640 531 1666 mentem,
540 1644 594 1670 quo
607 1635 670 1670 plus
681 1636 851 1670 insumptum
863 1635 890 1661 in
902 1642 999 1661 monu-

203 1678 323 1700 mentum
335 1678 414 1703 esset,
428 1681 510 1708 quam
523 1674 612 1699 nescio
623 1673 704 1708 quid⁷
720 1672 793 1708 quod
806 1672 863 1708 lege
874 1671 1000 1699 concedi-

204 1716 258 1741 tur,
275 1710 442 1737 tantumdem
453 1710 553 1745 populo
564 1710 683 1736 dandum
695 1718 768 1737 esse:
786 1709 859 1744 quod
874 1718 926 1736 non
943 1717 1000 1735 ma·-

203 1756 256 1783 gno
268 1756 310 1773 me
321 1755 400 1782 opere
411 1752 538 1778 moveret,
552 1748 619 1778 nisi,
635 1748 725 1774 nescio
736 1747 870 1782 quomodo
878 1767 884 1777 ,
898 1745 1001 1782 ἀλόγως

204 1785 324 1815 fortasse,
333 1784 431 1811 nollem
443 1784 511 1811 illud
523 1784 578 1811 ullo
589 1785 707 1816 nomine,
716 1785 769 1811 nisi
781 1784 844 1814 fani,
859 1782 998 1818 appellari.

203 1822 280 1854 Quod
295 1822 319 1848 si
335 1821 475 1853 volumus,
492 1830 598 1852 vereor,
616 1830 649 1848 ne
664 1822 773 1856 assequi
788 1830 839 1847 non
851 1820 998 1855 possimus,

205 1860 258 1885 nisi
274 1864 375 1886 mutato
391 1859 457 1886 loco.
497 1859 551 1886 Hoc
566 1859 645 1894 quale
662 1860 710 1890 sit,
733 1867 834 1894 quaeso
848 1857 998 1884 considera.

205 1897 272 1922 Nam
283 1897 333 1922 etsi
344 1897 435 1922 minus
446 1904 551 1931 urgeor.
560 1904 658 1931 meque
670 1897 728 1931 ipse
738 1895 934 1930 propemodum
945 1894 1001 1921 col—

207 1933 272 1969 legi:
287 1938 374 1960 tamen
386 1933 495 1969 indigeo
506 1934 545 1960 tui
556 1933 673 1959 consilii.
714 1934 806 1968 ltaque
818 1937 842 1959 te
854 1932 1001 1958 vehemen-

205 1976 244 1997 ter
254 1971 334 1997 etiam
347 1975 426 2005 atque
437 1971 516 1997 etiam
528 1979 605 2006 rogo,
622 1971 709 2006 magis
724 1978 806 2005 quam
820 1979 834 1996 a
849 1978 891 1996 me
903 1970 945 1995 vis
956 1974 1002 1995 aut

205 2008 304 2043 pateris
321 2012 345 2034 te
361 2008 463 2044 rogari,
485 2012 515 2034 ut
530 2007 599 2034 hanc
613 2008 801 2043 cogitationem
821 2012 874 2034 toto
895 2011 1001 2042 pectore

207 2045 377 2080 amplectar-e.

261 2117 370 2138 ΧΧΧῩΙ»
399 2119 428 2141 (Ιιι
437 2118 517 2139 Aurini,
528 2120 606 2137 (lncani-c
616 2119 648 2136 lv.
659 2126 697 2138 cos.
708 2126 722 2137 s.
733 2119 778 2137 toll.
790 2119 845 2141 709.)

389 2162 558 2189 CICERO
587 2161 759 2189 ATTICO
789 2161 817 2188 S.

266 2210 288 2234 i.
309 2204 417 2234 Fanum
432 2207 490 2233 fieri
502 2206 574 2234 volo:
594 2216 681 2242 neque
693 2207 743 2233 hoc
754 2207 823 2234 mihi
834 2208 893 2234 erui
905 2212 1001 2242 potest.

208 2245 331 2280 Sepulcri
343 2245 551 2271 similitudinem
563 2244 679 2281 effugere
691 2253 741 2271 non
753 2250 806 2271 tam
820 2250 928 2289 propter
939 2253 1004 2279 poe-

208 2292 270 2310 nam
283 2282 349 2318 legis
361 2282 464 2310 studeo.
477 2291 559 2317 quam
570 2287 598 2308 ut
608 2283 726 2308 maxime
737 2291 866 2317 assequar
876 2283 1003 2309 αποθέω-

209 2331 263 2347 σινῑ
283 2319 355 2355 quod
372 2324 503 2354 poteram,
521 2320 544 2345 si
562 2320 590 2346 in
601 2320 660 2354 ipsa
675 2319 740 2346 villa
753 2319 880 2346 facerem:
897 2319 958 2349 sed,
975 2324 1005 2345 ut

210 2366 288 2391 saepe
300 2357 381 2384 locuti
392 2365 496 2387 sumuS,
505 2357 727 2383 commutationes
738 2356 909 2383 dominorum
921 2356 1005 2383 refor-

211 2394 293 2420 mido.
333 2395 362 2420 In
373 2403 436 2429 agro
447 2394 613 2429 ubicumque
625 2393 725 2424 secero,
743 2394 811 2420 mihi
826 2393 921 2420 videor
931 2402 1006 2420 asse-

210 2432 259 2466 qui
271 2440 357 2465 posse,
371 2436 401 2458 ut
411 2432 552 2466 posteritas
564 2431 660 2457 habeat
671 2430 839 2466 religionem.
865 2431 918 2457 Hae
930 2439 1005 2457 meae

211 2468 262 2494 tibi
273 2469 388 2502 ineptiae
399 2468 492 2503 (fateor
503 2468 586 2502 enim)
598 2467 722 2494 ferendae
733 2472 806 2494 sunt.
837 2469 895 2494 Non
908 2468 1002 2498 habeo,

212 2513 245 2530 ne
256 2513 298 2530 me
309 2505 420 2539 quidem
432 2506 522 2540 ipsum
530 2526 536 2536 ,
554 2506 666 2540 quicum
682 2509 735 2531 tam
746 2504 872 2531 audacter
883 2513 1006 2531 commu-

213 2542 315 2571 nicem,
333 2550 414 2576 quam
425 2548 459 2568 te.
499 2542 528 2569 Si
539 2542 589 2568 tibi
601 2550 655 2572 reS,
673 2542 697 2567 si
709 2541 798 2572 locus⁷
816 2543 840 2568 si
851 2542 1006 2568 institutum

214 2577 309 2612 placet,
324 2577 390 2613 lege,
403 2588 516 2613 quaeso,
533 2579 637 2615 legem,
648 2579 771 2613 mihique
782 2587 841 2604 eam
852 2580 937 2605 mitte.
977 2578 1007 2605 Si

214 2614 281 2649 quid
292 2615 320 2640 in
332 2620 448 2642 mentem
459 2617 556 2647 veniet,
569 2624 624 2650 quo
634 2615 713 2642 modo
723 2624 782 2641 eam
793 2615 910 2651 effugere
919 2616 1008 2651 possi-

216 2659 289 2678 mus}
312 2656 427 2679 utemur.
468 2654 493 2679 2.
515 2653 555 2679 Ad
569 2653 680 2680 Brutum
696 2653 719 2679 si
734 2652 801 2688 quid
815 2653 932 2684 scribes,
954 2653 1007 2679 nisi

757 129 808 152 tot.
848 127 880 152 M.
916 126 944 151 T.
981 126 1000 150 (ζ

1019 124 1264 151 lClthONIS'

1018 196 1019 201 ¹
1041 194 1158 220 alienum
1172 194 1288 228 pinam»,
1301 194 1441 228 obiurgata
1452 202 1524 221 euni.
1537 194 1607 228 quod
1623 194 1647 219 in
1659 194 1779 219 Cumano
1791 201 1834 218 es·

1042 242 1069 255 si·
1082 231 1195 257 nolucrit
1207 236 1314 265 propter
1324 240 1615 265 eariitr1'iusnani.quain
1628 231 1766 257 mindun.
1783 232 1833 257 (10-

1042 270 1135 301 putanti
1152 269 1224 294 enirn
1246 267 1312 293 milii
1333 267 1401 293 nihil
1418 273 1469 293 tam
1487 268 1592 294 videtur
1609 269 1726 302 potui-un
1749 267 1834 293 farem

1018 316 1019 321 ¹
1043 307 1150 331 rustice.
1191 308 1215 330 3.
1238 305 1282 334 Ei,
1302 305 1324 330 si
1341 304 1388 330 tihi
1407 304 1522 338 placebit
1532 306 1570 330 sic
1581 314 1658 337 agere
1669 305 1702 330 de
1714 305 1786 333 (ano.
1807 310 1835 331 ut

1019 360 1020 364 .
1042 342 1190 376 coepimus,
1201 341 1424 367 veliunt-oborien-
1435 347 1460 367 et
1471 342 1738 368 exacuo-ictuatum».
1757 343 1832 371 Nam.

1362 416 1401 441 Tu
1413 416 1446 441 ad
1460 415 1550 441 villam
1563 415 1672 442 fortasse
1683 426 1751 443 cras.

1098 485 1217 505 xxxvii.
1247 487 1452 507 (¹11A11uai·.(5=‹un
1465 485 1502 504 IV.
1514 493 1551 503 m..
1563 493 1576 503 ι,
1588 487 1624 503 ‹011
1644 489 1698 506 τινι)

1227 528 1394 555 CICERO
1425 528 1589 555 ATTICO
1621 529 1649 555 S.

1100 569 1122 592 I.
1146 563 1168 591 Α
1186 571 1209 592 te
1221 566 1277 592 heri
1289 566 1356 592 duas
1366 565 1492 601 epistolas
1504 567 1607 601 accepi.
1625 566 1734 592 alteram
1750 565 1836 600 pridie

1043 603 1354 633 datanillilar‹›.alterani
1366 603 1458 629 eodem
1471 603 1514 629 die
1527 603 1676 629 tabellario:
1691 604 1837 637 accepique

1044 642 1078 667 ah
1089 642 1208 676 Aegypta
1222 641 1316 667 liberto
1327 640 1420 666 eodem
1431 640 1483 669 die.
1498 641 1592 666 l'iliam
1604 641 1747 666 etAtticam
1759 640 1837 674 plane

1045 678 1114 704 helle
1125 688 1153 704 se
1167 678 1274 704 hahere.
1315 678 1366 704 llae
1384 677 1484 704 litterae
1501 678 1567 703 mihi
1583 677 1700 704 redditae
1712 682 1774 703 sunt
1785 683 1838 703 ter-

1045 717 1081 742 tio
1091 716 1196 742 decimo
1207 716 1260 742 die.
1282 715 1358 747 Quod
1370 715 1437 740 mihi
1449 715 1521 740 Bruti
1535 714 1643 744 litteras.
1656 720 1771 747 gratum.
1797 714 1837 740 Ad

1046 761 1087 779 me
1099 762 1206 788 quoque
1219 753 1303 778 misit.
1334 752 1398 778 Earn
1413 753 1496 786 ipsam
1509 752 1541 777 ad
1553 757 1576 778 te
1588 748 1728 787 epistolam
1741 752 1802 777 misi
1813 756 1838 777 et

1045 790 1077 816 ad
1089 799 1148 816 eam
1164 789 1320 824 exemplum
1337 798 1456 815 mearum
1473 789 1631 815 litterarum.
1672 791 1697 815 Ξ,
1720 789 1754 814 De
1767 788 1835 817 fano.

1044 828 1068 854 si
1081 827 1148 854 nihil
1161 828 1227 853 mihi
1240 827 1374 853 hortorum
1387 827 1566 861 invenis-‚Aqui
1578 826 1688 861 quidem
1701 826 1749 852 tibi
1763 827 1839 852 inve*

1046 865 1137 891 nicndi
1149 865 1251 894 sunt,si
1264 873 1305 890 me
1318 865 1381 890 tanti
1395 863 1571 898 sacis,quanti
1582 868 1652 890 certe
1664 863 1749 896 facis.)
1762 862 1839 888 valde

1046 902 1129 937 probo
1145 903 1272 928 rationem
1290 906 1360 928 tuam
1379 901 1412 926 de
1428 901 1589 927 Tusculano.
1628 900 1758 932 Quamvis
1774 908 1839 934 pru·

1046 939 1113 965 dens
1124 939 1157 965 ad
1168 938 1340 974 cogitandum
1353 939 1399 969 sis.
1413 939 1482 964 sicut
1492 947 1534 967 es.
1548 943 1649 968 tamen,
1664 939 1715 964 nisi
1727 945 1838 971 magnae

1046 985 1125 1003 curae
1137 976 1186 1002 tihi
1197 981 1280 1006 esset,
1299 981 1327 1001 ut
1342 984 1391 1011 ego
1406 984 1584 1010 consequerer
1596 975 1636 1005 id,
1653 974 1725 1009 quod
1743 983 1840 1009 magno

1046 1022 1125 1048 opere
1140 1013 1246 1043 vellem,
1261 1022 1408 1047 numquam
1420 1022 1449 1038 ea
1463 1022 1504 1038 res
1516 1013 1564 1039 tibi
1577 1018 1629 1038 tam
1642 1012 1710 1038 belle
1726 1013 1752 1038 in
1765 1020 1839 1037 men-

1047 1056 1099 1078 tem
1112 1051 1202 1077 venire
1213 1052 1352 1085 potuisset.
1384 1050 1446 1079 Sed,
1461 1051 1550 1076 nescio
1563 1058 1617 1084 quo
1628 1054 1713 1084 pacto,
1725 1049 1840 1075 celebri-

1047 1093 1126 1115 tatem
1139 1089 1256 1122 rcquiro.
1297 1088 1387 1122 ltaque
1404 1087 1492 1113 hortos
1508 1087 1575 1113 mihi
1590 1087 1715 1112 conficias
1732 1094 1840 1112 necesse

1047 1130 1096 1152 est.
1136 1126 1252 1151 Maxima
1268 1129 1308 1150 est
1322 1125 1348 1150 in
1363 1123 1492 1159 Scapulae
1508 1124 1662 1154 celebritas;
1681 1123 1841 1158 propinqui·

1048 1168 1087 1189 tas
1099 1167 1242 1197 praeterea,
1256 1162 1304 1188 ubi
1316 1162 1363 1192 sis,
1377 1170 1409 1187 ne
1421 1166 1504 1187 totum
1518 1161 1590 1187 diem
1603 1161 1629 1187 in
1643 1160 1744 1187 w'llam.
1768 1160 1841 1192 Qua-

1047 1208 1084 1230 re,
1098 1204 1241 1234 antequam
1252 1198 1529 1228 discediS,Othonem.
1543 1199 1565 1224 si
1574 1199 1670 1224 Romae
1681 1202 1730 1228 est,
1743 1205 1841 1224 conve—

1048 1238 1106 1264 nias
1118 1235 1259 1272 pervelim.
1299 1236 1327 1262 Si
1339 1235 1406 1262 nihil
1418 1237 1481 1266 erit,
1499 1236 1549 1262 etsi
1561 1240 1589 1262 tu
1601 1243 1688 1261 meam
1699 1234 1840 1261 stultitiam

1047 1274 1183 1301 consuesti
1195 1273 1276 1304 serre,
1289 1281 1320 1300 eo
1331 1278 1418 1300 tamen
1430 1272 1598 1308 progrediar,
1615 1273 1654 1299 uti
1665 1272 1841 1299 stomachere.

1047 1312 1150 1338 Drusus
1165 1311 1238 1337 enim
1253 1315 1323 1337 certe
1339 1310 1454 1337 vendere
1471 1309 1537 1336 vult.
1577 1309 1606 1336 Si
1622 1318 1685 1345 ergo
1696 1309 1769 1336 aliud
1781 1309 1840 1339 erit,

1049 1357 1100 1376 non
1117 1356 1175 1375 mea
1190 1349 1240 1374 erit
1255 1347 1348 1383 culpa,
1371 1348 1423 1374 nisi
1439 1356 1541 1374 emero:
1563 1355 1616 1382 qua
1631 1347 1658 1373 in
1675 1355 1701 1373 re
1713 1355 1745 1373 ne
1757 1346 1840 1376 labar,

1048 1394 1158 1421 quaeso,
1176 1385 1298 1420 provide.
1338 1384 1501 1411 Providendi
1512 1389 1601 1411 autem
1612 1392 1665 1410 una
1675 1385 1741 1410 ratio
1751 1388 1800 1414 est,
1818 1383 1842 1409 si

1049 1423 1116 1458 quid
1133 1423 1166 1449 de
1177 1422 1336 1458 Scapulanis
1352 1430 1507 1457 possumus.
1546 1422 1579 1448 Et
1594 1421 1676 1448 velim
1691 1429 1733 1447 me
1747 1421 1843 1447 certio-

1050 1469 1105 1487 rem
1122 1460 1216 1491 facias,
1232 1468 1314 1495 quam
1329 1459 1378 1485 diu
1394 1460 1422 1486 in
1436 1459 1593 1485 suburbano
1607 1459 1645 1485 sis
1660 1458 1777 1485 futurus.
1816 1459 1841 1484 3.

1049 1497 1130 1533 Apud
1141 1498 1292 1524 Terentiam
1308 1497 1392 1533 gratia
1406 1505 1475 1532 opus
1490 1501 1530 1522 est
1541 1496 1618 1522 nobis
1629 1501 1674 1522 tua
1685 1501 1784 1530 tuaque
1794 1503 1844 1521 au-

1049 1537 1180 1562 ctoritate.
1219 1534 1272 1560 Sed
1292 1533 1387 1565 facies,
1410 1538 1439 1560 ut
1454 1533 1600 1560 videbitur.
1641 1533 1702 1559 Scio
1716 1533 1802 1563 enim,
1819 1532 1844 1558 si

1050 1572 1117 1608 quid
1129 1580 1187 1599 mea
1199 1572 1312 1603 intersit,
1326 1571 1375 1598 tibi
1388 1571 1481 1597 maiori
1494 1578 1573 1597 curae
1584 1569 1669 1597 solere
1680 1578 1748 1600 esse,
1761 1577 1843 1605 quam

1051 1610 1129 1636 mihi.
1169 1610 1194 1636 t.
1215 1609 1318 1635 Hirtius
1339 1608 1372 1635 ad
1392 1616 1434 1634 me
1457 1608 1579 1642 scripsit,
1603 1607 1664 1634 Sex.
1685 1607 1843 1641 Pompeium

1050 1646 1174 1674 Corduba
1195 1647 1284 1673 exisse
1304 1650 1330 1672 et
1349 1645 1452 1681 fugisse
1467 1646 1495 1672 in
1511 1645 1666 1679 Hispaniam
1681 1645 1841 1673 citeriorem.

1051 1685 1169 1711 Cnaeum
1180 1683 1283 1719 fugisse
1292 1703 1298 1714 ,
1310 1683 1401 1709 nescio
1411 1691 1478 1717 quo:
1491 1690 1579 1717 neque
1590 1682 1662 1708 enim
1673 1689 1747 1708 curo.
1769 1679 1843 1707 Nihil

1050 1726 1186 1757 praeterea
1206 1721 1279 1746 novi.
1321 1720 1432 1746 Litteras
1456 1718 1578 1745 Narbone
1602 1718 1678 1745 dedit
1700 1726 1757 1744 xiv.
1783 1717 1842 1744 Kal.

1050 1759 1112 1785 Mai.
1152 1759 1192 1784 Tu
1207 1757 1275 1783 mihi
1290 1756 1324 1783 de
1335 1756 1441 1783 Caninii
1455 1755 1595 1791 naufragio
1609 1756 1688 1791 quasi
1698 1755 1780 1781 dubia
1792 1755 1845 1780 mi-

1051 1797 1120 1823 sisti.
1160 1794 1267 1821 Scribas
1278 1794 1374 1830 igitur,
1392 1794 1415 1820 si
1427 1793 1494 1828 quid
1505 1794 1675 1819 eritcertius.
1713 1791 1790 1824 Quod
1802 1800 1845 1818 me

1051 1843 1065 1860 a
1077 1833 1209 1859 maestitia
1220 1839 1325 1862 avocas,
1339 1830 1455 1857 multum
1467 1830 1578 1861 levaris,
1591 1831 1615 1856 si
1626 1829 1714 1856 locum
1727 1829 1787 1855 fano
1797 1828 1845 1855 de—

1051 1871 1134 1897 deris.
1164 1869 1245 1896 Multa
1257 1869 1325 1895 mihi
1337 1868 1372 1899 εἷς
1383 1867 1539 1895 ἀποθέωσιν
1551 1868 1577 1894 in
1589 1872 1706 1893 mentem
1718 1867 1842 1898 veniunt3

1052 1907 1099 1934 sed
1111 1907 1168 1934 loco
1179 1905 1256 1932 valde
1267 1914 1336 1941 opus
1347 1910 1397 1932 est.
1436 1904 1524 1937 Quare
1537 1905 1617 1931 etiam
1628 1904 1760 1931 Othonem
1771 1902 1844 1930 vide.

1105 1975 1238 1997 xxxvm.
1267 1978 1296 1999 (in
1307 1976 1388 1995 annui.
1399 1976 1477 1994 caeam-
1488 1977 1521 1994 ιν.
1532 1982 1569 1994 0⁰⁵.
1579 1982 1593 1993 ι.
1604 1976 1649 1994 coli.
1660 1977 1716 1997 πη)

1239 2019 1408 2048 CICERO
1437 2018 1605 2046 ATTICO
1634 2018 1663 2045 S.

1111 2060 1134 2084 i.
1155 2052 1220 2084 Non
1234 2057 1342 2088 dubito,
1359 2057 1426 2092 quin
1441 2056 1667 2091 occupatissimus
1684 2055 1780 2086 fueris,
1797 2055 1846 2089 qui

1053 2095 1086 2122 ad
1097 2104 1139 2121 me
1151 2094 1219 2122 nihil
1232 2095 1389 2121 litterarum.
1419 2093 1472 2120 Sed
1483 2093 1562 2120 homo
1573 2101 1697 2128 nequam,
1710 2092 1757 2127 qui
1769 2096 1846 2118 tuum

1053 2132 1225 2159 commodum
1236 2141 1288 2158 non
1299 2131 1468 2166 exspectarit,
1476 2130 1666 2166 quumobeam
1676 2138 1758 2156 unam
1768 2137 1847 2155 caus-

1054 2179 1111 2197 sam
1122 2171 1223 2196 missus
1234 2174 1314 2196 esset.
1353 2170 1430 2195 Nunc
1440 2167 1561 2203 quidem,
1574 2168 1627 2194 nisi
1637 2166 1704 2202 quid
1716 2171 1740 2193 te
1751 2166 1844 2196 tenuit,

1054 2208 1178 2242 suspicor
1189 2212 1213 2233 te
1224 2215 1283 2233 esse
1295 2207 1322 2232 in
1333 2205 1498 2233 suburbano.
1538 2205 1571 2231 At
1580 2213 1630 2240 ego
1640 2204 1693 2233 hic,
1705 2202 1848 2229 scribendo

1055 2245 1113 2271 dies
1125 2249 1201 2275 totos,
1217 2243 1285 2270 nihil
1298 2242 1425 2278 equidem
1438 2242 1520 2273 levor,
1533 2241 1582 2268 sed
1592 2247 1680 2268 tamen
1691 2240 1794 2266 aberro.
1820 2241 1845 2266 2.

1055 2282 1166 2308 Asinius
1178 2280 1262 2307 Pollio
1272 2281 1306 2307 ad
1317 2288 1360 2306 me
1370 2280 1480 2315 scripsit
1489 2279 1522 2305 de
1533 2280 1640 2314 impuro
1650 2282 1738 2304 nostro
1748 2285 1848 2312 cogna-

1055 2325 1091 2346 to.
1121 2318 1199 2351 Quod
1209 2318 1309 2344 Balbus
1325 2318 1412 2344 minor
1423 2325 1509 2351 nuper
1523 2316 1588 2342 satis
1603 2315 1694 2350 plane,
1711 2313 1848 2340 Dolabella

1054 2356 1178 2386 obscure,
1192 2355 1236 2381 hic
1247 2356 1426 2389 apertissime.
1466 2354 1486 2380 F
1488 2362 1573 2380 errem
1583 2353 1701 2388 graviter
1709 2371 1715 2382 ,
1728 2351 1752 2377 si
1763 2359 1849 2377 novae

1056 2393 1236 2429 aegrimoniae
1247 2392 1322 2418 locus
1332 2396 1412 2418 esset.
1424 2390 1477 2417 Sed
1488 2395 1576 2417 tamen
1587 2387 1685 2424 ecquid
1694 2387 1851 2423 impurius?

1055 2430 1078 2457 O
1089 2431 1227 2457 hominem
1237 2428 1402 2456 cavendum!
1415 2435 1581 2463 quamquam

1165 2469 1228 2493 mihi*
1240 2469 1341 2500 quidem
1354 2487 1360 2492 .
1378 2487 1384 2492 .
1400 2486 1405 2492 .
1417 2467 1427 2491 .'

1055 2504 1108 2531 Sed
1119 2503 1251 2531 tenendus
1264 2503 1340 2530 dolor
1353 2507 1403 2529 est.
1442 2502 1496 2532 Tu,
1513 2500 1641 2535 quoniam
1656 2507 1764 2525 necesse
1778 2498 1847 2525 nihil

1057 2546 1110 2572 est,
1128 2542 1168 2567 sic
1182 2541 1285 2567 scribes
1299 2539 1417 2574 aliquid,
1432 2539 1457 2565 si
1471 2537 1590 2564 vacabis.
1629 2538 1654 2562 3.
1678 2535 1754 2568 Quod
1769 2540 1847 2571 putas

1056 2583 1177 2613 oportere
1187 2577 1324 2612 pervideri
1335 2577 1389 2603 iam
1399 2575 1483 2602 animi
1493 2574 1714 2603 meifirmitatem,
1722 2573 1848 2609 gravius-

1057 2624 1110 2650 que
1120 2615 1253 2650 quosdam
1263 2614 1360 2640 scribis
1370 2613 1404 2639 de
1414 2620 1456 2638 me
1468 2611 1552 2646 loqui,
1563 2619 1645 2646 quam
1656 2615 1702 2637 aut
1711 2615 1735 2636 te
1745 2609 1850 2637 scribe-

1057 2661 1085 2679 re
1096 2653 1272 2679 autBrutum:
1285 2651 1319 2682 si,
1331 2650 1380 2685 qui
1389 2657 1432 2676 me
1443 2648 1556 2676 fractum
1567 2656 1626 2675 esse
1637 2649 1729 2674 animo
1736 2652 1762 2674 et
1770 2646 1851 2674 debi—
