1941 3052
244 137 305 161 ⁴00⁸
791 132 845 157 lli.
882 130 916 156 M.
951 130 980 156 Τ,

241 211 266 232 vt
289 205 388 232 malum
412 205 520 236 vagiens
541 210 607 237 put-r
627 206 684 228 utra
703 199 836 235 voluptate
851 199 1031 226 diiudicabit?
1050 204 1053 233 l

241 248 340 271 stante,
354 251 385 267 an
399 241 538 267 movente'?
557 239 697 274 quoniam,
714 239 736 264 si
749 238 801 263 «tiis
813 238 907 272 placet,
921 237 954 263 ab
967 237 1030 271 Epi—
1050 242 1053 276 Ι

241 289 305 306 euro
322 279 392 313 loqui
405 278 546 303 ‹tim-imus.
586 276 614 301 Si
626 280 720 304 stante,
736 275 784 300 ho«-
797 280 888 300 nutura
905 274 1030 300 videlic-ct

243 316 312 346 vult,
329 316 428 340 salvam
444 322 502 339 esso
512 322 553 343 so,
567 312 638 347 quod
651 311 836 338 concedimus:
860 312 882 337 si
897 315 1027 340 movente,

241 353 312 388 quod
330 359 415 378 tamen
431 351 534 380 «licitis.
553 349 625 376 nulla
646 350 731 383 turpis
748 349 870 383 voluptas
885 349 947 378 erit,
961 357 1030 383 quae
1052 370 1053 377 ,

242 388 473 425 praetermittenda
489 388 532 413 sit.
573 387 605 412 Et
619 386 700 412 simul
718 395 768 412 non
783 386 961 420 proficiscitur
972 385 1030 411 ani·
1051 407 1053 422 Ι,

243 427 293 453 mal
312 425 377 452 illud
395 425 472 451 morlo
487 430 578 450 natum
590 433 603 449 a
618 432 723 449 summa
737 423 884 457 voluptate:
910 431 978 457 quae
991 426 1030 447 est
1051 451 1053 460 γ

241 474 253 489 :t
268 469 290 490 tt·
302 463 385 497 posita
399 463 424 488 in
438 471 487 487 non
499 461 622 487 dolendo.
663 462 704 486 3¹2.
722 461 775 486 Noc
787 465 874 486 tamen
886 468 1030 494 argumen-
1052 475 1053 491 3

242 507 296 528 tum
319 500 367 526 lioc
389 500 521 533 Epicurus
543 507 555 524 a
573 498 662 533 parvis
679 498 786 532 petivit,
806 502 851 524 aut
866 498 945 523 etiam
957 506 970 523 a
983 496 1030 521 be·
1051 500 1053 537 j

240 538 313 564 stiis:
352 545 421 571 quae
437 540 512 570 putat
527 544 585 561 esse
601 535 710 569 sperula
723 539 844 561 naturae:
880 539 908 560 ut
919 533 1028 562 (liceret.

241 575 273 600 ab
288 574 338 605 his,
352 574 419 599 dut-c
432 578 534 602 natura,
549 573 616 598 hanc
629 572 790 606 voluptatem
806 572 894 606 expeti
907 570 1030 597 nihildo-
1052 569 1053 601 J

242 611 324 638 lendi.
364 611 455 645 Neque
476 611 547 636 enim
570 610 634 635 llaec
656 618 761 635 movere
778 614 863 643 potest
882 609 1029 643 appetitum
1052 639 1053 648 ἵ

241 649 338 675 animi:
365 657 413 674 ncc
429 647 514 673 ullum
532 647 610 673 habet
629 647 724 675 ictum,
742 655 795 681 quo
815 645 895 681 pellat
909 646 1029 671 animum
1052 654 1053 676 ῃ

240 691 325 712 status
342 684 384 711 hic
400 693 451 711 non
467 684 587 711 dolendi.
629 685 719 718 ltaque
735 684 761 710 in
775 684 824 709 hoc
835 683 928 709 eodem
940 686 1031 717 peccat

240 724 429 758 Hieronymus.

242 760 386 794 voluptate.
428 759 518 794 ltaque
539 759 672 793 Epicurus
693 766 799 793 semper
820 757 869 784 hoc
884 758 981 787 utitur,
1003 760 1031 782 ut

242 797 348 832 probet,
363 796 525 831 voluptatem
538 801 630 822 natura
642 796 746 830 expeti:
770 794 842 830 quod
854 803 884 821 ea
897 794 1028 828 voluptas,

241 843 310 870 quac
332 834 358 860 in
380 838 452 860 motu
469 834 516 862 sit.
535 838 560 860 et
576 841 671 868 parvos
687 832 719 858 ad
734 840 762 858 se
774 831 872 858 alliciat
883 836 909 858 et
920 831 1028 860 bestias,

241 880 293 898 non
321 871 365 897 illa
385 870 502 901 stabilis,
526 871 553 896 in
573 879 626 905 qua
642 874 743 896 tantum
763 870 831 895 inest
848 868 914 895 nihil
931 868 1029 894 dolere.

241 911 282 935 33,
298 908 350 940 Qui
367 909 449 943 igitur
465 908 602 937 convenit,
620 907 653 933 ab
669 907 719 933 alia
736 906 870 941 voluptate
884 906 973 932 dicere
985 914 1032 931 na-
1052 918 1054 940 ι

236 951 328 982 ¹turam
350 945 492 980 proticisci,
516 945 542 970 in
563 944 614 970 alia
635 952 773 970 summum
794 944 894 970 bonum
916 940 1031 977 ponere?

241 983 287 1009 xl.
303 983 450 1009 Bestiarum
468 990 529 1008 vero
542 981 646 1008 nullum
658 981 790 1007 iudicium
802 986 876 1015 puto.
901 979 1031 1012 Quamvis

242 1022 315 1046 enim
339 1019 497 1054 depravatae
517 1028 567 1045 non
583 1019 650 1049 sint,
674 1026 770 1053 pravae
790 1023 878 1044 tamen
894 1025 953 1043 esse
969 1025 1032 1051 pos-

241 1062 314 1083 sunt.
355 1057 387 1083 Ut
402 1056 531 1082 bacillum
547 1055 621 1081 aliud
633 1060 673 1082 est
685 1055 812 1081 inflexum
825 1060 850 1081 et
861 1055 1031 1081 incurvatum

240 1094 274 1121 de
296 1093 436 1124 industria,
459 1093 532 1119 aliud
549 1093 584 1119 ita
601 1097 705 1119 natum:

241 1173 335 1195 natura
351 1176 410 1194 sua.
450 1168 504 1193 Nec
520 1175 596 1197 vero.
618 1171 648 1193 ut
663 1166 827 1201 voluptatem
842 1170 961 1200 expetat,
984 1173 1032 1190 na-

240 1211 299 1232 tura
318 1210 406 1231 movet
421 1204 562 1230 infantem:
584 1203 631 1229 sed
648 1208 759 1234 tantum,
776 1208 806 1230 ut
816 1211 845 1229 se
857 1204 914 1237 ipse
925 1202 1030 1238 diligat,

470 722 502 748 At
523 721 566 748 ille
587 721 674 756 pellit,
692 721 739 755 qui
756 720 903 755 permulcet
920 727 1029 746 sensum
1058 720 1061 742 ὲ

737 1093 776 1118 sic
795 1092 911 1118 serarum
927 1095 1029 1120 natura,
1053 1105 1054 1124 ξ

241 1140 293 1158 non
317 1135 356 1157 est
373 1130 417 1157 illa
433 1130 543 1165 quidem
560 1130 703 1165 depravata
719 1129 788 1155 mala
803 1128 962 1163 disciplina,
983 1127 1031 1154 sed
1053 1125 1055 1157 J

239 1247 271 1269 ut
285 1243 418 1277 integrum
435 1250 463 1267 se
473 1241 634 1276 salvumque
646 1240 719 1267 velit.
741 1240 826 1267 Omne
837 1241 909 1266 enim
921 1238 1029 1271 animal,

240 1279 323 1305 simul
340 1284 368 1306 ut
383 1284 469 1305 ortum
489 1283 541 1309 est,
558 1282 584 1304 et
594 1278 716 1312 seipsum
728 1282 856 1304 etomnes
866 1281 954 1312 partes
968 1285 1031 1303 suas

241 1315 345 1351 diligit:
371 1315 505 1350 duasque,
519 1323 587 1350 quae
599 1315 732 1341 maximae
743 1319 815 1346 sunt,
828 1315 856 1341 in
867 1314 964 1349 primis
974 1322 1033 1340 am-

240 1353 379 1388 plectitur,
404 1354 524 1379 animum
540 1357 686 1387 etcorpus:
708 1352 806 1378 deinde
817 1352 959 1386 utriusque
970 1359 1032 1386 par—

241 1396 290 1417 teS.
331 1390 397 1416 Nam
409 1394 472 1416 sunt
482 1394 508 1415 et
518 1390 545 1416 in
557 1390 646 1416 animo
656 1390 800 1424 praecipua
812 1389 954 1424 quaedam,
967 1393 993 1415 et
1003 1389 1031 1415 in

240 1436 363 1462 corpore:
389 1436 457 1462 quae
473 1435 558 1462 quum
575 1427 669 1453 leviter
679 1427 796 1462 agnovit,
811 1431 867 1453 tum
879 1426 1031 1453 discernere

239 1465 348 1499 incipit,
369 1469 398 1491 ut
412 1473 456 1495 ea,
473 1472 541 1499 quae
557 1464 643 1498 prima
654 1463 713 1490 data
725 1468 788 1490 sunt
799 1468 901 1494 natura,
914 1467 1029 1498 appetat,

240 1507 450 1537 asperneturque
462 1502 602 1527 contraria.
643 1502 683 1528 34.
699 1502 728 1527 In
740 1501 782 1527 his
794 1501 890 1536 primis
901 1500 1032 1528 naturali-

240 1540 292 1566 bus
304 1538 427 1574 voluptas
439 1539 511 1569 insit,
526 1545 617 1569 necne,
632 1547 728 1574 magna
738 1539 860 1573 quaestio
871 1543 920 1565 est.
956 1537 1030 1564 Nihil

242 1584 305 1603 vero
317 1581 409 1611 putare
421 1584 493 1606 esse,
516 1581 620 1610 praeter
631 1575 809 1610 voluptatem,
829 1584 881 1602 non
898 1575 1028 1605 membra,

240 1622 292 1640 non
314 1622 419 1645 sensus,
441 1622 493 1639 non
514 1613 615 1648 ingenii
638 1617 753 1643 motum,
778 1621 830 1639 non
851 1613 1030 1648 integritatem

239 1651 368 1685 corporis,
382 1659 433 1676 non
447 1649 638 1681 valetudinem,
655 1658 776 1676 summae
791 1649 859 1676 mihi
871 1649 978 1676 videtur
989 1650 1032 1676 in—

240 1688 342 1714 scitiae.
383 1688 469 1722 Atque
502 1687 535 1713 ab
566 1688 617 1713 isto
641 1688 727 1722 capite
751 1686 833 1713 fluere
858 1695 967 1713 necesse
991 1691 1032 1712 est

239 1733 346 1752 omnem
368 1725 495 1751 rationem
516 1724 647 1751 bonorum
667 1729 693 1750 et
712 1723 854 1750 malorum.
893 1723 1030 1750 Polemoni
1059 1755 1060 1758 Ἴ

1059 1763 1061 1781 'v
1083 1760 1274 1794 naicorumque
1284 1760 1420 1785 omnium:
1445 1767 1513 1794 quos
1532 1767 1584 1784 non
1595 1763 1635 1784 est
1650 1759 1778 1784 veritum.
1797 1758 1825 1783 in
1841 1765 1870 1782 ea

1059 1803 1060 1810 ¹
1082 1796 1231 1831 voluptate,
1249 1804 1317 1831 quae
1333 1797 1450 1822 maxime
1465 1795 1608 1822 dulcedine
1618 1803 1728 1822 sensum
1742 1798 1868 1822 moveret,

240 1767 266 1788 et
282 1763 334 1788 iam
349 1766 408 1788 ante
424 1761 557 1788 Aristoteli
573 1769 602 1787 ea
616 1762 701 1796 prima
713 1762 770 1787 visa
782 1765 856 1792 sunt,
870 1769 939 1796 quae
953 1760 1031 1796 paul—

241 1799 266 1826 lo
281 1804 340 1825 ante
356 1799 423 1825 dixi.
462 1799 532 1834 Ergo
553 1803 612 1825 nata
627 1803 668 1825 est
682 1799 812 1825 sententia
827 1803 947 1824 veterum
963 1798 1031 1824 Aca-

241 1836 407 1862 demicorum
428 1840 453 1862 et
472 1836 722 1870 Peripateticorum,
748 1840 778 1862 ut
798 1835 879 1861 finem
899 1835 1030 1862 bonorum

240 1873 360 1900 dicerent
371 1872 519 1899 secundum
531 1877 652 1899 naturam
664 1873 765 1903 vivere,
778 1872 807 1898 id
818 1877 866 1902 est,
878 1873 976 1898 virtute
983 1871 1031 1898 ad-

241 1910 335 1940 hibita,
350 1909 402 1936 frui
414 1910 509 1944 primis
523 1918 537 1935 a
549 1914 641 1936 natura
652 1909 731 1936 datis.
762 1908 885 1944 Callipho
899 1909 932 1935 ad
943 1910 1031 1936 virtu-

241 1951 294 1974 tem
316 1946 384 1973 nihil
400 1946 537 1977 adiunxit,
562 1947 614 1973 nisi
631 1946 808 1981 voluptatem,
840 1946 971 1973 Diodorus
983 1955 1030 1972 va—

240 1984 366 2010 cuitatem
387 1983 496 2010 doloris.
535 1984 582 2009 His
602 1983 741 2013 omnibus,
763 1991 831 2018 quos
846 1983 918 2014 dixi,
936 1992 1030 2010 conse-

240 2026 354 2056 quentes
369 2025 432 2047 sunt
447 2020 513 2047 fines
524 2020 665 2047 bonorum.
706 2021 842 2055 Aristippo
854 2020 971 2055 simplex
982 2029 1030 2047 vo-

241 2058 342 2093 luptas:
375 2057 469 2084 Stoicis
490 2058 639 2084 consentire
660 2062 781 2090 naturae,
814 2057 888 2092 quod
907 2066 966 2084 esse
982 2066 1030 2084 vo-
1050 2056 1052 2087 ζ

242 2095 299 2121 lunt
312 2103 326 2121 e
337 2095 448 2125 virtute,
462 2094 489 2121 id
501 2099 553 2125 est,
568 2095 676 2121 honeste
689 2095 794 2121 vivere:
816 2094 888 2130 quod
900 2095 935 2121 ita
947 2096 1029 2121 inter-
1050 2101 1052 2108 ⁸

241 2137 390 2167 pretantur,
419 2132 509 2158 vivere
529 2140 592 2158 cum
612 2131 788 2167 intelligentia
811 2140 904 2158 earum
927 2140 1026 2162 rerum,

239 2178 310 2204 quae
326 2174 418 2196 natura
434 2170 585 2199 evenirent,
598 2169 742 2205 eligentem
753 2177 792 2200 ea,
805 2177 875 2204 quae
886 2174 976 2196 essent
985 2178 1029 2196 se-

239 2206 360 2233 cundum
376 2211 510 2237 naturam,
526 2206 745 2241 reiicientemque
756 2207 897 2233 contraria.
938 2208 980 2233 35.
991 2207 1028 2233 lta

239 2248 293 2270 tres
313 2248 376 2270 sunt
399 2243 465 2270 fines
485 2248 607 2278 expertes
628 2243 787 2274 honestatis,
809 2251 882 2270 unus
896 2243 1028 2278 Aristippi

240 2280 282 2307 vel
307 2281 432 2316 Epicuri:
464 2280 530 2307 alter
548 2281 719 2316 Hieronymi:
751 2280 895 2307 Carneadis
916 2281 1025 2307 tertius:

239 2322 305 2349 tres,
323 2318 350 2344 in
368 2318 469 2353 quibus
485 2317 609 2344 honestas
625 2326 687 2344 cum
698 2317 788 2352 aliqua
799 2318 965 2349 accessione,
978 2318 1029 2344 Po-

240 2354 361 2386 lemonis,
374 2354 566 2390 Calliphontis,
578 2355 697 2381 Diodori.
736 2355 793 2381 Una
805 2355 936 2390 simplex,
948 2355 1028 2381 cuius

238 2392 307 2418 Zeno
321 2397 425 2423 auctor,
443 2392 529 2427 posita
540 2393 567 2419 in
579 2392 673 2418 decore
684 2396 749 2423 tota,
767 2392 794 2418 id
809 2397 861 2422 est,
879 2392 1026 2418 honestate.

238 2429 305 2455 Nam
321 2429 435 2464 Pyrrho,
451 2429 551 2460 Aristo,
564 2429 690 2460 Herillus,
703 2430 756 2455 iam
767 2429 815 2455 diu
829 2429 936 2456 abiecti.
976 2429 1029 2455 Re-

240 2465 308 2500 liqui
321 2467 375 2492 sibi
385 2468 573 2498 constiterunt,
590 2471 620 2493 ut
630 2471 748 2493 extrema
758 2474 821 2492 cum
833 2467 919 2493 initiis
929 2474 1028 2493 conve-

239 2502 339 2533 nirent,
366 2507 396 2530 ut
419 2503 555 2538 Aristippo
578 2503 716 2538 voluptas,
746 2503 909 2539 Hieronymo
927 2503 1027 2530 doloris

239 2539 372 2570 vacuitas,
398 2539 528 2567 Carneadi
547 2540 600 2567 frui
615 2540 757 2575 principiis
773 2540 942 2567 naturalibus
956 2544 1028 2567 esset

239 2579 399 2602 extremum.
420 2576 479 2603 XII.
491 2578 625 2612 Epicurus
636 2582 725 2604 autem
735 2577 1028 2613 quuminprimacom-

238 2612 407 2639 mendatione
421 2613 585 2648 voluptatem
599 2614 727 2641 dixisset:
749 2614 774 2640 si
788 2622 860 2645 eam,
874 2623 955 2650 quam
966 2615 1027 2641 Ari-

238 2649 345 2684 stippus
353 2669 359 2680 ,
377 2649 448 2676 idem
460 2655 548 2677 tenere
558 2651 653 2678 debuit
663 2651 790 2679 ultimum
801 2651 942 2683 bonorum,
953 2651 1026 2688 quod

1016 129 1300 156 ‹zicssnosts

1083 199 1139 226 ille:
1172 200 1213 226 uin
1230 209 1301 228 enm.
1319 209 1400 235 quam
1417 201 1606 236 Hieronymus,
1625 200 1730 227 fecisset
1743 199 1825 228 idem.
1841 206 1869 227 ut

1083 237 1244 271 voluptatem
1262 237 1349 267 ittam,
1367 247 1418 264 non
1435 239 1578 273 Aristippi,
1597 239 1622 264 in
1635 239 1720 273 prima
1731 247 1868 264 commen-

1081 274 1186 300 ‹lntione
1199 279 1316 308 poneret.

1135 312 1176 336 36.
1195 311 1274 340 Nam,
1291 310 1363 346 quod
1375 312 1424 341 nit,
1440 311 1565 337 sensibus
1577 313 1643 346 ipsis
1655 312 1777 338 iudicari.
1793 311 1868 337 volu-

1082 352 1180 383 ptatem
1198 348 1297 374 bonum
1319 356 1391 378 esse,
1416 348 1533 374 dolorem
1555 349 1669 375 malum:
1697 349 1758 383 plus
1774 348 1868 374 tribuit

1081 385 1221 415 sensibus,
1243 394 1323 420 quam
1337 385 1414 411 nobis
1436 385 1507 420 legen
1523 386 1687 420 permittunt,
1705 386 1868 420 privatarum

1083 422 1169 448 litium
1185 430 1270 457 quum
1283 422 1386 448 iudices
1400 430 1505 449 sumus.
1545 422 1628 456 (Nihil
1640 424 1711 449 enim
1723 430 1869 457 possumus

1083 458 1214 489 iudicare,
1229 460 1280 485 nisi
1293 459 1365 494 quod
1376 464 1416 485 est
1427 460 1509 485 nostri
1525 459 1628 486 iudicii.
1670 460 1697 486 ln
1709 468 1762 494 quo
1773 459 1869 485 frustra

1083 496 1186 522 iudices
1197 496 1290 525 solent,
1303 504 1387 530 quum
1399 497 1556 522 sententiam
1572 497 1751 531 pronuntiant,
1760 496 1867 523 addere.

1058 542 1060 552 ι
1081 533 1181 568 siquid
1198 534 1248 559 mei
1263 534 1354 559 iudicii
1370 538 1418 560 est.
1449 534 1476 559 Si
1487 534 1558 559 enirn
1572 542 1622 560 non
1635 533 1786 559 fuiteorum
1798 532 1870 559 iudi-

1082 571 1126 599 rii,
1141 570 1226 596 nihilo
1238 571 1333 605 mugiS,
1349 570 1398 596 hoc
1409 579 1460 596 non
1472 570 1571 600 addito,
1581 570 1647 596 illud
1654 570 1871 603 estiudicatum.)

1081 607 1152 639 Quid
1165 607 1409 634 iudicantsensus‘?
1431 607 1523 638 dulce,
1545 616 1679 634 amarum:
1708 607 1775 637 lene,
1792 616 1870 642 upe-

1083 653 1155 676 rum;
1195 653 1290 680 prope.
1318 644 1408 680 longe:
1440 649 1523 675 stare,
1547 653 1665 677 movere3
1697 643 1867 680 quadratum.

1058 688 1060 714 ,¹
1082 681 1236 709 rotundum.

1135 720 1176 745 37.
1198 719 1283 751 Quam
1306 720 1387 754 igitur
1407 718 1590 754 pronuntiabit
1609 719 1766 745 sententiam
1788 717 1872 744 ratio‘?

1082 756 1208 783 Adhibita
1230 757 1346 791 primum
1363 756 1517 782 divinarum
1534 756 1766 790 humanarumque
1782 763 1870 781 rerum

1082 794 1203 823 scientia,
1216 802 1285 828 quae
1297 798 1383 828 potest
1394 793 1524 828 appellari
1537 794 1585 819 rite
1596 793 1741 827 sapientia:
1773 791 1871 818 deinde

1082 830 1216 857 adiunctis
1229 831 1383 860 virtutibus,
1396 840 1464 865 quas
1475 831 1540 857 ratio
1552 839 1640 856 rerum
1652 831 1772 856 omniurn
1783 829 1870 855 domi-

1083 877 1143 899 nas,
1162 873 1189 895 tu
1205 867 1371 902 voluptatum
1387 868 1515 894 satellites
1529 873 1555 894 et
1567 868 1702 893 ministras
1713 875 1772 893 esse
1783 866 1870 892 volui-

1083 906 1130 932 sti:
1161 913 1276 940 quarum
1297 905 1363 931 adeo
1382 907 1504 931 omnium
1524 905 1654 931 sententia
1676 903 1869 939 pronuntiabit.

1083 944 1202 977 primurn
1220 942 1252 968 de
1266 942 1412 977 voluptate,
1427 942 1493 968 nihil
1506 950 1564 968 esse
1575 943 1599 968 ei
1612 941 1674 970 loci,
1689 950 1739 967 non
1753 940 1831 967 modo
1841 944 1871 966 ut

1083 979 1137 1005 sola
1155 984 1267 1014 ponatur
1283 981 1308 1005 in
1324 980 1424 1006 summi
1440 979 1502 1005 boni
1514 979 1591 1009 sede,
1611 987 1691 1014 quam
1703 979 1869 1013 quaerimus,

1083 1016 1131 1043 sed
1148 1024 1180 1043 ne
1195 1016 1241 1042 illo
1256 1016 1366 1051 quidem
1384 1017 1474 1046 modo,
1492 1021 1521 1042 ut
1532 1016 1564 1042 ad
1577 1016 1740 1042 honestatem
1752 1014 1871 1049 applice-

1083 1059 1134 1080 tur.
1176 1054 1212 1079 De
1242 1054 1372 1080 vacuitate
1402 1053 1502 1080 doloris
1534 1053 1626 1079 eadem
1652 1053 1781 1079 sententia
1809 1052 1868 1077 erit.

1083 1093 1124 1116 38.
1142 1091 1288 1117 Reiicietur
1301 1091 1380 1117 etiam
1397 1090 1560 1117 Carneades:
1590 1099 1638 1116 nec
1653 1090 1706 1115 ulla
1717 1089 1750 1115 de
1765 1096 1871 1115 summo

1084 1128 1153 1154 bono
1176 1128 1241 1153 ratio
1261 1133 1306 1154 aut
1328 1128 1472 1162 voluptatis
1492 1136 1543 1154 non
1563 1126 1706 1153 dolendive
1727 1127 1869 1161 particeps,

1083 1170 1129 1191 aut
1139 1164 1285 1191 honestatis
1295 1173 1400 1199 expers,
1413 1165 1578 1199 probabitur.
1601 1165 1636 1190 lta
1648 1163 1781 1198 relinquet
1792 1162 1868 1189 duas,

1083 1202 1115 1228 de
1131 1202 1233 1237 quibus
1248 1202 1328 1228 etiam
1344 1207 1423 1237 atque
1438 1203 1517 1228 etiam
1533 1201 1692 1228 consideret.
1731 1202 1783 1227 Aut
1798 1200 1869 1226 enim

1084 1244 1189 1270 statuet,
1204 1238 1271 1265 nihil
1283 1247 1341 1265 esse
1354 1239 1467 1269 bonum,
1485 1239 1537 1265 nisi
1549 1238 1703 1269 honestum:
1735 1236 1802 1264 niliil
1815 1245 1872 1263 ma-

1084 1276 1154 1306 lum,
1172 1277 1225 1303 nisi
1242 1281 1331 1311 turpe:
1354 1281 1439 1303 cetera
1451 1281 1496 1302 aut
1506 1276 1615 1302 omnino
1626 1274 1693 1302 nihil
1707 1274 1803 1301 habere
1815 1282 1871 1300 mo-

1083 1314 1180 1344 menti,
1204 1318 1249 1340 aut
1264 1318 1380 1342 tantum.
1397 1318 1427 1340 ut
1442 1322 1489 1340 uec
1504 1312 1652 1348 expetenda
1668 1320 1716 1339 nec
1731 1310 1869 1347 fugienda,

1083 1350 1131 1377 sed
1147 1350 1270 1386 eligenda
1288 1351 1366 1377 modo
1381 1356 1426 1377 aut
1442 1350 1586 1377 reiicienda
1602 1351 1670 1376 sint:
1702 1354 1747 1376 aut
1761 1354 1872 1383 antepo-

1085 1393 1130 1415 net
1145 1396 1218 1418 eam,
1238 1397 1320 1423 quarn
1336 1397 1421 1423 quum
1438 1388 1574 1414 honestate
1588 1387 1799 1416 ornatissimam,
1814 1391 1870 1412 tum

1082 1426 1161 1452 etiam
1178 1426 1246 1460 ipsis
1260 1426 1346 1452 initiis
1366 1430 1474 1452 naturae
1495 1430 1520 1452 et
1535 1426 1615 1452 totius
1630 1423 1790 1460 perfectione
1801 1424 1872 1449 vitae

1084 1462 1269 1497 locupletatam
1294 1462 1406 1489 videbit.
1446 1462 1523 1494 Quod
1543 1470 1574 1489 eo
1590 1461 1722 1497 liquidius
1738 1460 1830 1490 faciet,
1846 1460 1871 1486 si

1083 1500 1261 1535 perspexerit,
1287 1508 1376 1526 rerum
1397 1500 1465 1526 inter
1484 1508 1542 1530 eas,
1565 1499 1743 1526 verborumne
1759 1498 1795 1524 sit
1807 1505 1873 1524 con-

1082 1538 1221 1564 troversia.

1136 1574 1206 1600 XIII.
1229 1575 1271 1600 39.
1293 1574 1379 1600 Huius
1398 1582 1448 1609 ego
1463 1582 1535 1600 nunc
1550 1574 1732 1600 auctoritatem
1743 1579 1869 1607 sequens,

1083 1611 1154 1637 idem
1173 1610 1278 1637 faciam.
1319 1610 1454 1643 Quantum
1470 1611 1542 1637 enim
1557 1615 1660 1645 potero,
1675 1610 1795 1636 minuam
1806 1616 1871 1635 con-

1083 1649 1227 1681 tentiones3
1249 1656 1397 1683 omnesque
1413 1647 1551 1683 simplices
1566 1647 1710 1674 sententias
1724 1654 1829 1675 eorum,
1843 1646 1871 1671 in

1082 1685 1183 1720 quibus
1194 1684 1267 1711 nulla
1283 1686 1352 1711 inest
1363 1686 1469 1711 virtutis
1480 1685 1624 1714 adiunctio,
1637 1684 1746 1710 omnino
1757 1692 1770 1709 a
1783 1682 1872 1717 philo-

1082 1722 1177 1757 sophia
1193 1721 1369 1749 semovendas
1381 1722 1494 1756 putabo:
1519 1722 1637 1756 primum
1648 1721 1778 1755 Aristippi
1789 1720 1872 1755 Cyre-

1081 1842 1219 1860 summum
1234 1833 1334 1860 bonum
1346 1841 1457 1868 ponere,
1479 1837 1678 1859 contemnentes
1690 1833 1767 1858 istam
1777 1831 1871 1857 vacui-

1082 1876 1161 1898 tatem
1181 1871 1292 1898 doloris.
1334 1872 1374 1897 40.
1394 1871 1426 1896 tti
1442 1879 1494 1896 non
1511 1869 1648 1899 viderunt,
1667 1874 1697 1895 ut
1712 1868 1745 1894 ad
1760 1876 1871 1895 cursum

1081 1917 1196 1943 equum,
1214 1908 1246 1934 ad
1258 1907 1388 1934 arandum
1400 1907 1509 1934 bovem.
1527 1906 1560 1933 ad
1571 1906 1754 1942 indagandum
1761 1912 1868 1936 canem;

1081 1947 1120 1972 sic
1132 1946 1269 1972 hominem
1281 1945 1313 1971 ad
1325 1945 1392 1971 duas
1403 1953 1454 1975 res,
1467 1949 1495 1970 ut
1507 1945 1543 1970 ait
1552 1943 1715 1974 Aristoteles,
1727 1942 1760 1969 ad
1770 1941 1872 1969 intelli—

1080 1982 1199 2018 gendum
1215 1987 1241 2009 et
1251 1982 1284 2009 ad
1296 1982 1440 2018 agendum,
1454 1989 1512 2008 esse
1523 1986 1628 2012 natum,
1642 1981 1720 2016 quasi
1732 1979 1870 2006 mortalem

1081 2020 1176 2046 deum:
1207 2024 1365 2055 contraque,
1387 2024 1417 2046 ut
1431 2019 1533 2046 tardam
1549 2018 1668 2053 aliquam
1679 2022 1704 2045 et
1715 2016 1870 2053 languidam

1080 2057 1225 2091 pecudem,
1251 2057 1284 2083 ad
1304 2061 1412 2092 pastum
1431 2062 1456 2083 et
1476 2056 1509 2082 ad
1523 2055 1678 2090 procreandi
1695 2054 1868 2088 voluptatem,

1081 2095 1131 2121 hoc
1146 2094 1271 2121 divinum
1286 2093 1384 2120 animal
1395 2098 1482 2120 ortum
1494 2101 1552 2119 esse
1564 2092 1716 2119 voluerunt.
1755 2091 1813 2123 Quo
1827 2091 1870 2117 ni-

1081 2131 1120 2158 hil
1136 2132 1204 2158 mihi
1221 2132 1328 2158 videtur
1342 2131 1498 2158 absurdius.
1539 2131 1580 2156 kt.
1596 2130 1683 2164 Atque
1699 2129 1764 2155 haec
1779 2133 1869 2154 eontra

1080 2169 1258 2203 Aristippum,
1271 2169 1319 2203 qui
1330 2177 1389 2194 eam
1401 2167 1563 2202 voluptatem
1576 2175 1627 2193 non
1639 2166 1866 2193 modosummam.

1079 2206 1128 2232 sed
1143 2206 1226 2233 solam
1243 2207 1323 2232 etiam
1338 2205 1426 2231 ducit:
1457 2213 1539 2240 quam
1553 2212 1647 2230 omnes
1658 2211 1739 2230 unam
1750 2201 1870 2237 appella-

1081 2252 1141 2269 mus
1161 2243 1336 2278 voluptatem.
1377 2242 1460 2269 Aliter
1479 2246 1568 2268 autem
1588 2241 1666 2267 vobis
1680 2239 1776 2275 placet.
1815 2238 1868 2265 Sed

1080 2280 1138 2311 ille,
1157 2285 1186 2306 ut
1196 2280 1268 2310 dixi,
1287 2281 1392 2306 vitiose.
1432 2280 1486 2305 Nec
1497 2279 1568 2305 enim
1580 2277 1664 2314 figura
1675 2276 1806 2311 corporis,
1819 2284 1869 2302 nec

1079 2318 1145 2344 ratio
1168 2316 1304 2344 excellens
1327 2317 1430 2352 ingenii
1450 2316 1562 2342 humani
1582 2314 1729 2351 significat,
1751 2312 1784 2339 ad
1799 2312 1868 2339 hanc

1079 2363 1160 2381 unam
1172 2363 1228 2381 rem
1239 2359 1332 2381 natum
1343 2354 1488 2383 hominem,
1501 2352 1667 2379 utfrueretur
1673 2350 1866 2385 voluptatibus.

1079 2392 1134 2418 Nec
1152 2400 1215 2418 vero
1230 2391 1382 2418 audiendus
1397 2391 1588 2426 Hieronymus:
1614 2389 1658 2414 eui
1669 2395 1808 2414 summum
1818 2386 1869 2413 bo·-

1079 2438 1144 2455 num
1155 2434 1196 2455 est
1206 2429 1277 2455 idem
1285 2449 1291 2460 ,
1309 2428 1381 2463 quod
1395 2436 1443 2454 vos
1454 2427 1588 2454 interdum
1599 2424 1641 2452 vel
1653 2425 1742 2460 potius
1751 2424 1868 2450 nimium

1079 2474 1158 2501 saepe
1173 2466 1264 2492 dicitis
1281 2465 1349 2492 nihil
1365 2465 1464 2491 dolere.
1504 2464 1562 2490 Non
1572 2463 1658 2492 enim,
1671 2461 1695 2488 si
1707 2461 1808 2487 malum
1819 2460 1868 2487 do-

1079 2503 1118 2530 lor
1137 2507 1189 2533 est,
1206 2511 1296 2529 carere
1310 2511 1341 2529 eo
1357 2501 1426 2529 malo
1442 2501 1506 2528 satis
1521 2505 1561 2526 est
1575 2499 1608 2526 ad
1622 2499 1690 2525 bene
1706 2498 1865 2525 vivendum.

1079 2541 1132 2567 Hoc
1142 2540 1241 2567 dixerit
1251 2541 1341 2575 potius
1351 2539 1464 2566 Ennius.

1495 2589 1531 2594 —
1540 2588 1577 2593 —
1587 2573 1738 2599 —Nt‘mt't‘tm
1749 2573 1807 2598 boni
1819 2578 1866 2601 est,

1133 2617 1178 2640 συί
1186 2615 1250 2640 nihil
1259 2619 1294 2640 est
1304 2614 1376 2639 ntuli.
1387 2627 1424 2632 —-
1433 2626 1470 2631 —

1078 2651 1131 2678 Nos
1147 2651 1251 2678 beatam
1267 2651 1350 2678 vitam
1365 2657 1418 2677 non
1428 2647 1587 2684 depulsione
1597 2645 1672 2677 mali,
1684 2645 1733 2673 sed
1746 2645 1866 2680 adeptio-
