1941 3052
229 148 274 173 uo
793 146 833 170 31.
869 145 903 171 Μ.
939 146 967 170 Τ.

224 226 287 243 »ano
298 221 322 242 et
335 216 463 242 revocavi.
496 215 565 241 titoni
579 215 693 241 tribunis
706 214 791 249 ptohiu
802 214 966 243 ‹lo-nuntiavi.
981 223 1014 241 no

224 255 288 288 quid
303 253 457 281 turbulenti,
472 262 513 277 nw
524 252 642 281 νωιιειιιιΙι·Ι
656 251 807 277 ccinssnrmit.
831 252 974 278 Summum
987 256 1013 277 et

225 292 408 317 lirniiemiiiiiim
430 294 470 314 est
491 289 557 314 illud
578 289 767 314 vomiiiuiiibuii
784 288 896 314 fortunis
913 289 1014 323 praesi-

223 329 312 358 diiiiii,
330 328 457 360 Quirites,
477 331 517 355 iit,
534 325 627 360 quales-i
645 334 690 351 voa
707 325 833 351 hodierno
843 326 886 351 (lie
899 327 1013 352 maxima

223 366 346 392 coiis-ione
359 364 423 391 milii
436 372 482 398 pro
493 363 578 388 salute
590 367 674 388 vestra
686 363 860 397 praebuistis,
875 363 940 390 tales
952 363 1014 390 reli-

1063 216 1125 250 quis
1141 215 1306 249 temporibus
1322 215 1484 250 reipublicae
1495 217 1506 228 ⁴
1523 216 1680 251 praebentis.

1003 144 1275 171 1:1‹2151t0NtS

1720 217 1770 244 Pro
1784 223 1854 245 certo

1064 252 1189 287 polliceor
1205 252 1253 278 tioc
1270 252 1345 278 vobin
1361 257 1441 288 atque
1455 254 1582 281 confirmo
1597 264 1640 281 ine
1651 263 1709 280 esse
1721 255 1854 290 perfectu-

1064 298 1136 319 rum,
1155 293 1184 316 ut
1195 290 1246 315 iani
1259 289 1364 316 tandem
1377 289 1430 321 itti.
1447 291 1494 325 qui
1511 291 1602 318 honori
1619 292 1773 319 inviderunt
1784 302 1852 324 meo,

1063 331 1149 353 tamen
1167 335 1213 353 vos
1229 327 1368 354 universos
1384 327 1410 355 in
1425 329 1534 356 consule
1549 329 1690 365 deligendo
1705 329 1852 365 plurimum

1063 363 1163 390 vidisse
1175 363 1314 391 fateantur.

929 464 1146 476 -w-

1014 629 1056 654 3⁴.

753 704 1016 734 ORATIO
1066 705 1321 735 TERTIA

1005 791 1060 810 DE

445 856 807 906 LEGE

927 857 1628 908 AGRARIA

938 966 1127 987 CONTRA

587 1038 622 1074 P.
658 1037 984 1076 SERVILIUM
1020 1039 1263 1084 RULLUM,
1299 1040 1369 1077 TR.
1407 1039 1476 1078 PL.

703 1129 770 1159 AD
817 1131 1088 1160 POPULUM

270 1298 288 1323 Ι.
309 1298 331 1323 4.
355 1292 534 1323 Commodius
545 1297 671 1325 fecissent
683 1298 783 1326 tribuni
799 1299 899 1335 plebis,
917 1299 1007 1332 Quiri-

215 1339 261 1365 tes,
275 1334 311 1365 si,
325 1343 393 1369 quae
404 1335 475 1369 apud
489 1344 535 1361 vos
546 1335 579 1361 (le
591 1345 633 1362 me
644 1336 806 1369 detulerunt,
819 1346 848 1363 ea
859 1346 947 1364 coram
959 1346 1007 1372 po-

215 1373 276 1402 tius,
290 1380 331 1397 me
344 1377 488 1406 praesente,
502 1372 643 1400 dixissent.
674 1374 740 1400 Nam
752 1379 778 1400 et
788 1375 948 1410 aequitatem
960 1383 1007 1401 ve-

214 1414 282 1435 strae
293 1409 506 1443 disceptationis,
520 1415 545 1436 et
555 1411 776 1438 consuetudinem
788 1413 967 1447 superiorum,
981 1417 1006 1438 et

214 1447 255 1472 iiis
267 1455 330 1472 suae
342 1448 478 1481 potestatis
489 1448 671 1475 retinuissent.
712 1448 765 1475 Sed
780 1450 907 1484 quoniam
918 1449 1006 1476 adhuc

213 1492 338 1518 praesens
349 1489 481 1511 certamen
492 1487 743 1521 contentionemque
759 1486 899 1523 fugerunt:
923 1496 1002 1518 nunc,

211 1522 234 1547 si
247 1521 352 1547 videtur
363 1522 415 1553 eis,
433 1523 460 1548 iri
473 1531 559 1549 meam
571 1524 724 1550 concionem
737 1524 877 1559 prodeant,
894 1528 934 1556 et,
951 1533 1005 1560 quo

212 1559 343 1593 provocati
355 1567 369 1585 a
385 1568 427 1586 me
443 1561 533 1586 venire
549 1560 705 1592 noluerunt,
722 1563 837 1588 revocati
853 1562 947 1588 saltem
964 1570 1005 1588 re-

212 1601 356 1623 vertantur.
397 1598 421 1623 2.
439 1597 522 1624 Video
537 1598 677 1632 quosdam,
695 1598 821 1631 Quirites,
839 1599 951 1634 strepitu
967 1600 1005 1626 si-

210 1634 335 1669 gnificare
348 1635 435 1660 nescio
446 1635 521 1670 quid,
530 1640 556 1661 et
566 1644 618 1662 non
630 1635 736 1662 eosdem
749 1636 850 1667 vultus,
864 1645 932 1672 quos
944 1645 1005 1671 pro-

212 1672 281 1697 xima
298 1680 354 1697 mea
369 1673 494 1698 concione
510 1673 702 1707 praebuerunt,
725 1674 752 1700 in
768 1674 836 1700 hanc
849 1675 1002 1701 concionem

211 1709 277 1734 milii
289 1708 421 1736 retulisse.
452 1709 539 1742 Quare
549 1719 563 1736 a
576 1711 665 1742 vobis,
682 1711 729 1746 qui
742 1711 808 1737 nihil
820 1711 853 1737 de
864 1720 907 1738 me
917 1711 1004 1738 credi-

210 1745 298 1777 distis,
313 1751 341 1772 ut
352 1755 409 1772 eain
422 1747 595 1779 voluntatem,
609 1757 689 1783 quam
701 1757 807 1783 semper
818 1749 951 1775 habuistis
962 1757 1004 1775 er-

209 1792 242 1817 ga
255 1792 309 1814 iiie,
328 1785 474 1816 retineatis,
492 1789 566 1819 peto:
589 1794 603 1812 a
620 1785 696 1812 vobis
707 1790 810 1818 autem,
828 1795 896 1821 quos
909 1785 1004 1813 leviter

210 1820 364 1847 immutatos
375 1830 433 1847 esse
445 1823 543 1853 sentio,
562 1831 670 1857 parvam
686 1823 777 1859 exigui
793 1824 920 1858 temporis
936 1832 1003 1850 usu-

209 1866 264 1883 raiii
278 1857 360 1884 bonae
371 1859 403 1884 de
415 1868 456 1885 me
468 1860 601 1894 opinionis
612 1860 731 1895 postulo,
749 1865 780 1887 ut
789 1869 861 1892 eam,
878 1861 901 1887 si
910 1881 916 1891 .
933 1869 1002 1895 quae

209 1894 310 1925 dixero,
325 1895 400 1921 vobis
412 1897 536 1930 probabo,
555 1901 684 1933 perpetuo
694 1898 844 1924 retineatis:
861 1899 903 1924 sin
914 1898 999 1929 aliter,

209 1931 258 1957 lioc
269 1932 328 1966 ipso
339 1933 365 1959 iii
379 1933 434 1959 loco
444 1934 593 1969 depositam
605 1938 684 1970 atque
695 1935 823 1962 abiectam
834 1935 1000 1970 relinquatis.

209 1971 233 1995 3.
256 1969 385 2004 Complcti
406 1976 469 1997 sunt
489 1973 570 1998 animi
587 1981 718 2008 auresque
734 1977 849 2004 vestrae.
872 1972 998 2005 Quirites,

209 2014 259 2035 iiie,
272 2007 461 2042 gratificantem
473 2015 575 2044 septem
587 2011 707 2046 tyrannis
717 2010 866 2045 ceterisque
877 2010 1001 2037 Sullana-

208 2052 267 2069 rum
289 2045 498 2080 assignationum
524 2047 738 2081 possessoribus,
765 2048 882 2084 agrariae
903 2047 955 2083 legi
976 2052 1000 2074 et

207 2081 354 2107 commodis
370 2083 466 2109 vesti-is
481 2084 619 2111 obsistere.
659 2085 714 2111 Hoc
724 2085 748 2111 si
758 2086 806 2120 qui
817 2085 997 2115 crediderunt.

207 2117 275 2144 illud
292 2119 366 2152 prius
382 2120 542 2148 crediderint
557 2130 665 2148 necesse
680 2126 734 2153 est,
757 2122 806 2149 hac
818 2122 875 2158 lege
886 2122 996 2158 agraria,

206 2163 274 2189 quae
291 2157 455 2192 promulgata
472 2159 519 2190 sit,
542 2159 625 2185 adimi
636 2159 760 2186 Sullanos
775 2168 853 2195 agros
869 2160 999 2194 vobisque

206 2192 304 2223 dividi,
327 2199 371 2220 aut
392 2195 508 2230 denique
523 2197 608 2223 minui
624 2197 788 2231 privatorum
804 2197 996 2232 possessiones,

205 2234 235 2255 ut
246 2231 273 2256 in
285 2239 328 2256 eas
341 2240 386 2257 vos
398 2231 578 2260 deducamini.
620 2234 649 2260 Si
659 2234 779 2266 ostendo,
793 2243 845 2261 non
857 2234 936 2261 modo
946 2243 998 2261 non

205 2267 287 2293 adimi
302 2269 427 2303 cuiquam
443 2270 548 2305 glebam
564 2271 598 2297 de
613 2271 732 2298 Sullanis
747 2272 833 2307 agris,
855 2271 903 2297 sed
918 2272 997 2298 etiam

205 2313 289 2339 genus
306 2305 333 2331 id
349 2315 471 2342 agrorum
488 2313 558 2334 certo
573 2309 658 2343 capite
673 2308 740 2344 legis
760 2308 998 2343 impudentissime

204 2342 352 2369 contii-mari
369 2349 447 2378 atque
463 2346 574 2372 sanciri:
596 2346 620 2372 si
638 2345 732 2377 doceo,
755 2347 826 2382 agris
841 2346 898 2378 his,
920 2347 968 2381 qui
983 2354 997 2372 a

204 2378 276 2404 Sulla
288 2385 350 2406 sunt
361 2380 428 2412 dati,
446 2382 484 2408 sic
495 2382 637 2418 diligenter
647 2383 758 2409 Rullum
768 2392 817 2410 sua
830 2383 888 2419 lege
899 2392 998 2410 consu-

207 2415 270 2447 lere,
289 2422 317 2442 ut
329 2417 403 2443 facile
418 2424 556 2453 appareat,
573 2429 631 2446 eain
648 2420 735 2456 legem
750 2430 801 2447 nnn
816 2430 830 2447 a
846 2426 996 2448 vestrorum

204 2454 403 2493 i-oiiiiiioiloruni
419 2461 540 2489 pati-ono,
558 2457 606 2483 sed
620 2466 634 2483 a
646 2457 732 2494 Valgii
747 2466 845 2494 genero
859 2467 919 2485 esse
933 2466 997 2485 con-

204 2494 342 2532 ³⁰3'¹p.²³¹¹¹.³
367 2501 430 2518 num
446 2493 513 2527 quid
528 2499 568 2520 est
582 2503 706 2526 caussae,
724 2494 855 2527 Quirites,
872 2496 939 2531 quin
950 2494 995 2521 itta

203 2532 398 2559 criminatione,
420 2531 510 2563 quain
523 2540 564 2557 me
576 2532 712 2558 absentem
728 2541 795 2558 usus
810 2537 863 2564 est,
886 2541 938 2559 non
953 2541 997 2559 so-

206 2562 259 2603 liiin
282 2572 380 2595 meam,
403 2566 450 2592 sed
465 2568 544 2594 etiam
559 2573 675 2595 vestram
689 2569 857 2605 diligentiam
878 2569 996 2605 pruden-

204 2604 321 2634 tiamque
331 2601 499 2635 despexerit?

260 2637 290 2663 11.
309 2639 332 2664 t.
355 2639 440 2673 Caput
456 2645 495 2666 est
511 2641 578 2677 legis
591 2650 641 2674 xi„
665 2642 698 2669 de
718 2651 773 2678 quo
792 2652 842 2679 ego
861 2643 992 2675 consulto,

203 2673 331 2706 Quirites,
345 2684 432 2710 neque
442 2677 515 2711 apud
526 2687 573 2705 vos
584 2684 644 2706 ante
655 2679 705 2706 reci
717 2681 878 2708 mentionem
886 2701 892 2713 ‚
906 2689 939 2707 ne
949 2685 996 2707 aut

1132 1131 1362 1161 HABITA.

1057 1299 1181 1326 refricare
1201 1299 1342 1327 obductam
1364 1300 1417 1326 iam
1432 1299 1596 1334 reipublicae
1611 1300 1759 1327 cicatricem
1776 1299 1850 1327 vide-

1057 1346 1111 1368 rer,
1128 1342 1174 1363 aut
1189 1337 1292 1373 aliquid
1307 1337 1471 1364 alienissimo
1482 1342 1599 1372 tempore
1611 1346 1694 1364 novae
1704 1337 1850 1364 dissensio-

1057 1375 1099 1401 nis
1119 1383 1296 1402 commovere.
1328 1375 1420 1410 Neque
1442 1383 1503 1401 vei-o
1524 1383 1595 1402 nunc
1615 1374 1675 1402 ideo
1694 1375 1847 1410 disputabo,

1056 1411 1129 1446 quod
1150 1412 1222 1439 hunc
1236 1417 1335 1439 statum
1351 1412 1514 1447 reipublicae
1530 1421 1582 1439 non
1598 1421 1695 1449 magno
1709 1421 1788 1447 opere
1802 1412 1850 1439 de-

1056 1449 1220 1476 fendendum
1233 1454 1338 1485 putem:
1361 1450 1525 1485 praesertim,
1542 1450 1590 1485 qui
1601 1450 1647 1477 otii
1659 1454 1685 1476 et
1693 1449 1849 1476 concordiae

1056 1491 1197 1521 patronum
1218 1496 1260 1514 me
1281 1487 1308 1514 in
1329 1487 1401 1514 hunc
1416 1496 1516 1514 annum
1532 1487 1695 1522 reipublicae
1712 1487 1849 1522 professus

1055 1525 1121 1551 sim:
1138 1524 1186 1551 sed
1203 1529 1232 1551 ut
1246 1524 1355 1552 doceam
1366 1524 1476 1551 Rullum
1489 1525 1598 1560 posthac
1610 1525 1635 1551 in
1649 1525 1691 1551 his
1702 1524 1796 1551 saltem
1809 1529 1848 1551 ta-

1055 1570 1114 1588 cere
1125 1561 1206 1588 rebus
1214 1583 1220 1593 ,
1238 1563 1264 1588 in
1280 1562 1382 1597 quibus
1392 1561 1426 1588 de
1437 1570 1466 1588 se
1476 1566 1502 1588 et
1512 1562 1545 1589 de
1555 1563 1613 1588 suis
1624 1561 1700 1589 sactis
1712 1562 1791 1588 taceri
1802 1570 1849 1588 ve-

1055 1598 1095 1625 lit.
1127 1600 1152 1626 5.
1169 1598 1296 1626 Omnium
1309 1599 1399 1635 legum
1410 1599 1610 1634 iniquissimam
1621 1599 1848 1626 dissimillimam-

1054 1644 1107 1671 que
1119 1635 1186 1672 tegis
1196 1645 1255 1663 esse
1266 1637 1378 1663 arbitror
1388 1645 1444 1663 eam
1454 1657 1459 1668 ,
1472 1645 1554 1672 quam
1565 1637 1596 1663 L.
1609 1636 1720 1663 Flaccus
1730 1637 1846 1663 interrex

1053 1674 1086 1700 de
1098 1673 1172 1700 Sulla
1184 1673 1258 1705 tulit,
1276 1683 1309 1701 oi·
1326 1683 1430 1705 ousia,
1449 1682 1650 1704 Quascuuous
1665 1682 1730 1700 ιιιε
1744 1682 1848 1700 neis-

1053 1720 1116 1742 ssr,
1132 1720 1240 1738 essi-:si
1254 1720 1337 1738 ιιΑι-Α.
1363 1712 1428 1737 Nam
1440 1719 1526 1746 quum
1537 1711 1631 1738 ceteris
1643 1711 1669 1737 in
1679 1710 1844 1742 civitatibus,

1054 1749 1174 1784 tyrannis
1189 1749 1332 1779 institutis,
1350 1747 1422 1784 leges
1437 1757 1530 1775 omnes
1545 1749 1752 1784 exstinguantur
1766 1753 1846 1783 atque

1053 1785 1191 1817 tollantur,
1214 1786 1258 1812 hic
1277 1786 1440 1821 reipublicae
1461 1791 1603 1822 tyrannum
1625 1785 1683 1822 lege
1697 1786 1844 1812 constituit.

1052 1823 1100 1849 Est
1109 1823 1243 1850 invidiosa
1259 1822 1314 1854 lex,
1331 1823 1402 1850 sicut
1415 1823 1486 1850 dixi:
1505 1828 1688 1850 verumtamen
1704 1823 1784 1850 habet
1798 1831 1846 1850 ex-

1051 1861 1230 1887 cusationem:
1254 1869 1306 1887 non
1316 1861 1387 1887 enim
1400 1860 1506 1887 videtur
1517 1861 1634 1888 hominis
1651 1860 1694 1887 lex
1708 1869 1781 1891 esse,
1797 1859 1846 1887 sed

1052 1898 1188 1933 temporis.
1229 1899 1254 1925 6.
1275 1897 1360 1930 Quid,
1377 1898 1401 1924 si
1417 1902 1457 1924 est
1472 1898 1537 1925 haec
1551 1897 1636 1924 multo
1647 1897 1846 1932 impudentior?

1051 1935 1118 1961 Nam
1130 1935 1232 1962 Valeria
1245 1935 1301 1971 lege
1313 1935 1497 1970 Corneliisque
1510 1935 1615 1971 legibus
1625 1935 1746 1970 eripitur,
1758 1943 1844 1970 quum

1051 1972 1142 2005 datur,
1164 1973 1337 2008 coniungitur
1352 1973 1496 2007 impudens
1511 1972 1668 2009 gratificatio
1678 1981 1740 1999 cum
1751 1972 1844 1999 acerba

1051 2010 1161 2036 iniuria:
1174 2010 1222 2036 sed
1233 2015 1321 2036 tamen
1332 2009 1411 2036 habet
1422 2011 1449 2036 in
1460 2010 1515 2036 illis
1527 2009 1632 2046 legibus
1641 2019 1717 2045 spem
1728 2009 1845 2036 nonnul·
1883 2042 1890 2049 .

1051 2046 1103 2073 lam
1115 2047 1173 2078 ille,
1191 2047 1235 2074 cui
1246 2047 1387 2082 ademptus
1402 2052 1456 2078 est,
1473 2047 1590 2083 aliquem
1605 2046 1778 2082 scrupulum.
1799 2047 1844 2074 cui

1050 2084 1128 2111 datus
1143 2088 1193 2111 est.
1231 2084 1304 2111 Rulli
1320 2085 1407 2111 cautio
1422 2089 1462 2111 est
1477 2085 1555 2116 haec,
1577 2093 1653 2116 onas
1667 2093 1736 2111 ros-r
1749 2093 1773 2111 c.
1788 2093 1844 2111 nu-

1050 2131 1134 2152 Riuu,
1151 2131 1194 2148 cx.
1210 2131 1352 2149 uriarum
1366 2131 1523 2149 consutas.
1563 2121 1647 2154 Quam
1665 2121 1755 2156 procul
1771 2129 1844 2148 asu-

1048 2159 1168 2193 spicione
1178 2158 1256 2195 fugit,
1264 2159 1337 2194 quod
1346 2167 1391 2185 eos
1401 2159 1535 2191 consules,
1543 2160 1590 2194 qui
1601 2157 1843 2185 adversariiSullae

1049 2197 1165 2223 maxime
1176 2196 1293 2228 suerunt,
1307 2197 1478 2231 potissimum
1489 2196 1654 2223 nominavit?
1663 2196 1693 2223 Si
1704 2196 1774 2223 enim
1781 2195 1843 2222 Sul-

1049 2233 1101 2259 lam
1113 2233 1267 2260 dictatorem
1278 2234 1456 2260 nominasset:
1479 2234 1654 2269 perspicuum
1670 2233 1724 2260 sore
1735 2237 1761 2260 et
1770 2233 1842 2260 inu*-

1047 2270 1153 2297 diosum
1170 2271 1312 2298 arbitratus
1327 2275 1377 2297 est.
1408 2271 1461 2298 Sed
1475 2280 1557 2306 quem
1575 2276 1691 2297 vestrum
1703 2275 1756 2296 tam
1768 2270 1842 2297 tardo

1047 2308 1156 2344 ingenio
1166 2308 1221 2335 sore
1232 2309 1344 2343 putavit,
1357 2309 1411 2339 cui,
1424 2313 1484 2343 post
1494 2317 1538 2335 eos
1549 2308 1673 2335 consules
1685 2306 1788 2334 Sullam
1799 2307 1842 2334 di·-

1047 2350 1171 2372 ctatorem
1183 2345 1276 2377 fuisse,
1289 2346 1317 2372 in
1328 2350 1444 2372 mentem
1456 2346 1546 2372 venire
1556 2354 1608 2372 non
1619 2343 1727 2380 posset?
1737 2345 1762 2371 7.
1770 2343 1842 2377 Quid

1047 2391 1110 2418 ergo
1121 2383 1157 2409 ait
1166 2383 1301 2409 Marianus
1313 2383 1438 2410 tribunus
1448 2383 1546 2418 plebis,
1558 2383 1606 2418 qui
1618 2391 1665 2409 nos
1677 2381 1802 2409 Sullanos
1812 2382 1841 2408 in

1047 2420 1177 2446 invidiam
1197 2419 1284 2455 rapit?
1304 2429 1382 2451 QUAS
1401 2429 1468 2447 Posi·
1485 2429 1599 2447 ιιᾼιιιυιι
1617 2429 1650 2446 ει·
1684 2427 1839 2446 canone!

1047 2466 1208 2489 consuens,
1228 2466 1310 2488 ΛΕΜ,
1330 2466 1502 2488 nminem,
1522 2466 1628 2488 LAcus,
1648 2465 1773 2487 stanin,
1788 2465 1841 2483 ιο-

1047 2503 1094 2525 εΑ,
1110 2503 1337 2525 possessiones,
1352 2494 1467 2530 (caelum
1477 2499 1503 2521 et
1514 2503 1585 2520 mare
1596 2493 1783 2529 praetermisit.
1796 2501 1841 2519 ce-

1047 2536 1100 2558 tera
1123 2531 1280 2567 complexus
1303 2531 1374 2567 est,)
1396 2541 1520 2558 ιιῐηιιεε
1546 2541 1635 2562 iun,
1662 2539 1837 2561 assicnu.

1047 2578 1188 2600 venitin,
1204 2578 1352 2596 concessa
1365 2578 1444 2596 ευιπ.
1483 2569 1584 2604 Aquo,
1600 2567 1697 2595 Rulle?
1711 2568 1773 2594 Post
1782 2567 1839 2594 Ma-

1045 2607 1116 2632 rium
1127 2611 1153 2632 et
1164 2606 1310 2633 Carbonem
1321 2605 1445 2632 consules
1455 2606 1518 2641 quis
1529 2604 1695 2642 assignavit?
1713 2605 1777 2640 quis
1791 2604 1839 2631 de-

1045 2642 1102 2670 dit?
1111 2643 1175 2678 quis
1185 2643 1317 2670 concessit
1327 2643 1557 2678 praeta-Sullam?
1566 2653 1602 2670 sa
1615 2651 1707 2670 oaxen
1720 2651 1755 2669 izo
1768 2650 1838 2669 iunss

1044 2689 1117 2707 siiu.
1143 2679 1202 2713 Quo
1212 2679 1288 2708 iure?
1299 2680 1439 2708 labefactat
1448 2680 1573 2708 videlicet
1583 2681 1673 2708 nescio
1682 2679 1760 2715 quid.
1790 2679 1837 2705 Ni-
