1941 3052
391 168 447 195 AD
479 168 776 195 HERENNIUM
809 169 894 194 LIB.

24 242 77 269 litia
92 240 243 267 nocentium
257 243 425 270 exaruerunt,
446 239 543 265 virtute
557 239 725 273 optimatium
739 239 810 265 revi-
829 259 831 283 ¹

22 282 132 307 rescent¹
155 277 328 303 Tralationem
343 276 434 302 dicunt
448 276 593 311 pudentem
607 285 665 302 esse
679 281 806 311 oportere,
829 285 831 292 ·

23 321 52 344 ut
69 325 130 343 cum
148 315 245 341 ratione
262 314 290 339 in
308 313 473 339 consimilem
493 322 547 339 rem
562 318 684 344 transeat,
706 322 738 339 ne
752 314 809 339 sine
829 327 831 352 ·¹

22 353 125 381 delectu
136 356 233 379 temere
244 355 268 377 et
277 351 373 385 cupide
386 351 506 377 videatur
516 351 543 377 in
553 350 713 377 dissimilem
724 355 811 377 trans·
830 357 831 366 ¹

22 391 146 419 currisse.
830 369 832 424 l

78 429 118 454 46.
133 425 293 452 Permutatio
307 429 346 451 est
359 425 441 451 oratio
455 424 528 451 aliud
542 425 639 456 verbis,
662 424 735 451 aliud
749 433 811 451 sen-
830 427 832 473 l

22 465 102 493 tentia
115 464 307 490 demonstrans.
341 463 378 488 Ea
396 462 527 489 dividitur
540 463 566 488 in
582 467 634 488 tres
648 467 749 497 partes:
774 463 811 488 si-

22 501 209 531 militudinem,
226 504 422 535 argumentum,
435 500 605 526 contrarium.
621 500 670 526 Per
683 500 811 526 similitu·
830 478 832 520 4

23 540 111 566 dinem
133 538 257 568 sumitur,
282 546 366 572 quum
390 537 548 568 tralationes,
574 546 626 563 una
645 542 690 563 aut
708 537 807 571 plures,
830 522 832 555 ⁴

23 577 172 612 frequenter
189 579 326 610 ponuntur
348 583 361 600 a
379 575 495 609 simplici
514 575 613 600 ratione
631 574 734 605 ductae,
755 575 808 600 sic:
831 582 832 587 ¹

22 615 88 641 Nam
109 622 194 648 quum
216 621 294 638 canes
317 611 468 647 funguntur
489 611 583 638 officiis
608 611 741 646 luporum,
766 612 809 638 eui
831 643 832 647 ¹

22 651 152 686 praesidio
169 658 253 685 pecua
270 648 428 675 credemus?
449 649 498 675 Per
515 654 703 685 argumentum
717 653 811 675 tracta·
831 656 832 671 1

22 693 73 720 tur,
93 696 177 723 quum
191 696 205 713 a
219 695 329 722 persona
344 691 389 712 aut
402 696 416 712 a
431 686 486 713 loco
500 691 545 713 aut
559 696 572 712 a
586 695 614 713 re
629 686 718 721 aliqua
735 687 811 712 simi-
830 678 839 720 ⁴¹

23 725 106 753 litudo
131 725 245 761 augendi
260 728 305 750 aut
318 724 457 750 minuendi
471 733 565 750 caussa
591 724 711 750 ducitur:
741 728 770 749 ut
787 724 810 749 si
831 753 832 758 ¹

22 764 83 799 quis
96 763 210 790 Drusum
230 762 341 789 Gracchi
356 762 467 788 nitorem
481 761 631 788 obsoletum
657 761 736 787 dicat.
770 762 811 787 Ex
830 776 832 779 .

22 801 148 828 contrario
162 800 270 826 ducitur
283 800 335 825 sic:
356 803 386 825 ut
399 800 422 825 si
436 799 507 834 quis,
517 799 652 825 hominem
667 799 810 834 prodigum
830 819 832 839 ¹

21 842 47 865 et
60 837 226 864 luxuriosum
240 837 366 868 illudens,
386 845 496 871 parcum
510 841 535 862 et
549 836 704 872 diligentem
718 836 811 871 appel—
830 840 832 857 ί

22 875 65 902 let.
94 875 126 901 Et
144 875 171 901 in
185 875 235 901 hoc
249 879 390 910 postremo,
407 874 478 909 quod
493 883 527 900 ex
539 875 668 900 contrario
682 875 807 905 sumitur,
831 878 832 899 1

21 913 85 940 etin
98 912 145 939 illo
158 912 252 947 primo,
269 911 341 947 quod
355 920 369 937 a
383 911 560 938 similitudine
571 911 687 943 ducitur,
700 920 747 946 per
759 916 810 937 tra-

21 949 143 976 lationem
161 954 317 985 argumento
335 950 481 983 poterimus
500 950 548 975 uti.
583 949 632 975 Per
653 949 810 975 similitudi-
830 943 838 984 l¹

20 996 80 1014 nem
95 988 146 1014 sie:
183 987 253 1019 Quid
272 988 308 1013 ait
321 987 364 1013 hic
379 995 425 1013 rex
439 991 517 1022 atque
531 986 696 1022 Agamemno
710 990 806 1017 noster,
830 985 838 1020 l

20 1025 84 1055 sive,
101 1028 131 1051 ut
144 1024 285 1051 crudelitas
300 1029 347 1055 est,
364 1025 452 1059 potius
467 1023 580 1050 Atreus‘?
606 1025 647 1050 Ex
668 1024 806 1054 contrario,
837 1025 838 1045 l

19 1066 49 1088 ut
67 1062 89 1088 si
108 1071 188 1097 quem
202 1062 325 1097 impium,
342 1062 389 1096 qui
404 1066 505 1096 patrem
520 1062 707 1092 verberaverit,
723 1061 810 1087 Aene-

19 1108 61 1126 am
75 1108 214 1132 vocemus,
242 1100 462 1134 intemperantem
477 1104 502 1126 et
515 1099 665 1125 adulterum
680 1098 810 1134 Hippoly-
836 1103 838 1133 j

19 1141 76 1163 tum
91 1137 269 1163 nominemus.
291 1137 360 1163 Haec
373 1141 437 1163 sunt
451 1136 512 1167 fere,
529 1145 597 1171 quae
611 1136 723 1162 dicenda
734 1136 810 1163 vide-
830 1143 838 1171 1ι

19 1173 114 1201 bantur
135 1174 168 1200 de
190 1174 332 1201 verborum
351 1174 578 1200 exornationibus.
606 1175 681 1200 Nunc
696 1183 737 1199 res
751 1175 809 1208 ipsa

19 1216 118 1243 monet,
148 1216 177 1238 ut
203 1211 328 1247 deinceps
354 1211 386 1238 ad
413 1212 603 1238 sententiarum
626 1212 809 1238 exornationes
837 1221 838 1243 ¹

830 1247 838 1280 'l
861 1246 933 1272 xime
952 1246 1021 1277 facit,
1043 1251 1072 1272 ut
1090 1251 1115 1273 et
1132 1247 1181 1278 illi,
1199 1249 1247 1283 qui
1261 1249 1377 1281 audient,
1395 1259 1408 1276 a
1422 1250 1500 1285 culpa
1514 1250 1611 1281 absint,
1627 1255 1652 1276 et

837 1343 838 1378 ⁴
860 1359 952 1389 cendo,
972 1359 1045 1394 quod
1063 1360 1188 1386 astutiore
1203 1362 1302 1387 ratione
1316 1368 1490 1397 comparatur,
1508 1372 1592 1398 quum
1607 1368 1652 1389 aut

829 1412 838 1430 ,l

829 1441 838 1455 ι
860 1434 934 1468 piant
947 1433 1091 1469 obiurgari,
1104 1439 1149 1460 aut
1163 1435 1280 1470 id,quod
1293 1438 1394 1463 scimus
1409 1437 1484 1464 facile
1497 1447 1590 1465 omnes
1604 1447 1652 1464 au—

19 1252 193 1276 transeamus.

72 1286 183 1314 XXXV.
200 1286 240 1313 47.
264 1286 421 1313 Distributio
444 1290 491 1318 est,
516 1295 600 1322 quum
618 1287 647 1312 in
661 1285 752 1321 plures
767 1295 808 1312 res

17 1328 63 1350 aut
84 1332 210 1358 personas
233 1324 336 1359 negotia
358 1323 489 1359 quaedam
511 1328 580 1350 certa
602 1323 806 1359 dispertiuntur,

17 1361 67 1388 hoe
82 1361 172 1387 modo:
196 1360 248 1393 Qui
262 1363 390 1393 vestram,
406 1361 517 1392 iudices,
535 1370 630 1387 nomen
645 1366 752 1387 senatus
767 1361 809 1387 di-

17 1397 85 1434 ligit,
106 1398 178 1424 hunc
196 1398 280 1425 oderit
299 1407 406 1425 necesse
424 1403 477 1431 est,
505 1398 718 1433 petulantissime
737 1399 808 1424 enim

17 1444 123 1470 semper
141 1436 190 1462 iste
204 1436 370 1471 oppugnavit
383 1440 515 1462 senatum.
542 1435 592 1468 Qui
608 1440 758 1471 equestrem
771 1435 809 1462 lo—
829 1460 830 1470 ¹

17 1481 78 1500 cum
93 1473 343 1507 splendidissimum
358 1474 432 1508 cupit
446 1482 503 1499 esse
518 1474 544 1499 in
559 1474 673 1504 civitate,
694 1474 717 1499 is
731 1482 809 1508 opor-
829 1475 837 1500 il

17 1514 53 1537 tet
69 1511 151 1536 istum
171 1511 300 1536 maximas
319 1519 416 1545 poenas
435 1510 541 1536 dedisse
556 1510 628 1542 velit,
650 1520 682 1536 ne
696 1511 745 1537 iste
759 1519 808 1536 sua
828 1515 837 1548 ζ’

17 1547 182 1582 turpitudine
196 1547 281 1573 ordini
297 1547 486 1574 honestissimo
501 1548 619 1574 maculae
633 1553 712 1583 atque
727 1548 807 1574 dede·
828 1561 829 1582 ¹

16 1585 69 1611 cori
87 1585 130 1611 sit.
165 1584 215 1617 Qui
235 1588 356 1619 parentes
375 1585 487 1616 hahetis,
504 1585 634 1611 ostendite
648 1586 727 1611 istius
741 1594 808 1620 sup-
828 1596 836 1617 ,ι

36 1621 104 1654 licio,
129 1622 205 1648 vobis
228 1622 349 1648 homines
372 1623 469 1657 impios
489 1631 540 1648 non
555 1622 666 1657 placere.
701 1622 806 1655 Quibus
827 1620 836 1657 {l

28 1659 93 1686 iberi
116 1663 186 1690 sunt,
207 1660 314 1685 statuite
333 1659 496 1694 exemplum,
513 1664 627 1695 quantae
641 1669 739 1695 poenae
754 1661 807 1686 sint
827 1666 836 1684 l*

16 1697 44 1724 in
57 1697 162 1723 civitate
181 1696 335 1723 hominibus
350 1697 501 1723 istiusmodi
516 1702 690 1732 comparatae.
725 1698 804 1724 Item:
827 1688 835 1735 l}

17 1733 129 1760 Senatus
143 1738 183 1760 est
201 1733 329 1765 officium,
346 1734 457 1761 consilio
470 1735 604 1761 civitatem
619 1735 724 1768 iuvare3
750 1744 807 1761 ma-
826 1736 835 1777 ξ]

16 1771 141 1808 gistratus
163 1771 281 1798 officium
304 1776 352 1803 est,
376 1780 454 1806 opera
476 1776 501 1798 et
519 1772 656 1807 diligentia
678 1773 805 1807 consequi
834 1781 835 1815 ι

17 1808 178 1835 voluntatem
192 1813 314 1842 senatus3
331 1809 423 1844 populi
437 1809 554 1836 officium
566 1814 614 1841 cst,
631 1818 672 1835 res
691 1811 806 1844 optimas
833 1818 835 1832 ι

17 1849 42 1872 et
54 1845 175 1872 homines
190 1846 298 1873 idoneos
310 1847 425 1873 maxime
435 1847 491 1873 suis
503 1847 642 1873 sententiis
652 1847 769 1883 deligere
781 1851 806 1874 et
833 1843 835 1875 f

17 1883 138 1918 probare,
163 1884 322 1910 accusatoris
345 1884 463 1910 officium
485 1889 533 1916 est,
558 1884 656 1911 inferre
678 1885 803 1918 crimina;

17 1919 170 1953 defensoris,
196 1921 297 1947 diluere
316 1926 341 1948 ct
360 1922 529 1957 propulsare,
555 1923 629 1948 testis
648 1926 688 1948 est
706 1922 802 1954 dicere,

17 1965 84 1993 quae
97 1958 162 1984 sciat
175 1962 220 1985 aut
234 1959 360 1992 audierit;
380 1960 539 1994 quaesitoris
553 1963 593 1986 est
612 1968 696 1986 unum
710 1968 805 1995 quem-

16 2002 68 2030 que
81 1995 176 2022 horum
192 1996 218 2022 iu
232 1995 319 2023 oslicio
332 2005 381 2023 suo
394 1997 537 2023 continere.
561 1996 656 2029 Quare,
674 1998 702 2023 L.
719 1997 802 2029 Cassi,

17 2031 40 2058 si
53 2036 153 2064 testem,
167 2037 350 2068 praeterquam
364 2034 436 2068 quod
451 2035 516 2061 sciat
529 2039 574 2060 aut
588 2034 709 2066 audierit,
726 2044 806 2070 argu-

15 2071 124 2096 mentari
139 2074 164 2096 et
177 2071 324 2097 coniectura
341 2072 465 2106 prosequi
481 2072 597 2106 patieris,
614 2072 656 2098 ius
671 2076 805 2098 accusato·
826 2081 827 2154 ¹

16 2106 52 2133 ris
69 2115 130 2134 cum
148 2108 205 2134 iure
224 2108 368 2134 testimonii
387 2109 583 2140 commiscebis,
601 2109 674 2135 testis
690 2110 804 2144 improbi

16 2144 186 2179 cupiditatem
209 2145 386 2177 confirmabis,
411 2155 455 2172 reo
473 2146 608 2181 duplicem
623 2146 804 2173 defensionem
826 2161 827 2169 ι

16 2181 129 2216 parabis.
163 2182 210 2208 Est
224 2182 287 2208 haee
301 2184 436 2209 exornatio
448 2184 563 2218 copiosa.
599 2183 805 2218 Comprehendit
826 2180 827 2192 ⁴

17 2218 85 2245 enim
99 2219 173 2246 brevi
189 2219 270 2245 multa
285 2223 319 2251 et,
335 2229 416 2246 suum
429 2221 526 2256 cuique
541 2221 660 2247 tribuens
674 2221 802 2253 osticium,
825 2219 826 2246 ἶ

16 2257 154 2292 separatim
169 2265 211 2283 res
225 2256 321 2283 dividit
335 2257 435 2292 plures.
825 2266 826 2288 l

69 2293 192 2321 XXXVI.
209 2295 249 2321 48.
271 2295 386 2320 Licentia
404 2299 452 2326 cst,
473 2303 558 2330 quum
576 2295 647 2330 apud
666 2305 719 2327 eos,
736 2304 804 2330 quos
825 2306 826 2334 ι

17 2333 61 2356 aut
78 2331 161 2357 vereri
180 2335 226 2358 aut
243 2336 361 2358 metuere
379 2332 517 2364 debemus,
538 2337 624 2359 tamen
640 2333 742 2367 aliquid
758 2342 804 2367 pro
825 2337 826 2362 ἶ

15 2366 73 2394 iure
85 2372 174 2395 nostro
187 2368 312 2400 dicimus,
328 2378 382 2404 quo
396 2378 440 2395 eos
455 2373 500 2395 aut
513 2378 580 2404 quos
595 2370 613 2396 ii
627 2369 745 2405 diligunt
755 2371 804 2396 ali-

16 2410 69 2439 quo
82 2405 109 2431 in
122 2409 206 2432 errato
221 2414 280 2432 vere
295 2406 487 2441 reprehendero
502 2415 579 2441 posse
595 2407 741 2439 videamur,
755 2407 804 2434 hoc

16 2441 106 2468 modo:
129 2442 271 2474 Miramini,
287 2443 413 2475 Quirites,
429 2444 501 2478 quod
516 2444 548 2470 ab
562 2445 687 2470 omnibus
703 2449 803 2471 vestrae
824 2371 826 2515 .

16 2478 127 2505 rationes
136 2479 388 2515 descrantur·?‹1uod
397 2489 519 2507 caussam
531 2485 643 2507 vestram
656 2490 733 2508 nemo
743 2491 804 2508 sus-

15 2514 112 2550 dipiat‘?
133 2516 205 2551 quod
223 2526 251 2543 so
266 2526 343 2544 nemo
358 2518 438 2544 vestri
453 2517 619 2544 defensorem
634 2519 804 2553 profiteatur?

15 2550 45 2579 Id
69 2553 178 2580 tribuite
205 2559 307 2581 vestrae
335 2555 429 2590 culpae
456 2560 535 2590 atquo
561 2555 675 2582 desinite
702 2557 801 2583 mirari.

15 2587 84 2622 Q'uid
98 2594 138 2617 est
150 2592 230 2622 enim,
246 2600 328 2627 quare
342 2601 394 2619 non
408 2601 500 2619 omncs
511 2593 588 2618 istam
603 2601 657 2619 rem
674 2592 764 2629 sugere
775 2602 803 2619 uc

15 2625 96 2654 vitare
109 2627 240 2655 debeant?
261 2629 453 2662 Recordmnini,
469 2638 537 2665 quos
551 2630 697 2656 habueritis
711 2630 804 2657 ‹lt-sen-

17 2667 101 2698 sore33
128 2665 216 2692 studia
238 2675 329 2693 eorum
354 2667 428 2694 vobis
451 2671 520 2703 ante¹
532 2667 623 2693 oculos
650 2669 801 2703 proponite,

16 2699 110 2729 deinde
123 2703 211 2730 exitus
225 2704 344 2730 omnium
359 2704 532 2731 considerate.
548 2705 616 2731 Tum
629 2705 705 2732 vobis
716 2706 804 2732 veniet
824 2717 826 2736 ι

830 2692 832 2702 r

837 1190 838 1196 ,
862 1171 981 1197 molestia
999 1176 1140 1203 removeat,
1161 1172 1241 1199 altera
1260 1174 1292 1200 ab
1311 1179 1395 1201 errato
1413 1175 1549 1201 deterreat.

831 2632 832 2661 J
854 2635 926 2657 ctum
949 2636 997 2657 cst.

928 169 971 194 lv.
1006 168 1060 195 CA
1075 168 1103 194 P.
1129 170 1155 194 34
1179 183 1216 187 -—
1237 169 1278 194 38.
1618 171 1643 195 31

860 239 887 264 in
911 243 1035 269 mentem,
1059 242 1089 264 ut
1104 247 1163 264 vere
1181 238 1277 269 dicam,
1304 238 1466 274 negligentia
1485 243 1569 264 vestra
1593 240 1650 265 sive

860 276 968 311 ignavia
986 276 1075 310 potius
1093 276 1153 302 illos
1171 285 1263 302 omnes
1277 280 1336 301 ante
1350 276 1440 302 oculos
1454 281 1555 302 vestros
1569 277 1651 302 truci-

860 313 935 339 datos
954 321 1020 344 esse,
1041 313 1164 339 inimicos
1183 322 1274 339 eorum
1290 314 1386 339 vestris
1404 313 1538 349 suffragiis
1552 314 1579 339 in
1594 322 1651 340 am-

861 350 1015 384 plissimum
1030 350 1117 376 locum
1132 351 1294 385 pervenisse.
1321 351 1400 377 Item:
1428 351 1494 376 Nam
1509 351 1575 385 quid
1590 351 1648 381 suit,

861 387 972 418 iudices,
989 396 1070 422 quare
1084 388 1111 414 in
1126 389 1263 414 sententiis
1280 387 1395 414 serendis
1410 388 1597 414 dubitaveritis
1607 393 1652 414 aut

861 425 942 450 istum
962 425 1096 451 hominem
1115 424 1245 451 nefarium
1267 425 1476 460 ampliaveritis‘?
1502 434 1553 451 non
1576 434 1653 460 aper-

862 463 980 488 tissimae
998 471 1039 488 res
1058 467 1131 488 erant
1144 463 1249 489 crimini
1263 462 1356 489 datae?
1379 472 1430 489 non
1444 471 1536 489 omnes
1551 463 1599 488 hae
1614 467 1652 488 te-

861 499 948 525 stibus
962 499 1163 533 comprobatae?
1181 509 1232 526 non
1246 505 1334 526 contra
1349 501 1462 526 tenuiter
1476 505 1501 526 et
1515 501 1652 535 nugatorie

861 536 1039 571 responsum?
1059 537 1106 562 Hic
1121 545 1167 563 vos
1182 538 1258 563 veriti
1273 539 1346 569 estis,
1363 538 1386 564 si
1400 538 1486 573 primo
1500 542 1575 563 coetu
1590 547 1653 564 con-

861 573 1046 604 demnassetis,
1067 582 1099 599 ne
1113 574 1234 600 crudeles
1249 574 1487 601 existimaremini‘?
1512 575 1580 601 Dum
1594 584 1652 601 eam

864 611 965 637 vitastis
984 611 1215 645 vituperationem,
1240 621 1308 646 quae
1329 613 1405 648 longe
1419 622 1433 638 a
1447 613 1523 639 vobis
1537 617 1592 639 erat
1606 613 1653 638 ab—

862 647 960 679 futura,
980 656 1039 674 eam
1057 648 1207 680 invenistis,
1228 654 1257 675 ut
1275 650 1362 676 timidi
1377 655 1455 685 atque
1470 651 1559 685 ignavi
1575 655 1653 685 puta-

862 685 967 711 remini.
1001 685 1131 711 Maximas
1146 690 1170 712 et
1184 687 1300 721 privatas
1314 692 1339 713 et
1353 688 1475 722 publicas
1489 687 1652 714 calamitates

862 723 1010 757 accepistis;
1035 731 1120 757 quum
1139 724 1217 749 etiam
1236 725 1348 751 maiores
1370 726 1524 760 impendere
1543 726 1653 751 videan-

862 764 912 791 tur,
930 759 1027 786 sedetis
1041 764 1066 786 et
1079 761 1237 787 oscitamini.
1264 762 1333 787 Luce
1347 767 1458 793 noctem,
1476 767 1550 789 nocte
1565 763 1651 789 lucem

862 797 1031 832 exspectatis.
1047 797 1157 832 Aliquid
1171 799 1289 832 quotidie
1304 800 1390 825 acerbi
1401 804 1479 834 atque
1491 800 1651 826 incommodi

862 835 1007 865 nuntiatur,
1028 839 1054 860 et
1071 843 1141 866 eum,
1162 836 1241 861 cuius
1255 845 1333 870 opera
1348 837 1424 863 nobis
1440 838 1503 863 hacc
1517 837 1649 868 accidunt,

862 880 908 898 vos
919 873 1089 898 remoramini
1099 872 1202 899 diutius
1212 878 1237 899 et
1246 873 1316 900 alitis
1326 883 1331 906 ;
1347 874 1380 900 ad
1390 874 1552 909 reipublicae
1563 876 1652 909 perni-

837 916 839 925 4
861 910 928 935 ciem
943 909 1072 940 retinetis,
1088 910 1176 945 quoad
1189 912 1308 945 potestis,
1325 912 1352 938 in
1366 913 1481 938 civitate.
1514 912 1649 938 xxxvll.

862 948 902 973 49.
917 947 1058 973 Eiusmodi
1073 947 1177 974 licentia
1191 948 1214 974 si
1225 949 1339 975 nimium
1350 949 1485 976 videbitur
1494 951 1652 975 acrimoniae

861 984 966 1015 habere,
984 984 1076 1010 multis
1090 985 1302 1021 mitigationibus
1314 986 1439 1020 lenietur,
1456 996 1517 1013 nam
1527 987 1652 1013 continuo

861 1021 963 1056 aliquid
983 1022 1138 1048 huiusmodi
1158 1022 1247 1049 licebit
1264 1023 1374 1050 inferre:
1403 1025 1450 1051 llic
1464 1033 1512 1060 ego
1527 1025 1651 1051 virtutem

837 1070 838 1077 ι
861 1064 975 1085 vestram
994 1068 1101 1094 quaero,
1125 1061 1282 1095 sapientiam
1301 1061 1431 1093 desidero,
1457 1067 1571 1088 veterem
1589 1071 1652 1088 cou-

861 1096 1031 1122 suetudinem
1046 1097 1161 1132 requiro.
1195 1098 1228 1124 Et
1241 1099 1313 1133 quod
1331 1100 1380 1125 erit
1394 1104 1556 1126 commotum
1571 1099 1652 1126 licen-

861 1134 905 1164 tia,
926 1133 954 1160 id
973 1134 1111 1170 mitigetur
1130 1134 1216 1167 laude,
1238 1141 1267 1162 ut
1281 1136 1360 1163 altera
1375 1146 1416 1163 res
1430 1138 1463 1163 ab
1477 1137 1613 1164 iracundia
1628 1141 1652 1163 et

1584 1175 1652 1201 Haec

861 1217 911 1240 res,
933 1209 1003 1235 sicut
1016 1209 1043 1235 in
1057 1210 1181 1241 amicitia,
1202 1211 1236 1236 ita
1251 1211 1278 1237 in
1292 1211 1413 1243 dicendo,
1434 1213 1457 1238 si
1473 1212 1528 1239 loco
1542 1212 1580 1243 fit,
1596 1222 1652 1238 ma-

861 1292 919 1315 nos,
933 1284 981 1318 qui
999 1283 1124 1316 dicimus,
1141 1286 1219 1312 amici
1233 1287 1353 1320 ipsorum
1368 1292 1392 1313 et
1407 1288 1525 1314 veritatis
1539 1297 1597 1314 esse
1611 1288 1653 1314 vi-

860 1321 980 1347 deamur.
1014 1322 1062 1347 Est
1080 1326 1168 1348 autem
1182 1324 1316 1358 quoddam
1330 1334 1416 1359 genus
1432 1325 1550 1352 licentiae
1569 1327 1596 1352 in
1611 1325 1652 1351 di-

860 1397 894 1422 ita
909 1396 1084 1431 obiurgamus
1098 1405 1151 1428 eos,
1164 1399 1211 1432 qui
1226 1399 1489 1434 audiunt,quomodo
1505 1402 1555 1435 ipsi
1567 1410 1594 1427 se
1605 1410 1652 1426 cu—

859 1470 971 1502 dituros,
992 1471 1107 1497 dicimus
1122 1480 1169 1498 nos
1184 1473 1285 1505 timere,
1302 1475 1436 1509 quomodo
1450 1476 1587 1510 accipiant,
1604 1476 1652 1502 sed

860 1512 947 1534 tamen
966 1509 1075 1534 veritate
1088 1511 1259 1542 commoveri,
1275 1515 1305 1538 ut
1318 1512 1402 1538 nihilo
1415 1513 1504 1539 secius
1518 1513 1649 1539 dicamus.

859 1546 958 1572 Horum
990 1546 1129 1572 amborum
1159 1556 1288 1582 generum
1315 1550 1436 1584 exempla
1463 1550 1644 1577 subiiciemus.

858 1583 956 1609 Prioris
976 1582 1145 1610 huiusmodi:
1174 1585 1303 1617 Nimium,
1324 1585 1450 1619 Quirites,
1471 1588 1567 1614 animis
1586 1589 1651 1614 estis

858 1620 1028 1655 simplicibus
1043 1624 1068 1646 et
1082 1623 1242 1655 mansuetis3
1270 1624 1384 1650 nimium
1402 1625 1509 1651 creditis
1529 1626 1574 1651 uni
1593 1627 1651 1651 cui-

858 1666 924 1692 que:
949 1658 1108 1684 existimatis
1128 1667 1213 1685 unum
1231 1669 1367 1696 quemque
1385 1663 1457 1693 eniti,
1480 1667 1507 1688 ut
1522 1663 1648 1697 perficiat,

858 1703 926 1730 quae
941 1695 1016 1721 vobis
1031 1695 1167 1730 pollicitus
1181 1697 1225 1723 sit.
1259 1698 1358 1725 Erratis
1373 1704 1398 1725 et
1412 1699 1508 1726 frustra
1524 1700 1588 1726 salsa
1603 1710 1650 1734 spe

857 1733 910 1758 iam
933 1732 980 1758 diu
1002 1732 1168 1760 detinemini.
1203 1735 1321 1762 Stultitia
1340 1742 1426 1763 vestra
1446 1737 1485 1767 id,
1505 1738 1577 1772 quod
1597 1743 1650 1764 erat

857 1770 885 1796 in
900 1774 986 1796 vestra
1000 1774 1137 1805 potestate,
1154 1772 1186 1798 ab
1201 1772 1259 1799 aliis
1275 1778 1371 1808 petere,
1383 1783 1463 1809 quam
1479 1775 1529 1809 ipsi
1544 1784 1650 1801 sumere

857 1807 1001 1833 maluistis.
1035 1808 1190 1835 Posterioris
1211 1809 1330 1837 licentiae
1349 1812 1398 1838 hoc
1417 1813 1465 1838 erit
1480 1813 1647 1847 exemplum:

858 1845 922 1871 Mihi
942 1854 1003 1871 cum
1018 1845 1077 1876 isto,
1094 1846 1206 1878 iudices,
1228 1847 1278 1874 suit
1292 1849 1416 1880 amicitia,
1433 1850 1479 1876 sed
1495 1851 1543 1876 ista
1558 1851 1650 1877 amici-

833 1892 834 1904 :
857 1883 901 1914 tia,
927 1883 1031 1908 tametsi
1054 1892 1145 1910 vercor
1166 1886 1300 1919 quomodo
1321 1888 1454 1921 accepturi
1473 1888 1541 1917 sitis,
1563 1893 1649 1914 tamen

856 1920 951 1951 dicam,
978 1929 1025 1946 vos
1044 1929 1086 1946 me
1104 1922 1239 1956 privastis.
1274 1923 1344 1956 Quid
1362 1924 1416 1951 ita?
1441 1926 1512 1959 quia,
1531 1930 1558 1952 ut
1573 1926 1649 1952 vobis

856 1966 943 1983 essem
966 1958 1102 1992 probatuS,
1126 1968 1198 1991 eum,
1223 1962 1269 1996 qui
1289 1971 1336 1988 vos
1354 1963 1534 1997 oppugnabat,
1559 1963 1650 1989 iuimi-

855 2003 927 2026 cum,
943 2004 1025 2030 quam
1039 1996 1155 2023 amicum
1170 1998 1266 2025 habere
1281 1999 1373 2026 malui.
1390 2002 1431 2026 50.
1444 2000 1514 2035 Ergo
1527 2000 1592 2027 haec
1603 2009 1649 2027 ex-

856 2033 965 2064 ornatio,
986 2033 1029 2058 cui
1049 2033 1169 2061 licentiae
1188 2045 1283 2062 nomeu
1298 2041 1346 2067 est,
1362 2037 1440 2063 sicuti
1455 2037 1649 2064 demonstravi-

857 2079 926 2101 mus,
942 2070 1044 2105 duplici
1063 2072 1161 2097 ratione
1181 2074 1347 2106 tractabitur3
1376 2075 1526 2106 acrimonia,
1543 2084 1611 2110 quae
1626 2076 1648 2102 si

857 2107 971 2134 nimium
986 2107 1066 2134 suerit
1080 2117 1181 2144 aspera,
1199 2111 1365 2145 mitigabitur
1377 2111 1454 2138 laude
1468 2117 1493 2138 et
1506 2113 1649 2139 assimula-

857 2145 935 2176 tione,
960 2144 993 2170 de
1015 2154 1068 2179 qua
1090 2148 1222 2180 posterius
1245 2149 1373 2180 diximus,
1398 2158 1466 2184 (pure
1482 2159 1532 2176 non
1547 2150 1648 2183 indiget

857 2182 1039 2217 mitigationis,
1056 2188 1192 2218 propterea
1207 2186 1279 2220 quod
1291 2186 1410 2212 imitatur
1421 2187 1553 2213 licentiam
1565 2192 1588 2213 et
1599 2184 1646 2213 sua

855 2224 949 2254 sponte
963 2219 995 2245 ad
1009 2220 1129 2247 animum
1144 2222 1272 2249 auditoris
1286 2232 1314 2249 se
1327 2225 1516 2250 accommodat.

912 2257 1058 2283 XXXVIII.
1073 2259 1224 2286 Dcminutio
1238 2265 1286 2291 est,
1302 2270 1386 2295 quum
1402 2261 1503 2296 aliquid
1519 2262 1606 2288 inesse
1621 2263 1647 2288 in

856 2293 932 2320 nobis
957 2298 1001 2320 aut
1023 2295 1050 2320 in
1073 2296 1114 2327 iis,
1139 2306 1206 2331 quos
1225 2297 1405 2326 deseudimus.
1429 2303 1475 2324 aut
1493 2304 1584 2324 natura
1603 2304 1647 2325 aut

856 2330 959 2357 fortuna
981 2336 1027 2358 aut
1048 2333 1178 2360 industria
1200 2335 1321 2361 dicemus
1343 2337 1489 2369 egregium,
1512 2336 1593 2370 quod,
1615 2345 1647 2362 ne

854 2377 908 2403 qua
921 2369 1087 2404 significetur
1100 2380 1225 2407 arrogans
1239 2374 1386 2401 ostentatio,
1398 2373 1564 2399 ‹lcmiuuitur
1573 2378 1598 2399 et
1608 2379 1647 2399 at-

856 2410 979 2432 tenuatur
992 2408 1117 2439 oratione,
1134 2409 1182 2434 hoe
1197 2409 1287 2435 modo:
1305 2410 1369 2435 Nam
1386 2410 1433 2435 hoc
1449 2418 1495 2444 pro
1509 2419 1568 2437 meo
1578 2411 1643 2441 iure,

855 2443 966 2474 iudices,
987 2443 1054 2475 dico,
1076 2454 1118 2471 me
1137 2446 1224 2472 labore
1242 2451 1267 2472 et
1286 2446 1414 2472 industria
1429 2456 1545 2478 curasse,
1563 2453 1591 2474 ut
1605 2448 1646 2474 di-

854 2480 995 2515 sciplinam
1016 2482 1156 2508 militarem
1176 2492 1227 2509 uon
1243 2484 1268 2509 iu
1285 2484 1424 2518 postremis
1439 2489 1563 2510 tenerem.
1600 2486 1645 2511 llic

831 2524 833 2528 ¹
855 2519 876 2543 si
891 2519 954 2552 quis
967 2518 1092 2546 dixisset:
1114 2525 1142 2546 ut
1156 2521 1255 2555 optime
1270 2526 1394 2551 tenerem,
1412 2522 1513 2548 tamensi
1530 2532 1590 2548 vere
1605 2523 1645 2548 di—

856 2556 946 2586 xisset,
964 2560 1050 2582 tannen
1066 2566 1190 2591 arrogans
1206 2558 1280 2584 risus
1293 2563 1372 2584 essct.
1400 2559 1476 2585 Nunc.
1490 2564 1513 2586 ct
1528 2559 1560 2585 ad
1576 2560 1646 2586 invi-

854 2593 924 2619 diam
947 2594 1080 2620 vitandam
1099 2599 1123 2620 et
1142 2594 1174 2620 ad
1190 2595 1294 2621 laudem
1308 2596 1512 2630 comparandam
1527 2598 1590 2623 sniis
1604 2597 1645 2623 di-

1034 2632 1111 2658 ltcm:
1140 2632 1233 2658 Utrum
1258 2633 1339 2667 igitur
1361 2634 1486 2660 avaritiae
1504 2643 1597 2660 caussa
1611 2643 1643 2660 an

854 2669 980 2703 egestatis
994 2670 1105 2695 accessit
1119 2669 1150 2695 ad
1166 2669 1346 2696 malt-licium‘.>
1375 2671 1525 2697 Avaritiae?
1549 2676 1575 2697 at
1595 2671 1644 2697 lar-

853 2706 983 2742 gissimus
1003 2706 1052 2733 suit
1071 2707 1096 2733 in
1116 2707 1229 2739 amicos,
1253 2707 1324 2742 quod
1347 2708 1455 2743 signum
1480 2708 1643 2734 liberalitatis
