1941 3052
282 114 459 141 EPISTOL.
481 115 529 142 AD
548 116 700 142 DIVERS.
742 117 812 143 LIB.
835 117 914 144 XIV.
937 118 993 144 ΕΡ.
1016 120 1030 144 8
1050 133 1087 137 -
1109 120 1148 145 24.

108 184 182 205 xvu.
201 183 278 204 ARG.
297 185 409 207 Quomodo
420 184 469 211 ipse
480 184 510 205 sit
521 186 622 211 affectus,
630 185 759 207 Terentiam
771 193 799 207 ex
809 187 851 207 Le-

55 223 92 247 pta
102 222 124 240 et
133 218 241 239 Trebatio
252 226 383 244 cognoscere
392 219 461 240 iubet.

238 255 351 278 (Brundisii,
362 256 436 278 Paullo,
447 258 537 274 Marcello
548 264 594 275 coes.
607 258 662 279 704.)

137 291 173 317 Μ.
196 291 226 317 T.
249 290 278 317 C.
302 290 329 317 S.
352 291 383 317 D.
405 292 633 318 TERENTIAE
654 292 764 319 SUAE.

111 322 144 353 S.
157 328 186 354 V.
199 328 228 354 B.
240 328 271 354 E.
284 328 316 354 V.
339 328 365 354 Si
378 329 445 363 quid
457 329 598 360 haberem,
616 330 688 364 quod
704 330 736 356 ad
748 335 772 356 te
783 331 851 356 scri-

55 365 155 396 berem.
165 365 313 391 faceremid
326 370 351 391 et
361 366 486 399 pluribus
498 367 589 392 verbis
600 371 625 393 et
635 368 755 401 saepius.
773 368 850 393 Nunc

54 410 123 437 quae
139 403 193 428 sint
208 403 327 438 negotia.
347 403 432 429 vides.
472 404 530 439 Ego
545 408 634 430 autem
650 404 784 439 quomodo
798 405 850 430 sim

54 439 173 471 affectus,
187 448 221 466 ex
232 440 313 474 Lepta
325 444 350 466 et
362 441 485 467 Trebatio
497 442 596 475 poteris
607 450 778 476 cognoscere.
810 442 850 468 Tu

54 475 104 508 fac,
117 481 147 503 ut
157 481 230 503 tuam
242 481 268 503 et
279 477 382 503 Tulliae
394 477 577 504 valetudinem
588 487 676 505 cureS.
716 479 789 506 Vale.

106 546 192 567 XVIII.
209 546 286 567 ARG.
302 546 417 567 Permittit
432 547 491 572 nnis,
508 548 560 574 quid
571 549 666 568 Caesare
681 548 707 568 int
717 549 798 569 Urbem
812 549 849 568 ad-

53 583 157 602 ventante
167 581 291 602 faciendum
301 581 409 602 viaeatur.
425 582 459 603 Cf.
472 589 505 609 ep.
518 585 550 603 14.

237 618 348 642 (Brundisii,
358 619 456 639 Marcell-i,
467 619 547 636 Lentulo
558 626 603 637 coss.
614 618 671 641 705.)

76 653 217 680 TULLIUS
238 653 429 680 TERENTIAE
451 653 536 680 SUAE
557 654 601 680 ET
621 653 730 680 PATER
753 654 833 681 SUA-

54 690 136 717 VISS.
165 690 275 717 FILIAE
302 691 490 717 TULLIOLAE
499 712 505 722 .
532 691 654 718 CICERO
677 692 783 718 MATRI
806 693 850 718 ET

315 727 437 754 SORORI
459 728 487 754 S.
509 728 538 754 P.
559 729 590 755 D.

112 767 134 791 t.
157 761 394 791 Considerandum
407 765 484 791 vobis
496 766 576 791 etiam
587 769 667 800 atque
678 766 772 798 etiam,
791 768 851 793 ani—

53 811 112 828 mae
127 811 214 833 meae,
237 801 383 837 diligenter
398 807 475 836 puto,
496 803 563 837 quid
579 802 697 830 faciatis:
715 804 849 830 Romaene

52 840 126 870 sitis,
149 848 181 865 an
197 848 304 865 mecum
324 839 352 865 in
367 839 458 874 aliquo
471 844 527 866 tuto
542 839 608 866 loco.
648 840 678 866 Id
693 850 745 868 non
761 841 849 868 solum

52 885 144 903 meum
159 876 304 903 consilium
320 880 373 908 est,
391 876 438 902 sed
454 877 535 903 etiam
550 882 682 904 vestrum.
722 879 791 905 Mihi
803 888 850 905 ve-

52 915 131 940 niunt
142 914 169 940 in
181 918 298 940 mentem
309 914 388 940 haec:
406 915 503 940 Romae
514 923 562 941 vos
574 923 634 941 esse
645 919 701 942 tuto
712 924 791 950 posse
802 925 850 951 per

51 951 225 983 Dolabellam,
238 960 352 986 eamque
364 960 420 977 rem
432 960 511 986 posse
522 952 601 978 nobis
612 952 768 980 adiumento
778 963 847 985 esse,

51 989 76 1015 si
87 997 155 1024 quae
167 989 223 1020 vis,
241 993 287 1015 aut
302 989 325 1015 si
339 997 409 1023 quae
420 990 529 1024 rapinae
541 989 599 1016 fieri
609 991 755 1025 coeperint.
796 991 849 1017 Sed

51 1035 146 1052 rursus
156 1026 225 1052 illud
236 1035 279 1052 me
291 1031 393 1057 movet,
407 1027 480 1061 quod
492 1027 584 1058 video,
602 1036 696 1054 omnes
707 1028 789 1055 bonos
801 1029 850 1055 ab-

51 1072 111 1090 esse
122 1064 214 1095 Roma,
228 1068 254 1090 et
263 1072 308 1090 eos
320 1063 448 1090 mulieres
460 1073 523 1090 suas
534 1073 627 1091 secum
639 1065 748 1093 habere.
779 1066 849 1092 Ilaec

51 1105 140 1127 autem
152 1102 234 1137 regio,
244 1102 271 1128 in
283 1110 335 1136 qua
347 1109 396 1137 ego
407 1110 478 1133 sum⁷
488 1106 640 1128 nostrorum
652 1107 693 1129 est
703 1112 789 1138 quum
800 1113 850 1138 op-

50 1137 191 1173 pidorum,
209 1143 266 1165 tum
282 1139 362 1165 etiam
378 1139 564 1173 praediorum:
583 1144 613 1166 ut
626 1144 651 1166 et
662 1140 777 1167 multum
789 1149 849 1167 esse

51 1184 167 1207 mecum,
181 1180 214 1207 et,
228 1185 313 1211 quum
326 1176 456 1208 abieritis,
469 1176 609 1203 commode
620 1182 646 1204 et
658 1178 685 1204 in
696 1179 794 1204 nostris
805 1187 849 1205 es-

50 1221 79 1239 se
89 1214 208 1248 possitis.
227 1213 294 1239 Mihi
306 1213 384 1248 plane
396 1223 448 1240 non
459 1215 524 1241 satis
535 1218 639 1241 constat
649 1215 747 1247 adhuc,
757 1220 848 1242 utrum

50 1250 86 1276 sit
96 1250 204 1277 melius.
227 1251 279 1277 Vos
290 1251 392 1282 videte,
410 1251 477 1286 quid
489 1251 556 1278 aliae
568 1251 667 1279 faciant
679 1253 729 1279 isto
741 1252 797 1279 loco
809 1253 849 1280 se-

51 1288 149 1319 mmae,
162 1292 188 1314 et
198 1296 240 1319 ne,
253 1297 339 1322 quum
351 1288 455 1319 velitis,
469 1290 542 1315 exire
555 1298 606 1315 non
621 1289 711 1316 liceat:
726 1290 753 1316 id
765 1291 847 1317 velim

50 1324 195 1360 diligenter
211 1326 291 1352 etiam
306 1330 386 1360 atque
397 1327 478 1352 etiam
490 1326 632 1353 vobiscum
644 1331 742 1353 etcum
753 1329 848 1354 amicis

49 1362 235 1389 consideretis
275 1363 375 1389 Domus
391 1368 419 1390 ut
430 1364 633 1399 propugnacula
644 1369 670 1390 et
681 1365 848 1400 praesidium

49 1399 155 1431 habeat,
169 1400 312 1426 Philotimo
323 1399 428 1427 dicetis.
466 1401 499 1428 Et
511 1401 592 1428 velim
605 1401 757 1429 tabellarios
770 1404 848 1430 insti—

48 1437 130 1464 tuatis
140 1442 240 1469 certOS‚
258 1442 287 1464 ut
300 1437 421 1472 quotidie
433 1438 538 1473 aliquas
550 1447 563 1465 a
576 1439 653 1466 vobis
666 1439 765 1467 litteras
777 1442 849 1468 acci-

48 1475 133 1509 piam.
160 1475 276 1502 Maxime
287 1479 376 1502 autem
387 1475 447 1502 date
458 1485 576 1511 operam,
590 1481 620 1504 ut
630 1477 751 1510 valeatis,
764 1479 847 1506 sinos

49 1511 133 1539 vultis
145 1512 244 1539 valere.
275 1520 314 1539 tx.
327 1513 386 1539 Kal.
399 1513 478 1540 Febr.
492 1514 617 1541 Formiis.

101 1581 167 1601 XIX.
184 1581 259 1601 Atta.
276 1583 346 1606 Quum
358 1581 410 1606 alia.
422 1586 465 1603 tum
476 1582 624 1604 vnletmtinem
636 1583 707 1609 filiae,
723 1592 785 1611 quem·
797 1587 847 1612 punt

47 1615 130 1636 elnaem
140 1616 292 1637 Pharsalicam
303 1623 375 1637 secum
386 1617 492 1643 habehat,
509 1618 554 1639 nihi
563 1618 720 1646 impedimento
732 1627 781 1640 ene
792 1621 846 1641 ucri·

48 1649 88 1675 tiit.
99 1656 126 1670 ne
136 1650 228 1678 propius
239 1651 266 1672 ad
276 1652 356 1672 Urbem
367 1653 462 1674 accedat.

186 1688 299 1711 (Brundiiii,
309 1689 387 1707 Caesare
398 1690 422 1707 II.
434 1690 489 1708 serv.
499 1689 582 1708 Isaurico
592 1696 639 1709 coss.
651 1693 688 1710 7οι
699 1692 705 1714 )

195 1732 231 1758 Μ.
252 1733 283 1759 Τ.
305 1732 335 1760 C.
357 1732 384 1760 S.
407 1733 437 1760 D.
459 1733 698 1762 TERENTIAE.

103 1764 136 1796 In
150 1770 277 1796 maximis
289 1770 357 1796 meis
368 1770 508 1797 doloribus
518 1772 655 1798 excruciat
666 1781 708 1798 me
721 1772 846 1800 valetudo

48 1805 151 1833 Tulliae
167 1811 281 1834 nostrae.
321 1808 358 1834 De
373 1816 427 1843 qua
443 1807 512 1835 nihil
527 1812 580 1840 est,
597 1809 670 1844 quod
686 1810 719 1836 ad
731 1815 755 1837 te
767 1811 845 1846 plura

47 1843 178 1870 scribam:
201 1844 251 1870 tibi
272 1845 345 1871 enim
366 1853 450 1881 aeque
472 1854 584 1881 magnae
605 1855 684 1873 curae
700 1856 759 1874 esse
774 1854 845 1875 certo

45 1881 113 1907 scio.
152 1880 230 1913 Quod
250 1890 292 1908 me
313 1883 424 1917 propius
445 1883 528 1910 vultis
547 1883 687 1911 accedere:
711 1885 790 1912 video
810 1887 845 1913 ita

46 1926 106 1944 esse
118 1917 283 1946 faciendum.
323 1919 411 1946 Etiam
426 1925 486 1947 ante
502 1919 640 1954 secissem3
660 1922 707 1948 sed
720 1931 762 1949 me
774 1924 846 1950 mul-

47 1960 72 1982 ta
86 1955 295 1990 impediverunt,
304 1965 373 1991 quae
385 1966 417 1983 ne
429 1966 500 1984 nunc
510 1957 622 1992 quidem
633 1959 758 1994 expedita
770 1966 844 1988 sunt.

46 1991 100 2019 Sed
112 2001 125 2019 a
137 1993 284 2028 Pomponio
294 1998 420 2028 exspecto
437 1994 552 2025 litteras,
568 2003 636 2030 quas
655 1996 688 2022 ad
704 2006 746 2023 me
762 2006 844 2033 quam

45 2030 166 2065 primum
189 2030 362 2065 perferendas
383 2040 462 2058 cures
482 2031 575 2059 velim.
615 2034 651 2060 Da
669 2042 792 2069 operam,
816 2040 846 2063 ut

49 2067 147 2094 valeas.

98 2131 154 2152 XX.
172 2131 190 2151 Α
199 2131 251 2152 Ro.
267 2131 292 2152 In
306 2131 436 2152 Tusculano
453 2138 477 2152 ne
491 2134 617 2160 exspectari
627 2136 649 2154 et
659 2141 694 2155 re·
705 2136 844 2157 accentu-ian

45 2165 119 2193 pflrflri
129 2165 198 2186 Iubet.
227 2168 315 2191 (Cauni-u
324 2167 416 2186 dict-toro
426 2169 480 2190 70⁷.)

104 2211 140 2237 M.
162 2211 193 2238 T.
214 2211 244 2238 C.
266 2211 293 2238 S.
314 2212 343 2238 P.
366 2212 396 2238 D.
418 2211 645 2241 TERENTIAE
666 2214 776 2243 SUAE.

101 2243 133 2274 In
148 2248 333 2275 Tusculanum
349 2257 397 2275 nos
413 2253 540 2276 venturos
555 2256 683 2285 putamus
698 2258 745 2280 aut
760 2254 843 2281 Nonis

45 2289 90 2312 aut
100 2286 240 2320 postridie.
282 2286 322 2312 Ibi
333 2290 362 2312 ut
372 2287 427 2312 sint
436 2287 526 2313 omnia
538 2293 637 2322 parata.
665 2290 758 2317 Plures
769 2293 842 2318 enim

45 2320 156 2349 fortasse
171 2323 315 2350 nobiscum
331 2328 421 2354 erunt.
439 2329 477 2355 et.
496 2329 525 2351 ut
540 2326 666 2358 arbitror.
685 2327 789 2355 diutius
804 2329 843 2356 ibi

45 2360 281 2388 commorabimur.
331 2360 448 2387 Labrum
474 2362 497 2387 si
525 2362 551 2388 in
578 2363 685 2391 balineo
712 2373 763 2392 non
787 2371 840 2399 est;

44 2400 75 2423 ut
84 2397 128 2424 sit.
169 2399 234 2424 Item
249 2403 349 2430 cetera,
367 2407 436 2433 quae
451 2403 515 2425 sant
529 2399 561 2425 ad
575 2401 676 2427 victum
688 2403 756 2429 etad
770 2403 844 2429 vale—

44 2433 165 2461 tudinem
176 2437 336 2462 necessaria.
358 2435 432 2462 Vale.
455 2436 516 2462 Kal.
528 2436 636 2464 Octobr.
649 2439 683 2465 do
694 2439 842 2468 Venusino.

96 2506 162 2528 XXI.
178 2508 255 2529 ARG.
272 2509 402 2530 Terentium
417 2517 452 2530 ron
467 2509 587 2535 diligentur
601 2511 758 2533 utimini-trare
772 2515 793 2534 et
803 2513 841 2534 tit-

45 2543 103 2562 tern
114 2542 211 2564 ici-ibon
220 2542 289 2565 iubet.
305 2547 389 2569 (Panno.
410 2547 501 2566 Μηι-υι-ιιιι
512 2554 558 2565 vui..
571 2550 626 2570 70⁴.)

102 2577 138 2605 M.
160 2579 190 2606 T.
212 2579 242 2607 C.
264 2580 293 2607 S.
316 2582 344 2608 P.
367 2582 397 2608 D.
419 2582 648 2610 TERENTIAE
669 2584 782 2611 SUAE.

99 2610 134 2642 Si
145 2616 227 2648 vales,
241 2617 308 2645 bene
320 2623 373 2646 est:
397 2619 483 2646 valeo.
523 2621 559 2647 Da
570 2629 688 2655 operum,
703 2626 731 2648 ut
741 2631 840 2648 conva-

46 2648 139 2679 tuscas.
173 2653 249 2686 Quod
265 2663 334 2691 opus
350 2657 412 2689 erit,
431 2662 460 2684 ut
475 2665 517 2684 res
534 2663 696 2694 tempusque
712 2659 837 2694 postulat.

1182 119 1253 145 LIB.
1276 119 1338 145 XV.
1360 119 1416 146 ΕΡ.
1443 122 1463 146 l.
1649 122 1693 146 781

903 189 1046 223 provideas
1063 194 1142 224 atque
1159 189 1344 216 administres:
1373 195 1398 216 et
1413 190 1446 216 ad
1462 199 1504 216 me
1521 190 1554 216 de
1570 191 1699 217 omnibns

903 226 984 252 rebus
995 235 1076 261 quam
1087 227 1245 261 saepissime
1258 227 1357 258 litteuas
1370 227 1469 254 mittas.
1494 227 1568 254 Vale.

955 295 1033 316 XXII.
1053 296 1070 316 Α
1079 296 1130 317 RG.
1146 296 1204 320 quid
1221 296 1344 317 faciendum
1360 297 1398 321 sit.
1410 303 1434 317 se
1444 304 1495 317 mox
1506 296 1638 324 scripturum
1649 304 1699 324 pro-

903 329 980 350 mittit.
996 333 1107 353 (Brundisii,
1120 334 1197 351 caesarc-
1207 334 1299 351 distatorc
1310 336 1365 353 707.»

957 375 992 401 M.
1020 376 1049 402 T.
1075 376 1104 403 C.
1126 376 1154 402 S.
1176 377 1205 403 P.
1230 377 1260 403 D.
1283 377 1511 403 TERENTIAE
1533 376 1641 403 SUAE.

959 415 993 446 Si
1008 421 1093 452 vales,
1112 422 1180 448 bene
1195 427 1247 449 est:
1272 422 1357 449 valeo.
1393 423 1445 448 Nos
1456 423 1576 457 quotidie
1589 423 1701 449 tabella-

903 458 956 483 rios
973 463 1076 484 nostros
1092 464 1293 494 exspectamus:
1325 461 1373 494 qui
1394 461 1417 485 si
1434 462 1569 491 venerint,
1587 460 1699 487 fortasse

902 495 1004 521 erimus
1016 497 1149 527 certiores,
1163 497 1229 531 quid
1241 498 1318 523 nobis
1331 497 1484 523 faciendum
1496 498 1539 528 sit,
1556 497 1701 524 faciemus-

903 540 956 566 que
981 537 1005 558 te
1030 534 1119 559 statim
1140 535 1287 560 certiorem.
1331 534 1519 561 Valetudinem
1539 540 1612 561 tuam
1636 544 1699 562 cura

903 569 1056 605 diligenter.
1089 571 1161 597 Vale.
1185 572 1312 597 Kalendis
1324 572 1506 606 Septembrib.

955 638 1044 660 XXIII.
1069 640 1146 660 ARG.
1175 640 1203 661 Se
1222 647 1235 660 a
1254 642 1350 661 Caesare
1369 640 1457 661 litteras
1476 641 1589 668 accepisse
1604 642 1699 663 nuntiat.

1120 677 1231 699 (Brundisii,
1243 678 1322 695 Caesari:
1332 678 1423 695 dictatore
1435 680 1490 699 707.)

963 719 998 745 Μ.
1021 720 1050 746 T.
1073 719 1102 746 C.
1134 720 1368 747 TERENTIAE
1391 721 1490 747 SUAE
1513 721 1539 747 S.
1562 721 1590 747 P.
1612 722 1641 747 D.

957 759 991 790 Si
1004 765 1085 796 vales,
1100 765 1168 792 bene
1180 770 1233 792 est:
1257 766 1344 792 valeo.
1376 766 1504 792 Redditae
1517 767 1699 793 mihitandem

902 806 965 828 sunt
979 810 993 827 a
1005 802 1117 829 Caesare
1129 803 1232 830 litterae
1243 804 1308 829 satis
1322 803 1461 829 liberales:
1485 808 1510 829 et
1522 804 1580 838 ipse
1592 805 1698 838 opinio-

901 848 934 865 ne
945 838 1061 866 celerius
1073 845 1205 867 venturus
1220 849 1279 867 esse
1290 841 1399 867 dieitur.
1431 840 1481 867 Cui
1493 846 1583 867 utrum
1591 842 1699 867 obviam

900 876 1060 910 procedam⁷
1074 886 1107 904 an
1120 878 1164 904 hic
1175 887 1238 904 eum
1249 883 1413 913 exspectem,
1427 886 1512 912 quum
1524 879 1698 909 constituero,

901 913 998 940 faciam
1018 919 1042 941 te
1062 915 1213 942 certiorem.
1249 915 1414 942 Tabellarios
1436 915 1503 941 mihi
1520 915 1601 941 velim
1618 925 1700 950 quam

900 951 1021 986 primum
1037 953 1167 980 remittas.
1208 953 1396 979 Valetudinem
1413 958 1486 980 tuam
1502 962 1566 979 cura
1582 953 1701 989 diligen-

902 993 951 1015 ter.
974 989 1048 1016 Vale.
1070 990 1101 1017 D.
1113 991 1201 1025 pridie
1212 990 1276 1017 Idus
1287 990 1362 1017 Sext.

956 1059 1044 1080 XXIV.
1068 1060 1147 1080 ARG.
1172 1061 1205 1081 De
1221 1060 1325 1081 Caesaris
1340 1067 1368 1080 ex
1384 1061 1485 1087 Aegypto
1501 1064 1522 1080 et
1537 1060 1592 1080 Asia
1606 1061 1700 1081 adventu

900 1093 983 1114 certior
992 1094 1042 1115 fieri
1052 1094 1120 1122 cupit.
1141 1097 1254 1119 (Brundisii,
1264 1098 1342 1115 caenu-
1353 1098 1442 1115 ‹tictatore
1453 1099 1507 1119 707.)

1020 1140 1057 1167 M.
1080 1141 1110 1168 T.
1133 1140 1162 1167 C.
1185 1140 1213 1168 S.
1234 1141 1264 1168 P.
1286 1141 1317 1168 D.
1339 1140 1579 1168 TERENTIAE.

955 1180 989 1212 Si
1010 1185 1097 1218 vales=
1116 1186 1184 1213 bene
1201 1191 1254 1213 est:
1277 1186 1363 1213 valeo.
1395 1187 1449 1213 Nos
1461 1195 1548 1221 neque
1560 1186 1592 1212 de
1604 1186 1700 1213 Caesa-

900 1222 937 1248 ris
953 1222 1084 1255 adventu,
1099 1232 1187 1259 neque
1197 1224 1230 1250 de
1243 1224 1347 1256 litteris,
1361 1233 1429 1259 quas
1442 1224 1604 1250 Philotimus
1617 1224 1700 1250 habe-

900 1267 927 1285 re
944 1259 1056 1292 dicitur.
1074 1261 1226 1296 quidquam
1243 1261 1332 1288 adhuc
1343 1262 1408 1288 certi
1424 1262 1566 1288 habemus.
1592 1262 1700 1296 Siquid

899 1297 950 1323 erit
965 1298 1044 1330 certi,
1063 1298 1159 1325 faciam
1175 1303 1200 1325 te
1215 1300 1305 1325 statim
1321 1300 1471 1325 certiorem.
1510 1298 1698 1326 Valetudinem

899 1338 973 1361 tuam
988 1334 1030 1362 fac
1043 1340 1071 1363 ut
1081 1344 1169 1363 cures.
1191 1336 1266 1363 Vale.
1288 1344 1326 1363 111.
1350 1336 1412 1363 Idus
1424 1335 1550 1363 Sextiles.

1183 1424 1401 1437 —Qofltoe—

1278 1567 1320 1592 85.

983 1629 1127 1659 LIBER
1149 1629 1367 1659 DECIMUS
1386 1630 1616 1664 QUINTUS.

951 1749 968 1770 t.
985 1749 1002 1769 Α
1010 1749 1062 1770 RG.
1082 1750 1115 1770 De
1125 1748 1185 1770 bello
1196 1748 1302 1770 Parthico
1313 1748 1340 1769 ad
1351 1752 1450 1769 :enatum
1461 1749 1588 1776 perscribit.

1095 1787 1125 1809 (Iti
1136 1787 1207 1807 Cilicia.
1218 1787 1276 1808 Rutu,
1286 1786 1378 1805 Marci-Itu
1388 1793 1433 1804 coss.
1446 1787 1501 1808 70³.)

898 1830 934 1857 Μ.
961 1830 1105 1857 TULLIUS
1131 1830 1168 1857 M.
1195 1831 1224 1857 F.
1252 1829 1375 1857 CICERO
1400 1829 1539 1857 PROCOS.
1562 1829 1590 1856 S.
1614 1831 1642 1856 P.
1665 1831 1695 1856 D.

976 1867 1071 1895 COSS.
1093 1868 1237 1895 PRAETT.
1259 1868 1365 1894 TRIBB.
1387 1868 1438 1894 PL.
1461 1868 1616 1894 SENATUI.

956 1915 978 1940 t.
996 1909 1030 1940 Si
1046 1923 1095 1940 vos
1110 1914 1141 1941 V.
1159 1914 1188 1940 Β.
1205 1914 1280 1941 E.E.
1293 1914 1324 1946 Q.
1337 1914 1369 1940 V.
1391 1914 1448 1940 Etsi
1461 1922 1513 1939 non
1529 1913 1612 1939 dubie
1629 1914 1696 1939 mihi

897 1951 1085 1983 nuntiabatur,
1104 1951 1215 1978 Parthos
1227 1952 1355 1978 transisse
1368 1951 1523 1986 Euphraten
1535 1959 1596 1977 cum
1608 1953 1696 1978 omni-

897 1989 949 2015 bus
961 1988 1015 2015 sere
1027 1989 1085 2015 suis
1096 1989 1195 2024 copiis;
1220 1993 1318 2019 tamen.
1332 1988 1569 2024 quodarbitrabar,
1578 1997 1591 2014 a
1604 1989 1639 2015 M.
1652 1989 1697 2015 lti-

897 2026 961 2053 bulo
982 2026 1142 2061 proconsule
1162 2027 1273 2053 certiora
1294 2026 1327 2052 de
1344 2026 1386 2052 his
1404 2026 1484 2052 rebus
1500 2025 1533 2052 ad
1550 2035 1597 2052 vos
1613 2027 1696 2052 scribi

896 2072 989 2098 posse,
1007 2064 1158 2090 statuebam
1171 2064 1240 2090 mihi
1252 2073 1304 2090 non
1316 2072 1425 2090 necesse
1437 2072 1496 2089 csse
1508 2063 1618 2098 publice
1629 2065 1696 2090 scri-

897 2101 960 2127 bere
985 2109 1030 2132 ea,
1057 2109 1126 2136 quae
1147 2101 1180 2127 de
1201 2101 1312 2127 alterius
1334 2101 1473 2135 provincia
1495 2101 1694 2127 nuntiarentur.

896 2139 988 2164 Postea
1014 2146 1077 2164 vero
1102 2147 1184 2173 quam
1209 2139 1371 2165 certissimis
1392 2138 1561 2168 auctoribus,
1590 2138 1693 2172 legatis,

896 2175 1014 2206 nuntiis,
1047 2174 1143 2201 litteris
1159 2185 1220 2201 sum
1237 2176 1334 2202 certior
1350 2175 1448 2201 factus:
1477 2174 1519 2201 vcl
1536 2175 1607 2209 quod
1625 2181 1694 2201 tanta

896 2221 938 2238 res
954 2216 1023 2243 erat,
1041 2211 1083 2238 vel
1100 2213 1173 2247 quod
1190 2212 1309 2239 nondum
1325 2212 1499 2238 audieramus
1515 2213 1642 2238 Bibulum
1669 2214 1694 2238 in

896 2249 1002 2285 Syriam
1024 2249 1144 2279 venisse.
1168 2249 1210 2275 vel
1232 2250 1296 2284 quia
1317 2249 1514 2276 administratio
1531 2250 1613 2276 huius
1630 2249 1693 2275 lwlli

897 2287 965 2313 milii
980 2295 1042 2312 cum
1060 2286 1156 2313 Bibulo
1172 2295 1256 2321 paene
1271 2291 1312 2313 est
1326 2287 1494 2313 cominunis:
1521 2296 1590 2321 quac
1606 2287 1638 2312 atl
1652 2296 1693 2313 me

895 2324 981 2350 delata
993 2328 1096 2355 essent,
1114 2324 1256 2350 scribenda
1269 2324 1301 2350 atl
1314 2333 1361 2350 vos
1373 2325 1476 2359 putavi.
1508 2326 1533 2350 2.
1547 2325 1627 2359 aegis
1640 2324 1694 2350 An-

894 2361 978 2388 tiochi
993 2362 1167 2396 Commageni
1180 2361 1258 2396 legati
1272 2362 1352 2395 primi
1365 2361 1432 2387 milti
1445 2361 1616 2391 nuntiarunt,
1631 2362 1693 2387 l'ar-

895 2399 1002 2425 thorum
1024 2407 1135 2433 magnas
1151 2400 1242 2433 copias
1258 2398 1413 2433 Euphraten
1430 2399 1542 2424 transire
1558 2399 1691 2433 coepisse.

894 2436 953 2468 Quo
969 2436 1063 2462 nuntio
1079 2435 1172 2467 allato,
1189 2445 1274 2471 quum
1286 2441 1375 2462 essent
1387 2435 1524 2465 nonnulli.
1538 2436 1586 2470 qni
1598 2437 1622 2462 ci
1636 2437 1691 2471 regi

894 2474 1025 2500 minorem
1038 2473 1118 2499 tidem
1131 2473 1282 2500 habendam
1295 2477 1427 2507 putarent.
1440 2473 1521 2499 statui
1533 2479 1692 2508 exspectan-

893 2511 958 2537 ‹lum
971 2519 1039 2541 esse..
1052 2511 1154 2546 siquid
1166 2511 1419 2537 cortiusnffiwi-otur.
1442 2510 1473 2536 A.
1486 2509 1514 2537 d.
1526 2519 1584 2536 λιιι.
1594 2511 1692 2537 Kalen-

894 2548 943 2574 das
954 2548 1061 2574 Octobr.
1074 2557 1160 2583 quum
1172 2549 1320 2575 exercitum
1334 2548 1359 2574 in
1375 2547 1498 2575 Ciliciam
1510 2547 1647 2579 ducerem,
1663 2549 1689 2574 in

893 2585 994 2612 linibus
1015 2586 1164 2622 Lycaoniae
1182 2591 1207 2612 ct
1221 2585 1406 2620 Cappadociae
1422 2585 1490 2611 mihi
1508 2585 1609 2612 litterae
1630 2586 1690 2612 rod-

891 2623 963 2649 ‹litae
983 2627 1047 2649 sunt
1062 2632 1076 2650 a
1092 2623 1310 2653 Tarcondimoto.
1337 2623 1385 2658 qui
1402 2622 1580 2650 fidelissimus
1599 2624 1690 2650 socius

892 2665 964 2688 trans
980 2661 1097 2687 Taurum
1112 2661 1352 2696 amicissimusque
1364 2659 1457 2696 populi
1470 2660 1581 2688 Romani
1595 2662 1690 2687 existi-
