1941 3052
224 129 271 154 2526
801 127 840 152 35.
872 125 907 151 Μ.
937 125 967 151 '1·.

221 199 402 225 arbitraretur.
431 198 469 223 15.
483 196 568 231 Atque
580 196 658 222 etiam
670 195 831 230 supplicatio
840 195 893 222 diis
905 195 1015 221 immor-

222 236 320 262 tulibus
337 244 384 269 pro
399 234 527 267 singulari
544 242 635 259 corum
653 233 747 259 merito
762 241 821 259 rneo
841 233 947 259 nomine
968 232 1015 258 de-

221 278 290 299 creta
302 278 354 302 est,
371 272 501 303 Quirites:
524 270 595 306 quod
612 270 677 296 mibi
690 271 807 304 primum
821 275 878 304 post
891 270 958 295 banc
970 278 1015 296 ur-

223 311 281 336 bem
303 309 435 336 conditum
458 313 544 342 togato
563 308 686 342 contigit:
709 312 734 333 et
750 307 792 333 his
807 306 910 333 decreta
926 306 1014 333 verbis

221 353 269 378 est,
283 356 358 378 ouon
373 355 468 372 vnum
484 342 649 374 iat-mnus.
666 353 762 370 cisne
777 353 876 374 cit-us.
893 353 1014 370 ltu-uu

222 394 272 410 ιιιιι,
281 394 312 409 ro
326 393 388 410 eiua
397 392 484 409 nisse
493 392 518 408 u,
559 381 631 413 Quae
643 381 804 416 supplicatio
814 382 909 408 sicum
920 381 1015 407 ceteris

221 421 382 450 conferatur.
400 420 530 451 Quirites.
548 419 597 444 hoc
614 419 730 449 intersit,
748 418 819 453 quod
835 423 936 445 ceterae
948 418 1015 445 bene

220 464 307 493 gesta,
332 458 394 483 baec
416 465 466 482 una
483 460 636 482 conservata
653 456 789 490 republica
805 456 948 482 constituta
963 460 1013 482 est.

222 497 307 530 Atque
319 494 394 524 illud.
408 493 480 528 quod
493 493 643 519 faciendum
659 494 775 528 primum
789 493 851 524 suit,
866 493 964 519 factum
975 498 1016 519 at—

221 542 273 567 que
289 536 450 558 transm-tum
466 536 516 557 est.
557 531 622 557 Nam
635 531 662 557 P.
677 531 821 562 Lentulus,
838 539 1013 566 quamquam,

222 569 358 604 patefactis
371 568 478 595 indiciis
493 573 518 595 et
532 568 748 594 confessionibus
763 569 834 599 suis,
858 568 958 594 iudicio
972 576 1015 594 se-
1036 578 1037 589 ι

223 612 299 632 natus
311 615 362 632 non
375 605 453 632 modo
464 606 591 640 praetoris
604 607 659 635 ius.
675 615 767 632 verum
779 606 858 632 etiam
869 606 937 632 civis
949 606 1016 632 ami-

221 648 302 674 serat.
322 648 408 670 tamen
421 643 577 677 magistratu
589 652 618 669 se
629 642 776 669 abdicavit:
791 648 828 674 ut.
841 651 910 678 quae
923 642 1016 678 religio

221 683 249 707 (ζ.
264 681 357 711 Mario,
381 680 530 707 clarissimo
543 682 611 712 viro,
634 689 685 707 non
699 680 796 711 fuerat,
817 689 871 715 quo
882 680 973 706 minus
985 680 1014 707 C.

221 718 374 749 (nunciam.
397 718 430 744 de
450 727 505 752 quo
526 717 591 744 nibil
615 718 771 744 nominatim
792 722 847 744 erat
867 717 1014 748 decretum,

222 760 367 790 praetorem
389 755 532 786 occideret,
555 764 583 781 ea
606 764 653 781 nos
675 755 802 791 religione
823 756 849 782 in
867 755 971 790 privato
985 755 1014 781 Ρ.

222 793 334 820 Lentulo
345 792 480 828 puniendo
493 792 675 819 liberaremur.

276 831 329 857 vn.
349 832 388 856 16.
412 830 501 861 Nunc,
519 831 660 865 quoniam.
674 829 804 862 Quirites,
817 829 1017 856 sceleratissimi

222 867 498 903 periculosissimique
514 867 577 894 belli
595 867 708 894 nefarios
724 867 806 893 duces
822 872 912 902 captos
927 867 979 893 iam
992 871 1017 893 et

221 905 426 940 comprehensos
439 905 546 936 tenetis,
564 905 718 931 existimare
728 904 846 935 debetis.
863 913 955 931 omnes
967 904 1018 931 ca-

206 942 312 978 ‚tilinae
328 943 430 977 copias.
453 951 545 968 omnes
561 951 623 977 spes
639 947 719 977 atque
734 951 812 977 opes.
836 942 878 968 bis
894 941 1017 977 depulsis

221 980 300 1007 Urbis
313 979 448 1014 periculis,
461 979 619 1006 concidisse.
653 980 738 1011 Quem
750 980 860 1015 quidem
872 988 921 1013 ego
931 988 1016 1014 quum

221 1026 253 1043 cx
266 1017 334 1043 Urbe
351 1016 496 1051 pollebam,
515 1017 564 1043 boc
580 1017 753 1051 providebam
770 1018 872 1048 animo.
888 1017 1015 1049 Quirites,

222 1059 321 1081 remoto
336 1054 461 1084 Catilina,
486 1063 536 1081 non
553 1054 619 1081 mihi
635 1063 693 1081 esse
710 1055 736 1080 P.
754 1054 859 1080 Lentuli
880 1063 1014 1086 somnum¹

222 1101 269 1118 nec
281 1092 309 1118 L.
323 1092 408 1118 Cassii
424 1091 544 1126 adipem.
562 1100 611 1118 nec
622 1092 732 1127 Cethegi
745 1091 871 1118 furiosam
884 1092 1018 1118 temerita-

221 1134 273 1155 tem
287 1129 535 1164 pertimescendam.
576 1129 623 1156 Ille
634 1134 688 1156 erat
701 1138 770 1155 unus
783 1129 919 1156 timendus
930 1138 963 1156 ex
975 1129 1017 1155 his

221 1167 360 1197 omnibus;
383 1167 429 1193 sed
445 1167 560 1198 tamdiu,
578 1166 643 1192 dum
656 1167 796 1193 moenibus
808 1167 887 1194 Urbis
897 1167 1018 1193 contine-

222 1204 308 1230 batur.
331 1203 425 1230 Omnia
439 1209 520 1235 norat,
533 1205 652 1230 omnium
665 1204 754 1230 aditus
765 1204 884 1231 tenebat:
897 1203 1016 1239 appella-

222 1250 258 1272 re,
273 1246 380 1272 tentare,
394 1241 537 1268 sollicitare
548 1246 662 1276 poterat,
676 1241 804 1268 audebat:
827 1246 882 1268 erat
893 1242 916 1268 ei
928 1242 1014 1269 consi-

223 1278 289 1305 lium
301 1279 333 1304 ad
346 1278 449 1305 facinus
460 1283 566 1313 aptum:
589 1278 701 1305 consilio
717 1284 805 1305 autem
822 1288 909 1314 neque
925 1279 1016 1315 lingua

222 1324 308 1350 neque
320 1325 416 1342 manus
427 1316 525 1342 deerat.
565 1317 620 1342 lam
636 1316 669 1342 ad
684 1320 769 1342 certas
785 1325 826 1342 res
838 1316 1017 1343 conficiendas

220 1358 306 1380 certos
317 1353 439 1379 homines
450 1353 566 1380 delectos
577 1362 607 1380 ac
617 1353 765 1388 descriptos
778 1354 901 1380 habebat.
923 1354 1017 1389 Neque

221 1399 297 1421 vero,
314 1399 399 1425 quum
411 1390 512 1425 aliquid
526 1391 709 1422 mandaverat,
727 1390 876 1418 confectum
892 1391 1014 1426 putabat:

221 1427 288 1454 nihil
301 1433 368 1459 erat,
382 1428 454 1462 quod
465 1437 517 1455 non
529 1428 587 1463 ipse
598 1428 696 1460 obiret,
709 1433 868 1460 occurreret,
882 1428 1015 1465 vigilaret.

221 1465 364 1492 laboraret:
388 1465 487 1501 friguS,
509 1466 597 1496 sitim,
622 1465 717 1492 famem
739 1465 807 1492 ferre
828 1471 938 1501 poterat.
974 1467 1015 1492 ⁴7.

220 1503 296 1529 llunc
307 1511 356 1539 ego
367 1502 502 1529 hominem
515 1508 567 1529 tam
579 1512 680 1534 acrem,
694 1508 747 1529 tam
759 1508 890 1538 paratum.
904 1509 956 1530 tam
969 1512 1018 1530 au-

219 1540 325 1571 dacem,
339 1545 392 1566 tam
403 1539 531 1567 callidum
540 1561 546 1571 ,
560 1545 613 1566 tam
625 1541 652 1567 in
663 1540 763 1567 scelere
775 1540 944 1576 vigilantem,
962 1545 1016 1567 tam

220 1578 247 1604 in
264 1577 374 1612 perditis
390 1577 471 1604 rebus
487 1577 644 1613 diligentem
661 1578 713 1604 nisi
729 1587 763 1604 ex
777 1578 933 1605 domesticis
949 1579 1017 1605 insi-

220 1615 272 1642 diis
284 1616 311 1641 in
322 1619 455 1642 castrense
467 1614 635 1642 latrocinium
646 1615 852 1650 compulissem,
868 1615 964 1650 (dicam
975 1615 1013 1647 id,

219 1652 292 1687 quod
303 1653 400 1683 sentio,
418 1652 557 1688 Quirites.)
572 1661 624 1679 nou
639 1651 716 1679 facile
728 1652 796 1679 hanc
806 1657 906 1679 tantam
917 1653 1014 1680 molem

220 1689 283 1716 mali
295 1699 308 1715 a
319 1689 470 1716 cervicibus
481 1690 578 1716 vestris
588 1689 764 1724 depulissem.
805 1690 863 1717 Non
877 1690 922 1717 ille
938 1690 1016 1717 nobis

221 1726 370 1753 Saturnalia
381 1727 577 1758 constituissem
595 1735 682 1762 neque
694 1731 764 1754 tanto
775 1732 836 1754 ante
847 1727 921 1754 exitii
933 1732 959 1754 et
970 1727 1016 1754 fati

220 1763 291 1790 diem
303 1763 466 1798 reipublicae
477 1764 703 1795 denuntiavisset,
721 1773 809 1799 neque
824 1765 1013 1796 commisisset,

220 1805 251 1827 ut
261 1801 383 1836 signum.
401 1806 430 1827 ut
443 1801 544 1828 litterae
559 1809 636 1833 suae,
654 1806 734 1828 testes
749 1801 865 1837 denique
881 1801 1017 1828 manifesti

220 1837 328 1865 sceleris
340 1838 612 1872 deprehenderentur.
654 1838 728 1871 Quae
740 1847 820 1870 nunc,
839 1839 885 1865 illo
895 1839 1014 1871 absente,

220 1875 259 1901 sic
269 1882 343 1911 gesta
355 1879 427 1906 sunt,
442 1880 470 1902 ut
481 1875 588 1902 nullum
599 1876 627 1902 in
638 1876 740 1911 privata
751 1876 831 1903 domo
842 1876 943 1903 furtum
956 1885 1017 1903 um-

220 1921 300 1947 quam
313 1913 348 1939 sit
359 1917 411 1938 tam
423 1912 511 1947 palam
522 1913 672 1944 inventum,
685 1921 768 1948 quam
779 1913 844 1940 baec
855 1918 925 1940 tanta
937 1914 964 1940 in
975 1923 1018 1941 re-

221 1949 329 1985 publica
345 1950 491 1976 coniuratio
506 1950 647 1977 manifesto
657 1951 765 1977 inventa
776 1956 856 1986 atque
867 1951 1018 1986 deprehen-

220 1995 249 2014 sa
261 1992 310 2013 est.
337 1986 414 2019 Quod
425 1988 447 2014 si
460 1987 572 2014 Catilina
585 1988 612 2014 in
624 1987 694 2014 Urbe
705 1988 738 2014 ad
750 1988 818 2014 hanc
829 1988 900 2015 diem
912 1997 1018 2015 reman-

220 2025 312 2051 sisset:
328 2033 502 2059 quamquam.
515 2025 605 2060 quoad
616 2024 675 2056 fuit,
688 2026 814 2052 omnibus
825 2026 884 2052 eius
895 2025 1016 2053 consiliis

220 2062 324 2088 occurri
335 2067 414 2097 atque
425 2062 530 2092 obstiti.
549 2067 650 2093 tamen.
668 2067 698 2089 ut
709 2062 845 2089 levissime
856 2063 957 2094 dicam,
975 2063 1018 2090 di-

220 2099 375 2125 micandum
387 2099 464 2125 nobis
475 2108 537 2125 cum
549 2099 595 2126 illo
607 2099 709 2131 fuisset,
719 2108 805 2134 neque
816 2109 864 2127 nos
875 2109 1014 2135 umquam.

220 2136 285 2162 dum
296 2135 343 2162 ille
354 2137 381 2162 in
393 2136 462 2163 Urbe
478 2136 563 2163 hostis
578 2136 687 2168 fuisset,
708 2138 788 2164 tantis
804 2137 932 2172 periculis
947 2147 1018 2164 rem-

220 2173 356 2209 publicam
368 2178 438 2200 tanta
449 2182 525 2209 pace,
539 2179 610 2201 tanto
621 2175 686 2206 otio,
705 2179 777 2201 tanto
787 2175 894 2202 silentio
906 2175 1018 2202 liberas—

220 2219 321 2237 semus.

276 2248 342 2275 VIII.
367 2250 406 2274 ⁴8.
429 2248 597 2284 Quamquam
619 2249 684 2276 baec
703 2250 805 2280 omnia,
828 2249 958 2282 Quirites,
980 2250 1017 2276 ita

220 2290 308 2312 sunta
318 2294 362 2312 me
372 2285 569 2317 administrata,
583 2291 612 2312 ut
623 2286 733 2313 deorum
745 2286 937 2313 immortalium
948 2292 1016 2314 nutu

220 2328 299 2358 atque
315 2323 427 2350 consilio
438 2328 462 2349 et
472 2328 547 2359 gesta
558 2327 583 2350 et
594 2324 701 2358 provisa
712 2332 770 2350 esse
781 2324 932 2351 videantur.
973 2325 1018 2351 Id—

220 2368 272 2395 que
287 2369 373 2395 quum
388 2361 538 2387 coniectura
553 2362 682 2396 consequi
700 2370 860 2396 possumus,
882 2361 955 2396 quod
969 2362 1018 2388 vix

221 2397 326 2423 videtur
345 2397 457 2424 humani
475 2397 581 2424 consilii
600 2403 732 2425 tantarum
753 2407 842 2425 rerum
857 2399 1017 2434 gubernatio

221 2442 279 2460 esse
291 2435 424 2469 potuisse:
441 2440 499 2461 tum
510 2443 573 2461 vero
583 2436 618 2461 ita
630 2440 782 2470 praesentes
794 2436 837 2462 his
849 2436 1016 2471 temporibus

220 2479 298 2505 opem
309 2477 334 2498 et
349 2472 480 2498 auxilium
497 2472 574 2498 nobis
589 2473 721 2504 tulerunt,
739 2477 769 2499 ut
779 2481 824 2499 eos
835 2481 919 2508 paene
929 2473 1016 2500 oculis

222 2507 311 2534 xidere
322 2517 474 2542 possemus.
495 2509 572 2539 Nam,
586 2514 615 2536 ut
625 2509 671 2536 illa
681 2510 811 2541 omittam,
825 2511 898 2537 visas
909 2515 1017 2538 noctur—

222 2551 256 2570 no
271 2549 387 2579 tempore
402 2546 434 2571 ab
449 2546 585 2572 occidente
599 2546 670 2573 faces
690 2547 866 2582 ardoremque
884 2547 964 2579 caeli,
988 2552 1017 2574 ut

222 2581 366 2607 fulminum
378 2583 472 2614 iactus,
485 2587 515 2609 ut
525 2588 609 2610 terrae
620 2590 709 2611 motus
719 2589 869 2619 ceteraque,
881 2593 952 2620 quae
961 2590 1014 2612 tam

223 2617 318 2648 multa.
342 2619 419 2645 nobis
434 2619 605 2652 consulibus,
628 2620 696 2648 sacta
711 2626 784 2652 sunt.
807 2626 835 2647 ut
850 2622 924 2653 haec,
946 2630 1016 2657 quae

223 2663 293 2682 nunc
304 2655 380 2687 fiunt,
388 2664 482 2682 canere
492 2656 530 2682 dii
541 2657 706 2685 immortales
717 2658 885 2685 viderentur:
898 2659 948 2686 hoc
958 2668 1017 2686 cer-

999 124 1274 151 CICERONIS

1066 199 1099 225 te.
1112 194 1237 227 Quirites.
1250 194 1322 230 quod
1333 204 1394 222 sum
1406 195 1537 227 dicturus,
1551 204 1639 231 neque
1649 196 1860 231 praetermitten-

1065 232 1141 262 dum.
1155 240 1241 267 neque
1253 231 1459 267 relinquendum
1471 238 1520 259 est.
1547 235 1585 259 19.
1599 233 1664 260 Nam
1676 233 1794 268 profecto
1805 242 1861 260 rne-

1066 269 1147 295 moria
1161 269 1264 300 tenetis.
1278 270 1351 296 Cotta
1362 274 1388 296 et
1398 270 1529 305 Torquato
1539 270 1697 297 consulibus
1708 271 1861 306 complures

1066 307 1093 332 in
1105 305 1235 341 Capitolio
1246 315 1288 332 res
1299 306 1332 332 de
1346 306 1419 333 caelo
1434 315 1493 334 esse
1509 316 1663 342 percussas:
1681 317 1767 343 quum
1783 313 1808 334 et
1823 309 1862 334 si-

1067 343 1183 370 mulacra
1195 343 1306 370 deorum
1317 343 1508 370 immortalium
1519 344 1632 379 depulsa
1643 351 1715 375 sunt.
1723 350 1749 372 et
1759 350 1862 372 statuae

1068 386 1187 407 veterum
1200 380 1339 408 bominum
1351 380 1482 412 deiectae.
1495 386 1520 408 et
1532 381 1621 417 legum
1633 391 1690 409 aera
1704 382 1859 418 liquefacta:

1067 422 1152 444 tactus
1164 422 1204 444 est
1214 419 1293 444 etiam
1306 417 1364 449 ille.
1377 419 1425 453 qui
1438 418 1505 444 hanc
1517 419 1609 445 urbem
1620 419 1748 450 condidit.
1762 420 1863 446 nomu-

1068 455 1124 486 lus;
1147 464 1228 490 quem
1246 456 1396 482 inauratum
1414 456 1441 482 in
1452 455 1582 490 Capitolio
1597 465 1710 491 parvum
1726 462 1806 492 atque
1823 456 1862 483 Ιι-

1066 497 1194 523 cientem.
1217 492 1347 519 uberibus
1363 492 1465 527 lupinis
1481 493 1626 519 inhiantem
1643 493 1726 520 fuisse
1738 495 1863 521 memini-

1066 531 1124 556 stis.
1164 530 1222 562 Quo
1233 529 1342 565 quidem
1355 535 1486 565 tempore,
1502 539 1586 566 quum
1600 531 1755 566 haruspices
1766 540 1799 558 ex
1811 536 1862 558 tota

1066 567 1171 594 Etruria
1183 568 1384 598 convenissent,
1401 567 1496 594 caedes
1511 573 1590 603 atque
1603 568 1724 594 incendia
1735 573 1761 595 et
1772 568 1861 604 legum

1067 605 1204 631 interitum
1216 610 1242 631 et
1253 604 1353 631 bellum
1365 604 1444 631 civile
1456 614 1485 631 ac
1496 605 1672 631 domesticum
1685 610 1710 632 et
1722 606 1802 632 totius
1815 606 1862 632 Ur-

1067 642 1110 668 bis
1130 646 1210 677 atque
1231 642 1336 677 imperii
1352 651 1475 669 occasum
1491 643 1705 678 appropinquare
1725 642 1861 673 dixerunt,

1068 679 1119 706 nisi
1131 678 1168 705 dii
1181 679 1358 710 immortales.
1374 680 1447 706 omni
1459 680 1558 706 ratione
1571 680 1678 715 placati,
1692 689 1741 706 suo
1752 680 1863 707 numine

1068 726 1149 752 prope
1161 716 1211 743 fata
1224 718 1281 752 ipsa
1292 716 1438 744 flexissent.
1460 719 1502 743 20.
1510 718 1599 752 ltaque
1610 717 1716 744 illorum
1727 717 1863 753 responsis

1068 759 1131 780 tunc
1142 759 1168 780 et
1180 754 1235 781 ludi
1247 755 1338 780 decern
1351 763 1397 789 per
1408 754 1466 781 dies
1478 754 1539 781 facti
1551 760 1627 785 sunt.
1646 763 1732 790 neque
1743 763 1785 781 res
1797 754 1860 785 ulla.

1068 800 1136 826 quae
1148 791 1180 817 ad
1193 791 1352 826 placandum
1363 792 1428 818 deos
1440 793 1595 827 pertineret,
1613 793 1800 826 praetermissa
1811 796 1861 823 est.

1069 829 1204 864 iidemque
1216 830 1360 860 iusserunt,
1374 829 1550 856 simulacrum
1562 830 1632 856 lovis
1645 829 1729 856 facere
1741 830 1827 856 maius
1838 834 1864 856 et

1068 867 1095 892 in
1107 866 1213 893 excelso
1227 866 1355 893 collocare
1371 871 1397 893 et
1411 871 1515 898 contra,
1537 871 1616 902 atque
1632 871 1692 893 ante
1708 866 1807 896 fuerat,
1829 865 1861 893 ad

1068 904 1195 930 orientem
1207 909 1373 930 convertere:
1396 913 1426 930 ac
1436 913 1465 930 se
1476 913 1583 939 sperare
1598 904 1737 934 dixerunt,
1755 905 1778 930 si
1795 902 1862 930 illud

1068 941 1186 976 signum.
1199 941 1272 976 quod
1284 941 1389 972 videtis.
1398 941 1463 968 solis
1473 946 1560 968 ortum
1572 946 1597 967 et
1608 941 1694 968 forum
1705 942 1863 976 curiamque

1068 979 1241 1014 conspiceret.
1257 978 1320 1009 fore.
1334 983 1364 1004 ut
1374 987 1403 1005 ea
1415 979 1539 1010 consilia,
1552 987 1621 1014 quae
1631 979 1699 1005 clam
1712 983 1801 1005 essent
1811 978 1864 1005 ini·

1070 1020 1093 1042 ta
1105 1020 1194 1043 contra
1205 1016 1318 1042 salutem
1331 1016 1410 1042 Urbis
1421 1021 1500 1051 atque
1516 1016 1620 1051 imperii
1629 1037 1635 1047 ,
1653 1015 1862 1046 illustrarentur.

1069 1058 1098 1080 ut
1109 1062 1123 1079 a
1134 1058 1228 1080 senatu
1241 1053 1394 1088 populoque
1406 1054 1523 1080 Romano
1534 1054 1651 1089 perspici
1663 1058 1782 1088 possent.
1816 1053 1864 1080 At-

1069 1099 1122 1125 que
1143 1090 1210 1117 illud
1231 1091 1267 1117 ita
1287 1090 1471 1117 collocandum
1492 1090 1617 1118 consules
1638 1090 1677 1117 illi
1700 1090 1862 1117 locaverunt.

1069 1127 1120 1154 Sed
1132 1132 1202 1154 tanta
1214 1127 1265 1154 fuit
1275 1129 1363 1163 operis
1375 1128 1497 1159 tarditas,
1515 1133 1544 1154 ut
1555 1136 1642 1163 neque
1653 1136 1666 1154 a
1678 1127 1864 1162 superioribus

1069 1165 1237 1196 consulibus.
1245 1174 1332 1200 neque
1343 1174 1356 1192 a
1369 1165 1446 1192 nobis
1457 1170 1518 1192 ante
1529 1165 1688 1192 hodiernum
1699 1165 1771 1192 diem
1782 1164 1864 1192 collo—

1068 1208 1182 1229 caretur.
1222 1203 1269 1229 lx.
1287 1204 1329 1230 2⁴.
1351 1203 1398 1229 liic
1409 1203 1472 1238 quis
1482 1207 1569 1238 potest
1580 1211 1652 1234 esse.
1664 1202 1796 1235 Quirites.
1810 1207 1863 1229 tam

1069 1248 1180 1267 aversus
1191 1249 1205 1266 a
1218 1249 1292 1272 vero,
1306 1245 1358 1266 tam
1371 1249 1512 1275 praeceps,
1525 1245 1579 1266 tam
1591 1244 1679 1266 mente
1690 1244 1798 1275 captus.
1815 1240 1863 1275 qui

1069 1282 1160 1313 neget,
1175 1277 1239 1304 baec
1249 1278 1347 1308 omnia.
1360 1286 1429 1312 quae
1442 1277 1574 1308 videmus,
1589 1278 1785 1312 praecipueque
1796 1276 1864 1304 banc

1069 1315 1164 1342 urbem
1179 1315 1290 1342 deorum
1307 1314 1499 1341 immortalium
1516 1319 1582 1341 nutu
1598 1323 1628 1341 ac
1639 1319 1768 1350 potestate
1778 1314 1865 1341 admi-

1069 1351 1194 1379 nistrari?
1215 1353 1320 1379 Etenim
1335 1361 1420 1387 quum
1436 1357 1506 1379 esset
1521 1352 1556 1379 ita
1572 1360 1741 1387 responsum,
1758 1351 1862 1383 caedes,

1046 1409 1047 1422 ἶ
1069 1390 1191 1416 incendia
1203 1390 1396 1425 interitumque
1407 1389 1570 1425 reipublicae
1585 1389 1747 1424 comparari,
1764 1393 1791 1415 et
1804 1397 1835 1416 ea
1850 1397 1864 1415 a

1068 1427 1180 1462 perditis
1191 1427 1307 1458 civibus,
1318 1435 1386 1462 quae
1398 1432 1454 1453 tum
1467 1431 1573 1462 propter
1583 1426 1795 1463 magnitudinem
1807 1434 1865 1453 sce*

1069 1464 1154 1491 lerum
1167 1464 1304 1492 nonnullis
1316 1464 1483 1491 incredibilia
1495 1463 1668 1491 videbantur:
1681 1472 1711 1490 ea
1722 1472 1774 1490 non
1786 1462 1866 1490 modo

1068 1503 1180 1539 cogitata
1191 1511 1205 1528 a
1217 1501 1326 1529 nefariis
1337 1501 1444 1529 civibus
1452 1522 1458 1533 ,
1474 1510 1568 1528 verum
1580 1502 1658 1528 etiam
1670 1505 1795 1536 suscepta
1806 1508 1865 1528 osse

1068 1540 1201 1567 sensistis.
1241 1539 1313 1566 Illud
1324 1548 1386 1566 vero
1398 1547 1484 1566 nonne
1495 1540 1530 1566 ita
1542 1547 1669 1574 praesens
1680 1543 1733 1571 est,
1751 1542 1782 1566 ut
1796 1542 1864 1565 nutu

1068 1578 1138 1604 Iovis
1150 1576 1250 1612 Optimi
1262 1577 1371 1603 Maximi
1385 1576 1483 1603 factum
1495 1585 1553 1602 esse
1565 1576 1700 1608 videatur,
1717 1580 1760 1608 ut.
1778 1583 1864 1611 quum

1068 1614 1198 1641 hodierno
1212 1614 1256 1640 die
1270 1622 1349 1640 mane
1364 1622 1411 1649 per
1426 1613 1514 1640 forum
1530 1622 1590 1640 meo
1603 1614 1682 1640 iussu
1696 1618 1722 1640 et
1734 1613 1864 1640 coniurati

1068 1656 1094 1678 et
1104 1660 1197 1678 eorum
1208 1651 1310 1678 indices
1321 1651 1348 1678 in
1362 1651 1455 1678 aedem
1466 1650 1627 1678 Concordiae
1641 1650 1816 1681 ducerentur,
1833 1658 1865 1677 eo

1045 1711 1047 1719 ,
1068 1690 1128 1724 ipso
1138 1694 1257 1724 tempore
1267 1689 1376 1724 signum
1387 1687 1566 1715 statueretur?
1583 1696 1638 1723 quo
1648 1687 1774 1715 collocato
1784 1692 1865 1723 atque

1045 1725 1047 1732 ⁴
1068 1726 1101 1753 ad
1113 1735 1160 1753 vos
1171 1730 1349 1761 senatumque
1359 1733 1500 1756 converso,
1513 1725 1602 1752 omnia
1612 1730 1639 1752 et
1647 1729 1757 1752 senatus
1768 1729 1794 1751 et
1804 1732 1862 1756 voe,

1067 1772 1136 1799 quae
1147 1768 1221 1790 erant
1231 1768 1321 1790 contra
1331 1762 1446 1789 salutem
1457 1763 1578 1790 omnium
1589 1763 1702 1799 cogitata
1710 1783 1717 1793 ,
1732 1761 1864 1789 illustrata

1068 1806 1093 1828 et
1105 1800 1231 1836 patefacta
1243 1800 1358 1827 vidistis.
1401 1801 1444 1827 22.
1466 1799 1525 1832 Quo
1539 1800 1619 1826 etiam
1635 1800 1733 1826 maiore
1743 1804 1808 1826 sunt
1818 1799 1863 1826 isti

1067 1838 1129 1865 odio
1139 1838 1328 1873 supplicioque
1339 1837 1428 1874 digni.
1445 1838 1493 1872 qui
1505 1846 1557 1864 non
1568 1837 1657 1864 solum
1668 1837 1767 1864 vestris
1777 1836 1865 1863 domi-

1068 1876 1138 1903 ciliis
1149 1881 1229 1911 atque
1240 1876 1325 1906 tectis,
1337 1875 1384 1901 sed
1395 1875 1474 1902 etiam
1485 1874 1596 1901 deorum
1609 1873 1717 1910 templis
1727 1879 1806 1910 atque
1817 1873 1864 1900 de-

1046 1923 1047 1928 *
1070 1914 1156 1940 lubris
1171 1917 1235 1940 sunt
1250 1912 1371 1939 funestos
1385 1921 1416 1939 ac
1431 1911 1546 1939 nefarios
1561 1912 1638 1948 ignes
1653 1911 1751 1938 inferre
1766 1911 1862 1938 conati.

1046 2074 1047 2078 ¹
1069 2072 1117 2090 vos
1127 2071 1220 2090 omnes
1231 2062 1320 2089 salvos
1331 2070 1390 2089 esse
1401 2061 1496 2088 voluit.

1068 1950 1174 1983 Quibus
1185 1959 1234 1986 ego
1244 1951 1267 1976 si
1279 1959 1321 1976 me
1337 1950 1469 1976 restitisse
1483 1949 1585 1980 dicam,
1603 1950 1717 1976 nimium
1733 1948 1801 1976 mihi
1816 1956 1864 1975 su-

1069 1997 1149 2018 mam,
1163 1993 1188 2014 et
1200 1997 1251 2014 non
1262 1988 1314 2014 sim
1326 1987 1462 2014 ferendus.
1496 1986 1552 2018 Ille,
1565 1986 1611 2013 ille
1622 1987 1742 2022 Iuppiter
1751 1986 1861 2013 restitit:

1069 2026 1114 2053 ille
1126 2025 1296 2060 Capitolium,
1310 2024 1356 2051 ille
1367 2024 1432 2051 haec
1443 2024 1551 2060 templa,
1564 2024 1610 2051 ille
1622 2023 1689 2050 hanc
1700 2023 1804 2054 urbem.
1817 2022 1864 2050 ille

1536 2062 1592 2088 Diis
1607 2070 1656 2097 ego
1666 2059 1864 2088 immortalibus

1045 2111 1047 2136 ‚¹
1068 2101 1185 2127 ducibus
1197 2100 1264 2126 hanc
1275 2104 1405 2130 mentem.
1422 2099 1540 2132 Quirites
1549 2119 1555 2129 ,
1571 2098 1791 2133 voluntatemque
1801 2106 1865 2125 sus·

1045 2138 1047 2169 ξ
1068 2139 1140 2173 cepi,
1162 2143 1242 2172 atque
1257 2137 1290 2164 ad
1307 2137 1371 2163 haec
1386 2141 1456 2163 tanta
1467 2136 1565 2163 indicia
1577 2136 1696 2171 perveni.

1044 2179 1046 2212 ᾗ
1069 2175 1114 2202 illa
1121 2174 1296 2210 Allobrogum
1307 2173 1467 2205 sollicitatio,
1480 2174 1520 2200 sic
1530 2182 1545 2200 a
1555 2174 1584 2200 P.
1593 2172 1705 2200 Lentulo
1714 2173 1864 2208 ceterisque

1044 2215 1046 2229 ”
1068 2213 1222 2239 domesticis
1234 2212 1367 2243 hostibus,
1375 2216 1446 2238 tanta
1457 2219 1509 2241 res.
1518 2215 1571 2237 tam
1581 2210 1719 2237 dementer
1728 2209 1827 2236 credita
1838 2213 1865 2236 et

1735 2136 1789 2162 lam
1801 2143 1864 2162 vero

1068 2250 1167 2286 ignotis
1178 2254 1205 2276 et
1215 2249 1348 2279 barbaris,
1366 2249 1580 2283 commissaeque
1597 2247 1698 2274 litterae
1713 2255 1862 2282 numquam

1067 2291 1159 2314 essent
1171 2286 1302 2322 profecto,
1320 2287 1372 2312 nisi
1387 2294 1402 2312 a
1417 2286 1470 2312 diis
1485 2284 1682 2312 immortalibus
1697 2283 1761 2310 huic
1776 2289 1863 2311 tantae

1067 2324 1195 2351 audaciae
1205 2323 1348 2350 consilium
1359 2328 1430 2350 esset
1440 2327 1571 2358 ereptum.
1602 2321 1673 2354 Quid
1684 2320 1764 2347 vero‘?
1774 2320 1863 2348 utho·
1904 2334 1908 2338 ·

1067 2362 1154 2388 mines
1165 2361 1236 2389 Galli
1247 2370 1281 2388 ex
1290 2361 1397 2388 civitate
1407 2359 1478 2386 male
1488 2364 1587 2395 pacata,
1600 2367 1669 2394 quae
1678 2367 1746 2394 gens
1757 2367 1810 2385 una
1820 2366 1863 2385 re-

1043 2397 1046 2407 ’
1067 2404 1133 2430 stat,
1154 2407 1224 2434 quae
1238 2398 1339 2434 populo
1352 2398 1470 2424 Romano
1486 2396 1587 2423 bellum
1603 2396 1689 2422 faeere
1702 2400 1728 2422 et
1742 2404 1822 2431 posse
1836 2400 1864 2422 et

1068 2445 1120 2463 non
1131 2435 1202 2463 nolle
1212 2435 1348 2467 videatur.
1365 2443 1442 2470 spem
1457 2434 1563 2469 imperii
1579 2438 1604 2460 et
1619 2441 1709 2459 rerum
1724 2432 1863 2468 amplissi-

1044 2487 1045 2493 ι
1067 2482 1173 2500 marum
1185 2473 1255 2500 ultro
1265 2473 1317 2499 sibi
1328 2481 1343 2499 a
1352 2472 1472 2508 patriciis
1482 2471 1639 2498 hominibus
1649 2470 1764 2497 oblatam
1777 2469 1863 2506 negli-

1066 2515 1167 2546 gerent,
1175 2515 1346 2546 vestramque
1356 2509 1471 2536 salutem
1480 2509 1539 2534 suis
1549 2508 1647 2543 opibus
1656 2511 1859 2542 anteponerent:

1066 2548 1095 2575 id
1109 2557 1162 2575 non
1177 2548 1309 2574 divinitus
1325 2547 1424 2574 factum
1439 2554 1498 2572 esse
1509 2544 1627 2581 putatis?
1646 2545 1802 2580 praesertim
1812 2544 1861 2579 qui

1067 2594 1115 2612 nos
1126 2594 1178 2612 non
1190 2584 1343 2621 pugnando,
1355 2583 1404 2610 sed
1414 2583 1525 2610 tacendo
1535 2590 1661 2618 superare
1672 2581 1834 2616 potuerunt?

1120 2622 1156 2648 X.
1173 2624 1215 2649 23.
1231 2621 1424 2654 Quamobrem.
1440 2619 1571 2652 Quirites,
1588 2619 1716 2655 quoniam
1727 2618 1761 2645 ad
1771 2619 1860 2646 omnia

1067 2659 1218 2694 pulvinaria
1238 2658 1400 2694 supplicatio
1419 2657 1523 2684 decreta
1544 2662 1598 2688 est,
1619 2655 1778 2683 celebratote
1797 2654 1860 2682 illos
