<?xml version="1.0" encoding="UTF-8"?>
<!DOCTYPE html PUBLIC "-//W3C//DTD XHTML 1.0 Transitional//EN"
    "http://www.w3.org/TR/xhtml1/DTD/xhtml1-transitional.dtd">
<html xmlns="http://www.w3.org/1999/xhtml" xml:lang="en" lang="en">
 <head>
  <title>
</title>
<meta http-equiv="Content-Type" content="text/html;charset=utf-8" />
  <meta name='ocr-system' content='tesseract 3.04.00' />
  <meta name='ocr-capabilities' content='ocr_page ocr_carea ocr_par ocr_line ocrx_word'/>
</head>
<body>
  <div class='ocr_page' id='page_1' title='image "./operaomniaunovol00ciceuoft_0842.png"; bbox 0 0 1941 3052; ppageno 0'>
   <div class='ocr_carea' id='block_1_1' title="bbox 223 142 908 171">
    <p class='ocr_par' dir='ltr' id='par_1_1' title="bbox 223 142 908 171">
     <span class='ocr_line' id='line_1_1' title="bbox 223 142 908 171; baseline -0.006 0"><span class='ocrx_word' id='word_1_1' title='bbox 223 148 270 171; x_wconf 67' lang='grc' dir='ltr'>ΜΗ</span> <span class='ocrx_word' id='word_1_2' title='bbox 800 145 841 168; x_wconf 72' lang='grc'>90.</span> <span class='ocrx_word' id='word_1_3' title='bbox 875 142 908 167; x_wconf 74' lang='grc' dir='ltr'>Μ.</span> 
     </span>
    </p>
   </div>
   <div class='ocr_carea' id='block_1_2' title="bbox 211 211 1037 1551">
    <p class='ocr_par' dir='ltr' id='par_1_2' title="bbox 211 211 1037 1551">
     <span class='ocr_line' id='line_1_2' title="bbox 224 211 1013 246; baseline -0.008 -3"><span class='ocrx_word' id='word_1_4' title='bbox 224 217 290 243; x_wconf 85' lang='lat' dir='ltr'>mibi</span> <span class='ocrx_word' id='word_1_5' title='bbox 309 216 357 241; x_wconf 71' lang='lat' dir='ltr'>obs</span> <span class='ocrx_word' id='word_1_6' title='bbox 374 221 396 240; x_wconf 74' lang='lat' dir='ltr'>te</span> <span class='ocrx_word' id='word_1_7' title='bbox 413 214 518 240; x_wconf 70' lang='lat' dir='ltr'>allatam</span> <span class='ocrx_word' id='word_1_8' title='bbox 535 213 608 239; x_wconf 78' lang='lat' dir='ltr'>dedit</span> <span class='ocrx_word' id='word_1_9' title='bbox 625 212 827 246; x_wconf 72' lang='lat' dir='ltr'>nuntiavitque,</span> <span class='ocrx_word' id='word_1_10' title='bbox 850 220 881 237; x_wconf 88' lang='lat' dir='ltr'>eo</span> <span class='ocrx_word' id='word_1_11' title='bbox 897 212 954 246; x_wconf 71' lang='lat' dir='ltr'>ipso</span> <span class='ocrx_word' id='word_1_12' title='bbox 970 211 1013 237; x_wconf 85' lang='lat' dir='ltr'>die</span> 
     </span>
     <span class='ocr_line' id='line_1_3' title="bbox 224 249 1036 288; baseline -0.006 -9"><span class='ocrx_word' id='word_1_13' title='bbox 224 259 281 288; x_wconf 67' lang='lat' dir='ltr'>post</span> <span class='ocrx_word' id='word_1_14' title='bbox 294 253 432 278; x_wconf 75' lang='lat' dir='ltr'>meridiem</span> <span class='ocrx_word' id='word_1_15' title='bbox 450 253 547 277; x_wconf 83' lang='lat' dir='ltr'>iturum</span> <span class='ocrx_word' id='word_1_16' title='bbox 560 259 630 279; x_wconf 67' lang='lat' dir='ltr'>suini,</span> <span class='ocrx_word' id='word_1_17' title='bbox 647 258 694 284; x_wconf 77' lang='lat' dir='ltr'>qiu</span> <span class='ocrx_word' id='word_1_18' title='bbox 707 249 738 274; x_wconf 89' lang='lat' dir='ltr'>nd</span> <span class='ocrx_word' id='word_1_19' title='bbox 753 254 776 274; x_wconf 79' lang='grc' dir='ltr'>ιι·</span> <span class='ocrx_word' id='word_1_20' title='bbox 791 249 1012 283; x_wconf 66' lang='lat' dir='ltr'>proticisci-retur.</span> <span class='ocrx_word' id='word_1_21' title='bbox 1034 252 1036 268; x_wconf 86' lang='lat'><strong>¹</strong></span> 
     </span>
     <span class='ocr_line' id='line_1_4' title="bbox 224 285 1036 321; baseline -0.01 -4"><span class='ocrx_word' id='word_1_22' title='bbox 224 292 260 317; x_wconf 71' lang='lat'>{⁴20</span> <span class='ocrx_word' id='word_1_23' title='bbox 273 291 369 316; x_wconf 74' lang='lat' dir='ltr'>suc-tuin</span> <span class='ocrx_word' id='word_1_24' title='bbox 387 295 439 317; x_wconf 57' lang='lat' dir='ltr'>est,</span> <span class='ocrx_word' id='word_1_25' title='bbox 460 293 486 313; x_wconf 85' lang='grc' dir='ltr'>ιιι</span> <span class='ocrx_word' id='word_1_26' title='bbox 500 286 627 321; x_wconf 61' lang='lat' dir='ltr'>epistolae</span> <span class='ocrx_word' id='word_1_27' title='bbox 640 291 698 312; x_wconf 81' lang='lat' dir='ltr'>tuae</span> <span class='ocrx_word' id='word_1_28' title='bbox 711 286 885 311; x_wconf 76' lang='lat' dir='ltr'>r‹··«·rit›‹·r‹·n1</span> <span class='ocrx_word' id='word_1_29' title='bbox 898 285 1012 320; x_wconf 80' lang='lat' dir='ltr'>aliquid,</span> <span class='ocrx_word' id='word_1_30' title='bbox 1034 291 1036 306; x_wconf 69' lang='grc' dir='ltr'><strong><em>ὲ</em></strong></span> 
     </span>
     <span class='ocr_line' id='line_1_5' title="bbox 224 319 1037 359; baseline -0.006 -6"><span class='ocrx_word' id='word_1_31' title='bbox 224 328 351 354; x_wconf 68' lang='lat' dir='ltr'>brevitate</span> <span class='ocrx_word' id='word_1_32' title='bbox 374 325 498 359; x_wconf 68' lang='lat' dir='ltr'>temporis</span> <span class='ocrx_word' id='word_1_33' title='bbox 522 329 573 349; x_wconf 75' lang='lat' dir='ltr'>tum</span> <span class='ocrx_word' id='word_1_34' title='bbox 595 332 677 357; x_wconf 79' lang='lat' dir='ltr'>pauca</span> <span class='ocrx_word' id='word_1_35' title='bbox 699 332 806 357; x_wconf 70' lang='lat' dir='ltr'>cogerer</span> <span class='ocrx_word' id='word_1_36' title='bbox 821 323 947 348; x_wconf 80' lang='lat' dir='ltr'>scribere.</span> <span class='ocrx_word' id='word_1_37' title='bbox 988 324 1012 348; x_wconf 70' lang='grc' dir='ltr'>Ξ.</span> <span class='ocrx_word' id='word_1_38' title='bbox 1035 319 1037 342; x_wconf 66' lang='lat'>³.</span> 
     </span>
     <span class='ocr_line' id='line_1_6' title="bbox 224 358 1014 394; baseline -0.006 -4"><span class='ocrx_word' id='word_1_39' title='bbox 224 366 341 391; x_wconf 80' lang='lat' dir='ltr'>Primum</span> <span class='ocrx_word' id='word_1_40' title='bbox 355 364 402 388; x_wconf 84' lang='lat' dir='ltr'>tibi</span> <span class='ocrx_word' id='word_1_41' title='bbox 415 362 446 387; x_wconf 86' lang='grc' dir='ltr'>ιΙι·</span> <span class='ocrx_word' id='word_1_42' title='bbox 460 366 548 386; x_wconf 69' lang='lat' dir='ltr'>nostro</span> <span class='ocrx_word' id='word_1_43' title='bbox 559 361 644 386; x_wconf 79' lang='lat' dir='ltr'>amico</span> <span class='ocrx_word' id='word_1_44' title='bbox 655 359 784 394; x_wconf 83' lang='lat' dir='ltr'>placando</span> <span class='ocrx_word' id='word_1_45' title='bbox 795 364 839 385; x_wconf 80' lang='lat' dir='ltr'>aut</span> <span class='ocrx_word' id='word_1_46' title='bbox 850 360 928 385; x_wconf 87' lang='lat' dir='ltr'>ctiam</span> <span class='ocrx_word' id='word_1_47' title='bbox 937 358 1014 394; x_wconf 80' lang='lat' dir='ltr'>plane</span> 
     </span>
     <span class='ocr_line' id='line_1_7' title="bbox 224 397 1014 433; baseline -0.005 -8"><span class='ocrx_word' id='word_1_48' title='bbox 224 400 385 428; x_wconf 74' lang='lat' dir='ltr'>restituendo</span> <span class='ocrx_word' id='word_1_49' title='bbox 397 398 531 433; x_wconf 75' lang='lat' dir='ltr'>polliceor.</span> <span class='ocrx_word' id='word_1_50' title='bbox 570 397 646 429; x_wconf 87' lang='lat' dir='ltr'>Quod</span> <span class='ocrx_word' id='word_1_51' title='bbox 659 406 708 431; x_wconf 69' lang='lat' dir='ltr'>ego</span> <span class='ocrx_word' id='word_1_52' title='bbox 719 397 768 423; x_wconf 74' lang='lat' dir='ltr'>etsi</span> <span class='ocrx_word' id='word_1_53' title='bbox 781 406 837 422; x_wconf 82' lang='lat' dir='ltr'>men</span> <span class='ocrx_word' id='word_1_54' title='bbox 850 402 943 431; x_wconf 76' lang='lat' dir='ltr'>sponte</span> <span class='ocrx_word' id='word_1_55' title='bbox 955 402 1014 422; x_wconf 81' lang='lat' dir='ltr'>ante</span> 
     </span>
     <span class='ocr_line' id='line_1_8' title="bbox 224 434 1015 469; baseline -0.006 -5"><span class='ocrx_word' id='word_1_56' title='bbox 224 438 351 464; x_wconf 68' lang='lat' dir='ltr'>sancii-bam</span> <span class='ocrx_word' id='word_1_57' title='bbox 362 457 367 466; x_wconf 90' lang='lat'>,</span> <span class='ocrx_word' id='word_1_58' title='bbox 384 445 415 460; x_wconf 79' lang='lat' dir='ltr'>eo</span> <span class='ocrx_word' id='word_1_59' title='bbox 427 444 497 461; x_wconf 83' lang='lat' dir='ltr'>nunc</span> <span class='ocrx_word' id='word_1_60' title='bbox 509 439 595 460; x_wconf 88' lang='lat' dir='ltr'>tarucn</span> <span class='ocrx_word' id='word_1_61' title='bbox 608 439 633 460; x_wconf 85' lang='lat' dir='ltr'>et</span> <span class='ocrx_word' id='word_1_62' title='bbox 644 443 720 469; x_wconf 77' lang='lat' dir='ltr'>agam</span> <span class='ocrx_word' id='word_1_63' title='bbox 733 434 894 464; x_wconf 77' lang='lat' dir='ltr'><strong>studiosius,</strong></span> <span class='ocrx_word' id='word_1_64' title='bbox 913 439 938 460; x_wconf 86' lang='lat' dir='ltr'>et</span> <span class='ocrx_word' id='word_1_65' title='bbox 951 443 1015 459; x_wconf 84' lang='lat' dir='ltr'>con-</span> 
     </span>
     <span class='ocr_line' id='line_1_9' title="bbox 224 470 1014 506; baseline -0.008 -5"><span class='ocrx_word' id='word_1_66' title='bbox 224 474 328 501; x_wconf 72' lang='lat' dir='ltr'>tendam</span> <span class='ocrx_word' id='word_1_67' title='bbox 341 473 374 499; x_wconf 79' lang='lat' dir='ltr'>ab</span> <span class='ocrx_word' id='word_1_68' title='bbox 388 472 432 498; x_wconf 89' lang='lat' dir='ltr'>illo</span> <span class='ocrx_word' id='word_1_69' title='bbox 445 472 644 502; x_wconf 76' lang='lat' dir='ltr'>vehementius,</span> <span class='ocrx_word' id='word_1_70' title='bbox 662 471 734 506; x_wconf 87' lang='lat' dir='ltr'>quod</span> <span class='ocrx_word' id='word_1_71' title='bbox 750 476 847 497; x_wconf 81' lang='lat' dir='ltr'>tantam</span> <span class='ocrx_word' id='word_1_72' title='bbox 859 479 891 497; x_wconf 80' lang='lat' dir='ltr'>ex</span> <span class='ocrx_word' id='word_1_73' title='bbox 903 470 1014 505; x_wconf 81' lang='lat' dir='ltr'>epistola</span> 
     </span>
     <span class='ocr_line' id='line_1_10' title="bbox 224 508 1015 543; baseline -0.008 -6"><span class='ocrx_word' id='word_1_74' title='bbox 224 511 385 538; x_wconf 80' lang='lat' dir='ltr'>voluntatem</span> <span class='ocrx_word' id='word_1_75' title='bbox 402 510 460 535; x_wconf 82' lang='lat' dir='ltr'>eius</span> <span class='ocrx_word' id='word_1_76' title='bbox 477 510 513 535; x_wconf 92' lang='lat' dir='ltr'>rei</span> <span class='ocrx_word' id='word_1_77' title='bbox 528 514 600 535; x_wconf 80' lang='lat' dir='ltr'>tuam</span> <span class='ocrx_word' id='word_1_78' title='bbox 616 509 766 543; x_wconf 83' lang='lat' dir='ltr'>perspicere</span> <span class='ocrx_word' id='word_1_79' title='bbox 782 508 883 534; x_wconf 85' lang='lat' dir='ltr'>videor.</span> <span class='ocrx_word' id='word_1_80' title='bbox 925 509 976 534; x_wconf 89' lang='lat' dir='ltr'>lloc</span> <span class='ocrx_word' id='word_1_81' title='bbox 992 513 1015 533; x_wconf 74' lang='lat' dir='ltr'>tc»</span> 
     </span>
     <span class='ocr_line' id='line_1_11' title="bbox 224 544 1015 583; baseline -0.006 -8"><span class='ocrx_word' id='word_1_82' title='bbox 224 548 372 583; x_wconf 80' lang='lat' dir='ltr'>intelligere</span> <span class='ocrx_word' id='word_1_83' title='bbox 388 547 455 576; x_wconf 78' lang='lat' dir='ltr'>volo,</span> <span class='ocrx_word' id='word_1_84' title='bbox 472 547 637 582; x_wconf 74' lang='lat' dir='ltr'>pergraviter</span> <span class='ocrx_word' id='word_1_85' title='bbox 649 546 725 572; x_wconf 93' lang='lat' dir='ltr'>illum</span> <span class='ocrx_word' id='word_1_86' title='bbox 736 554 795 571; x_wconf 87' lang='lat' dir='ltr'>esse</span> <span class='ocrx_word' id='word_1_87' title='bbox 807 545 951 571; x_wconf 82' lang='lat' dir='ltr'>oll&#39;ensum:</span> <span class='ocrx_word' id='word_1_88' title='bbox 968 544 1015 571; x_wconf 80' lang='lat' dir='ltr'>sed</span> 
     </span>
     <span class='ocr_line' id='line_1_12' title="bbox 222 583 1015 620; baseline -0.004 -9"><span class='ocrx_word' id='word_1_89' title='bbox 222 585 285 620; x_wconf 88' lang='lat' dir='ltr'>quia</span> <span class='ocrx_word' id='word_1_90' title='bbox 302 584 403 611; x_wconf 82' lang='lat' dir='ltr'>nullam</span> <span class='ocrx_word' id='word_1_91' title='bbox 419 584 497 610; x_wconf 85' lang='lat' dir='ltr'>video</span> <span class='ocrx_word' id='word_1_92' title='bbox 512 591 620 617; x_wconf 75' lang='lat' dir='ltr'>gravem</span> <span class='ocrx_word' id='word_1_93' title='bbox 636 583 748 609; x_wconf 85' lang='lat' dir='ltr'>subesse</span> <span class='ocrx_word' id='word_1_94' title='bbox 763 591 900 612; x_wconf 83' lang='lat' dir='ltr'>caussam,</span> <span class='ocrx_word' id='word_1_95' title='bbox 919 591 1015 617; x_wconf 71' lang='lat' dir='ltr'>magno</span> 
     </span>
     <span class='ocr_line' id='line_1_13' title="bbox 222 620 1016 657; baseline -0.004 -10"><span class='ocrx_word' id='word_1_96' title='bbox 222 631 300 657; x_wconf 78' lang='lat' dir='ltr'>opere</span> <span class='ocrx_word' id='word_1_97' title='bbox 312 622 416 648; x_wconf 86' lang='lat' dir='ltr'>conlido</span> <span class='ocrx_word' id='word_1_98' title='bbox 429 621 504 647; x_wconf 85' lang='lat' dir='ltr'>illum</span> <span class='ocrx_word' id='word_1_99' title='bbox 517 621 570 647; x_wconf 86' lang='lat' dir='ltr'>l&#39;ore</span> <span class='ocrx_word' id='word_1_100' title='bbox 583 622 608 647; x_wconf 92' lang='lat' dir='ltr'>in</span> <span class='ocrx_word' id='word_1_101' title='bbox 620 620 708 647; x_wconf 78' lang='lat' dir='ltr'>oflicio</span> <span class='ocrx_word' id='word_1_102' title='bbox 722 625 748 646; x_wconf 90' lang='lat' dir='ltr'>et</span> <span class='ocrx_word' id='word_1_103' title='bbox 764 621 789 646; x_wconf 93' lang='lat' dir='ltr'>in</span> <span class='ocrx_word' id='word_1_104' title='bbox 801 625 888 646; x_wconf 73' lang='lat' dir='ltr'>nostra</span> <span class='ocrx_word' id='word_1_105' title='bbox 900 625 1016 655; x_wconf 77' lang='lat' dir='ltr'>potestn-</span> 
     </span>
     <span class='ocr_line' id='line_1_14' title="bbox 223 657 1015 694; baseline -0.005 -8"><span class='ocrx_word' id='word_1_106' title='bbox 223 665 256 687; x_wconf 89' lang='lat' dir='ltr'>te.</span> <span class='ocrx_word' id='word_1_107' title='bbox 283 662 307 685; x_wconf 85' lang='grc'>3.</span> <span class='ocrx_word' id='word_1_108' title='bbox 323 659 404 694; x_wconf 81' lang='lat' dir='ltr'>Signa</span> <span class='ocrx_word' id='word_1_109' title='bbox 421 663 507 685; x_wconf 81' lang='lat' dir='ltr'>nostra</span> <span class='ocrx_word' id='word_1_110' title='bbox 519 662 545 684; x_wconf 90' lang='lat' dir='ltr'>et</span> <span class='ocrx_word' id='word_1_111' title='bbox 556 657 749 689; x_wconf 78' lang='lat' dir='ltr'>llermeraclas,</span> <span class='ocrx_word' id='word_1_112' title='bbox 768 662 797 684; x_wconf 93' lang='lat' dir='ltr'>ut</span> <span class='ocrx_word' id='word_1_113' title='bbox 807 658 916 687; x_wconf 80' lang='lat' dir='ltr'>scribis,</span> <span class='ocrx_word' id='word_1_114' title='bbox 930 665 1015 692; x_wconf 90' lang='lat' dir='ltr'>quum</span> 
     </span>
     <span class='ocr_line' id='line_1_15' title="bbox 222 694 1014 730; baseline -0.005 -7"><span class='ocrx_word' id='word_1_115' title='bbox 222 696 440 723; x_wconf 75' lang='lat' dir='ltr'>commodissime</span> <span class='ocrx_word' id='word_1_116' title='bbox 461 696 573 730; x_wconf 87' lang='lat' dir='ltr'>poteris,</span> <span class='ocrx_word' id='word_1_117' title='bbox 597 695 677 721; x_wconf 81' lang='lat' dir='ltr'>velim</span> <span class='ocrx_word' id='word_1_118' title='bbox 700 696 834 730; x_wconf 78' lang='lat' dir='ltr'>imponas,</span> <span class='ocrx_word' id='word_1_119' title='bbox 857 699 882 721; x_wconf 91' lang='lat' dir='ltr'>et</span> <span class='ocrx_word' id='word_1_120' title='bbox 902 695 924 720; x_wconf 90' lang='lat' dir='ltr'>si</span> <span class='ocrx_word' id='word_1_121' title='bbox 943 694 1014 729; x_wconf 81' lang='lat' dir='ltr'>quod</span> 
     </span>
     <span class='ocr_line' id='line_1_16' title="bbox 223 733 1016 768; baseline -0.004 -8"><span class='ocrx_word' id='word_1_122' title='bbox 223 734 295 760; x_wconf 81' lang='lat' dir='ltr'>aliud</span> <span class='ocrx_word' id='word_1_123' title='bbox 308 733 402 760; x_wconf 74' lang='grc' dir='ltr'><em>οἰκεῖον</em></span> <span class='ocrx_word' id='word_1_124' title='bbox 413 735 472 759; x_wconf 87' lang='lat' dir='ltr'>eius</span> <span class='ocrx_word' id='word_1_125' title='bbox 486 733 544 763; x_wconf 81' lang='lat' dir='ltr'>loci,</span> <span class='ocrx_word' id='word_1_126' title='bbox 557 741 638 767; x_wconf 88' lang='lat' dir='ltr'>quem</span> <span class='ocrx_word' id='word_1_127' title='bbox 651 742 702 759; x_wconf 94' lang='lat' dir='ltr'>non</span> <span class='ocrx_word' id='word_1_128' title='bbox 716 734 834 768; x_wconf 81' lang='lat' dir='ltr'>ignoras,</span> <span class='ocrx_word' id='word_1_129' title='bbox 847 733 977 766; x_wconf 75' lang='lat' dir='ltr'>reperies,</span> <span class='ocrx_word' id='word_1_130' title='bbox 991 736 1016 757; x_wconf 90' lang='lat' dir='ltr'>et</span> 
     </span>
     <span class='ocr_line' id='line_1_17' title="bbox 224 769 1015 806; baseline -0.004 -9"><span class='ocrx_word' id='word_1_131' title='bbox 224 772 353 802; x_wconf 85' lang='lat' dir='ltr'>maxime,</span> <span class='ocrx_word' id='word_1_132' title='bbox 369 779 438 806; x_wconf 81' lang='lat' dir='ltr'>quae</span> <span class='ocrx_word' id='word_1_133' title='bbox 450 771 498 797; x_wconf 89' lang='lat' dir='ltr'>tibi</span> <span class='ocrx_word' id='word_1_134' title='bbox 516 769 661 805; x_wconf 80' lang='lat' dir='ltr'>palaestrae</span> <span class='ocrx_word' id='word_1_135' title='bbox 675 770 866 806; x_wconf 71' lang='lat' dir='ltr'>gymnasiique</span> <span class='ocrx_word' id='word_1_136' title='bbox 882 769 1015 795; x_wconf 81' lang='lat' dir='ltr'>videbun-</span> 
     </span>
     <span class='ocr_line' id='line_1_18' title="bbox 225 806 1012 835; baseline -0.005 0"><span class='ocrx_word' id='word_1_137' title='bbox 225 814 266 835; x_wconf 91' lang='lat' dir='ltr'>tur</span> <span class='ocrx_word' id='word_1_138' title='bbox 281 817 349 835; x_wconf 90' lang='lat' dir='ltr'>esse.</span> <span class='ocrx_word' id='word_1_139' title='bbox 390 808 495 834; x_wconf 79' lang='lat' dir='ltr'>Etenim</span> <span class='ocrx_word' id='word_1_140' title='bbox 511 807 548 833; x_wconf 88' lang='lat' dir='ltr'>ibi</span> <span class='ocrx_word' id='word_1_141' title='bbox 564 806 661 833; x_wconf 86' lang='lat' dir='ltr'>sedens</span> <span class='ocrx_word' id='word_1_142' title='bbox 678 807 742 833; x_wconf 88' lang='lat' dir='ltr'>baec</span> <span class='ocrx_word' id='word_1_143' title='bbox 758 806 790 833; x_wconf 93' lang='lat' dir='ltr'>ad</span> <span class='ocrx_word' id='word_1_144' title='bbox 807 812 831 833; x_wconf 88' lang='lat' dir='ltr'>te</span> <span class='ocrx_word' id='word_1_145' title='bbox 847 806 1012 834; x_wconf 74' lang='lat' dir='ltr'>scribebam:</span> 
     </span>
     <span class='ocr_line' id='line_1_19' title="bbox 224 843 1015 879; baseline -0.003 -8"><span class='ocrx_word' id='word_1_146' title='bbox 224 851 252 872; x_wconf 86' lang='lat' dir='ltr'>ut</span> <span class='ocrx_word' id='word_1_147' title='bbox 272 854 314 871; x_wconf 91' lang='lat' dir='ltr'>me</span> <span class='ocrx_word' id='word_1_148' title='bbox 336 845 409 871; x_wconf 87' lang='lat' dir='ltr'>locus</span> <span class='ocrx_word' id='word_1_149' title='bbox 430 845 487 879; x_wconf 91' lang='lat' dir='ltr'>ipse</span> <span class='ocrx_word' id='word_1_150' title='bbox 508 844 670 871; x_wconf 87' lang='lat' dir='ltr'>admoneret.</span> <span class='ocrx_word' id='word_1_151' title='bbox 712 845 846 870; x_wconf 82' lang='lat' dir='ltr'>Praeterea</span> <span class='ocrx_word' id='word_1_152' title='bbox 868 849 945 879; x_wconf 73' lang='lat' dir='ltr'>typos</span> <span class='ocrx_word' id='word_1_153' title='bbox 966 843 1015 870; x_wconf 90' lang='lat' dir='ltr'>tibi</span> 
     </span>
     <span class='ocr_line' id='line_1_20' title="bbox 223 881 1016 917; baseline -0.005 -8"><span class='ocrx_word' id='word_1_154' title='bbox 223 882 334 913; x_wconf 87' lang='lat' dir='ltr'>mando,</span> <span class='ocrx_word' id='word_1_155' title='bbox 352 891 419 917; x_wconf 89' lang='lat' dir='ltr'>quos</span> <span class='ocrx_word' id='word_1_156' title='bbox 434 883 461 908; x_wconf 91' lang='lat' dir='ltr'>in</span> <span class='ocrx_word' id='word_1_157' title='bbox 479 882 586 908; x_wconf 85' lang='lat' dir='ltr'>tectorio</span> <span class='ocrx_word' id='word_1_158' title='bbox 601 881 687 908; x_wconf 82' lang='lat' dir='ltr'>atrioli</span> <span class='ocrx_word' id='word_1_159' title='bbox 704 882 805 916; x_wconf 88' lang='lat' dir='ltr'>possim</span> <span class='ocrx_word' id='word_1_160' title='bbox 822 881 972 911; x_wconf 92' lang='lat' dir='ltr'>includere,</span> <span class='ocrx_word' id='word_1_161' title='bbox 991 885 1016 906; x_wconf 88' lang='lat' dir='ltr'>et</span> 
     </span>
     <span class='ocr_line' id='line_1_21' title="bbox 223 918 1015 955; baseline -0.004 -9"><span class='ocrx_word' id='word_1_162' title='bbox 223 919 339 955; x_wconf 75' lang='lat' dir='ltr'>putealia</span> <span class='ocrx_word' id='word_1_163' title='bbox 360 919 476 955; x_wconf 78' lang='lat' dir='ltr'>sigillata</span> <span class='ocrx_word' id='word_1_164' title='bbox 498 919 561 945; x_wconf 91' lang='lat' dir='ltr'>duo.</span> <span class='ocrx_word' id='word_1_165' title='bbox 602 918 835 945; x_wconf 75' lang='lat' dir='ltr'>4.nib1iott1ecam</span> <span class='ocrx_word' id='word_1_166' title='bbox 858 923 930 944; x_wconf 88' lang='lat' dir='ltr'>tuam</span> <span class='ocrx_word' id='word_1_167' title='bbox 951 926 1015 944; x_wconf 83' lang='lat' dir='ltr'>cave</span> 
     </span>
     <span class='ocr_line' id='line_1_22' title="bbox 211 956 1016 992; baseline -0.004 -8"><span class='ocrx_word' id='word_1_168' title='bbox 211 958 350 992; x_wconf 81' lang='lat' dir='ltr'>&#39;cuiquam</span> <span class='ocrx_word' id='word_1_169' title='bbox 362 956 538 991; x_wconf 69' lang='lat' dir='ltr'>despondeas,</span> <span class='ocrx_word' id='word_1_170' title='bbox 547 957 673 991; x_wconf 88' lang='lat' dir='ltr'>quamvis</span> <span class='ocrx_word' id='word_1_171' title='bbox 685 965 771 982; x_wconf 84' lang='lat' dir='ltr'>acrem</span> <span class='ocrx_word' id='word_1_172' title='bbox 783 960 926 982; x_wconf 86' lang='lat' dir='ltr'>amatorem</span> <span class='ocrx_word' id='word_1_173' title='bbox 940 956 1016 981; x_wconf 89' lang='lat' dir='ltr'>inve-</span> 
     </span>
     <span class='ocr_line' id='line_1_23' title="bbox 223 993 1013 1030; baseline -0.003 -9"><span class='ocrx_word' id='word_1_174' title='bbox 223 995 309 1021; x_wconf 81' lang='lat' dir='ltr'>neris:</span> <span class='ocrx_word' id='word_1_175' title='bbox 333 1002 393 1021; x_wconf 90' lang='lat' dir='ltr'>nam</span> <span class='ocrx_word' id='word_1_176' title='bbox 409 1002 458 1030; x_wconf 85' lang='lat' dir='ltr'>ego</span> <span class='ocrx_word' id='word_1_177' title='bbox 473 1002 566 1020; x_wconf 89' lang='lat' dir='ltr'>omncs</span> <span class='ocrx_word' id='word_1_178' title='bbox 581 1002 654 1019; x_wconf 89' lang='lat' dir='ltr'>meas</span> <span class='ocrx_word' id='word_1_179' title='bbox 667 993 844 1020; x_wconf 78' lang='lat' dir='ltr'>vindemiolas</span> <span class='ocrx_word' id='word_1_180' title='bbox 855 1002 886 1019; x_wconf 95' lang='lat' dir='ltr'>eo</span> <span class='ocrx_word' id='word_1_181' title='bbox 898 1001 1013 1023; x_wconf 86' lang='lat' dir='ltr'>reserv0,</span> 
     </span>
     <span class='ocr_line' id='line_1_24' title="bbox 224 1029 1015 1065; baseline -0.003 -7"><span class='ocrx_word' id='word_1_182' title='bbox 224 1037 253 1058; x_wconf 91' lang='lat' dir='ltr'>ut</span> <span class='ocrx_word' id='word_1_183' title='bbox 272 1031 341 1058; x_wconf 93' lang='lat' dir='ltr'>illud</span> <span class='ocrx_word' id='word_1_184' title='bbox 361 1031 516 1057; x_wconf 83' lang='lat' dir='ltr'>subsidium</span> <span class='ocrx_word' id='word_1_185' title='bbox 536 1031 667 1057; x_wconf 71' lang='lat' dir='ltr'>senectuti</span> <span class='ocrx_word' id='word_1_186' title='bbox 688 1039 789 1065; x_wconf 86' lang='lat' dir='ltr'>parem.</span> <span class='ocrx_word' id='word_1_187' title='bbox 829 1032 854 1057; x_wconf 82' lang='lat'>5.</span> <span class='ocrx_word' id='word_1_188' title='bbox 876 1031 912 1057; x_wconf 92' lang='lat' dir='ltr'>De</span> <span class='ocrx_word' id='word_1_189' title='bbox 936 1029 1015 1056; x_wconf 77' lang='lat' dir='ltr'>fratre</span> 
     </span>
     <span class='ocr_line' id='line_1_25' title="bbox 223 1068 894 1103; baseline -0.001 -8"><span class='ocrx_word' id='word_1_190' title='bbox 223 1069 327 1096; x_wconf 76' lang='lat' dir='ltr'>confido</span> <span class='ocrx_word' id='word_1_191' title='bbox 339 1069 373 1095; x_wconf 83' lang='lat' dir='ltr'>ita</span> <span class='ocrx_word' id='word_1_192' title='bbox 384 1077 456 1099; x_wconf 88' lang='lat' dir='ltr'>esse,</span> <span class='ocrx_word' id='word_1_193' title='bbox 471 1073 499 1094; x_wconf 90' lang='lat' dir='ltr'>ut</span> <span class='ocrx_word' id='word_1_194' title='bbox 509 1077 616 1103; x_wconf 83' lang='lat' dir='ltr'>semper</span> <span class='ocrx_word' id='word_1_195' title='bbox 627 1068 700 1094; x_wconf 76' lang='lat' dir='ltr'>votui</span> <span class='ocrx_word' id='word_1_196' title='bbox 713 1073 737 1094; x_wconf 89' lang='lat' dir='ltr'>et</span> <span class='ocrx_word' id='word_1_197' title='bbox 748 1068 894 1094; x_wconf 80' lang='lat' dir='ltr'>elaboravi.</span> 
     </span>
     <span class='ocr_line' id='line_1_26' title="bbox 222 1105 1017 1142; baseline -0.003 -9"><span class='ocrx_word' id='word_1_198' title='bbox 222 1107 300 1142; x_wconf 79' lang='lat' dir='ltr'>signa</span> <span class='ocrx_word' id='word_1_199' title='bbox 311 1111 375 1132; x_wconf 89' lang='lat' dir='ltr'>sunt</span> <span class='ocrx_word' id='word_1_200' title='bbox 388 1107 448 1132; x_wconf 89' lang='lat' dir='ltr'>eius</span> <span class='ocrx_word' id='word_1_201' title='bbox 459 1106 506 1135; x_wconf 83' lang='lat' dir='ltr'>rei,</span> <span class='ocrx_word' id='word_1_202' title='bbox 525 1114 575 1131; x_wconf 93' lang='lat' dir='ltr'>non</span> <span class='ocrx_word' id='word_1_203' title='bbox 589 1106 746 1136; x_wconf 92' lang='lat' dir='ltr'>minimum,</span> <span class='ocrx_word' id='word_1_204' title='bbox 764 1105 837 1140; x_wconf 85' lang='lat' dir='ltr'>quod</span> <span class='ocrx_word' id='word_1_205' title='bbox 853 1113 926 1131; x_wconf 90' lang='lat' dir='ltr'>soror</span> <span class='ocrx_word' id='word_1_206' title='bbox 939 1113 1017 1139; x_wconf 86' lang='lat' dir='ltr'>prac-</span> 
     </span>
     <span class='ocr_line' id='line_1_27' title="bbox 221 1143 1017 1180; baseline -0.003 -10"><span class='ocrx_word' id='word_1_207' title='bbox 221 1152 308 1180; x_wconf 82' lang='lat' dir='ltr'>gnans</span> <span class='ocrx_word' id='word_1_208' title='bbox 320 1148 369 1170; x_wconf 86' lang='lat' dir='ltr'>est.</span> <span class='ocrx_word' id='word_1_209' title='bbox 409 1145 434 1169; x_wconf 84' lang='lat'>6.</span> <span class='ocrx_word' id='word_1_210' title='bbox 456 1144 492 1169; x_wconf 91' lang='lat' dir='ltr'>De</span> <span class='ocrx_word' id='word_1_211' title='bbox 502 1143 619 1169; x_wconf 87' lang='lat' dir='ltr'>comitiis</span> <span class='ocrx_word' id='word_1_212' title='bbox 631 1143 698 1169; x_wconf 87' lang='lat' dir='ltr'>meis</span> <span class='ocrx_word' id='word_1_213' title='bbox 709 1147 735 1169; x_wconf 92' lang='lat' dir='ltr'>et</span> <span class='ocrx_word' id='word_1_214' title='bbox 745 1143 795 1169; x_wconf 87' lang='lat' dir='ltr'>tibi</span> <span class='ocrx_word' id='word_1_215' title='bbox 806 1151 848 1169; x_wconf 86' lang='lat' dir='ltr'>me</span> <span class='ocrx_word' id='word_1_216' title='bbox 860 1143 1017 1177; x_wconf 85' lang='lat' dir='ltr'>permisisse</span> 
     </span>
     <span class='ocr_line' id='line_1_28' title="bbox 223 1179 1014 1216; baseline -0.003 -9"><span class='ocrx_word' id='word_1_217' title='bbox 223 1181 349 1212; x_wconf 91' lang='lat' dir='ltr'>memini,</span> <span class='ocrx_word' id='word_1_218' title='bbox 367 1185 392 1207; x_wconf 87' lang='lat' dir='ltr'>et</span> <span class='ocrx_word' id='word_1_219' title='bbox 407 1189 456 1216; x_wconf 84' lang='lat' dir='ltr'>ego</span> <span class='ocrx_word' id='word_1_220' title='bbox 471 1180 631 1214; x_wconf 89' lang='lat' dir='ltr'>iampridem</span> <span class='ocrx_word' id='word_1_221' title='bbox 647 1180 697 1206; x_wconf 89' lang='lat' dir='ltr'>hoc</span> <span class='ocrx_word' id='word_1_222' title='bbox 708 1180 898 1206; x_wconf 90' lang='lat' dir='ltr'>communibus</span> <span class='ocrx_word' id='word_1_223' title='bbox 910 1179 1014 1210; x_wconf 87' lang='lat' dir='ltr'>amicis,</span> 
     </span>
     <span class='ocr_line' id='line_1_29' title="bbox 222 1217 1016 1254; baseline -0.001 -10"><span class='ocrx_word' id='word_1_224' title='bbox 222 1219 270 1254; x_wconf 90' lang='lat' dir='ltr'>qui</span> <span class='ocrx_word' id='word_1_225' title='bbox 282 1223 306 1245; x_wconf 88' lang='lat' dir='ltr'>tc</span> <span class='ocrx_word' id='word_1_226' title='bbox 317 1222 485 1252; x_wconf 85' lang='lat' dir='ltr'>exspectant,</span> <span class='ocrx_word' id='word_1_227' title='bbox 504 1217 641 1252; x_wconf 88' lang='lat' dir='ltr'>praedico:</span> <span class='ocrx_word' id='word_1_228' title='bbox 660 1222 684 1243; x_wconf 92' lang='lat' dir='ltr'>te</span> <span class='ocrx_word' id='word_1_229' title='bbox 701 1226 752 1243; x_wconf 93' lang='lat' dir='ltr'>non</span> <span class='ocrx_word' id='word_1_230' title='bbox 765 1217 843 1243; x_wconf 90' lang='lat' dir='ltr'>modo</span> <span class='ocrx_word' id='word_1_231' title='bbox 854 1225 906 1243; x_wconf 91' lang='lat' dir='ltr'>non</span> <span class='ocrx_word' id='word_1_232' title='bbox 917 1217 1016 1243; x_wconf 84' lang='lat' dir='ltr'>arcessi</span> 
     </span>
     <span class='ocr_line' id='line_1_30' title="bbox 223 1254 1018 1290; baseline -0.003 -8"><span class='ocrx_word' id='word_1_233' title='bbox 223 1264 237 1282; x_wconf 90' lang='lat' dir='ltr'>a</span> <span class='ocrx_word' id='word_1_234' title='bbox 247 1264 299 1286; x_wconf 88' lang='lat' dir='ltr'>me,</span> <span class='ocrx_word' id='word_1_235' title='bbox 313 1255 360 1281; x_wconf 92' lang='lat' dir='ltr'>sed</span> <span class='ocrx_word' id='word_1_236' title='bbox 372 1255 518 1290; x_wconf 87' lang='lat' dir='ltr'>prohiberi,</span> <span class='ocrx_word' id='word_1_237' title='bbox 527 1254 599 1289; x_wconf 90' lang='lat' dir='ltr'>quod</span> <span class='ocrx_word' id='word_1_238' title='bbox 614 1254 772 1290; x_wconf 79' lang='lat' dir='ltr'>intelligam,</span> <span class='ocrx_word' id='word_1_239' title='bbox 781 1254 866 1281; x_wconf 90' lang='lat' dir='ltr'>multo</span> <span class='ocrx_word' id='word_1_240' title='bbox 876 1255 963 1290; x_wconf 83' lang='lat' dir='ltr'>magis</span> <span class='ocrx_word' id='word_1_241' title='bbox 975 1254 1018 1280; x_wconf 83' lang='lat' dir='ltr'>in-</span> 
     </span>
     <span class='ocr_line' id='line_1_31' title="bbox 223 1291 1014 1327; baseline -0.001 -8"><span class='ocrx_word' id='word_1_242' title='bbox 223 1297 321 1319; x_wconf 82' lang='lat' dir='ltr'>teresse</span> <span class='ocrx_word' id='word_1_243' title='bbox 331 1296 389 1324; x_wconf 85' lang='lat' dir='ltr'>tua,</span> <span class='ocrx_word' id='word_1_244' title='bbox 403 1297 427 1319; x_wconf 89' lang='lat' dir='ltr'>te</span> <span class='ocrx_word' id='word_1_245' title='bbox 438 1299 529 1327; x_wconf 84' lang='lat' dir='ltr'>agere,</span> <span class='ocrx_word' id='word_1_246' title='bbox 545 1291 617 1326; x_wconf 85' lang='lat' dir='ltr'>quod</span> <span class='ocrx_word' id='word_1_247' title='bbox 629 1292 763 1327; x_wconf 85' lang='lat' dir='ltr'>agendum</span> <span class='ocrx_word' id='word_1_248' title='bbox 775 1296 815 1318; x_wconf 89' lang='lat' dir='ltr'>est</span> <span class='ocrx_word' id='word_1_249' title='bbox 826 1291 875 1318; x_wconf 90' lang='lat' dir='ltr'>hoc</span> <span class='ocrx_word' id='word_1_250' title='bbox 886 1296 1014 1326; x_wconf 85' lang='lat' dir='ltr'>tempore,</span> 
     </span>
     <span class='ocr_line' id='line_1_32' title="bbox 222 1329 1017 1365; baseline -0.001 -9"><span class='ocrx_word' id='word_1_251' title='bbox 222 1338 304 1365; x_wconf 88' lang='lat' dir='ltr'>quam</span> <span class='ocrx_word' id='word_1_252' title='bbox 321 1338 392 1361; x_wconf 82' lang='lat' dir='ltr'>mea,</span> <span class='ocrx_word' id='word_1_253' title='bbox 409 1334 433 1356; x_wconf 87' lang='lat' dir='ltr'>te</span> <span class='ocrx_word' id='word_1_254' title='bbox 448 1329 541 1355; x_wconf 83' lang='lat' dir='ltr'>adesse</span> <span class='ocrx_word' id='word_1_255' title='bbox 557 1329 684 1355; x_wconf 81' lang='lat' dir='ltr'>comitiis.</span> <span class='ocrx_word' id='word_1_256' title='bbox 724 1329 840 1355; x_wconf 86' lang='lat' dir='ltr'>Proinde</span> <span class='ocrx_word' id='word_1_257' title='bbox 850 1337 881 1355; x_wconf 88' lang='lat' dir='ltr'>eo</span> <span class='ocrx_word' id='word_1_258' title='bbox 892 1329 982 1355; x_wconf 92' lang='lat' dir='ltr'>animo</span> <span class='ocrx_word' id='word_1_259' title='bbox 992 1333 1017 1355; x_wconf 91' lang='lat' dir='ltr'>te</span> 
     </span>
     <span class='ocr_line' id='line_1_33' title="bbox 223 1365 1018 1401; baseline -0.001 -8"><span class='ocrx_word' id='word_1_260' title='bbox 223 1366 305 1393; x_wconf 88' lang='lat' dir='ltr'>velim</span> <span class='ocrx_word' id='word_1_261' title='bbox 316 1374 388 1397; x_wconf 84' lang='lat' dir='ltr'>esse,</span> <span class='ocrx_word' id='word_1_262' title='bbox 405 1367 483 1401; x_wconf 87' lang='lat' dir='ltr'>quasi</span> <span class='ocrx_word' id='word_1_263' title='bbox 495 1366 548 1392; x_wconf 93' lang='lat' dir='ltr'>mei</span> <span class='ocrx_word' id='word_1_264' title='bbox 563 1367 662 1401; x_wconf 89' lang='lat' dir='ltr'>negotii</span> <span class='ocrx_word' id='word_1_265' title='bbox 673 1375 767 1392; x_wconf 87' lang='lat' dir='ltr'>caussa</span> <span class='ocrx_word' id='word_1_266' title='bbox 779 1367 806 1392; x_wconf 91' lang='lat' dir='ltr'>in</span> <span class='ocrx_word' id='word_1_267' title='bbox 819 1366 868 1392; x_wconf 84' lang='lat' dir='ltr'>ista</span> <span class='ocrx_word' id='word_1_268' title='bbox 881 1365 936 1393; x_wconf 90' lang='lat' dir='ltr'>loca</span> <span class='ocrx_word' id='word_1_269' title='bbox 950 1367 1018 1392; x_wconf 90' lang='lat' dir='ltr'>mis-</span> 
     </span>
     <span class='ocr_line' id='line_1_34' title="bbox 221 1403 1018 1439; baseline 0 -9"><span class='ocrx_word' id='word_1_270' title='bbox 221 1413 269 1430; x_wconf 88' lang='lat' dir='ltr'>sus</span> <span class='ocrx_word' id='word_1_271' title='bbox 282 1412 366 1430; x_wconf 90' lang='lat' dir='ltr'>esses.</span> <span class='ocrx_word' id='word_1_272' title='bbox 406 1404 447 1430; x_wconf 86' lang='lat' dir='ltr'>Me</span> <span class='ocrx_word' id='word_1_273' title='bbox 459 1408 548 1430; x_wconf 88' lang='lat' dir='ltr'>autem</span> <span class='ocrx_word' id='word_1_274' title='bbox 563 1411 625 1429; x_wconf 92' lang='lat' dir='ltr'>eum</span> <span class='ocrx_word' id='word_1_275' title='bbox 640 1408 665 1430; x_wconf 87' lang='lat' dir='ltr'>et</span> <span class='ocrx_word' id='word_1_276' title='bbox 680 1403 799 1430; x_wconf 78' lang='lat' dir='ltr'>offendes</span> <span class='ocrx_word' id='word_1_277' title='bbox 814 1411 876 1439; x_wconf 83' lang='lat' dir='ltr'>erga</span> <span class='ocrx_word' id='word_1_278' title='bbox 890 1408 915 1430; x_wconf 88' lang='lat' dir='ltr'>te</span> <span class='ocrx_word' id='word_1_279' title='bbox 930 1408 955 1430; x_wconf 88' lang='lat' dir='ltr'>et</span> <span class='ocrx_word' id='word_1_280' title='bbox 968 1411 1018 1430; x_wconf 88' lang='lat' dir='ltr'>au·-</span> 
     </span>
     <span class='ocr_line' id='line_1_35' title="bbox 221 1441 1018 1476; baseline -0.001 -9"><span class='ocrx_word' id='word_1_281' title='bbox 221 1441 289 1473; x_wconf 91' lang='lat' dir='ltr'>dies,</span> <span class='ocrx_word' id='word_1_282' title='bbox 297 1441 460 1476; x_wconf 83' lang='lat' dir='ltr'>quasimihi,</span> <span class='ocrx_word' id='word_1_283' title='bbox 469 1441 492 1467; x_wconf 90' lang='lat' dir='ltr'>si</span> <span class='ocrx_word' id='word_1_284' title='bbox 503 1448 557 1475; x_wconf 84' lang='lat' dir='ltr'>qua</span> <span class='ocrx_word' id='word_1_285' title='bbox 568 1445 642 1475; x_wconf 86' lang='lat' dir='ltr'>parta</span> <span class='ocrx_word' id='word_1_286' title='bbox 653 1445 740 1471; x_wconf 86' lang='lat' dir='ltr'>erunt,</span> <span class='ocrx_word' id='word_1_287' title='bbox 750 1449 801 1467; x_wconf 93' lang='lat' dir='ltr'>non</span> <span class='ocrx_word' id='word_1_288' title='bbox 814 1441 892 1467; x_wconf 92' lang='lat' dir='ltr'>modo</span> <span class='ocrx_word' id='word_1_289' title='bbox 903 1445 928 1467; x_wconf 89' lang='lat' dir='ltr'>te</span> <span class='ocrx_word' id='word_1_290' title='bbox 939 1449 1018 1475; x_wconf 86' lang='lat' dir='ltr'>prae—</span> 
     </span>
     <span class='ocr_line' id='line_1_36' title="bbox 221 1477 1014 1513; baseline 0 -8"><span class='ocrx_word' id='word_1_291' title='bbox 221 1483 309 1510; x_wconf 81' lang='lat' dir='ltr'>sente,</span> <span class='ocrx_word' id='word_1_292' title='bbox 332 1478 379 1504; x_wconf 88' lang='lat' dir='ltr'>sed</span> <span class='ocrx_word' id='word_1_293' title='bbox 396 1487 443 1513; x_wconf 88' lang='lat' dir='ltr'>per</span> <span class='ocrx_word' id='word_1_294' title='bbox 458 1482 482 1504; x_wconf 89' lang='lat' dir='ltr'>te</span> <span class='ocrx_word' id='word_1_295' title='bbox 495 1482 569 1512; x_wconf 84' lang='lat' dir='ltr'>parta</span> <span class='ocrx_word' id='word_1_296' title='bbox 584 1478 649 1504; x_wconf 90' lang='lat' dir='ltr'>sint.</span> <span class='ocrx_word' id='word_1_297' title='bbox 689 1477 805 1505; x_wconf 89' lang='lat' dir='ltr'>Tulliola</span> <span class='ocrx_word' id='word_1_298' title='bbox 816 1478 866 1505; x_wconf 88' lang='lat' dir='ltr'>tibi</span> <span class='ocrx_word' id='word_1_299' title='bbox 877 1478 948 1505; x_wconf 89' lang='lat' dir='ltr'>diem</span> <span class='ocrx_word' id='word_1_300' title='bbox 960 1478 1014 1510; x_wconf 87' lang='lat' dir='ltr'>dat,</span> 
     </span>
     <span class='ocr_line' id='line_1_37' title="bbox 221 1515 578 1551; baseline -0.003 -9"><span class='ocrx_word' id='word_1_301' title='bbox 221 1524 378 1551; x_wconf 89' lang='lat' dir='ltr'>sponsorem</span> <span class='ocrx_word' id='word_1_302' title='bbox 389 1524 441 1542; x_wconf 92' lang='lat' dir='ltr'>non</span> <span class='ocrx_word' id='word_1_303' title='bbox 452 1515 578 1550; x_wconf 88' lang='lat' dir='ltr'>appellat.</span> 
     </span>
    </p>
   </div>
   <div class='ocr_carea' id='block_1_3' title="bbox 274 1585 750 1608">
    <p class='ocr_par' dir='ltr' id='par_1_3' title="bbox 274 1585 750 1608">
     <span class='ocr_line' id='line_1_38' title="bbox 274 1585 750 1608; baseline -0.002 -3"><span class='ocrx_word' id='word_1_304' title='bbox 274 1585 315 1606; x_wconf 74' lang='lat' dir='ltr'>XL</span> <span class='ocrx_word' id='word_1_305' title='bbox 343 1588 431 1608; x_wconf 67' lang='lat' dir='ltr'>(Romae,</span> <span class='ocrx_word' id='word_1_306' title='bbox 440 1587 514 1608; x_wconf 57' lang='lat' dir='ltr'>Pisone,</span> <span class='ocrx_word' id='word_1_307' title='bbox 525 1586 627 1604; x_wconf 73' lang='lat' dir='ltr'>Glnbrione</span> <span class='ocrx_word' id='word_1_308' title='bbox 637 1592 684 1604; x_wconf 73' lang='lat' dir='ltr'>cea-r.</span> <span class='ocrx_word' id='word_1_309' title='bbox 694 1587 750 1607; x_wconf 73' lang='lat'>687.)</span> 
     </span>
    </p>
   </div>
   <div class='ocr_carea' id='block_1_4' title="bbox 221 1662 1018 2557">
    <p class='ocr_par' dir='ltr' id='par_1_4' title="bbox 221 1662 1018 2557">
     <span class='ocr_line' id='line_1_39' title="bbox 279 1662 1016 1702; baseline -0.001 -9"><span class='ocrx_word' id='word_1_310' title='bbox 279 1668 303 1693; x_wconf 84' lang='lat' dir='ltr'>l.</span> <span class='ocrx_word' id='word_1_311' title='bbox 324 1662 362 1693; x_wconf 89' lang='lat' dir='ltr'>Et</span> <span class='ocrx_word' id='word_1_312' title='bbox 372 1675 431 1693; x_wconf 91' lang='lat' dir='ltr'>mea</span> <span class='ocrx_word' id='word_1_313' title='bbox 442 1671 536 1702; x_wconf 89' lang='lat' dir='ltr'>sponte</span> <span class='ocrx_word' id='word_1_314' title='bbox 551 1666 682 1693; x_wconf 83' lang='lat' dir='ltr'>faciebam</span> <span class='ocrx_word' id='word_1_315' title='bbox 698 1670 787 1697; x_wconf 85' lang='lat' dir='ltr'>antea,</span> <span class='ocrx_word' id='word_1_316' title='bbox 803 1671 829 1692; x_wconf 87' lang='lat' dir='ltr'>et</span> <span class='ocrx_word' id='word_1_317' title='bbox 840 1670 899 1701; x_wconf 92' lang='lat' dir='ltr'>post</span> <span class='ocrx_word' id='word_1_318' title='bbox 909 1665 1016 1693; x_wconf 89' lang='lat' dir='ltr'>duabus</span> 
     </span>
     <span class='ocr_line' id='line_1_40' title="bbox 222 1703 1018 1740; baseline -0.001 -10"><span class='ocrx_word' id='word_1_319' title='bbox 222 1703 343 1739; x_wconf 83' lang='lat' dir='ltr'>epistolis</span> <span class='ocrx_word' id='word_1_320' title='bbox 359 1705 413 1730; x_wconf 90' lang='lat' dir='ltr'>tuis</span> <span class='ocrx_word' id='word_1_321' title='bbox 428 1704 621 1740; x_wconf 81' lang='lat' dir='ltr'>perdiligenter</span> <span class='ocrx_word' id='word_1_322' title='bbox 635 1704 663 1730; x_wconf 89' lang='lat' dir='ltr'>in</span> <span class='ocrx_word' id='word_1_323' title='bbox 675 1703 798 1730; x_wconf 89' lang='lat' dir='ltr'>eamdem</span> <span class='ocrx_word' id='word_1_324' title='bbox 809 1704 937 1730; x_wconf 87' lang='lat' dir='ltr'>rationem</span> <span class='ocrx_word' id='word_1_325' title='bbox 950 1704 1018 1730; x_wconf 92' lang='lat' dir='ltr'>scri-</span> 
     </span>
     <span class='ocr_line' id='line_1_41' title="bbox 221 1740 1018 1776; baseline 0 -9"><span class='ocrx_word' id='word_1_326' title='bbox 221 1742 275 1776; x_wconf 85' lang='lat' dir='ltr'>ptis</span> <span class='ocrx_word' id='word_1_327' title='bbox 285 1749 381 1776; x_wconf 85' lang='lat' dir='ltr'>magno</span> <span class='ocrx_word' id='word_1_328' title='bbox 392 1750 471 1776; x_wconf 89' lang='lat' dir='ltr'>opere</span> <span class='ocrx_word' id='word_1_329' title='bbox 483 1750 545 1767; x_wconf 88' lang='lat' dir='ltr'>sum</span> <span class='ocrx_word' id='word_1_330' title='bbox 558 1745 718 1768; x_wconf 90' lang='lat' dir='ltr'>commotus.</span> <span class='ocrx_word' id='word_1_331' title='bbox 753 1741 791 1767; x_wconf 91' lang='lat' dir='ltr'>Eo</span> <span class='ocrx_word' id='word_1_332' title='bbox 801 1740 945 1767; x_wconf 83' lang='lat' dir='ltr'>accedebat</span> <span class='ocrx_word' id='word_1_333' title='bbox 955 1740 1018 1767; x_wconf 85' lang='lat' dir='ltr'>hor-</span> 
     </span>
     <span class='ocr_line' id='line_1_42' title="bbox 221 1777 1017 1813; baseline 0 -9"><span class='ocrx_word' id='word_1_334' title='bbox 221 1783 289 1804; x_wconf 87' lang='lat' dir='ltr'>tator</span> <span class='ocrx_word' id='word_1_335' title='bbox 302 1778 429 1804; x_wconf 88' lang='lat' dir='ltr'>assiduus</span> <span class='ocrx_word' id='word_1_336' title='bbox 441 1778 585 1809; x_wconf 85' lang='lat' dir='ltr'>Salustius,</span> <span class='ocrx_word' id='word_1_337' title='bbox 608 1783 639 1804; x_wconf 87' lang='lat' dir='ltr'>ut</span> <span class='ocrx_word' id='word_1_338' title='bbox 651 1786 758 1813; x_wconf 83' lang='lat' dir='ltr'>agerem</span> <span class='ocrx_word' id='word_1_339' title='bbox 770 1786 852 1813; x_wconf 84' lang='lat' dir='ltr'>quam</span> <span class='ocrx_word' id='word_1_340' title='bbox 863 1777 1017 1813; x_wconf 91' lang='lat' dir='ltr'>diligentis-</span> 
     </span>
     <span class='ocr_line' id='line_1_43' title="bbox 222 1814 1017 1851; baseline 0 -10"><span class='ocrx_word' id='word_1_341' title='bbox 222 1815 291 1841; x_wconf 90' lang='lat' dir='ltr'>sime</span> <span class='ocrx_word' id='word_1_342' title='bbox 302 1823 364 1841; x_wconf 89' lang='lat' dir='ltr'>cum</span> <span class='ocrx_word' id='word_1_343' title='bbox 376 1816 489 1841; x_wconf 88' lang='lat' dir='ltr'>Lucceio</span> <span class='ocrx_word' id='word_1_344' title='bbox 500 1815 533 1841; x_wconf 91' lang='lat' dir='ltr'>de</span> <span class='ocrx_word' id='word_1_345' title='bbox 545 1819 632 1841; x_wconf 90' lang='lat' dir='ltr'>vestra</span> <span class='ocrx_word' id='word_1_346' title='bbox 645 1820 733 1841; x_wconf 88' lang='lat' dir='ltr'>vetere</span> <span class='ocrx_word' id='word_1_347' title='bbox 743 1816 828 1851; x_wconf 80' lang='lat' dir='ltr'>gratia</span> <span class='ocrx_word' id='word_1_348' title='bbox 840 1814 1017 1841; x_wconf 89' lang='lat' dir='ltr'>reconcilian-</span> 
     </span>
     <span class='ocr_line' id='line_1_44' title="bbox 222 1851 1017 1887; baseline 0 -9"><span class='ocrx_word' id='word_1_349' title='bbox 222 1851 266 1878; x_wconf 87' lang='lat' dir='ltr'>da.</span> <span class='ocrx_word' id='word_1_350' title='bbox 306 1852 371 1883; x_wconf 83' lang='lat' dir='ltr'>Sed,</span> <span class='ocrx_word' id='word_1_351' title='bbox 389 1861 473 1887; x_wconf 90' lang='lat' dir='ltr'>quum</span> <span class='ocrx_word' id='word_1_352' title='bbox 487 1853 577 1879; x_wconf 88' lang='lat' dir='ltr'>omnia</span> <span class='ocrx_word' id='word_1_353' title='bbox 589 1851 727 1883; x_wconf 80' lang='lat' dir='ltr'>fecissem,</span> <span class='ocrx_word' id='word_1_354' title='bbox 746 1860 798 1878; x_wconf 91' lang='lat' dir='ltr'>non</span> <span class='ocrx_word' id='word_1_355' title='bbox 809 1851 888 1878; x_wconf 90' lang='lat' dir='ltr'>modo</span> <span class='ocrx_word' id='word_1_356' title='bbox 900 1860 958 1878; x_wconf 88' lang='lat' dir='ltr'>eam</span> <span class='ocrx_word' id='word_1_357' title='bbox 969 1861 1017 1878; x_wconf 76' lang='lat' dir='ltr'>vo-</span> 
     </span>
     <span class='ocr_line' id='line_1_45' title="bbox 223 1889 1018 1924; baseline 0 -9"><span class='ocrx_word' id='word_1_358' title='bbox 223 1889 352 1916; x_wconf 86' lang='lat' dir='ltr'>luntatem</span> <span class='ocrx_word' id='word_1_359' title='bbox 363 1889 431 1921; x_wconf 87' lang='lat' dir='ltr'>eius,</span> <span class='ocrx_word' id='word_1_360' title='bbox 445 1897 513 1924; x_wconf 87' lang='lat' dir='ltr'>quae</span> <span class='ocrx_word' id='word_1_361' title='bbox 525 1889 610 1916; x_wconf 83' lang='lat' dir='ltr'>fuerat</span> <span class='ocrx_word' id='word_1_362' title='bbox 620 1897 682 1924; x_wconf 85' lang='lat' dir='ltr'>erga</span> <span class='ocrx_word' id='word_1_363' title='bbox 694 1894 727 1919; x_wconf 82' lang='lat' dir='ltr'>te,</span> <span class='ocrx_word' id='word_1_364' title='bbox 737 1897 893 1923; x_wconf 87' lang='lat' dir='ltr'>recuperare</span> <span class='ocrx_word' id='word_1_365' title='bbox 905 1897 957 1915; x_wconf 90' lang='lat' dir='ltr'>non</span> <span class='ocrx_word' id='word_1_366' title='bbox 969 1897 1018 1924; x_wconf 90' lang='lat' dir='ltr'>po-</span> 
     </span>
     <span class='ocr_line' id='line_1_46' title="bbox 223 1925 1018 1961; baseline 0 -9"><span class='ocrx_word' id='word_1_367' title='bbox 223 1926 275 1957; x_wconf 88' lang='lat' dir='ltr'>tui,</span> <span class='ocrx_word' id='word_1_368' title='bbox 289 1934 384 1953; x_wconf 91' lang='lat' dir='ltr'>verum</span> <span class='ocrx_word' id='word_1_369' title='bbox 394 1935 428 1952; x_wconf 87' lang='lat' dir='ltr'>ne</span> <span class='ocrx_word' id='word_1_370' title='bbox 438 1935 561 1953; x_wconf 79' lang='lat' dir='ltr'>caussam</span> <span class='ocrx_word' id='word_1_371' title='bbox 572 1926 683 1961; x_wconf 89' lang='lat' dir='ltr'>quidem</span> <span class='ocrx_word' id='word_1_372' title='bbox 695 1925 791 1952; x_wconf 88' lang='lat' dir='ltr'>elicere</span> <span class='ocrx_word' id='word_1_373' title='bbox 803 1927 958 1953; x_wconf 78' lang='lat' dir='ltr'>immutatae</span> <span class='ocrx_word' id='word_1_374' title='bbox 970 1935 1018 1952; x_wconf 88' lang='lat' dir='ltr'>vo-</span> 
     </span>
     <span class='ocr_line' id='line_1_47' title="bbox 223 1963 1018 1998; baseline -0.001 -8"><span class='ocrx_word' id='word_1_375' title='bbox 223 1963 342 1990; x_wconf 84' lang='lat' dir='ltr'>luntatis.</span> <span class='ocrx_word' id='word_1_376' title='bbox 383 1964 499 1990; x_wconf 85' lang='lat' dir='ltr'>Tametsi</span> <span class='ocrx_word' id='word_1_377' title='bbox 510 1964 588 1990; x_wconf 88' lang='lat' dir='ltr'>iactat</span> <span class='ocrx_word' id='word_1_378' title='bbox 600 1963 645 1989; x_wconf 92' lang='lat' dir='ltr'>ille</span> <span class='ocrx_word' id='word_1_379' title='bbox 655 1963 767 1998; x_wconf 89' lang='lat' dir='ltr'>quidem</span> <span class='ocrx_word' id='word_1_380' title='bbox 778 1963 846 1989; x_wconf 89' lang='lat' dir='ltr'>illud</span> <span class='ocrx_word' id='word_1_381' title='bbox 857 1968 933 1990; x_wconf 90' lang='lat' dir='ltr'>tuum</span> <span class='ocrx_word' id='word_1_382' title='bbox 945 1963 1018 1990; x_wconf 89' lang='lat' dir='ltr'>arbi-</span> 
     </span>
     <span class='ocr_line' id='line_1_48' title="bbox 222 2000 1016 2035; baseline 0 -8"><span class='ocrx_word' id='word_1_383' title='bbox 222 2001 317 2031; x_wconf 83' lang='lat' dir='ltr'>trium,</span> <span class='ocrx_word' id='word_1_384' title='bbox 335 2005 361 2027; x_wconf 86' lang='lat' dir='ltr'>et</span> <span class='ocrx_word' id='word_1_385' title='bbox 371 2009 414 2032; x_wconf 88' lang='lat' dir='ltr'>ea,</span> <span class='ocrx_word' id='word_1_386' title='bbox 432 2009 501 2035; x_wconf 81' lang='lat' dir='ltr'>quae</span> <span class='ocrx_word' id='word_1_387' title='bbox 513 2001 566 2026; x_wconf 87' lang='lat' dir='ltr'>iam</span> <span class='ocrx_word' id='word_1_388' title='bbox 577 2005 648 2031; x_wconf 89' lang='lat' dir='ltr'>turn,</span> <span class='ocrx_word' id='word_1_389' title='bbox 662 2008 747 2035; x_wconf 91' lang='lat' dir='ltr'>quum</span> <span class='ocrx_word' id='word_1_390' title='bbox 758 2000 866 2032; x_wconf 78' lang='lat' dir='ltr'>aderas,</span> <span class='ocrx_word' id='word_1_391' title='bbox 883 2001 1016 2027; x_wconf 77' lang='lat' dir='ltr'>offendere</span> 
     </span>
     <span class='ocr_line' id='line_1_49' title="bbox 222 2037 1016 2073; baseline 0 -9"><span class='ocrx_word' id='word_1_392' title='bbox 222 2038 281 2064; x_wconf 90' lang='lat' dir='ltr'>eius</span> <span class='ocrx_word' id='word_1_393' title='bbox 305 2038 426 2064; x_wconf 85' lang='lat' dir='ltr'>animum</span> <span class='ocrx_word' id='word_1_394' title='bbox 450 2037 648 2073; x_wconf 82' lang='lat' dir='ltr'>intelligebam:</span> <span class='ocrx_word' id='word_1_395' title='bbox 675 2042 764 2064; x_wconf 87' lang='lat' dir='ltr'>tamen</span> <span class='ocrx_word' id='word_1_396' title='bbox 785 2037 865 2064; x_wconf 85' lang='lat' dir='ltr'>habet</span> <span class='ocrx_word' id='word_1_397' title='bbox 885 2037 1016 2073; x_wconf 80' lang='lat' dir='ltr'>quiddam</span> 
     </span>
     <span class='ocr_line' id='line_1_50' title="bbox 222 2074 1016 2110; baseline 0 -9"><span class='ocrx_word' id='word_1_398' title='bbox 222 2074 353 2110; x_wconf 78' lang='lat' dir='ltr'>prolecto,</span> <span class='ocrx_word' id='word_1_399' title='bbox 372 2075 445 2110; x_wconf 89' lang='lat' dir='ltr'>quod</span> <span class='ocrx_word' id='word_1_400' title='bbox 461 2076 547 2110; x_wconf 82' lang='lat' dir='ltr'>magis</span> <span class='ocrx_word' id='word_1_401' title='bbox 564 2075 591 2101; x_wconf 91' lang='lat' dir='ltr'>in</span> <span class='ocrx_word' id='word_1_402' title='bbox 607 2075 696 2101; x_wconf 92' lang='lat' dir='ltr'>animo</span> <span class='ocrx_word' id='word_1_403' title='bbox 710 2075 769 2101; x_wconf 87' lang='lat' dir='ltr'>eius</span> <span class='ocrx_word' id='word_1_404' title='bbox 784 2075 926 2106; x_wconf 82' lang='lat' dir='ltr'>insederit,</span> <span class='ocrx_word' id='word_1_405' title='bbox 943 2075 1016 2110; x_wconf 88' lang='lat' dir='ltr'>quod</span> 
     </span>
     <span class='ocr_line' id='line_1_51' title="bbox 222 2111 1017 2148; baseline 0.001 -10"><span class='ocrx_word' id='word_1_406' title='bbox 222 2120 309 2147; x_wconf 88' lang='lat' dir='ltr'>neque</span> <span class='ocrx_word' id='word_1_407' title='bbox 321 2112 448 2147; x_wconf 85' lang='lat' dir='ltr'>epistolae</span> <span class='ocrx_word' id='word_1_408' title='bbox 460 2117 529 2143; x_wconf 88' lang='lat' dir='ltr'>tuae,</span> <span class='ocrx_word' id='word_1_409' title='bbox 538 2121 625 2147; x_wconf 91' lang='lat' dir='ltr'>neque</span> <span class='ocrx_word' id='word_1_410' title='bbox 631 2117 720 2138; x_wconf 87' lang='lat' dir='ltr'>nostra</span> <span class='ocrx_word' id='word_1_411' title='bbox 731 2111 855 2148; x_wconf 86' lang='lat' dir='ltr'>allegatio</span> <span class='ocrx_word' id='word_1_412' title='bbox 867 2117 919 2139; x_wconf 85' lang='lat' dir='ltr'>tam</span> <span class='ocrx_word' id='word_1_413' title='bbox 931 2117 1017 2147; x_wconf 85' lang='lat' dir='ltr'>potest</span> 
     </span>
     <span class='ocr_line' id='line_1_52' title="bbox 222 2149 1014 2184; baseline 0.001 -9"><span class='ocrx_word' id='word_1_414' title='bbox 222 2149 299 2175; x_wconf 85' lang='lat' dir='ltr'>facile</span> <span class='ocrx_word' id='word_1_415' title='bbox 315 2149 418 2180; x_wconf 88' lang='lat' dir='ltr'>delere,</span> <span class='ocrx_word' id='word_1_416' title='bbox 440 2158 522 2184; x_wconf 90' lang='lat' dir='ltr'>quam</span> <span class='ocrx_word' id='word_1_417' title='bbox 536 2154 565 2176; x_wconf 91' lang='lat' dir='ltr'>tu</span> <span class='ocrx_word' id='word_1_418' title='bbox 583 2158 710 2184; x_wconf 85' lang='lat' dir='ltr'>praesens</span> <span class='ocrx_word' id='word_1_419' title='bbox 726 2158 779 2176; x_wconf 90' lang='lat' dir='ltr'>non</span> <span class='ocrx_word' id='word_1_420' title='bbox 795 2149 874 2176; x_wconf 91' lang='lat' dir='ltr'>modo</span> <span class='ocrx_word' id='word_1_421' title='bbox 887 2150 1014 2180; x_wconf 87' lang='lat' dir='ltr'>oratione,</span> 
     </span>
     <span class='ocr_line' id='line_1_53' title="bbox 221 2186 1017 2222; baseline 0 -9"><span class='ocrx_word' id='word_1_422' title='bbox 221 2186 269 2213; x_wconf 86' lang='lat' dir='ltr'>sed</span> <span class='ocrx_word' id='word_1_423' title='bbox 280 2191 325 2213; x_wconf 89' lang='lat' dir='ltr'>tuo</span> <span class='ocrx_word' id='word_1_424' title='bbox 336 2186 414 2213; x_wconf 88' lang='lat' dir='ltr'>vultu</span> <span class='ocrx_word' id='word_1_425' title='bbox 425 2186 471 2213; x_wconf 93' lang='lat' dir='ltr'>illo</span> <span class='ocrx_word' id='word_1_426' title='bbox 483 2186 609 2213; x_wconf 76' lang='lat' dir='ltr'>familiari</span> <span class='ocrx_word' id='word_1_427' title='bbox 621 2186 711 2218; x_wconf 85' lang='lat' dir='ltr'>tolles,</span> <span class='ocrx_word' id='word_1_428' title='bbox 729 2187 753 2213; x_wconf 89' lang='lat' dir='ltr'>si</span> <span class='ocrx_word' id='word_1_429' title='bbox 768 2187 847 2213; x_wconf 88' lang='lat' dir='ltr'>modo</span> <span class='ocrx_word' id='word_1_430' title='bbox 861 2188 926 2214; x_wconf 90' lang='lat' dir='ltr'>tanti</span> <span class='ocrx_word' id='word_1_431' title='bbox 937 2192 1017 2222; x_wconf 91' lang='lat' dir='ltr'>puta-</span> 
     </span>
     <span class='ocr_line' id='line_1_54' title="bbox 221 2223 1017 2259; baseline 0.001 -9"><span class='ocrx_word' id='word_1_432' title='bbox 221 2224 259 2250; x_wconf 90' lang='lat' dir='ltr'>ris</span> <span class='ocrx_word' id='word_1_433' title='bbox 271 2223 312 2255; x_wconf 91' lang='lat' dir='ltr'>id,</span> <span class='ocrx_word' id='word_1_434' title='bbox 330 2224 417 2259; x_wconf 85' lang='lat' dir='ltr'>quod,</span> <span class='ocrx_word' id='word_1_435' title='bbox 434 2224 457 2250; x_wconf 93' lang='lat' dir='ltr'>si</span> <span class='ocrx_word' id='word_1_436' title='bbox 473 2233 515 2250; x_wconf 87' lang='lat' dir='ltr'>me</span> <span class='ocrx_word' id='word_1_437' title='bbox 527 2224 621 2250; x_wconf 86' lang='lat' dir='ltr'>audies</span> <span class='ocrx_word' id='word_1_438' title='bbox 632 2228 658 2251; x_wconf 91' lang='lat' dir='ltr'>et</span> <span class='ocrx_word' id='word_1_439' title='bbox 672 2224 696 2250; x_wconf 88' lang='lat' dir='ltr'>si</span> <span class='ocrx_word' id='word_1_440' title='bbox 707 2223 869 2251; x_wconf 80' lang='lat' dir='ltr'>humanitati</span> <span class='ocrx_word' id='word_1_441' title='bbox 880 2229 941 2251; x_wconf 89' lang='lat' dir='ltr'>tuae</span> <span class='ocrx_word' id='word_1_442' title='bbox 952 2233 1017 2251; x_wconf 87' lang='lat' dir='ltr'>con-</span> 
     </span>
     <span class='ocr_line' id='line_1_55' title="bbox 221 2261 1014 2296; baseline 0.001 -9"><span class='ocrx_word' id='word_1_443' title='bbox 221 2265 291 2288; x_wconf 85' lang='lat' dir='ltr'>stare</span> <span class='ocrx_word' id='word_1_444' title='bbox 302 2261 390 2292; x_wconf 85' lang='lat' dir='ltr'>voles,</span> <span class='ocrx_word' id='word_1_445' title='bbox 406 2266 476 2288; x_wconf 89' lang='lat' dir='ltr'>certe</span> <span class='ocrx_word' id='word_1_446' title='bbox 487 2262 606 2296; x_wconf 89' lang='lat' dir='ltr'>putabis.</span> <span class='ocrx_word' id='word_1_447' title='bbox 645 2261 697 2292; x_wconf 78' lang='lat' dir='ltr'>Ac,</span> <span class='ocrx_word' id='word_1_448' title='bbox 711 2270 744 2288; x_wconf 88' lang='lat' dir='ltr'>ne</span> <span class='ocrx_word' id='word_1_449' title='bbox 755 2261 824 2288; x_wconf 89' lang='lat' dir='ltr'>illud</span> <span class='ocrx_word' id='word_1_450' title='bbox 836 2262 943 2293; x_wconf 85' lang='lat' dir='ltr'>mirere,</span> <span class='ocrx_word' id='word_1_451' title='bbox 956 2270 1014 2289; x_wconf 91' lang='lat' dir='ltr'>cur.</span> 
     </span>
     <span class='ocr_line' id='line_1_56' title="bbox 221 2298 1017 2335; baseline 0 -10"><span class='ocrx_word' id='word_1_452' title='bbox 221 2307 307 2334; x_wconf 86' lang='lat' dir='ltr'>quum</span> <span class='ocrx_word' id='word_1_453' title='bbox 317 2307 367 2334; x_wconf 86' lang='lat' dir='ltr'>ego</span> <span class='ocrx_word' id='word_1_454' title='bbox 377 2304 453 2325; x_wconf 91' lang='lat' dir='ltr'>antea</span> <span class='ocrx_word' id='word_1_455' title='bbox 464 2299 644 2335; x_wconf 83' lang='lat' dir='ltr'>significarem</span> <span class='ocrx_word' id='word_1_456' title='bbox 656 2298 706 2325; x_wconf 90' lang='lat' dir='ltr'>tibi</span> <span class='ocrx_word' id='word_1_457' title='bbox 716 2307 764 2334; x_wconf 86' lang='lat' dir='ltr'>per</span> <span class='ocrx_word' id='word_1_458' title='bbox 776 2299 887 2330; x_wconf 87' lang='lat' dir='ltr'>litteras,</span> <span class='ocrx_word' id='word_1_459' title='bbox 900 2308 943 2326; x_wconf 88' lang='lat' dir='ltr'>me</span> <span class='ocrx_word' id='word_1_460' title='bbox 954 2307 1017 2334; x_wconf 86' lang='lat' dir='ltr'>spe—</span> 
     </span>
     <span class='ocr_line' id='line_1_57' title="bbox 221 2335 1017 2371; baseline 0 -9"><span class='ocrx_word' id='word_1_461' title='bbox 221 2344 278 2362; x_wconf 86' lang='lat' dir='ltr'>rare</span> <span class='ocrx_word' id='word_1_462' title='bbox 290 2335 407 2363; x_wconf 87' lang='lat' dir='ltr'>illumin</span> <span class='ocrx_word' id='word_1_463' title='bbox 418 2341 507 2363; x_wconf 86' lang='lat' dir='ltr'>nostra</span> <span class='ocrx_word' id='word_1_464' title='bbox 523 2340 650 2371; x_wconf 89' lang='lat' dir='ltr'>potestate</span> <span class='ocrx_word' id='word_1_465' title='bbox 663 2335 731 2367; x_wconf 81' lang='lat' dir='ltr'>fore,</span> <span class='ocrx_word' id='word_1_466' title='bbox 748 2345 820 2363; x_wconf 91' lang='lat' dir='ltr'>nunc</span> <span class='ocrx_word' id='word_1_467' title='bbox 835 2337 907 2363; x_wconf 92' lang='lat' dir='ltr'>idem</span> <span class='ocrx_word' id='word_1_468' title='bbox 923 2336 1017 2363; x_wconf 85' lang='lat' dir='ltr'>videar</span> 
     </span>
     <span class='ocr_line' id='line_1_58' title="bbox 221 2372 1016 2408; baseline 0.001 -9"><span class='ocrx_word' id='word_1_469' title='bbox 221 2372 358 2406; x_wconf 78' lang='lat' dir='ltr'>diffidere;</span> <span class='ocrx_word' id='word_1_470' title='bbox 376 2373 535 2400; x_wconf 86' lang='lat' dir='ltr'>incredibile</span> <span class='ocrx_word' id='word_1_471' title='bbox 546 2378 599 2404; x_wconf 89' lang='lat' dir='ltr'>est,</span> <span class='ocrx_word' id='word_1_472' title='bbox 617 2378 718 2408; x_wconf 87' lang='lat' dir='ltr'>quanto</span> <span class='ocrx_word' id='word_1_473' title='bbox 727 2374 796 2400; x_wconf 88' lang='lat' dir='ltr'>mihi</span> <span class='ocrx_word' id='word_1_474' title='bbox 807 2374 930 2400; x_wconf 88' lang='lat' dir='ltr'>videatur</span> <span class='ocrx_word' id='word_1_475' title='bbox 941 2373 1016 2400; x_wconf 91' lang='lat' dir='ltr'>illius</span> 
     </span>
     <span class='ocr_line' id='line_1_59' title="bbox 221 2410 1013 2441; baseline 0.003 -6"><span class='ocrx_word' id='word_1_476' title='bbox 221 2410 346 2437; x_wconf 84' lang='lat' dir='ltr'>voluntas</span> <span class='ocrx_word' id='word_1_477' title='bbox 359 2411 530 2441; x_wconf 84' lang='lat' dir='ltr'>obstinatior,</span> <span class='ocrx_word' id='word_1_478' title='bbox 551 2415 578 2437; x_wconf 88' lang='lat' dir='ltr'>et</span> <span class='ocrx_word' id='word_1_479' title='bbox 592 2411 620 2437; x_wconf 93' lang='lat' dir='ltr'>in</span> <span class='ocrx_word' id='word_1_480' title='bbox 635 2411 685 2437; x_wconf 91' lang='lat' dir='ltr'>hac</span> <span class='ocrx_word' id='word_1_481' title='bbox 696 2411 835 2437; x_wconf 88' lang='lat' dir='ltr'>iracundia</span> <span class='ocrx_word' id='word_1_482' title='bbox 844 2411 1013 2438; x_wconf 82' lang='lat' dir='ltr'>offlrmatior:</span> 
     </span>
     <span class='ocr_line' id='line_1_60' title="bbox 222 2447 1017 2483; baseline 0.001 -10"><span class='ocrx_word' id='word_1_483' title='bbox 222 2447 269 2473; x_wconf 83' lang='lat' dir='ltr'>sed</span> <span class='ocrx_word' id='word_1_484' title='bbox 281 2447 346 2474; x_wconf 87' lang='lat' dir='ltr'>haec</span> <span class='ocrx_word' id='word_1_485' title='bbox 357 2453 402 2474; x_wconf 88' lang='lat' dir='ltr'>aut</span> <span class='ocrx_word' id='word_1_486' title='bbox 412 2449 591 2479; x_wconf 85' lang='lat' dir='ltr'>sanabuntur,</span> <span class='ocrx_word' id='word_1_487' title='bbox 605 2456 691 2483; x_wconf 89' lang='lat' dir='ltr'>quum</span> <span class='ocrx_word' id='word_1_488' title='bbox 702 2449 822 2479; x_wconf 88' lang='lat' dir='ltr'>veneris,</span> <span class='ocrx_word' id='word_1_489' title='bbox 840 2453 885 2475; x_wconf 90' lang='lat' dir='ltr'>aut</span> <span class='ocrx_word' id='word_1_490' title='bbox 895 2449 921 2475; x_wconf 88' lang='lat' dir='ltr'>ei</span> <span class='ocrx_word' id='word_1_491' title='bbox 932 2448 1017 2475; x_wconf 90' lang='lat' dir='ltr'>mole-</span> 
     </span>
     <span class='ocr_line' id='line_1_61' title="bbox 222 2484 1016 2521; baseline 0.004 -12"><span class='ocrx_word' id='word_1_492' title='bbox 222 2488 262 2509; x_wconf 88' lang='lat' dir='ltr'>sta</span> <span class='ocrx_word' id='word_1_493' title='bbox 273 2489 363 2515; x_wconf 90' lang='lat' dir='ltr'>erunt,</span> <span class='ocrx_word' id='word_1_494' title='bbox 376 2485 404 2511; x_wconf 92' lang='lat' dir='ltr'>in</span> <span class='ocrx_word' id='word_1_495' title='bbox 415 2490 473 2512; x_wconf 88' lang='lat' dir='ltr'>utro</span> <span class='ocrx_word' id='word_1_496' title='bbox 484 2485 563 2520; x_wconf 82' lang='lat' dir='ltr'>culpa</span> <span class='ocrx_word' id='word_1_497' title='bbox 574 2485 634 2511; x_wconf 88' lang='lat' dir='ltr'>erit.</span> <span class='ocrx_word' id='word_1_498' title='bbox 674 2486 699 2511; x_wconf 74' lang='lat'>2.</span> <span class='ocrx_word' id='word_1_499' title='bbox 721 2484 798 2517; x_wconf 91' lang='lat' dir='ltr'>Quod</span> <span class='ocrx_word' id='word_1_500' title='bbox 809 2486 837 2512; x_wconf 89' lang='lat' dir='ltr'>in</span> <span class='ocrx_word' id='word_1_501' title='bbox 848 2485 961 2521; x_wconf 89' lang='lat' dir='ltr'>epistola</span> <span class='ocrx_word' id='word_1_502' title='bbox 971 2490 1016 2512; x_wconf 88' lang='lat' dir='ltr'>tua</span> 
     </span>
     <span class='ocr_line' id='line_1_62' title="bbox 222 2521 1016 2557; baseline 0.005 -12"><span class='ocrx_word' id='word_1_503' title='bbox 222 2521 354 2555; x_wconf 89' lang='lat' dir='ltr'>scriptum</span> <span class='ocrx_word' id='word_1_504' title='bbox 364 2527 427 2553; x_wconf 86' lang='lat' dir='ltr'>erat,</span> <span class='ocrx_word' id='word_1_505' title='bbox 441 2531 483 2548; x_wconf 92' lang='lat' dir='ltr'>me</span> <span class='ocrx_word' id='word_1_506' title='bbox 494 2523 548 2548; x_wconf 89' lang='lat' dir='ltr'>iam</span> <span class='ocrx_word' id='word_1_507' title='bbox 559 2522 684 2548; x_wconf 86' lang='lat' dir='ltr'>arbitrari</span> <span class='ocrx_word' id='word_1_508' title='bbox 694 2521 866 2557; x_wconf 90' lang='lat' dir='ltr'>designatum</span> <span class='ocrx_word' id='word_1_509' title='bbox 877 2531 949 2556; x_wconf 82' lang='lat' dir='ltr'>esse3</span> <span class='ocrx_word' id='word_1_510' title='bbox 962 2523 1016 2549; x_wconf 88' lang='lat' dir='ltr'>sci-</span> 
     </span>
    </p>
   </div>
   <div class='ocr_carea' id='block_1_5' title="bbox 934 1062 1038 1094">
    <p class='ocr_par' dir='ltr' id='par_1_5' title="bbox 934 1062 1038 1094">
     <span class='ocr_line' id='line_1_63' title="bbox 934 1062 1038 1094; baseline 0 -1"><span class='ocrx_word' id='word_1_511' title='bbox 934 1067 1015 1094; x_wconf 77' lang='lat' dir='ltr'>Multa</span> <span class='ocrx_word' id='word_1_512' title='bbox 1036 1062 1038 1082; x_wconf 71' lang='lat'>²</span> 
     </span>
    </p>
   </div>
   <div class='ocr_carea' id='block_1_6' title="bbox 1042 211 1047 1660">
    <p class='ocr_par' dir='ltr' id='par_1_6' title="bbox 1042 211 1047 1660">
     <span class='ocr_line' id='line_1_64' title="bbox 1042 211 1047 1660; baseline 0 0"><span class='ocrx_word' id='word_1_513' title='bbox 1042 211 1047 1660; x_wconf 95' lang='lat' dir='ltr'> </span> 
     </span>
    </p>
   </div>
   <div class='ocr_carea' id='block_1_7' title="bbox 1043 211 1047 2077">
    <p class='ocr_par' dir='ltr' id='par_1_7' title="bbox 1043 211 1047 2077">
     <span class='ocr_line' id='line_1_65' title="bbox 1043 211 1047 2077; baseline 0 0"><span class='ocrx_word' id='word_1_514' title='bbox 1043 211 1047 2077; x_wconf 95' lang='lat' dir='ltr'> </span> 
     </span>
    </p>
   </div>
   <div class='ocr_carea' id='block_1_8' title="bbox 1037 354 1041 2629">
    <p class='ocr_par' dir='ltr' id='par_1_8' title="bbox 1037 354 1041 2629">
     <span class='ocr_line' id='line_1_66' title="bbox 1037 354 1041 2629; baseline 0 0"><span class='ocrx_word' id='word_1_515' title='bbox 1037 354 1041 2629; x_wconf 95' lang='lat' dir='ltr'> </span> 
     </span>
    </p>
   </div>
   <div class='ocr_carea' id='block_1_9' title="bbox 222 2557 1016 2702">
    <p class='ocr_par' dir='ltr' id='par_1_9' title="bbox 222 2557 1016 2702">
     <span class='ocr_line' id='line_1_67' title="bbox 222 2557 1016 2595; baseline 0.005 -13"><span class='ocrx_word' id='word_1_516' title='bbox 222 2561 258 2587; x_wconf 77' lang='lat' dir='ltr'>to,</span> <span class='ocrx_word' id='word_1_517' title='bbox 274 2557 342 2583; x_wconf 88' lang='lat' dir='ltr'>nihil</span> <span class='ocrx_word' id='word_1_518' title='bbox 354 2562 407 2584; x_wconf 88' lang='lat' dir='ltr'>tam</span> <span class='ocrx_word' id='word_1_519' title='bbox 418 2560 569 2586; x_wconf 86' lang='lat' dir='ltr'>exercitum</span> <span class='ocrx_word' id='word_1_520' title='bbox 577 2568 636 2585; x_wconf 88' lang='lat' dir='ltr'>esse</span> <span class='ocrx_word' id='word_1_521' title='bbox 648 2567 719 2585; x_wconf 89' lang='lat' dir='ltr'>nunc</span> <span class='ocrx_word' id='word_1_522' title='bbox 730 2559 828 2586; x_wconf 88' lang='lat' dir='ltr'>Romae</span> <span class='ocrx_word' id='word_1_523' title='bbox 836 2580 842 2590; x_wconf 88' lang='lat'>,</span> <span class='ocrx_word' id='word_1_524' title='bbox 858 2569 941 2595; x_wconf 82' lang='lat' dir='ltr'>quam</span> <span class='ocrx_word' id='word_1_525' title='bbox 952 2568 1016 2586; x_wconf 87' lang='lat' dir='ltr'>can-</span> 
     </span>
     <span class='ocr_line' id='line_1_68' title="bbox 223 2593 1015 2636; baseline 0.005 -17"><span class='ocrx_word' id='word_1_526' title='bbox 223 2593 486 2636; x_wconf 25' lang='lat' dir='ltr'>didatosuqmnibus</span> <span class='ocrx_word' id='word_1_527' title='bbox 501 2596 706 2631; x_wconf 85' lang='lat' dir='ltr'>iniquitatibus;</span> <span class='ocrx_word' id='word_1_528' title='bbox 723 2604 786 2627; x_wconf 89' lang='lat' dir='ltr'>nec,</span> <span class='ocrx_word' id='word_1_529' title='bbox 803 2597 911 2631; x_wconf 91' lang='lat' dir='ltr'>quando</span> <span class='ocrx_word' id='word_1_530' title='bbox 927 2597 1015 2623; x_wconf 76' lang='lat' dir='ltr'>futura</span> 
     </span>
     <span class='ocr_line' id='line_1_69' title="bbox 223 2633 499 2694; baseline 0.011 -38"><span class='ocrx_word' id='word_1_531' title='bbox 223 2635 278 2694; x_wconf 56' lang='lat' dir='ltr'>sulit</span> <span class='ocrx_word' id='word_1_532' title='bbox 288 2636 408 2662; x_wconf 81' lang='lat' dir='ltr'>comitia,</span> <span class='ocrx_word' id='word_1_533' title='bbox 425 2633 499 2659; x_wconf 87' lang='lat' dir='ltr'>sciri.</span> 
     </span>
     <span class='ocr_line' id='line_1_70' title="bbox 223 2675 288 2702; baseline -0.015 -7"><span class='ocrx_word' id='word_1_534' title='bbox 223 2675 241 2702; x_wconf 90' lang='lat' dir='ltr'>p</span> <span class='ocrx_word' id='word_1_535' title='bbox 262 2676 288 2695; x_wconf 89' lang='grc' dir='ltr'>ο.</span> 
     </span>
    </p>
   </div>
   <div class='ocr_carea' id='block_1_10' title="bbox 327 2630 1016 2706">
    <p class='ocr_par' dir='ltr' id='par_1_10' title="bbox 327 2630 1016 2706">
     <span class='ocr_line' id='line_1_71' title="bbox 537 2630 1016 2660; baseline 0.002 -1"><span class='ocrx_word' id='word_1_536' title='bbox 537 2630 639 2659; x_wconf 66' lang='lat' dir='ltr'>Verum</span> <span class='ocrx_word' id='word_1_537' title='bbox 654 2633 719 2659; x_wconf 89' lang='lat' dir='ltr'>haec</span> <span class='ocrx_word' id='word_1_538' title='bbox 731 2633 826 2660; x_wconf 87' lang='lat' dir='ltr'>audies</span> <span class='ocrx_word' id='word_1_539' title='bbox 836 2633 869 2660; x_wconf 88' lang='lat' dir='ltr'>de</span> <span class='ocrx_word' id='word_1_540' title='bbox 880 2633 1016 2660; x_wconf 89' lang='lat' dir='ltr'>Philadel-</span> 
     </span>
     <span class='ocr_line' id='line_1_72' title="bbox 327 2669 1012 2706; baseline 0.004 -11"><span class='ocrx_word' id='word_1_541' title='bbox 327 2669 353 2695; x_wconf 86' lang='lat'>3.</span> <span class='ocrx_word' id='word_1_542' title='bbox 374 2669 425 2700; x_wconf 86' lang='lat' dir='ltr'>Tu,</span> <span class='ocrx_word' id='word_1_543' title='bbox 436 2669 527 2701; x_wconf 82' lang='lat' dir='ltr'>velim,</span> <span class='ocrx_word' id='word_1_544' title='bbox 539 2678 609 2705; x_wconf 80' lang='lat' dir='ltr'>quae</span> <span class='ocrx_word' id='word_1_545' title='bbox 619 2670 778 2698; x_wconf 85' lang='lat' dir='ltr'>Academiae</span> <span class='ocrx_word' id='word_1_546' title='bbox 789 2675 893 2698; x_wconf 85' lang='lat' dir='ltr'>nostrae</span> <span class='ocrx_word' id='word_1_547' title='bbox 903 2672 1012 2706; x_wconf 86' lang='lat' dir='ltr'>parasti,</span> 
     </span>
    </p>
   </div>
   <div class='ocr_carea' id='block_1_11' title="bbox 942 141 1274 168">
    <p class='ocr_par' dir='ltr' id='par_1_11' title="bbox 942 141 1274 168">
     <span class='ocr_line' id='line_1_73' title="bbox 942 141 1274 168; baseline -0.003 -1"><span class='ocrx_word' id='word_1_548' title='bbox 942 141 1274 168; x_wconf 70' lang='lat' dir='ltr'>T.1ttt:Ett‹ixts</span> 
     </span>
    </p>
   </div>
   <div class='ocr_carea' id='block_1_12' title="bbox 1065 212 1859 469">
    <p class='ocr_par' dir='ltr' id='par_1_12' title="bbox 1065 212 1859 469">
     <span class='ocr_line' id='line_1_74' title="bbox 1065 212 1855 247; baseline 0.008 -11"><span class='ocrx_word' id='word_1_549' title='bbox 1065 220 1146 246; x_wconf 74' lang='lat' dir='ltr'>quain</span> <span class='ocrx_word' id='word_1_550' title='bbox 1158 212 1276 246; x_wconf 84' lang='lat' dir='ltr'>primurn</span> <span class='ocrx_word' id='word_1_551' title='bbox 1290 212 1387 237; x_wconf 77' lang='lat' dir='ltr'>mittas.</span> <span class='ocrx_word' id='word_1_552' title='bbox 1419 212 1483 238; x_wconf 74' lang='lat' dir='ltr'>Mire</span> <span class='ocrx_word' id='word_1_553' title='bbox 1494 220 1575 247; x_wconf 81' lang='lat' dir='ltr'>quam</span> <span class='ocrx_word' id='word_1_554' title='bbox 1589 212 1662 238; x_wconf 74' lang='lat' dir='ltr'>illius</span> <span class='ocrx_word' id='word_1_555' title='bbox 1675 212 1724 240; x_wconf 84' lang='lat' dir='ltr'>loci</span> <span class='ocrx_word' id='word_1_556' title='bbox 1737 223 1787 241; x_wconf 85' lang='lat' dir='ltr'>non</span> <span class='ocrx_word' id='word_1_557' title='bbox 1800 224 1855 242; x_wconf 85' lang='lat' dir='ltr'>rno-</span> 
     </span>
     <span class='ocr_line' id='line_1_75' title="bbox 1065 248 1858 281; baseline 0.006 -8"><span class='ocrx_word' id='word_1_558' title='bbox 1065 249 1099 274; x_wconf 83' lang='lat' dir='ltr'>do</span> <span class='ocrx_word' id='word_1_559' title='bbox 1116 257 1194 277; x_wconf 77' lang='lat' dir='ltr'>usus,</span> <span class='ocrx_word' id='word_1_560' title='bbox 1217 248 1263 274; x_wconf 81' lang='lat' dir='ltr'>scd</span> <span class='ocrx_word' id='word_1_561' title='bbox 1282 249 1362 274; x_wconf 76' lang='lat' dir='ltr'>etiam</span> <span class='ocrx_word' id='word_1_562' title='bbox 1377 250 1502 281; x_wconf 63' lang='lat' dir='ltr'>cogitatio</span> <span class='ocrx_word' id='word_1_563' title='bbox 1517 249 1638 275; x_wconf 72' lang='lat' dir='ltr'>delectat.</span> <span class='ocrx_word' id='word_1_564' title='bbox 1681 251 1773 278; x_wconf 76' lang='lat' dir='ltr'>Libros</span> <span class='ocrx_word' id='word_1_565' title='bbox 1796 261 1858 278; x_wconf 81' lang='lat' dir='ltr'>vero</span> 
     </span>
     <span class='ocr_line' id='line_1_76' title="bbox 1066 286 1856 322; baseline 0.006 -12"><span class='ocrx_word' id='word_1_566' title='bbox 1066 291 1124 311; x_wconf 73' lang='lat' dir='ltr'>tuos</span> <span class='ocrx_word' id='word_1_567' title='bbox 1136 294 1200 310; x_wconf 82' lang='lat' dir='ltr'>cave</span> <span class='ocrx_word' id='word_1_568' title='bbox 1211 286 1338 319; x_wconf 66' lang='lat' dir='ltr'>«uniquam</span> <span class='ocrx_word' id='word_1_569' title='bbox 1351 286 1448 311; x_wconf 72' lang='lat' dir='ltr'>tradas.</span> <span class='ocrx_word' id='word_1_570' title='bbox 1474 286 1555 313; x_wconf 69' lang='lat' dir='ltr'>Nobis</span> <span class='ocrx_word' id='word_1_571' title='bbox 1566 295 1619 315; x_wconf 69' lang='lat' dir='ltr'>eon.</span> <span class='ocrx_word' id='word_1_572' title='bbox 1628 289 1856 322; x_wconf 79' lang='lat' dir='ltr'>quemadmodum</span> 
     </span>
     <span class='ocr_line' id='line_1_77' title="bbox 1066 322 1858 352; baseline 0.006 -5"><span class='ocrx_word' id='word_1_573' title='bbox 1066 322 1176 351; x_wconf 68' lang='lat' dir='ltr'>scribis,</span> <span class='ocrx_word' id='word_1_574' title='bbox 1194 331 1332 348; x_wconf 62' lang='lat' dir='ltr'>conserva.</span> <span class='ocrx_word' id='word_1_575' title='bbox 1373 322 1515 348; x_wconf 86' lang='lat' dir='ltr'>Summum</span> <span class='ocrx_word' id='word_1_576' title='bbox 1532 332 1573 349; x_wconf 86' lang='lat' dir='ltr'>mc</span> <span class='ocrx_word' id='word_1_577' title='bbox 1583 332 1674 350; x_wconf 83' lang='lat' dir='ltr'>eorum</span> <span class='ocrx_word' id='word_1_578' title='bbox 1687 326 1806 352; x_wconf 74' lang='lat' dir='ltr'>studium</span> <span class='ocrx_word' id='word_1_579' title='bbox 1819 331 1858 352; x_wconf 85' lang='lat' dir='ltr'>te-</span> 
     </span>
     <span class='ocr_line' id='line_1_78' title="bbox 1067 359 1859 397; baseline 0.006 -12"><span class='ocrx_word' id='word_1_580' title='bbox 1067 365 1123 386; x_wconf 82' lang='lat' dir='ltr'>net.</span> <span class='ocrx_word' id='word_1_581' title='bbox 1142 360 1211 385; x_wconf 76' lang='lat' dir='ltr'>sicut</span> <span class='ocrx_word' id='word_1_582' title='bbox 1225 359 1318 385; x_wconf 80' lang='lat' dir='ltr'>odium</span> <span class='ocrx_word' id='word_1_583' title='bbox 1336 360 1387 385; x_wconf 79' lang='lat' dir='ltr'>iam</span> <span class='ocrx_word' id='word_1_584' title='bbox 1399 365 1546 386; x_wconf 77' lang='lat' dir='ltr'>ceterarum</span> <span class='ocrx_word' id='word_1_585' title='bbox 1559 369 1660 387; x_wconf 85' lang='lat' dir='ltr'>rerum:</span> <span class='ocrx_word' id='word_1_586' title='bbox 1676 371 1744 397; x_wconf 68' lang='lat' dir='ltr'>quas</span> <span class='ocrx_word' id='word_1_587' title='bbox 1756 368 1797 390; x_wconf 81' lang='lat' dir='ltr'>tu.</span> <span class='ocrx_word' id='word_1_588' title='bbox 1817 364 1859 389; x_wconf 91' lang='lat' dir='ltr'>in-</span> 
     </span>
     <span class='ocr_line' id='line_1_79' title="bbox 1066 396 1858 433; baseline 0.006 -12"><span class='ocrx_word' id='word_1_589' title='bbox 1066 396 1195 422; x_wconf 69' lang='lat' dir='ltr'>credibile</span> <span class='ocrx_word' id='word_1_590' title='bbox 1211 402 1265 426; x_wconf 63' lang='lat' dir='ltr'>est,</span> <span class='ocrx_word' id='word_1_591' title='bbox 1281 406 1362 432; x_wconf 85' lang='lat' dir='ltr'>quam</span> <span class='ocrx_word' id='word_1_592' title='bbox 1379 397 1454 423; x_wconf 81' lang='lat' dir='ltr'>brevi</span> <span class='ocrx_word' id='word_1_593' title='bbox 1472 402 1589 432; x_wconf 82' lang='lat' dir='ltr'>tempore</span> <span class='ocrx_word' id='word_1_594' title='bbox 1603 404 1704 433; x_wconf 79' lang='lat' dir='ltr'>quanto</span> <span class='ocrx_word' id='word_1_595' title='bbox 1713 400 1858 427; x_wconf 76' lang='lat' dir='ltr'>deteriores</span> 
     </span>
     <span class='ocr_line' id='line_1_80' title="bbox 1065 434 1530 469; baseline 0.004 -10"><span class='ocrx_word' id='word_1_596' title='bbox 1065 434 1216 460; x_wconf 68' lang='lat' dir='ltr'>olle-usurus</span> <span class='ocrx_word' id='word_1_597' title='bbox 1228 434 1279 465; x_wconf 74' lang='lat' dir='ltr'>ais,</span> <span class='ocrx_word' id='word_1_598' title='bbox 1292 443 1373 469; x_wconf 80' lang='lat' dir='ltr'>quam</span> <span class='ocrx_word' id='word_1_599' title='bbox 1386 434 1530 469; x_wconf 78' lang='lat' dir='ltr'>reliquisti.</span> 
     </span>
    </p>
   </div>
   <div class='ocr_carea' id='block_1_13' title="bbox 1122 503 1676 568">
    <p class='ocr_par' dir='ltr' id='par_1_13' title="bbox 1122 503 1676 568">
     <span class='ocr_line' id='line_1_81' title="bbox 1122 503 1502 525; baseline 0 -2"><span class='ocrx_word' id='word_1_600' title='bbox 1122 503 1172 523; x_wconf 76' lang='lat' dir='ltr'>xit.</span> <span class='ocrx_word' id='word_1_601' title='bbox 1198 505 1302 525; x_wconf 66' lang='lat' dir='ltr'>‹uua-u»,</span> <span class='ocrx_word' id='word_1_602' title='bbox 1313 506 1378 523; x_wconf 61' lang='lat' dir='ltr'>cunm</span> <span class='ocrx_word' id='word_1_603' title='bbox 1389 511 1435 522; x_wconf 67' lang='lat' dir='ltr'>m...</span> <span class='ocrx_word' id='word_1_604' title='bbox 1445 507 1502 524; x_wconf 73' lang='lat' dir='ltr'>mn.)</span> 
     </span>
     <span class='ocr_line' id='line_1_82' title="bbox 1253 539 1676 568; baseline 0.007 -4"><span class='ocrx_word' id='word_1_605' title='bbox 1253 539 1420 568; x_wconf 79' lang='lat' dir='ltr'>ClCERs)</span> <span class='ocrx_word' id='word_1_606' title='bbox 1450 540 1618 567; x_wconf 75' lang='lat' dir='ltr'>ATtho</span> <span class='ocrx_word' id='word_1_607' title='bbox 1647 540 1676 567; x_wconf 90' lang='lat' dir='ltr'>S.</span> 
     </span>
    </p>
   </div>
   <div class='ocr_carea' id='block_1_14' title="bbox 1067 579 1864 2065">
    <p class='ocr_par' dir='ltr' id='par_1_14' title="bbox 1067 579 1864 2065">
     <span class='ocr_line' id='line_1_83' title="bbox 1124 579 1860 621; baseline 0.004 -11"><span class='ocrx_word' id='word_1_608' title='bbox 1124 587 1146 611; x_wconf 84' lang='lat' dir='ltr'>l.</span> <span class='ocrx_word' id='word_1_609' title='bbox 1164 579 1280 619; x_wconf 70' lang='grc' dir='ltr'>Τεῦκρκ</span> <span class='ocrx_word' id='word_1_610' title='bbox 1292 585 1335 611; x_wconf 82' lang='lat' dir='ltr'>illa</span> <span class='ocrx_word' id='word_1_611' title='bbox 1349 585 1449 611; x_wconf 89' lang='lat' dir='ltr'>lentum</span> <span class='ocrx_word' id='word_1_612' title='bbox 1462 594 1525 611; x_wconf 70' lang='lat' dir='ltr'>sane</span> <span class='ocrx_word' id='word_1_613' title='bbox 1537 587 1688 619; x_wconf 68' lang='lat' dir='ltr'>negotium:</span> <span class='ocrx_word' id='word_1_614' title='bbox 1702 587 1860 621; x_wconf 87' lang='lat' dir='ltr'>nequeC0r—</span> 
     </span>
     <span class='ocr_line' id='line_1_84' title="bbox 1068 621 1860 657; baseline 0.004 -10"><span class='ocrx_word' id='word_1_615' title='bbox 1068 621 1155 648; x_wconf 84' lang='lat' dir='ltr'>nelius</span> <span class='ocrx_word' id='word_1_616' title='bbox 1167 622 1198 648; x_wconf 84' lang='lat' dir='ltr'>ad</span> <span class='ocrx_word' id='word_1_617' title='bbox 1212 622 1362 648; x_wconf 82' lang='lat' dir='ltr'>Terentiam</span> <span class='ocrx_word' id='word_1_618' title='bbox 1378 627 1466 657; x_wconf 78' lang='lat' dir='ltr'>postca</span> <span class='ocrx_word' id='word_1_619' title='bbox 1484 623 1577 649; x_wconf 80' lang='lat' dir='ltr'>rediit:</span> <span class='ocrx_word' id='word_1_620' title='bbox 1595 624 1703 657; x_wconf 82' lang='lat' dir='ltr'>opinor,</span> <span class='ocrx_word' id='word_1_621' title='bbox 1722 624 1754 650; x_wconf 85' lang='lat' dir='ltr'>ad</span> <span class='ocrx_word' id='word_1_622' title='bbox 1765 624 1860 651; x_wconf 78' lang='lat' dir='ltr'>Consi-</span> 
     </span>
     <span class='ocr_line' id='line_1_85' title="bbox 1067 659 1859 695; baseline 0.004 -11"><span class='ocrx_word' id='word_1_623' title='bbox 1067 659 1156 689; x_wconf 90' lang='lat' dir='ltr'>dium,</span> <span class='ocrx_word' id='word_1_624' title='bbox 1175 660 1287 689; x_wconf 78' lang='lat' dir='ltr'>Axium,</span> <span class='ocrx_word' id='word_1_625' title='bbox 1306 660 1436 685; x_wconf 86' lang='lat' dir='ltr'>Selicium</span> <span class='ocrx_word' id='word_1_626' title='bbox 1452 659 1662 695; x_wconf 67' lang='lat' dir='ltr'>confugiendum</span> <span class='ocrx_word' id='word_1_627' title='bbox 1677 666 1726 687; x_wconf 77' lang='lat' dir='ltr'>est.</span> <span class='ocrx_word' id='word_1_628' title='bbox 1768 661 1833 687; x_wconf 73' lang='lat' dir='ltr'>Nam</span> <span class='ocrx_word' id='word_1_629' title='bbox 1845 670 1859 687; x_wconf 80' lang='lat' dir='ltr'>a</span> 
     </span>
     <span class='ocr_line' id='line_1_86' title="bbox 1067 697 1861 732; baseline 0.004 -10"><span class='ocrx_word' id='word_1_630' title='bbox 1067 697 1181 723; x_wconf 83' lang='lat' dir='ltr'>Caecilio</span> <span class='ocrx_word' id='word_1_631' title='bbox 1197 698 1342 732; x_wconf 81' lang='lat' dir='ltr'>propinqui</span> <span class='ocrx_word' id='word_1_632' title='bbox 1359 698 1460 723; x_wconf 80' lang='lat' dir='ltr'>minure</span> <span class='ocrx_word' id='word_1_633' title='bbox 1476 698 1631 723; x_wconf 79' lang='lat' dir='ltr'>centesimis</span> <span class='ocrx_word' id='word_1_634' title='bbox 1646 707 1787 724; x_wconf 88' lang='lat' dir='ltr'>nummum</span> <span class='ocrx_word' id='word_1_635' title='bbox 1803 707 1861 725; x_wconf 85' lang='lat' dir='ltr'>mo-</span> 
     </span>
     <span class='ocr_line' id='line_1_87' title="bbox 1068 734 1861 769; baseline 0.004 -10"><span class='ocrx_word' id='word_1_636' title='bbox 1068 743 1128 760; x_wconf 84' lang='lat' dir='ltr'>vere</span> <span class='ocrx_word' id='word_1_637' title='bbox 1140 743 1190 760; x_wconf 82' lang='lat' dir='ltr'>non</span> <span class='ocrx_word' id='word_1_638' title='bbox 1204 739 1325 769; x_wconf 78' lang='lat' dir='ltr'>possunt.</span> <span class='ocrx_word' id='word_1_639' title='bbox 1366 734 1431 763; x_wconf 85' lang='lat' dir='ltr'>Sed,</span> <span class='ocrx_word' id='word_1_640' title='bbox 1450 739 1477 760; x_wconf 87' lang='grc' dir='ltr'>ιιι</span> <span class='ocrx_word' id='word_1_641' title='bbox 1489 734 1520 760; x_wconf 83' lang='lat' dir='ltr'>ad</span> <span class='ocrx_word' id='word_1_642' title='bbox 1534 735 1618 769; x_wconf 83' lang='lat' dir='ltr'>prima</span> <span class='ocrx_word' id='word_1_643' title='bbox 1633 735 1676 761; x_wconf 87' lang='lat' dir='ltr'>illa</span> <span class='ocrx_word' id='word_1_644' title='bbox 1689 735 1803 765; x_wconf 80' lang='lat' dir='ltr'>redeam,</span> <span class='ocrx_word' id='word_1_645' title='bbox 1818 737 1861 762; x_wconf 87' lang='lat' dir='ltr'>ni-</span> 
     </span>
     <span class='ocr_line' id='line_1_88' title="bbox 1068 771 1861 807; baseline 0.003 -10"><span class='ocrx_word' id='word_1_646' title='bbox 1068 771 1104 797; x_wconf 86' lang='lat' dir='ltr'>liil</span> <span class='ocrx_word' id='word_1_647' title='bbox 1117 780 1166 807; x_wconf 80' lang='lat' dir='ltr'>ego</span> <span class='ocrx_word' id='word_1_648' title='bbox 1179 771 1222 798; x_wconf 86' lang='lat' dir='ltr'>illa</span> <span class='ocrx_word' id='word_1_649' title='bbox 1235 771 1429 806; x_wconf 85' lang='lat' dir='ltr'>impudentius,</span> <span class='ocrx_word' id='word_1_650' title='bbox 1443 772 1568 802; x_wconf 78' lang='lat' dir='ltr'>astutius,</span> <span class='ocrx_word' id='word_1_651' title='bbox 1583 772 1680 798; x_wconf 84' lang='lat' dir='ltr'>lentius</span> <span class='ocrx_word' id='word_1_652' title='bbox 1693 772 1758 803; x_wconf 77' lang='lat' dir='ltr'>vidi,</span> <span class='ocrx_word' id='word_1_653' title='bbox 1772 773 1861 799; x_wconf 72' lang='lat' dir='ltr'>Liber-</span> 
     </span>
     <span class='ocr_line' id='line_1_89' title="bbox 1068 809 1858 844; baseline 0.003 -10"><span class='ocrx_word' id='word_1_654' title='bbox 1068 813 1119 834; x_wconf 82' lang='lat' dir='ltr'>tum</span> <span class='ocrx_word' id='word_1_655' title='bbox 1140 811 1223 835; x_wconf 79' lang='lat' dir='ltr'>mitto:</span> <span class='ocrx_word' id='word_1_656' title='bbox 1251 810 1305 835; x_wconf 79' lang='grc' dir='ltr'>Τιίο</span> <span class='ocrx_word' id='word_1_657' title='bbox 1324 811 1460 835; x_wconf 72' lang='lat' dir='ltr'>mandari:</span> <span class='ocrx_word' id='word_1_658' title='bbox 1485 809 1592 842; x_wconf 63' lang='grc' dir='ltr'>σκήψεις</span> <span class='ocrx_word' id='word_1_659' title='bbox 1619 814 1698 844; x_wconf 86' lang='lat' dir='ltr'>atque</span> <span class='ocrx_word' id='word_1_660' title='bbox 1723 810 1858 844; x_wconf 64' lang='grc' dir='ltr'>ἀναβολαὶ.</span> 
     </span>
     <span class='ocr_line' id='line_1_90' title="bbox 1067 846 1861 880; baseline 0.001 -8"><span class='ocrx_word' id='word_1_661' title='bbox 1067 848 1092 872; x_wconf 72' lang='lat'>⁴2.</span> <span class='ocrx_word' id='word_1_662' title='bbox 1112 846 1163 872; x_wconf 89' lang='lat' dir='ltr'>Sed</span> <span class='ocrx_word' id='word_1_663' title='bbox 1176 847 1275 877; x_wconf 84' lang='lat' dir='ltr'>nescio,</span> <span class='ocrx_word' id='word_1_664' title='bbox 1288 855 1321 872; x_wconf 83' lang='lat' dir='ltr'>an</span> <span class='ocrx_word' id='word_1_665' title='bbox 1333 846 1495 880; x_wconf 74' lang='grc' dir='ltr'>ιιιύιόμιηην</span> <span class='ocrx_word' id='word_1_666' title='bbox 1507 846 1585 880; x_wconf 76' lang='grc' dir='ltr'><em>ἡμῶν.</em></span> <span class='ocrx_word' id='word_1_667' title='bbox 1625 847 1691 872; x_wconf 76' lang='lat' dir='ltr'>Nam</span> <span class='ocrx_word' id='word_1_668' title='bbox 1703 847 1770 873; x_wconf 82' lang='lat' dir='ltr'>milii</span> <span class='ocrx_word' id='word_1_669' title='bbox 1780 847 1861 873; x_wconf 86' lang='lat' dir='ltr'>Pom-</span> 
     </span>
     <span class='ocr_line' id='line_1_91' title="bbox 1068 884 1861 919; baseline 0.003 -10"><span class='ocrx_word' id='word_1_670' title='bbox 1068 884 1157 918; x_wconf 88' lang='lat' dir='ltr'>peiani</span> <span class='ocrx_word' id='word_1_671' title='bbox 1178 884 1323 919; x_wconf 61' lang='grc' dir='ltr'>πρόδρομοι</span> <span class='ocrx_word' id='word_1_672' title='bbox 1344 884 1480 913; x_wconf 87' lang='lat' dir='ltr'>nuntiant,</span> <span class='ocrx_word' id='word_1_673' title='bbox 1503 888 1592 918; x_wconf 83' lang='lat' dir='ltr'>aperte</span> <span class='ocrx_word' id='word_1_674' title='bbox 1609 884 1765 918; x_wconf 86' lang='lat' dir='ltr'>Pompeium</span> <span class='ocrx_word' id='word_1_675' title='bbox 1786 889 1861 911; x_wconf 87' lang='lat' dir='ltr'>actu-</span> 
     </span>
     <span class='ocr_line' id='line_1_92' title="bbox 1068 920 1860 956; baseline 0.001 -9"><span class='ocrx_word' id='word_1_676' title='bbox 1068 929 1140 951; x_wconf 78' lang='lat' dir='ltr'>rum,</span> <span class='ocrx_word' id='word_1_677' title='bbox 1164 921 1278 947; x_wconf 77' lang='lat' dir='ltr'>Antonio</span> <span class='ocrx_word' id='word_1_678' title='bbox 1292 920 1400 946; x_wconf 77' lang='lat' dir='ltr'>succedi</span> <span class='ocrx_word' id='word_1_679' title='bbox 1421 925 1554 955; x_wconf 49' lang='lat' dir='ltr'>oportet-ez,</span> <span class='ocrx_word' id='word_1_680' title='bbox 1578 921 1727 956; x_wconf 83' lang='lat' dir='ltr'>eodemque</span> <span class='ocrx_word' id='word_1_681' title='bbox 1742 926 1860 956; x_wconf 65' lang='lat' dir='ltr'>tempore</span> 
     </span>
     <span class='ocr_line' id='line_1_93' title="bbox 1067 958 1861 994; baseline 0 -10"><span class='ocrx_word' id='word_1_682' title='bbox 1067 963 1127 993; x_wconf 86' lang='lat' dir='ltr'>aget</span> <span class='ocrx_word' id='word_1_683' title='bbox 1141 963 1244 993; x_wconf 77' lang='lat' dir='ltr'>praetor</span> <span class='ocrx_word' id='word_1_684' title='bbox 1259 958 1291 984; x_wconf 92' lang='lat' dir='ltr'>ad</span> <span class='ocrx_word' id='word_1_685' title='bbox 1308 958 1449 992; x_wconf 92' lang='lat' dir='ltr'>populum.</span> <span class='ocrx_word' id='word_1_686' title='bbox 1491 958 1540 984; x_wconf 77' lang='lat' dir='ltr'>lies</span> <span class='ocrx_word' id='word_1_687' title='bbox 1555 958 1689 984; x_wconf 82' lang='lat' dir='ltr'>eiusmodi</span> <span class='ocrx_word' id='word_1_688' title='bbox 1701 964 1753 987; x_wconf 83' lang='lat' dir='ltr'>est,</span> <span class='ocrx_word' id='word_1_689' title='bbox 1773 964 1801 985; x_wconf 90' lang='lat' dir='ltr'>ut</span> <span class='ocrx_word' id='word_1_690' title='bbox 1811 967 1861 994; x_wconf 77' lang='lat' dir='ltr'>ego</span> 
     </span>
     <span class='ocr_line' id='line_1_94' title="bbox 1068 995 1859 1030; baseline 0.001 -9"><span class='ocrx_word' id='word_1_691' title='bbox 1068 1004 1115 1022; x_wconf 91' lang='lat' dir='ltr'>nec</span> <span class='ocrx_word' id='word_1_692' title='bbox 1131 1004 1178 1030; x_wconf 87' lang='lat' dir='ltr'>per</span> <span class='ocrx_word' id='word_1_693' title='bbox 1193 995 1323 1022; x_wconf 87' lang='lat' dir='ltr'>bonorum</span> <span class='ocrx_word' id='word_1_694' title='bbox 1341 1003 1388 1021; x_wconf 88' lang='lat' dir='ltr'>nec</span> <span class='ocrx_word' id='word_1_695' title='bbox 1404 1003 1451 1029; x_wconf 87' lang='lat' dir='ltr'>per</span> <span class='ocrx_word' id='word_1_696' title='bbox 1465 995 1621 1030; x_wconf 80' lang='lat' dir='ltr'>popularem</span> <span class='ocrx_word' id='word_1_697' title='bbox 1633 996 1859 1022; x_wconf 82' lang='lat' dir='ltr'>existimationem</span> 
     </span>
     <span class='ocr_line' id='line_1_95' title="bbox 1068 1032 1858 1068; baseline 0.001 -9"><span class='ocrx_word' id='word_1_698' title='bbox 1068 1033 1177 1059; x_wconf 85' lang='lat' dir='ltr'>honeste</span> <span class='ocrx_word' id='word_1_699' title='bbox 1189 1033 1290 1068; x_wconf 73' lang='lat' dir='ltr'>possim</span> <span class='ocrx_word' id='word_1_700' title='bbox 1302 1032 1438 1059; x_wconf 83' lang='lat' dir='ltr'>bominem</span> <span class='ocrx_word' id='word_1_701' title='bbox 1449 1032 1607 1063; x_wconf 76' lang='lat' dir='ltr'>defendere,</span> <span class='ocrx_word' id='word_1_702' title='bbox 1625 1041 1673 1059; x_wconf 86' lang='lat' dir='ltr'>nec</span> <span class='ocrx_word' id='word_1_703' title='bbox 1689 1033 1754 1059; x_wconf 83' lang='lat' dir='ltr'>mihi</span> <span class='ocrx_word' id='word_1_704' title='bbox 1768 1033 1858 1062; x_wconf 76' lang='lat' dir='ltr'>libeat.</span> 
     </span>
     <span class='ocr_line' id='line_1_96' title="bbox 1067 1070 1861 1106; baseline 0 -10"><span class='ocrx_word' id='word_1_705' title='bbox 1067 1070 1140 1105; x_wconf 88' lang='lat' dir='ltr'>quod</span> <span class='ocrx_word' id='word_1_706' title='bbox 1156 1070 1197 1096; x_wconf 90' lang='lat' dir='ltr'>vel</span> <span class='ocrx_word' id='word_1_707' title='bbox 1214 1071 1362 1096; x_wconf 83' lang='lat' dir='ltr'>maximum</span> <span class='ocrx_word' id='word_1_708' title='bbox 1378 1075 1428 1096; x_wconf 90' lang='lat' dir='ltr'>est.</span> <span class='ocrx_word' id='word_1_709' title='bbox 1468 1070 1573 1095; x_wconf 78' lang='lat' dir='ltr'>Etenim</span> <span class='ocrx_word' id='word_1_710' title='bbox 1592 1070 1688 1096; x_wconf 81' lang='lat' dir='ltr'>accidit</span> <span class='ocrx_word' id='word_1_711' title='bbox 1705 1070 1766 1100; x_wconf 88' lang='lat' dir='ltr'>boc.</span> <span class='ocrx_word' id='word_1_712' title='bbox 1788 1070 1861 1106; x_wconf 89' lang='lat' dir='ltr'>quod</span> 
     </span>
     <span class='ocr_line' id='line_1_97' title="bbox 1068 1106 1862 1142; baseline 0 -8"><span class='ocrx_word' id='word_1_713' title='bbox 1068 1113 1151 1134; x_wconf 90' lang='lat' dir='ltr'>totum</span> <span class='ocrx_word' id='word_1_714' title='bbox 1163 1107 1316 1134; x_wconf 89' lang='lat' dir='ltr'>cuiusmodi</span> <span class='ocrx_word' id='word_1_715' title='bbox 1328 1108 1376 1137; x_wconf 87' lang='lat' dir='ltr'>sit,</span> <span class='ocrx_word' id='word_1_716' title='bbox 1390 1106 1487 1133; x_wconf 89' lang='lat' dir='ltr'>mando</span> <span class='ocrx_word' id='word_1_717' title='bbox 1499 1107 1561 1137; x_wconf 87' lang='lat' dir='ltr'>tibi,</span> <span class='ocrx_word' id='word_1_718' title='bbox 1579 1112 1607 1133; x_wconf 94' lang='lat' dir='ltr'>ut</span> <span class='ocrx_word' id='word_1_719' title='bbox 1618 1107 1776 1142; x_wconf 78' lang='lat' dir='ltr'>perspicias.</span> <span class='ocrx_word' id='word_1_720' title='bbox 1817 1108 1862 1134; x_wconf 85' lang='lat' dir='ltr'>Li-</span> 
     </span>
     <span class='ocr_line' id='line_1_98' title="bbox 1068 1144 1861 1181; baseline 0 -10"><span class='ocrx_word' id='word_1_721' title='bbox 1068 1145 1173 1171; x_wconf 87' lang='lat' dir='ltr'>bertum</span> <span class='ocrx_word' id='word_1_722' title='bbox 1184 1153 1234 1181; x_wconf 86' lang='lat' dir='ltr'>ego</span> <span class='ocrx_word' id='word_1_723' title='bbox 1245 1145 1344 1175; x_wconf 79' lang='lat' dir='ltr'>liabeo,</span> <span class='ocrx_word' id='word_1_724' title='bbox 1361 1153 1425 1170; x_wconf 89' lang='lat' dir='ltr'>sane</span> <span class='ocrx_word' id='word_1_725' title='bbox 1441 1153 1557 1179; x_wconf 89' lang='lat' dir='ltr'>nequam</span> <span class='ocrx_word' id='word_1_726' title='bbox 1573 1144 1723 1174; x_wconf 75' lang='lat' dir='ltr'>hominem,</span> <span class='ocrx_word' id='word_1_727' title='bbox 1741 1144 1861 1171; x_wconf 86' lang='lat' dir='ltr'>llilarum</span> 
     </span>
     <span class='ocr_line' id='line_1_99' title="bbox 1068 1181 1861 1213; baseline 0 -5"><span class='ocrx_word' id='word_1_728' title='bbox 1068 1182 1141 1213; x_wconf 86' lang='lat' dir='ltr'>dico,</span> <span class='ocrx_word' id='word_1_729' title='bbox 1162 1183 1374 1208; x_wconf 84' lang='lat' dir='ltr'>ratiocinatorem</span> <span class='ocrx_word' id='word_1_730' title='bbox 1389 1186 1415 1207; x_wconf 92' lang='lat' dir='ltr'>et</span> <span class='ocrx_word' id='word_1_731' title='bbox 1429 1181 1555 1208; x_wconf 88' lang='lat' dir='ltr'>clientem</span> <span class='ocrx_word' id='word_1_732' title='bbox 1570 1186 1658 1208; x_wconf 90' lang='lat' dir='ltr'>tuum.</span> <span class='ocrx_word' id='word_1_733' title='bbox 1697 1182 1732 1207; x_wconf 86' lang='lat' dir='ltr'>De</span> <span class='ocrx_word' id='word_1_734' title='bbox 1748 1190 1778 1208; x_wconf 88' lang='lat' dir='ltr'>eo</span> <span class='ocrx_word' id='word_1_735' title='bbox 1793 1182 1861 1208; x_wconf 88' lang='lat' dir='ltr'>mibi</span> 
     </span>
     <span class='ocr_line' id='line_1_100' title="bbox 1069 1218 1863 1254; baseline 0 -8"><span class='ocrx_word' id='word_1_736' title='bbox 1069 1219 1188 1246; x_wconf 80' lang='lat' dir='ltr'>Valerius</span> <span class='ocrx_word' id='word_1_737' title='bbox 1200 1220 1331 1254; x_wconf 83' lang='lat' dir='ltr'>interpres</span> <span class='ocrx_word' id='word_1_738' title='bbox 1343 1218 1625 1254; x_wconf 84' lang='lat' dir='ltr'>nuntiat,Chiliusque</span> <span class='ocrx_word' id='word_1_739' title='bbox 1635 1227 1664 1245; x_wconf 87' lang='lat' dir='ltr'>se</span> <span class='ocrx_word' id='word_1_740' title='bbox 1675 1218 1783 1245; x_wconf 87' lang='lat' dir='ltr'>audisse</span> <span class='ocrx_word' id='word_1_741' title='bbox 1794 1219 1863 1246; x_wconf 87' lang='lat' dir='ltr'>scri·</span> 
     </span>
     <span class='ocr_line' id='line_1_101' title="bbox 1068 1256 1862 1291; baseline -0.001 -8"><span class='ocrx_word' id='word_1_742' title='bbox 1068 1257 1108 1283; x_wconf 93' lang='lat' dir='ltr'>bit</span> <span class='ocrx_word' id='word_1_743' title='bbox 1120 1257 1197 1289; x_wconf 81' lang='lat' dir='ltr'>baec3</span> <span class='ocrx_word' id='word_1_744' title='bbox 1211 1265 1271 1283; x_wconf 87' lang='lat' dir='ltr'>esse</span> <span class='ocrx_word' id='word_1_745' title='bbox 1283 1256 1418 1283; x_wconf 87' lang='lat' dir='ltr'>bominem</span> <span class='ocrx_word' id='word_1_746' title='bbox 1429 1264 1492 1282; x_wconf 89' lang='lat' dir='ltr'>curn</span> <span class='ocrx_word' id='word_1_747' title='bbox 1502 1256 1630 1283; x_wconf 74' lang='lat' dir='ltr'>Antonio:</span> <span class='ocrx_word' id='word_1_748' title='bbox 1643 1257 1788 1283; x_wconf 72' lang='lat' dir='ltr'>Antonium</span> <span class='ocrx_word' id='word_1_749' title='bbox 1800 1265 1862 1291; x_wconf 89' lang='lat' dir='ltr'>por-</span> 
     </span>
     <span class='ocr_line' id='line_1_102' title="bbox 1069 1293 1859 1330; baseline -0.001 -9"><span class='ocrx_word' id='word_1_750' title='bbox 1069 1303 1097 1321; x_wconf 95' lang='lat' dir='ltr'>ro</span> <span class='ocrx_word' id='word_1_751' title='bbox 1108 1295 1135 1321; x_wconf 87' lang='lat' dir='ltr'>in</span> <span class='ocrx_word' id='word_1_752' title='bbox 1146 1294 1274 1330; x_wconf 81' lang='lat' dir='ltr'>cogendis</span> <span class='ocrx_word' id='word_1_753' title='bbox 1286 1294 1409 1328; x_wconf 91' lang='lat' dir='ltr'>pecuniis</span> <span class='ocrx_word' id='word_1_754' title='bbox 1420 1293 1551 1323; x_wconf 81' lang='lat' dir='ltr'>dictitare,</span> <span class='ocrx_word' id='word_1_755' title='bbox 1564 1298 1665 1328; x_wconf 78' lang='lat' dir='ltr'>partem</span> <span class='ocrx_word' id='word_1_756' title='bbox 1677 1293 1745 1320; x_wconf 88' lang='lat' dir='ltr'>mihi</span> <span class='ocrx_word' id='word_1_757' title='bbox 1755 1294 1859 1328; x_wconf 84' lang='lat' dir='ltr'>quaeri.</span> 
     </span>
     <span class='ocr_line' id='line_1_103' title="bbox 1068 1330 1863 1366; baseline -0.001 -8"><span class='ocrx_word' id='word_1_758' title='bbox 1068 1336 1093 1358; x_wconf 92' lang='lat' dir='ltr'>et</span> <span class='ocrx_word' id='word_1_759' title='bbox 1107 1341 1120 1358; x_wconf 89' lang='lat' dir='ltr'>a</span> <span class='ocrx_word' id='word_1_760' title='bbox 1137 1340 1178 1358; x_wconf 87' lang='lat' dir='ltr'>me</span> <span class='ocrx_word' id='word_1_761' title='bbox 1193 1331 1332 1358; x_wconf 89' lang='lat' dir='ltr'>custodem</span> <span class='ocrx_word' id='word_1_762' title='bbox 1348 1331 1500 1357; x_wconf 89' lang='lat' dir='ltr'>communis</span> <span class='ocrx_word' id='word_1_763' title='bbox 1516 1335 1644 1366; x_wconf 86' lang='lat' dir='ltr'>quaestus</span> <span class='ocrx_word' id='word_1_764' title='bbox 1661 1330 1787 1357; x_wconf 87' lang='lat' dir='ltr'>libertum</span> <span class='ocrx_word' id='word_1_765' title='bbox 1802 1339 1863 1357; x_wconf 84' lang='lat' dir='ltr'>esse</span> 
     </span>
     <span class='ocr_line' id='line_1_104' title="bbox 1069 1368 1863 1403; baseline -0.001 -8"><span class='ocrx_word' id='word_1_766' title='bbox 1069 1370 1194 1395; x_wconf 87' lang='lat' dir='ltr'>missum.</span> <span class='ocrx_word' id='word_1_767' title='bbox 1234 1369 1291 1395; x_wconf 88' lang='lat' dir='ltr'>Non</span> <span class='ocrx_word' id='word_1_768' title='bbox 1304 1376 1365 1394; x_wconf 91' lang='lat' dir='ltr'>sum</span> <span class='ocrx_word' id='word_1_769' title='bbox 1377 1368 1547 1394; x_wconf 86' lang='lat' dir='ltr'>mediocriter</span> <span class='ocrx_word' id='word_1_770' title='bbox 1557 1372 1715 1398; x_wconf 87' lang='lat' dir='ltr'>commotus,</span> <span class='ocrx_word' id='word_1_771' title='bbox 1723 1376 1811 1403; x_wconf 86' lang='lat' dir='ltr'>neque</span> <span class='ocrx_word' id='word_1_772' title='bbox 1822 1373 1863 1395; x_wconf 74' lang='lat' dir='ltr'>ta-</span> 
     </span>
     <span class='ocr_line' id='line_1_105' title="bbox 1068 1405 1861 1440; baseline 0 -8"><span class='ocrx_word' id='word_1_773' title='bbox 1068 1415 1129 1433; x_wconf 87' lang='lat' dir='ltr'>men</span> <span class='ocrx_word' id='word_1_774' title='bbox 1142 1405 1259 1432; x_wconf 90' lang='lat' dir='ltr'>credidi:</span> <span class='ocrx_word' id='word_1_775' title='bbox 1272 1405 1319 1432; x_wconf 90' lang='lat' dir='ltr'>sed</span> <span class='ocrx_word' id='word_1_776' title='bbox 1330 1410 1400 1432; x_wconf 89' lang='lat' dir='ltr'>certe</span> <span class='ocrx_word' id='word_1_777' title='bbox 1412 1405 1516 1440; x_wconf 88' lang='lat' dir='ltr'>aliquid</span> <span class='ocrx_word' id='word_1_778' title='bbox 1527 1406 1659 1432; x_wconf 89' lang='lat' dir='ltr'>sermonis</span> <span class='ocrx_word' id='word_1_779' title='bbox 1671 1405 1731 1432; x_wconf 88' lang='lat' dir='ltr'>l&#39;uit.</span> <span class='ocrx_word' id='word_1_780' title='bbox 1765 1405 1861 1432; x_wconf 84' lang='lat' dir='ltr'>Totum</span> 
     </span>
     <span class='ocr_line' id='line_1_106' title="bbox 1068 1441 1862 1479; baseline -0.003 -9"><span class='ocrx_word' id='word_1_781' title='bbox 1068 1444 1211 1479; x_wconf 86' lang='lat' dir='ltr'>investiga,</span> <span class='ocrx_word' id='word_1_782' title='bbox 1224 1451 1364 1479; x_wconf 83' lang='lat' dir='ltr'>cognosce,</span> <span class='ocrx_word' id='word_1_783' title='bbox 1377 1443 1514 1478; x_wconf 86' lang='lat' dir='ltr'>perspice,</span> <span class='ocrx_word' id='word_1_784' title='bbox 1527 1447 1553 1469; x_wconf 89' lang='lat' dir='ltr'>et</span> <span class='ocrx_word' id='word_1_785' title='bbox 1563 1442 1725 1469; x_wconf 86' lang='lat' dir='ltr'>nebulonem</span> <span class='ocrx_word' id='word_1_786' title='bbox 1737 1441 1825 1473; x_wconf 91' lang='lat' dir='ltr'>illum,</span> <span class='ocrx_word' id='word_1_787' title='bbox 1838 1443 1862 1469; x_wconf 87' lang='lat' dir='ltr'>si</span> 
     </span>
     <span class='ocr_line' id='line_1_107' title="bbox 1068 1480 1863 1516; baseline -0.001 -9"><span class='ocrx_word' id='word_1_788' title='bbox 1068 1490 1122 1516; x_wconf 87' lang='lat' dir='ltr'>quo</span> <span class='ocrx_word' id='word_1_789' title='bbox 1133 1486 1209 1515; x_wconf 86' lang='lat' dir='ltr'>pacto</span> <span class='ocrx_word' id='word_1_790' title='bbox 1219 1486 1308 1516; x_wconf 86' lang='lat' dir='ltr'>potes,</span> <span class='ocrx_word' id='word_1_791' title='bbox 1326 1488 1360 1506; x_wconf 82' lang='lat' dir='ltr'>ex</span> <span class='ocrx_word' id='word_1_792' title='bbox 1371 1480 1430 1506; x_wconf 89' lang='lat' dir='ltr'>istis</span> <span class='ocrx_word' id='word_1_793' title='bbox 1442 1480 1507 1506; x_wconf 89' lang='lat' dir='ltr'>locis</span> <span class='ocrx_word' id='word_1_794' title='bbox 1520 1488 1624 1506; x_wconf 76' lang='lat' dir='ltr'>amove.</span> <span class='ocrx_word' id='word_1_795' title='bbox 1664 1480 1750 1506; x_wconf 80' lang='lat' dir='ltr'>Huius</span> <span class='ocrx_word' id='word_1_796' title='bbox 1761 1487 1863 1506; x_wconf 85' lang='lat' dir='ltr'>sermo-</span> 
     </span>
     <span class='ocr_line' id='line_1_108' title="bbox 1069 1517 1863 1545; baseline -0.003 0"><span class='ocrx_word' id='word_1_797' title='bbox 1069 1519 1111 1545; x_wconf 88' lang='lat' dir='ltr'>nis</span> <span class='ocrx_word' id='word_1_798' title='bbox 1122 1518 1245 1544; x_wconf 87' lang='lat' dir='ltr'>Valerius</span> <span class='ocrx_word' id='word_1_799' title='bbox 1255 1522 1390 1544; x_wconf 88' lang='lat' dir='ltr'>auctorem</span> <span class='ocrx_word' id='word_1_800' title='bbox 1397 1517 1592 1544; x_wconf 88' lang='lat' dir='ltr'>Cn.Plancium</span> <span class='ocrx_word' id='word_1_801' title='bbox 1603 1517 1767 1543; x_wconf 79' lang='lat' dir='ltr'>nominabat.</span> <span class='ocrx_word' id='word_1_802' title='bbox 1787 1517 1863 1543; x_wconf 80' lang='lat' dir='ltr'>Man-</span> 
     </span>
     <span class='ocr_line' id='line_1_109' title="bbox 1068 1554 1863 1590; baseline -0.003 -8"><span class='ocrx_word' id='word_1_803' title='bbox 1068 1556 1102 1582; x_wconf 92' lang='lat' dir='ltr'>do</span> <span class='ocrx_word' id='word_1_804' title='bbox 1113 1556 1162 1582; x_wconf 84' lang='lat' dir='ltr'>tibi</span> <span class='ocrx_word' id='word_1_805' title='bbox 1174 1555 1261 1590; x_wconf 88' lang='lat' dir='ltr'>plane,</span> <span class='ocrx_word' id='word_1_806' title='bbox 1275 1559 1359 1581; x_wconf 88' lang='lat' dir='ltr'>totum</span> <span class='ocrx_word' id='word_1_807' title='bbox 1369 1560 1397 1581; x_wconf 91' lang='lat' dir='ltr'>ut</span> <span class='ocrx_word' id='word_1_808' title='bbox 1409 1554 1502 1581; x_wconf 89' lang='lat' dir='ltr'>videas</span> <span class='ocrx_word' id='word_1_809' title='bbox 1511 1554 1664 1581; x_wconf 91' lang='lat' dir='ltr'>cuiusmodi</span> <span class='ocrx_word' id='word_1_810' title='bbox 1676 1554 1720 1580; x_wconf 82' lang='lat' dir='ltr'>sit.</span> <span class='ocrx_word' id='word_1_811' title='bbox 1745 1555 1771 1580; x_wconf 88' lang='grc'>3.</span> <span class='ocrx_word' id='word_1_812' title='bbox 1783 1554 1863 1581; x_wconf 84' lang='lat' dir='ltr'>Pom-</span> 
     </span>
     <span class='ocr_line' id='line_1_110' title="bbox 1068 1592 1861 1628; baseline -0.003 -9"><span class='ocrx_word' id='word_1_813' title='bbox 1068 1593 1160 1628; x_wconf 87' lang='lat' dir='ltr'>peium</span> <span class='ocrx_word' id='word_1_814' title='bbox 1177 1592 1255 1619; x_wconf 85' lang='lat' dir='ltr'>nobis</span> <span class='ocrx_word' id='word_1_815' title='bbox 1270 1593 1466 1618; x_wconf 88' lang='lat' dir='ltr'>amicissimum</span> <span class='ocrx_word' id='word_1_816' title='bbox 1482 1597 1584 1619; x_wconf 86' lang='lat' dir='ltr'>constat</span> <span class='ocrx_word' id='word_1_817' title='bbox 1604 1599 1673 1618; x_wconf 85' lang='lat' dir='ltr'>esse.</span> <span class='ocrx_word' id='word_1_818' title='bbox 1713 1592 1861 1618; x_wconf 84' lang='lat' dir='ltr'>Divortium</span> 
     </span>
     <span class='ocr_line' id='line_1_111' title="bbox 1068 1628 1859 1664; baseline -0.001 -8"><span class='ocrx_word' id='word_1_819' title='bbox 1068 1630 1171 1656; x_wconf 80' lang='lat' dir='ltr'>Muciae</span> <span class='ocrx_word' id='word_1_820' title='bbox 1183 1629 1355 1656; x_wconf 88' lang='lat' dir='ltr'>vehementer</span> <span class='ocrx_word' id='word_1_821' title='bbox 1366 1629 1502 1664; x_wconf 88' lang='lat' dir='ltr'>probatur.</span> <span class='ocrx_word' id='word_1_822' title='bbox 1537 1629 1566 1655; x_wconf 86' lang='lat' dir='ltr'>P.</span> <span class='ocrx_word' id='word_1_823' title='bbox 1579 1628 1713 1659; x_wconf 82' lang='lat' dir='ltr'>Clodium,</span> <span class='ocrx_word' id='word_1_824' title='bbox 1726 1629 1808 1663; x_wconf 81' lang='lat' dir='ltr'>Appii</span> <span class='ocrx_word' id='word_1_825' title='bbox 1818 1628 1859 1659; x_wconf 67' lang='lat' dir='ltr'>R,</span> 
     </span>
     <span class='ocr_line' id='line_1_112' title="bbox 1067 1665 1862 1700; baseline -0.001 -7"><span class='ocrx_word' id='word_1_826' title='bbox 1067 1667 1147 1693; x_wconf 91' lang='lat' dir='ltr'>eredo</span> <span class='ocrx_word' id='word_1_827' title='bbox 1161 1672 1186 1693; x_wconf 88' lang='lat' dir='ltr'>te</span> <span class='ocrx_word' id='word_1_828' title='bbox 1200 1667 1322 1697; x_wconf 83' lang='lat' dir='ltr'>audisse,</span> <span class='ocrx_word' id='word_1_829' title='bbox 1345 1674 1407 1692; x_wconf 91' lang='lat' dir='ltr'>cum</span> <span class='ocrx_word' id='word_1_830' title='bbox 1423 1671 1498 1692; x_wconf 86' lang='lat' dir='ltr'>veste</span> <span class='ocrx_word' id='word_1_831' title='bbox 1516 1665 1643 1692; x_wconf 88' lang='lat' dir='ltr'>muliebri</span> <span class='ocrx_word' id='word_1_832' title='bbox 1662 1665 1862 1700; x_wconf 86' lang='lat' dir='ltr'>deprehensum</span> 
     </span>
     <span class='ocr_line' id='line_1_113' title="bbox 1068 1702 1864 1738; baseline -0.003 -8"><span class='ocrx_word' id='word_1_833' title='bbox 1068 1704 1176 1731; x_wconf 92' lang='lat' dir='ltr'>domiC.</span> <span class='ocrx_word' id='word_1_834' title='bbox 1185 1703 1314 1734; x_wconf 84' lang='lat' dir='ltr'>Caesaris,</span> <span class='ocrx_word' id='word_1_835' title='bbox 1330 1711 1416 1738; x_wconf 89' lang='lat' dir='ltr'>quum</span> <span class='ocrx_word' id='word_1_836' title='bbox 1428 1711 1476 1737; x_wconf 92' lang='lat' dir='ltr'>pro</span> <span class='ocrx_word' id='word_1_837' title='bbox 1487 1702 1586 1738; x_wconf 88' lang='lat' dir='ltr'>populo</span> <span class='ocrx_word' id='word_1_838' title='bbox 1597 1703 1679 1733; x_wconf 77' lang='lat' dir='ltr'>(ieret,</span> <span class='ocrx_word' id='word_1_839' title='bbox 1687 1711 1804 1737; x_wconf 89' lang='lat' dir='ltr'>eumque</span> <span class='ocrx_word' id='word_1_840' title='bbox 1815 1711 1864 1737; x_wconf 86' lang='lat' dir='ltr'>per</span> 
     </span>
     <span class='ocr_line' id='line_1_114' title="bbox 1068 1739 1863 1770; baseline -0.004 -2"><span class='ocrx_word' id='word_1_841' title='bbox 1068 1749 1164 1768; x_wconf 88' lang='lat' dir='ltr'>manus</span> <span class='ocrx_word' id='word_1_842' title='bbox 1175 1740 1298 1767; x_wconf 85' lang='lat' dir='ltr'>servulae</span> <span class='ocrx_word' id='word_1_843' title='bbox 1309 1745 1445 1766; x_wconf 77' lang='lat' dir='ltr'>servatum</span> <span class='ocrx_word' id='word_1_844' title='bbox 1457 1745 1482 1766; x_wconf 88' lang='lat' dir='ltr'>et</span> <span class='ocrx_word' id='word_1_845' title='bbox 1493 1739 1633 1770; x_wconf 67' lang='lat' dir='ltr'>eductum</span> <span class='ocrx_word' id='word_1_846' title='bbox 1652 1748 1708 1765; x_wconf 89' lang='lat' dir='ltr'>rem</span> <span class='ocrx_word' id='word_1_847' title='bbox 1723 1748 1782 1766; x_wconf 82' lang='lat' dir='ltr'>esse</span> <span class='ocrx_word' id='word_1_848' title='bbox 1795 1740 1863 1766; x_wconf 90' lang='lat' dir='ltr'>insi-</span> 
     </span>
     <span class='ocr_line' id='line_1_115' title="bbox 1067 1776 1862 1814; baseline -0.003 -10"><span class='ocrx_word' id='word_1_849' title='bbox 1067 1779 1115 1814; x_wconf 90' lang='lat' dir='ltr'>gni</span> <span class='ocrx_word' id='word_1_850' title='bbox 1126 1777 1250 1804; x_wconf 85' lang='lat' dir='ltr'>infamia:</span> <span class='ocrx_word' id='word_1_851' title='bbox 1264 1777 1336 1812; x_wconf 89' lang='lat' dir='ltr'>quod</span> <span class='ocrx_word' id='word_1_852' title='bbox 1347 1782 1372 1803; x_wconf 92' lang='lat' dir='ltr'>te</span> <span class='ocrx_word' id='word_1_853' title='bbox 1384 1776 1494 1803; x_wconf 88' lang='lat' dir='ltr'>moleste</span> <span class='ocrx_word' id='word_1_854' title='bbox 1505 1776 1573 1803; x_wconf 81' lang='lat' dir='ltr'>t&#39;erre</span> <span class='ocrx_word' id='word_1_855' title='bbox 1584 1781 1655 1803; x_wconf 85' lang='lat' dir='ltr'>certo</span> <span class='ocrx_word' id='word_1_856' title='bbox 1665 1777 1730 1803; x_wconf 90' lang='lat' dir='ltr'>scio.</span> <span class='ocrx_word' id='word_1_857' title='bbox 1754 1777 1778 1803; x_wconf 71' lang='lat' dir='ltr'>k.</span> <span class='ocrx_word' id='word_1_858' title='bbox 1789 1776 1862 1809; x_wconf 88' lang='lat' dir='ltr'>Quid</span> 
     </span>
     <span class='ocr_line' id='line_1_116' title="bbox 1068 1813 1862 1851; baseline -0.001 -9"><span class='ocrx_word' id='word_1_859' title='bbox 1068 1820 1203 1851; x_wconf 84' lang='lat' dir='ltr'>praeterea</span> <span class='ocrx_word' id='word_1_860' title='bbox 1219 1815 1251 1841; x_wconf 89' lang='lat' dir='ltr'>ad</span> <span class='ocrx_word' id='word_1_861' title='bbox 1268 1820 1292 1841; x_wconf 85' lang='lat' dir='ltr'>te</span> <span class='ocrx_word' id='word_1_862' title='bbox 1307 1814 1438 1844; x_wconf 85' lang='lat' dir='ltr'>scribam,</span> <span class='ocrx_word' id='word_1_863' title='bbox 1456 1823 1508 1841; x_wconf 91' lang='lat' dir='ltr'>non</span> <span class='ocrx_word' id='word_1_864' title='bbox 1524 1813 1619 1840; x_wconf 87' lang='lat' dir='ltr'>habeo.</span> <span class='ocrx_word' id='word_1_865' title='bbox 1660 1814 1692 1840; x_wconf 83' lang='lat' dir='ltr'>Et</span> <span class='ocrx_word' id='word_1_866' title='bbox 1706 1813 1862 1841; x_wconf 82' lang='lat' dir='ltr'>mehercule</span> 
     </span>
     <span class='ocr_line' id='line_1_117' title="bbox 1068 1850 1863 1887; baseline -0.003 -8"><span class='ocrx_word' id='word_1_867' title='bbox 1068 1861 1140 1879; x_wconf 85' lang='lat' dir='ltr'>eram</span> <span class='ocrx_word' id='word_1_868' title='bbox 1155 1852 1347 1879; x_wconf 90' lang='lat' dir='ltr'>conturbatior.</span> <span class='ocrx_word' id='word_1_869' title='bbox 1388 1852 1455 1878; x_wconf 84' lang='lat' dir='ltr'>Nam</span> <span class='ocrx_word' id='word_1_870' title='bbox 1470 1859 1538 1886; x_wconf 90' lang='lat' dir='ltr'>puer</span> <span class='ocrx_word' id='word_1_871' title='bbox 1548 1850 1676 1882; x_wconf 76' lang='lat' dir='ltr'>festivus,</span> <span class='ocrx_word' id='word_1_872' title='bbox 1693 1850 1863 1887; x_wconf 75' lang='grc' dir='ltr'><em>ἀναγνώστης</em></span> 
     </span>
     <span class='ocr_line' id='line_1_118' title="bbox 1068 1888 1862 1923; baseline -0.003 -7"><span class='ocrx_word' id='word_1_873' title='bbox 1068 1895 1167 1920; x_wconf 87' lang='lat' dir='ltr'>noster,</span> <span class='ocrx_word' id='word_1_874' title='bbox 1181 1889 1322 1916; x_wconf 89' lang='lat' dir='ltr'>Sositheus</span> <span class='ocrx_word' id='word_1_875' title='bbox 1333 1888 1484 1915; x_wconf 86' lang='lat' dir='ltr'>decesserat</span> <span class='ocrx_word' id='word_1_876' title='bbox 1497 1897 1594 1923; x_wconf 88' lang='lat' dir='ltr'>meque</span> <span class='ocrx_word' id='word_1_877' title='bbox 1605 1888 1680 1922; x_wconf 83' lang='lat' dir='ltr'>plus,</span> <span class='ocrx_word' id='word_1_878' title='bbox 1695 1896 1778 1923; x_wconf 88' lang='lat' dir='ltr'>quam</span> <span class='ocrx_word' id='word_1_879' title='bbox 1789 1888 1862 1915; x_wconf 86' lang='lat' dir='ltr'>servi</span> 
     </span>
     <span class='ocr_line' id='line_1_119' title="bbox 1069 1924 1863 1956; baseline -0.004 -2"><span class='ocrx_word' id='word_1_880' title='bbox 1069 1936 1140 1954; x_wconf 89' lang='lat' dir='ltr'>mors</span> <span class='ocrx_word' id='word_1_881' title='bbox 1151 1927 1248 1953; x_wconf 91' lang='lat' dir='ltr'>debere</span> <span class='ocrx_word' id='word_1_882' title='bbox 1260 1926 1416 1956; x_wconf 86' lang='lat' dir='ltr'>videbatur,</span> <span class='ocrx_word' id='word_1_883' title='bbox 1429 1930 1619 1952; x_wconf 67' lang='lat' dir='ltr'>commoverat,</span> <span class='ocrx_word' id='word_1_884' title='bbox 1659 1925 1697 1951; x_wconf 88' lang='lat' dir='ltr'>Tu</span> <span class='ocrx_word' id='word_1_885' title='bbox 1709 1924 1792 1951; x_wconf 86' lang='lat' dir='ltr'>velim</span> <span class='ocrx_word' id='word_1_886' title='bbox 1802 1933 1863 1951; x_wconf 81' lang='lat' dir='ltr'>sae-</span> 
     </span>
     <span class='ocr_line' id='line_1_120' title="bbox 1068 1961 1861 1999; baseline -0.004 -8"><span class='ocrx_word' id='word_1_887' title='bbox 1068 1973 1101 1999; x_wconf 90' lang='lat' dir='ltr'>pe</span> <span class='ocrx_word' id='word_1_888' title='bbox 1116 1964 1149 1990; x_wconf 86' lang='lat' dir='ltr'>ad</span> <span class='ocrx_word' id='word_1_889' title='bbox 1165 1973 1213 1991; x_wconf 89' lang='lat' dir='ltr'>nos</span> <span class='ocrx_word' id='word_1_890' title='bbox 1227 1964 1340 1990; x_wconf 87' lang='lat' dir='ltr'>scribas.</span> <span class='ocrx_word' id='word_1_891' title='bbox 1381 1963 1410 1990; x_wconf 92' lang='lat' dir='ltr'>Si</span> <span class='ocrx_word' id='word_1_892' title='bbox 1425 1971 1481 1989; x_wconf 89' lang='lat' dir='ltr'>rem</span> <span class='ocrx_word' id='word_1_893' title='bbox 1492 1962 1594 1989; x_wconf 88' lang='lat' dir='ltr'>nullam</span> <span class='ocrx_word' id='word_1_894' title='bbox 1606 1962 1733 1994; x_wconf 81' lang='lat' dir='ltr'>habebis;</span> <span class='ocrx_word' id='word_1_895' title='bbox 1748 1961 1822 1997; x_wconf 89' lang='lat' dir='ltr'>quod</span> <span class='ocrx_word' id='word_1_896' title='bbox 1832 1963 1861 1989; x_wconf 91' lang='lat' dir='ltr'>in</span> 
     </span>
     <span class='ocr_line' id='line_1_121' title="bbox 1069 1998 1859 2031; baseline -0.001 -4"><span class='ocrx_word' id='word_1_897' title='bbox 1069 2002 1181 2028; x_wconf 88' lang='lat' dir='ltr'>buccam</span> <span class='ocrx_word' id='word_1_898' title='bbox 1193 2001 1309 2031; x_wconf 85' lang='lat' dir='ltr'>venerit,</span> <span class='ocrx_word' id='word_1_899' title='bbox 1327 2000 1448 2027; x_wconf 91' lang='lat' dir='ltr'>scribito.</span> <span class='ocrx_word' id='word_1_900' title='bbox 1489 1999 1548 2026; x_wconf 81' lang='lat' dir='ltr'>Kal.</span> <span class='ocrx_word' id='word_1_901' title='bbox 1561 2000 1665 2026; x_wconf 83' lang='lat' dir='ltr'>Ianuar.</span> <span class='ocrx_word' id='word_1_902' title='bbox 1678 1999 1714 2026; x_wconf 76' lang='lat' dir='ltr'>M.</span> <span class='ocrx_word' id='word_1_903' title='bbox 1727 1998 1859 2030; x_wconf 78' lang='lat' dir='ltr'>Messalla,</span> 
     </span>
     <span class='ocr_line' id='line_1_122' title="bbox 1069 2039 1295 2065; baseline -0.004 0"><span class='ocrx_word' id='word_1_904' title='bbox 1069 2040 1104 2065; x_wconf 82' lang='lat' dir='ltr'>M.</span> <span class='ocrx_word' id='word_1_905' title='bbox 1116 2039 1211 2065; x_wconf 89' lang='lat' dir='ltr'>Pisone</span> <span class='ocrx_word' id='word_1_906' title='bbox 1225 2047 1295 2065; x_wconf 85' lang='lat' dir='ltr'>coss.</span> 
     </span>
    </p>
   </div>
   <div class='ocr_carea' id='block_1_15' title="bbox 1121 2111 1603 2136">
    <p class='ocr_par' dir='ltr' id='par_1_15' title="bbox 1121 2111 1603 2136">
     <span class='ocr_line' id='line_1_123' title="bbox 1121 2111 1603 2136; baseline -0.006 -4"><span class='ocrx_word' id='word_1_907' title='bbox 1121 2111 1185 2132; x_wconf 81' lang='lat' dir='ltr'>XIII.</span> <span class='ocrx_word' id='word_1_908' title='bbox 1213 2114 1300 2136; x_wconf 78' lang='lat' dir='ltr'>(Rom-e,</span> <span class='ocrx_word' id='word_1_909' title='bbox 1309 2112 1405 2133; x_wconf 59' lang='lat' dir='ltr'>Men-lla,</span> <span class='ocrx_word' id='word_1_910' title='bbox 1413 2111 1480 2130; x_wconf 68' lang='lat' dir='ltr'>Pisone</span> <span class='ocrx_word' id='word_1_911' title='bbox 1490 2117 1535 2129; x_wconf 59' lang='lat' dir='ltr'>mm.</span> <span class='ocrx_word' id='word_1_912' title='bbox 1545 2112 1603 2131; x_wconf 75' lang='lat'>⁶9³.)</span> 
     </span>
    </p>
   </div>
   <div class='ocr_carea' id='block_1_16' title="bbox 1065 2147 1863 2704">
    <p class='ocr_par' dir='ltr' id='par_1_16' title="bbox 1253 2147 1676 2177">
     <span class='ocr_line' id='line_1_124' title="bbox 1253 2147 1676 2177; baseline -0.007 0"><span class='ocrx_word' id='word_1_913' title='bbox 1253 2148 1421 2177; x_wconf 84' lang='lat' dir='ltr'><strong>CICERO</strong></span> <span class='ocrx_word' id='word_1_914' title='bbox 1450 2147 1618 2176; x_wconf 84' lang='lat' dir='ltr'>ATTICO</span> <span class='ocrx_word' id='word_1_915' title='bbox 1647 2147 1676 2174; x_wconf 93' lang='lat' dir='ltr'>S.</span> 
     </span>
    </p>

    <p class='ocr_par' dir='ltr' id='par_1_17' title="bbox 1065 2183 1863 2704">
     <span class='ocr_line' id='line_1_125' title="bbox 1126 2183 1863 2222; baseline -0.007 -7"><span class='ocrx_word' id='word_1_916' title='bbox 1126 2191 1149 2216; x_wconf 77' lang='lat' dir='ltr'>t.</span> <span class='ocrx_word' id='word_1_917' title='bbox 1163 2184 1267 2222; x_wconf 86' lang='lat' dir='ltr'>Accepi</span> <span class='ocrx_word' id='word_1_918' title='bbox 1278 2192 1337 2214; x_wconf 84' lang='lat' dir='ltr'>tuas</span> <span class='ocrx_word' id='word_1_919' title='bbox 1349 2192 1402 2214; x_wconf 87' lang='lat' dir='ltr'>tres</span> <span class='ocrx_word' id='word_1_920' title='bbox 1413 2187 1466 2213; x_wconf 83' lang='lat' dir='ltr'>iam</span> <span class='ocrx_word' id='word_1_921' title='bbox 1477 2185 1618 2221; x_wconf 81' lang='lat' dir='ltr'>epistolas:</span> <span class='ocrx_word' id='word_1_922' title='bbox 1631 2192 1712 2211; x_wconf 85' lang='lat' dir='ltr'>unam</span> <span class='ocrx_word' id='word_1_923' title='bbox 1724 2192 1739 2210; x_wconf 87' lang='lat' dir='ltr'>a</span> <span class='ocrx_word' id='word_1_924' title='bbox 1748 2184 1785 2210; x_wconf 79' lang='lat' dir='ltr'>M.</span> <span class='ocrx_word' id='word_1_925' title='bbox 1797 2183 1863 2211; x_wconf 52' lang='lat' dir='ltr'>Coi·b</span> 
     </span>
     <span class='ocr_line' id='line_1_126' title="bbox 1069 2220 1859 2261; baseline -0.008 -8"><span class='ocrx_word' id='word_1_926' title='bbox 1069 2225 1153 2257; x_wconf 92' lang='lat' dir='ltr'>nelio,</span> <span class='ocrx_word' id='word_1_927' title='bbox 1170 2234 1253 2261; x_wconf 86' lang='lat' dir='ltr'>quam</span> <span class='ocrx_word' id='word_1_928' title='bbox 1265 2225 1364 2251; x_wconf 86' lang='lat' dir='ltr'>Tribus</span> <span class='ocrx_word' id='word_1_929' title='bbox 1375 2223 1518 2254; x_wconf 90' lang='lat' dir='ltr'>Tabernis,</span> <span class='ocrx_word' id='word_1_930' title='bbox 1535 2227 1566 2249; x_wconf 92' lang='lat' dir='ltr'>ut</span> <span class='ocrx_word' id='word_1_931' title='bbox 1578 2223 1687 2257; x_wconf 86' lang='lat' dir='ltr'>opinor,</span> <span class='ocrx_word' id='word_1_932' title='bbox 1705 2222 1730 2248; x_wconf 87' lang='lat' dir='ltr'>ei</span> <span class='ocrx_word' id='word_1_933' title='bbox 1744 2220 1859 2254; x_wconf 43' lang='lat' dir='ltr'>dedis&amp;</span> 
     </span>
     <span class='ocr_line' id='line_1_127' title="bbox 1067 2257 1859 2297; baseline -0.008 -7"><span class='ocrx_word' id='word_1_934' title='bbox 1067 2263 1190 2293; x_wconf 89' lang='lat' dir='ltr'>alteram,</span> <span class='ocrx_word' id='word_1_935' title='bbox 1206 2271 1288 2297; x_wconf 88' lang='lat' dir='ltr'>quam</span> <span class='ocrx_word' id='word_1_936' title='bbox 1299 2261 1368 2288; x_wconf 85' lang='lat' dir='ltr'>mihi</span> <span class='ocrx_word' id='word_1_937' title='bbox 1379 2261 1532 2288; x_wconf 91' lang='lat' dir='ltr'>Canusinus</span> <span class='ocrx_word' id='word_1_938' title='bbox 1542 2265 1606 2286; x_wconf 92' lang='lat' dir='ltr'>tuus</span> <span class='ocrx_word' id='word_1_939' title='bbox 1617 2259 1716 2293; x_wconf 84' lang='lat' dir='ltr'>hospes</span> <span class='ocrx_word' id='word_1_940' title='bbox 1727 2257 1859 2290; x_wconf 82' lang='lat' dir='ltr'>reddidit;</span> 
     </span>
     <span class='ocr_line' id='line_1_128' title="bbox 1067 2295 1863 2334; baseline -0.008 -7"><span class='ocrx_word' id='word_1_941' title='bbox 1067 2302 1185 2330; x_wconf 81' lang='lat' dir='ltr'>tertiam.</span> <span class='ocrx_word' id='word_1_942' title='bbox 1198 2308 1294 2334; x_wconf 86' lang='lat' dir='ltr'>quam,</span> <span class='ocrx_word' id='word_1_943' title='bbox 1308 2304 1338 2325; x_wconf 89' lang='lat' dir='ltr'>ut</span> <span class='ocrx_word' id='word_1_944' title='bbox 1347 2298 1459 2329; x_wconf 86' lang='lat' dir='ltr'>scribis,</span> <span class='ocrx_word' id='word_1_945' title='bbox 1472 2297 1597 2324; x_wconf 81' lang='lat' dir='ltr'>anchoris</span> <span class='ocrx_word' id='word_1_946' title='bbox 1607 2295 1722 2323; x_wconf 88' lang='lat' dir='ltr'>sublatis</span> <span class='ocrx_word' id='word_1_947' title='bbox 1730 2316 1736 2327; x_wconf 94' lang='lat'>,</span> <span class='ocrx_word' id='word_1_948' title='bbox 1749 2295 1783 2322; x_wconf 82' lang='lat' dir='ltr'>de</span> <span class='ocrx_word' id='word_1_949' title='bbox 1793 2295 1863 2330; x_wconf 84' lang='lat' dir='ltr'>pha-</span> 
     </span>
     <span class='ocr_line' id='line_1_129' title="bbox 1067 2333 1862 2372; baseline -0.008 -8"><span class='ocrx_word' id='word_1_950' title='bbox 1067 2337 1122 2364; x_wconf 93' lang='lat' dir='ltr'>selo</span> <span class='ocrx_word' id='word_1_951' title='bbox 1143 2337 1255 2364; x_wconf 90' lang='lat' dir='ltr'>dedisti:</span> <span class='ocrx_word' id='word_1_952' title='bbox 1278 2344 1347 2372; x_wconf 85' lang='lat' dir='ltr'>quae</span> <span class='ocrx_word' id='word_1_953' title='bbox 1366 2335 1476 2362; x_wconf 81' lang='lat' dir='ltr'>suerunt</span> <span class='ocrx_word' id='word_1_954' title='bbox 1493 2343 1586 2361; x_wconf 91' lang='lat' dir='ltr'>omnes</span> <span class='ocrx_word' id='word_1_955' title='bbox 1605 2333 1753 2360; x_wconf 86' lang='lat' dir='ltr'>rhetorum.</span> <span class='ocrx_word' id='word_1_956' title='bbox 1793 2333 1862 2359; x_wconf 78' lang='lat' dir='ltr'>Puro</span> 
     </span>
     <span class='ocr_line' id='line_1_130' title="bbox 1068 2369 1863 2410; baseline -0.009 -8"><span class='ocrx_word' id='word_1_957' title='bbox 1068 2376 1228 2410; x_wconf 81' lang='lat' dir='ltr'>loquuntur,</span> <span class='ocrx_word' id='word_1_958' title='bbox 1240 2382 1327 2410; x_wconf 91' lang='lat' dir='ltr'>quum</span> <span class='ocrx_word' id='word_1_959' title='bbox 1337 2373 1514 2399; x_wconf 87' lang='lat' dir='ltr'>humanitatis</span> <span class='ocrx_word' id='word_1_960' title='bbox 1523 2378 1631 2406; x_wconf 86' lang='lat' dir='ltr'>sparsae</span> <span class='ocrx_word' id='word_1_961' title='bbox 1642 2369 1697 2396; x_wconf 87' lang='lat' dir='ltr'>sale</span> <span class='ocrx_word' id='word_1_962' title='bbox 1705 2390 1711 2401; x_wconf 86' lang='lat'>,</span> <span class='ocrx_word' id='word_1_963' title='bbox 1724 2374 1782 2396; x_wconf 92' lang='lat' dir='ltr'>tum</span> <span class='ocrx_word' id='word_1_964' title='bbox 1793 2369 1863 2396; x_wconf 87' lang='lat' dir='ltr'>insi-</span> 
     </span>
     <span class='ocr_line' id='line_1_131' title="bbox 1066 2406 1862 2448; baseline -0.009 -9"><span class='ocrx_word' id='word_1_965' title='bbox 1066 2421 1134 2448; x_wconf 87' lang='lat' dir='ltr'>gnes</span> <span class='ocrx_word' id='word_1_966' title='bbox 1145 2412 1243 2438; x_wconf 88' lang='lat' dir='ltr'>amoris</span> <span class='ocrx_word' id='word_1_967' title='bbox 1255 2411 1334 2437; x_wconf 88' lang='lat' dir='ltr'>notis.</span> <span class='ocrx_word' id='word_1_968' title='bbox 1353 2410 1460 2442; x_wconf 90' lang='lat' dir='ltr'>Quibus</span> <span class='ocrx_word' id='word_1_969' title='bbox 1469 2408 1590 2444; x_wconf 89' lang='lat' dir='ltr'>epistolis</span> <span class='ocrx_word' id='word_1_970' title='bbox 1601 2416 1663 2434; x_wconf 89' lang='lat' dir='ltr'>sum</span> <span class='ocrx_word' id='word_1_971' title='bbox 1673 2407 1801 2442; x_wconf 84' lang='lat' dir='ltr'>equidem</span> <span class='ocrx_word' id='word_1_972' title='bbox 1812 2406 1862 2433; x_wconf 80' lang='lat' dir='ltr'>abs</span> 
     </span>
     <span class='ocr_line' id='line_1_132' title="bbox 1067 2443 1858 2479; baseline -0.009 -3"><span class='ocrx_word' id='word_1_973' title='bbox 1067 2455 1091 2476; x_wconf 89' lang='lat' dir='ltr'>te</span> <span class='ocrx_word' id='word_1_974' title='bbox 1103 2449 1244 2476; x_wconf 84' lang='lat' dir='ltr'>lacessitus</span> <span class='ocrx_word' id='word_1_975' title='bbox 1254 2448 1288 2475; x_wconf 88' lang='lat' dir='ltr'>ad</span> <span class='ocrx_word' id='word_1_976' title='bbox 1300 2447 1488 2479; x_wconf 87' lang='lat' dir='ltr'>scribendum;</span> <span class='ocrx_word' id='word_1_977' title='bbox 1505 2445 1553 2472; x_wconf 88' lang='lat' dir='ltr'>sed</span> <span class='ocrx_word' id='word_1_978' title='bbox 1564 2445 1665 2471; x_wconf 87' lang='lat' dir='ltr'>idcirco</span> <span class='ocrx_word' id='word_1_979' title='bbox 1675 2452 1737 2470; x_wconf 89' lang='lat' dir='ltr'>sum</span> <span class='ocrx_word' id='word_1_980' title='bbox 1746 2443 1858 2475; x_wconf 80' lang='lat' dir='ltr'>tardior,</span> 
     </span>
     <span class='ocr_line' id='line_1_133' title="bbox 1066 2480 1861 2522; baseline -0.01 -8"><span class='ocrx_word' id='word_1_981' title='bbox 1066 2487 1139 2522; x_wconf 88' lang='lat' dir='ltr'>quod</span> <span class='ocrx_word' id='word_1_982' title='bbox 1151 2495 1203 2513; x_wconf 90' lang='lat' dir='ltr'>non</span> <span class='ocrx_word' id='word_1_983' title='bbox 1214 2486 1324 2512; x_wconf 87' lang='lat' dir='ltr'>invenio</span> <span class='ocrx_word' id='word_1_984' title='bbox 1337 2484 1444 2511; x_wconf 74' lang='lat' dir='ltr'>fidelem</span> <span class='ocrx_word' id='word_1_985' title='bbox 1454 2482 1634 2510; x_wconf 83' lang='lat' dir='ltr'>tabellarium.</span> <span class='ocrx_word' id='word_1_986' title='bbox 1673 2480 1777 2513; x_wconf 87' lang='lat' dir='ltr'>Quotus</span> <span class='ocrx_word' id='word_1_987' title='bbox 1787 2481 1861 2507; x_wconf 88' lang='lat' dir='ltr'>enim</span> 
     </span>
     <span class='ocr_line' id='line_1_134' title="bbox 1066 2517 1862 2559; baseline -0.009 -9"><span class='ocrx_word' id='word_1_988' title='bbox 1066 2525 1184 2559; x_wconf 82' lang='lat' dir='ltr'>quisque</span> <span class='ocrx_word' id='word_1_989' title='bbox 1194 2528 1243 2553; x_wconf 84' lang='lat' dir='ltr'>est,</span> <span class='ocrx_word' id='word_1_990' title='bbox 1250 2521 1444 2558; x_wconf 88' lang='lat' dir='ltr'>quiepistolam</span> <span class='ocrx_word' id='word_1_991' title='bbox 1454 2519 1546 2555; x_wconf 82' lang='lat' dir='ltr'>paullo</span> <span class='ocrx_word' id='word_1_992' title='bbox 1555 2519 1707 2555; x_wconf 81' lang='lat' dir='ltr'>graviorem</span> <span class='ocrx_word' id='word_1_993' title='bbox 1718 2517 1787 2544; x_wconf 78' lang='lat' dir='ltr'>ferre</span> <span class='ocrx_word' id='word_1_994' title='bbox 1796 2526 1862 2553; x_wconf 86' lang='lat' dir='ltr'>pos-</span> 
     </span>
     <span class='ocr_line' id='line_1_135' title="bbox 1066 2553 1860 2594; baseline -0.009 -7"><span class='ocrx_word' id='word_1_995' title='bbox 1066 2562 1114 2591; x_wconf 81' lang='lat' dir='ltr'>sit,</span> <span class='ocrx_word' id='word_1_996' title='bbox 1133 2561 1186 2587; x_wconf 85' lang='lat' dir='ltr'>nisi</span> <span class='ocrx_word' id='word_1_997' title='bbox 1201 2569 1260 2586; x_wconf 91' lang='lat' dir='ltr'>eam</span> <span class='ocrx_word' id='word_1_998' title='bbox 1274 2559 1433 2594; x_wconf 87' lang='lat' dir='ltr'>pellectione</span> <span class='ocrx_word' id='word_1_999' title='bbox 1443 2556 1586 2584; x_wconf 70' lang='lat' dir='ltr'>relevarit?</span> <span class='ocrx_word' id='word_1_1000' title='bbox 1604 2555 1769 2586; x_wconf 83' lang='lat' dir='ltr'>Accediteo‚</span> <span class='ocrx_word' id='word_1_1001' title='bbox 1786 2553 1860 2590; x_wconf 80' lang='lat' dir='ltr'>quod</span> 
     </span>
     <span class='ocr_line' id='line_1_136' title="bbox 1066 2591 1861 2630; baseline -0.01 -5"><span class='ocrx_word' id='word_1_1002' title='bbox 1066 2598 1135 2624; x_wconf 87' lang='lat' dir='ltr'>mihi</span> <span class='ocrx_word' id='word_1_1003' title='bbox 1145 2606 1198 2624; x_wconf 88' lang='lat' dir='ltr'>non</span> <span class='ocrx_word' id='word_1_1004' title='bbox 1209 2602 1250 2623; x_wconf 88' lang='lat' dir='ltr'>est</span> <span class='ocrx_word' id='word_1_1005' title='bbox 1258 2601 1352 2623; x_wconf 89' lang='lat' dir='ltr'>notum</span> <span class='ocrx_word' id='word_1_1006' title='bbox 1359 2616 1365 2627; x_wconf 88' lang='lat'>,</span> <span class='ocrx_word' id='word_1_1007' title='bbox 1376 2600 1406 2622; x_wconf 91' lang='lat' dir='ltr'>ut</span> <span class='ocrx_word' id='word_1_1008' title='bbox 1415 2595 1533 2630; x_wconf 87' lang='lat' dir='ltr'>quisque</span> <span class='ocrx_word' id='word_1_1009' title='bbox 1543 2594 1572 2620; x_wconf 91' lang='lat' dir='ltr'>in</span> <span class='ocrx_word' id='word_1_1010' title='bbox 1582 2594 1696 2628; x_wconf 86' lang='lat' dir='ltr'>Epirum</span> <span class='ocrx_word' id='word_1_1011' title='bbox 1706 2591 1861 2626; x_wconf 76' lang='lat' dir='ltr'>proficisca-</span> 
     </span>
     <span class='ocr_line' id='line_1_137' title="bbox 1066 2628 1860 2670; baseline -0.01 -8"><span class='ocrx_word' id='word_1_1012' title='bbox 1066 2639 1119 2661; x_wconf 91' lang='lat' dir='ltr'>tur.</span> <span class='ocrx_word' id='word_1_1013' title='bbox 1158 2635 1216 2670; x_wconf 83' lang='lat' dir='ltr'>Ego</span> <span class='ocrx_word' id='word_1_1014' title='bbox 1230 2634 1303 2660; x_wconf 87' lang='lat' dir='ltr'>enim</span> <span class='ocrx_word' id='word_1_1015' title='bbox 1318 2638 1343 2660; x_wconf 93' lang='lat' dir='ltr'>te</span> <span class='ocrx_word' id='word_1_1016' title='bbox 1358 2632 1484 2662; x_wconf 81' lang='lat' dir='ltr'>arbitror,</span> <span class='ocrx_word' id='word_1_1017' title='bbox 1501 2631 1587 2657; x_wconf 80' lang='lat' dir='ltr'>caesis</span> <span class='ocrx_word' id='word_1_1018' title='bbox 1602 2629 1675 2665; x_wconf 88' lang='lat' dir='ltr'>apud</span> <span class='ocrx_word' id='word_1_1019' title='bbox 1689 2628 1860 2655; x_wconf 79' lang='lat' dir='ltr'>Amaltheam</span> 
     </span>
     <span class='ocr_line' id='line_1_138' title="bbox 1065 2665 1862 2704; baseline -0.009 -5"><span class='ocrx_word' id='word_1_1020' title='bbox 1065 2676 1141 2699; x_wconf 88' lang='lat' dir='ltr'>tuam</span> <span class='ocrx_word' id='word_1_1021' title='bbox 1149 2671 1278 2703; x_wconf 75' lang='lat' dir='ltr'>victimis,</span> <span class='ocrx_word' id='word_1_1022' title='bbox 1286 2670 1376 2697; x_wconf 80' lang='lat' dir='ltr'>statim</span> <span class='ocrx_word' id='word_1_1023' title='bbox 1385 2677 1445 2696; x_wconf 87' lang='lat' dir='ltr'>esse</span> <span class='ocrx_word' id='word_1_1024' title='bbox 1455 2668 1489 2695; x_wconf 87' lang='lat' dir='ltr'>ad</span> <span class='ocrx_word' id='word_1_1025' title='bbox 1494 2667 1636 2704; x_wconf 84' lang='lat' dir='ltr'>Sicyonem</span> <span class='ocrx_word' id='word_1_1026' title='bbox 1645 2665 1862 2702; x_wconf 81' lang='lat' dir='ltr'>oppugnandum</span> 
     </span>
    </p>
   </div>
  </div>
 </body>
</html>
