1941 3052
240 94 289 118 722
808 90 850 114 78.
885 88 920 114 Μ,

240 171 326 196 posse.
344 161 450 187 aleverni
462 160 680 195 supplicationes.
695 167 736 187 ne.
749 158 821 192 qnod
839 157 926 183 furore
943 156 1026 183 l‘aulli

240 200 352 233 mli-ptus
367 203 436 224 emet
453 198 524 226 lumi,
543 205 590 222 uua
605 195 684 229 culpa
702 195 838 220 videretur
852 195 985 224 amisisse,
1002 199 1027 220 et

240 237 434 270 prae-varientur
444 243 554 259 caussae
567 232 690 267 publicae
701 232 910 257 existimaretur.
937 232 1027 265 ltaque

239 273 271 298 ad
292 273 439 308 partionem
455 270 657 296 descendimus:
684 274 710 294 et
724 269 915 294 confirmarunt
929 276 1027 293 consu-

241 311 288 340 les,
307 318 334 335 se
351 309 391 334 liis
407 307 650 342 supplicationibus
663 306 688 332 in
702 305 772 331 hunc
784 314 884 331 annum
896 314 947 331 non
962 314 1027 331 usu-

241 357 291 372 ros.
325 346 411 375 l’lnnc,
434 345 505 379 quod
529 345 648 378 utrisque
663 342 821 369 consulibua
837 343 936 377 gratias
952 351 1024 375 agas,

239 388 290 409 est:
320 382 410 408 l‘aullo
425 382 510 415 magis
525 386 605 406 certe.
633 381 698 405 Nam
715 379 856 405 Marcellus
867 381 906 406 sic
918 388 1027 413 respon-

239 421 286 449 dit,
309 429 336 445 se
357 428 432 453 spem
454 419 479 444 in
502 419 560 444 istis
580 417 825 452 supplicationibus
846 426 896 443 non
915 417 1025 442 babere:

240 456 347 482 Paullus
369 465 396 481 se
416 456 525 481 omnino
546 456 572 481 in
590 455 661 480 bunc
677 463 776 480 annum
794 463 845 480 non
864 454 1026 480 edicturum.

239 496 263 521 ⁶2.
278 494 467 520 Renuntiatum
479 492 557 519 nobis
568 496 632 523 erat,
641 492 747 518 llirrum
759 491 862 517 diutius
874 491 1025 517 dicturum:

240 530 397 565 prendimus
415 539 490 562 eum;
519 538 570 556 non
587 529 666 556 modo
681 537 733 555 non
745 528 816 559 fecit,
829 528 886 559 sed,
899 537 984 563 quum
995 528 1028 554 de

240 568 362 594 hostibus
378 572 509 603 ageretur,
531 572 556 593 ct
567 571 657 601 posset
667 575 722 592 rem
736 566 875 601 impedire,
888 566 921 596 si,
938 570 967 592 ut
978 574 1029 591 nu-

240 609 412 636 merarentur,
435 604 591 640 postularet,
609 604 700 630 tacuit.
745 604 859 630 Tantum
877 603 970 629 Catoni
985 612 1028 628 as-

238 651 334 668 sensus
350 647 398 672 cst.
415 643 463 677 qui
475 647 500 668 ct
510 641 543 668 de
555 646 578 667 te
591 641 695 667 locutus
712 641 866 671 honorifice,
879 640 1029 667 nondecre-

238 685 278 706 rat
292 679 513 714 supplicationes.
539 679 644 705 Tertius
655 678 688 704 ad
701 678 748 704 lios
760 679 894 704 Favonius
905 678 1027 703 accessit.

237 718 323 749 Quare
345 725 392 751 pro
412 717 545 751 cuiusque
566 721 659 742 natura
675 721 700 741 et
715 716 838 742 instituto
851 716 951 751 gratiae
966 719 1029 740 sunt

239 754 371 790 agendae:
400 754 452 785 his,
465 753 536 788 quod
549 758 647 779 tantam
659 752 824 779 voluntatem
839 752 1025 784 ostenderunt;

238 800 286 826 pro
297 792 530 826 sentcntia,quum
538 790 668 825 impedire
675 795 793 825 possent,
801 798 853 816 non
864 794 1027 825 pugnarunt.

237 829 347 855 Curioni
370 837 440 859 vero,
463 827 535 863 quod
555 828 588 854 de
608 836 718 854 suarum
739 828 873 854 actionum
888 835 969 854 eursu
986 832 1030 852 tua

238 874 334 892 caussa
349 865 468 892 deflexit.
494 866 560 891 Nam
572 865 689 891 Furnius
701 869 726 891 et
737 864 876 895 Lentulus,
889 869 918 891 ut
929 864 1031 890 debue-

239 907 310 933 runt,
327 903 406 938 quasi
422 911 514 929 eorum
526 911 567 929 res
578 906 657 933 esset,
671 910 722 928 una
735 902 876 929 nobiscum
887 902 1031 928 circumie-

208 967 212 973 ,
238 944 302 966 runt
318 945 344 966 et
360 939 522 966 laborarunt.
547 939 624 966 Balbi
639 948 746 974 quoque
757 939 872 966 Cornelii
884 947 991 974 operam
1005 943 1032 964 et

238 977 409 1004 sedulitatem
425 977 533 1003 laudare
549 985 670 1012 possum.
696 977 762 1003 Nam
777 985 839 1003 cum
854 976 969 1003 Curione
986 984 1032 1001 ve·

241 1015 378 1041 hementer
395 1014 498 1041 loeutus
513 1019 561 1045 est,
579 1018 604 1040 et
619 1022 691 1045 eum,
707 1015 730 1040 si
742 1014 819 1040 aliter
830 1013 946 1044 fecisset,
960 1014 1032 1039 iniu-

240 1052 307 1078 riam
323 1051 429 1079 Caesari
445 1051 577 1078 facturum
594 1051 677 1078 dixit:
705 1056 760 1078 tum
776 1052 835 1078 eius
851 1051 931 1077 fidem
947 1051 974 1077 in
985 1059 1032 1076 su-

239 1089 388 1124 spicionem
407 1089 530 1115 adduxit.
561 1089 715 1119 Decrerant,
736 1089 784 1123 qui
805 1089 899 1123 inique
920 1087 1032 1122 transigi

241 1126 374 1156 volebant,
388 1127 506 1156 Domitii,
518 1125 671 1161 Scipiones:
694 1126 795 1160 quibus
808 1126 856 1152 hac
867 1134 894 1151 re
906 1125 939 1151 ad
951 1125 1033 1151 inter—

239 1164 389 1189 cessionem
404 1163 567 1189 evocandam
583 1162 827 1197 interpellantibus,
841 1162 1033 1189 venustissime

240 1200 320 1227 Curio
332 1201 478 1235 respondit,
494 1209 523 1226 se
534 1208 565 1226 eo
576 1199 704 1226 libentius
716 1209 768 1226 non
779 1199 952 1230 intercedere,
960 1198 1033 1234 quod

239 1237 385 1272 quosdam,
415 1238 462 1272 qui
487 1237 674 1268 decernerent,
701 1237 805 1263 videret
828 1237 924 1263 confici
952 1236 1032 1263 nolle.

240 1276 264 1300 3.
283 1274 360 1306 Quod
377 1274 410 1300 ad
425 1274 620 1309 rempublicam
641 1275 747 1305 attinet,
768 1275 795 1300 in
813 1283 894 1300 unam
909 1281 1033 1300 caussam

239 1313 328 1338 omnis
343 1312 477 1338 contentio
490 1312 608 1337 coniecta
622 1316 670 1341 est,
685 1311 718 1337 de
728 1312 889 1346 provinciis:
913 1312 939 1337 in
951 1319 1033 1346 quam

240 1348 328 1375 adbuc
344 1348 504 1375 incubuisse
518 1357 580 1374 cum
597 1353 692 1375 senatu
707 1349 851 1383 Pompeius
866 1348 987 1379 videtur,
1005 1353 1035 1374 ut

239 1386 337 1412 Caesar
347 1386 386 1412 Id.
399 1385 530 1412 Novemb.
543 1385 663 1412 decedat.
684 1385 765 1413 Curio
775 1386 864 1412 omnia
872 1385 1034 1421 potiussub-

240 1423 278 1449 ire
289 1423 436 1453 constituit.
448 1431 530 1458 quam
541 1422 569 1448 id
580 1423 645 1457 pati.
667 1423 773 1449 Ceteras
779 1432 842 1449 suas
849 1423 1035 1450 abiecitactio-

240 1469 298 1486 nes.
338 1460 427 1487 Nostri
443 1468 530 1495 porro,
547 1468 615 1494 quos
627 1465 655 1486 ιιι
666 1460 735 1486 bene
747 1461 825 1491 nosti,
838 1460 872 1487 ad
883 1465 1034 1487 extremum

240 1502 374 1524 certamen
387 1505 442 1523 rem
454 1497 588 1523 deducere
599 1505 651 1523 non
663 1497 773 1524 audent.
808 1497 894 1524 Scena
904 1498 943 1524 rei
953 1498 1034 1524 totius

242 1535 319 1561 haee:
342 1535 497 1569 Pompeius,
513 1538 651 1569 tamquam
662 1534 803 1561 Caesarem
817 1543 870 1561 non
881 1535 1032 1570 impugnet,

240 1572 297 1602 sed,
315 1572 388 1606 quod
398 1571 439 1598 iili
454 1580 573 1606 aequum
584 1576 669 1606 putet,
677 1572 830 1603 constituat,
844 1573 880 1598 ait
890 1572 1034 1598 Curionem

241 1617 369 1643 quaerere
385 1608 545 1635 discordiae.
575 1608 658 1635 Valde
673 1613 763 1635 autem
774 1617 827 1635 non
838 1608 906 1640 vult,
919 1613 946 1635 et
955 1608 1034 1644 plane

241 1646 325 1677 timet,
333 1646 473 1673 Caesarem
485 1645 623 1672 consulem
634 1646 770 1682 designari
777 1647 862 1681 prius,
870 1654 952 1681 quam
958 1654 1036 1672 exer—

240 1684 325 1709 citum
340 1688 366 1709 et
376 1683 542 1717 provinciam
554 1682 703 1710 tradiderit.
742 1683 881 1718 Accipitur
890 1684 956 1710 satis
966 1682 1035 1709 male

242 1728 256 1746 a
270 1719 399 1746 Curione:
426 1724 452 1746 et
466 1725 536 1746 totus
551 1720 610 1746 eius
626 1720 763 1747 secundus
776 1719 931 1747 consulatus
941 1720 1036 1755 exagi-

243 1761 322 1783 tatur.
352 1757 406 1783 Hoc
421 1757 471 1784 tibi
486 1757 561 1783 dico.-
582 1758 607 1783 si
620 1757 748 1784 omnibus
759 1757 840 1784 rebus
850 1762 972 1792 prement
982 1757 1036 1784 Cu-

242 1795 358 1825 rionem,
380 1794 478 1821 Caesar
492 1793 663 1826 defenduut-3
696 1795 720 1820 si
734 1795 937 1821 intercessorem
952 1794 1035 1829 (quod

244 1831 378 1866 videntur)
385 1831 593 1861 reformidarint,
601 1831 708 1862 Caesar,
715 1831 804 1866 quoad
816 1831 895 1863 volet,
905 1831 1034 1858 manebit.

243 1869 268 1894 4.
283 1867 370 1900 Quam
379 1869 497 1903 quisque
510 1869 670 1895 sententiam
681 1868 789 1899 dixerit,
806 1870 833 1895 in
844 1869 1036 1895 commentario

242 1909 283 1931 est
299 1913 389 1932 rerum
403 1905 581 1937 urbanarum:
605 1914 639 1932 ex
654 1914 709 1940 quo
724 1911 762 1936 ιιι,
779 1914 848 1940 quae
863 1906 945 1942 digna
960 1910 1034 1937 sunt,

241 1942 337 1978 selige.
368 1942 451 1969 Multa
461 1943 554 1973 transi.
572 1943 599 1969 in
611 1943 706 1977 primis
718 1942 843 1969 ludorum
853 1943 1033 1978 explosioneS,

242 1983 268 2006 et
286 1979 427 2010 funerum,
442 1984 468 2006 et
487 1980 650 2015 ineptiarum
664 1985 824 2007 ceterarum.
858 1980 937 2007 Plura
956 1980 1037 2007 habet

242 2016 330 2043 utilia.
361 2017 481 2052 Denique
492 2017 564 2044 malo
573 2018 600 2044 in
612 2017 681 2044 hanc
691 2022 794 2052 partem
804 2025 902 2049 errare,
915 2022 953 2049 ut,
967 2026 1035 2053 quae

243 2062 295 2080 non
310 2054 463 2085 desideras,
479 2054 587 2086 audias,
604 2063 686 2089 quam
701 2054 866 2090 quidquam,
882 2054 956 2090 quod
967 2063 1036 2089 opus

242 2095 296 2121 est,
319 2092 555 2126 praetermittatur.
597 2092 660 2118 Tibi
673 2100 753 2118 curae
765 2091 849 2118 fuisse
869 2091 903 2118 de
923 2092 1036 2118 Sittiano

243 2129 364 2164 negotio,
393 2128 509 2164 gaudeo.
551 2128 620 2160 Sed,
644 2129 773 2165 quoniam
797 2130 960 2164 suspicaris,
984 2130 1037 2155 mi-

243 2174 296 2191 nus
306 2170 375 2192 certa
389 2166 440 2192 fide
451 2174 496 2192 eos
511 2165 561 2193 tibi
574 2166 659 2199 visos;
672 2171 810 2202 tamquam
816 2171 979 2202 procurator,
996 2167 1037 2193 sic

244 2210 318 2238 agas,
331 2211 405 2239 rogo.

298 2275 350 2296 ΧΠ.
369 2275 444 2296 ΑΚΘ.
463 2275 558 2303 Appium
573 2275 688 2297 Claudium
704 2283 817 2297 censorem
829 2275 931 2303 queritur
944 2279 987 2296 tatu
1001 2275 1036 2295 in-

244 2313 306 2335 grato
323 2316 372 2331 eane
382 2310 464 2335 animo,
476 2314 502 2331 nt
514 2313 604 2335 metuat.
619 2317 647 2331 ne
662 2312 688 2331 ab
703 2311 743 2332 hoe
757 2317 810 2332 mox
819 2314 941 2335 :eeu-etur,
952 2317 976 2331 se
984 2317 1036 2331 vero

244 2344 308 2366 illum
317 2344 376 2366 velle
384 2348 521 2366 antevertere
531 2349 553 2366 et
562 2345 613 2371 lege
620 2345 736 2366 Scantinia
745 2352 856 2367 accusare.

441 2383 528 2404 (Romae,
537 2383 612 2403 Paullo,
621 2382 714 2401 Marcello
724 2388 770 2400 eeu.
781 2382 837 2405 70⁴.)

428 2425 594 2452 CAELIUS
619 2425 806 2452 CICERONI
825 2425 853 2452 S.

305 2465 328 2490 t.
348 2460 438 2492 Pudet
451 2475 494 2492 me
509 2465 560 2493 tibi
570 2466 700 2497 confiteri,
716 2470 742 2493 et
752 2467 830 2501 queri
840 2466 875 2492 de
884 2465 976 2500 Appii,
987 2464 1037 2491 ho-

248 2500 329 2526 minis
345 2501 530 2536 ingratissimi,
547 2503 666 2534 iniuriis,
682 2503 732 2538 qui
741 2511 784 2529 me
793 2503 892 2534 odisse,
904 2503 968 2537 quia
979 2510 1037 2528 ma-

249 2544 301 2571 gna
320 2537 388 2563 mihi
403 2538 517 2566 debebat
530 2540 669 2571 beneficia,
686 2540 785 2575 eoepit3
808 2544 842 2571 et,
861 2548 946 2575 quum
957 2539 1036 2566 homo

249 2581 359 2605 avarus,
375 2578 405 2600 ut
418 2584 449 2601 ea
459 2576 582 2607 solveret,
599 2577 653 2603 sibi
666 2577 798 2612 imperare
813 2585 865 2604 non
876 2581 975 2612 posset,
991 2584 1038 2602 oe-

249 2609 352 2637 cultum
367 2610 469 2639 bellum
484 2614 554 2639 mihi
567 2613 678 2640 indixit:
701 2615 736 2641 ita
750 2613 886 2641 occultum
897 2619 995 2645 tamen,
1007 2617 1038 2640 ut

955 88 984 113 T.
1017 88 1291 114 ‹ltctiiioxis

1081 157 1157 182 multi
1179 158 1244 183 milii
1262 157 1452 185 renuntiarent.
1470 163 1495 183 ct
1512 159 1568 192 ipse
1585 158 1661 184 facile
1673 158 1869 185 animadverte-

1080 203 1144 223 reni,
1159 194 1226 219 male
1239 203 1300 220 eum
1311 194 1344 220 (le
1352 196 1523 229 mecogitare.
1548 196 1720 230 Posteaquam
1730 204 1871 222 vcrocorn-

1081 232 1135 264 peri
1152 240 1214 257 eum
1230 231 1373 265 collegium
1390 237 1513 261 tentasse,
1527 232 1624 258 deinde
1635 238 1723 267 aperte
1734 242 1795 258 cum
1807 234 1870 267 qui·

1080 268 1193 294 busdam
1211 269 1342 298 locutum,
1364 277 1426 294 cum
1442 270 1469 294 l..
1484 270 1605 299 Domitio.
1619 275 1646 295 ut
1657 279 1728 296 nunc
1739 275 1787 298 eat.
1802 270 1869 296 milii

1081 306 1270 331 inimicissimo
1282 306 1397 335 bomine,
1406 305 1568 337 deliberare,
1586 307 1653 332 velle
1666 307 1869 333 honmununcu-

1081 342 1135 368 lum
1157 342 1259 369 deferre
1277 343 1326 369 Cn.
1343 343 1480 377 Pompeio:
1504 344 1593 377 ipsum
1608 349 1636 369 ut
1651 344 1821 378 prenderent.
1845 349 1871 370 et

1079 380 1112 405 ab
1127 388 1158 405 eo
1172 380 1329 414 deprecarer
1345 381 1483 409 iniuriam.
1504 389 1585 414 quem
1602 382 1682 406 vitam
1694 381 1760 407 milii
1772 381 1870 407 debe-re

1081 422 1211 450 putaram,
1227 418 1367 452 impetrare
1379 426 1392 442 a
1405 426 1446 443 me
1458 426 1508 443 non
1521 418 1605 451 potui.
1628 417 1729 449 2.Quid
1741 427 1803 453 ergo
1813 418 1871 444 est?

1080 455 1147 480 'sum
1168 454 1278 489 quidem
1299 463 1361 480 cuin
1381 454 1483 489 aliquot
1501 455 1611 484 amicis,
1633 456 1680 489 qui
1702 460 1782 481 testea
1796 461 1871 482 erant

1080 500 1199 518 meorum
1221 493 1247 518 in
1264 491 1340 518 illum
1358 493 1521 521 meritorum,
1539 492 1642 517 locutus
1653 500 1724 517 sum.
1765 492 1871 518 Postea-

1079 537 1161 563 quam
1179 529 1264 558 illurn.
1283 537 1324 558 ne,
1340 530 1384 555 cui
1396 528 1559 555 satisfaceret
1569 529 1689 563 quidem.
1704 537 1745 554 me
1757 528 1870 563 dignum

1081 566 1178 592 babere
1190 567 1271 595 sensi.
1286 566 1368 592 malui
1381 566 1498 601 collegae
1509 567 1576 595 eius,
1592 566 1694 592 homini
1705 566 1871 592 alienissimo

1080 604 1157 633 mihi,
1175 609 1200 630 et
1215 609 1321 638 propter
1336 604 1480 630 amic-itiam
1494 608 1565 629 tuam
1579 612 1629 629 non
1641 604 1815 638 aequissimo,
1829 611 1871 629 me

1079 640 1207 675 obligare.
1226 650 1306 675 quam
1323 641 1397 667 illius
1411 641 1505 666 simiae
1518 640 1622 666 vultum
1634 641 1736 666 subire.
1758 640 1786 666 ld
1799 645 1871 675 pout-

1080 687 1160 712 quam
1174 679 1271 708 resciit,
1285 678 1472 708 excanduit,et
1481 687 1523 704 me
1535 686 1657 704 caussam
1669 678 1870 704 inimicitiarum

1080 724 1208 750 quaerere
1223 715 1378 745 clamitavit,
1398 721 1434 745 ut.
1448 716 1471 741 si
1483 715 1550 741 mihi
1563 716 1588 741 in
1604 716 1716 750 pecunia
1728 716 1817 741 minus
1829 723 1872 741 aa·

1081 752 1236 782 tisfccisset,
1255 762 1302 787 per
1323 753 1390 779 hanc
1405 754 1523 787 speciem
1542 752 1686 778 simultatis
1701 761 1763 778 eum
1778 761 1872 778 conse-

1081 795 1174 816 ctarer.
1211 791 1302 816 Postea
1314 799 1365 817 non
1377 790 1479 816 destitit
1490 798 1623 816 arcessere
1635 789 1724 815 Polam
1734 789 1870 820 Servium,

1082 832 1272 858 accusatorem,
1289 828 1356 854 inire
1370 836 1432 853 cum
1445 828 1558 853 Domitio
1568 827 1690 853 consilia.
1725 829 1750 853 3.
1766 826 1872 858 Quibus

1082 873 1166 899 quum
1187 874 1280 899 parum
1297 864 1458 899 procederet,
1476 869 1504 890 ut
1520 864 1574 890 ulla
1591 864 1648 899 lege
1664 864 1730 889 milii
1746 868 1873 898 ponerent

1082 907 1276 931 accusatorem.
1298 902 1452 936 compellari
1468 910 1498 927 ea
1515 901 1572 936 lege
1588 910 1630 926 me
1648 901 1802 930 voluerunt,
1819 909 1871 935 qua

1082 939 1171 965 dicere
1183 948 1233 965 non
1247 944 1376 974 poterant.
1408 938 1612 965 insolentissimi
1625 938 1747 964 homines
1757 938 1873 964 summis

1082 977 1255 1003 Circensibus
1272 976 1343 1003 ludis
1358 977 1425 1002 meis
1445 975 1635 1010 postulandum
1655 984 1696 1001 me
1717 975 1774 1010 lege
1790 975 1874 1001 Scan-

1083 1015 1148 1040 tinia
1169 1019 1272 1040 curant.
1313 1014 1364 1040 vix
1379 1013 1428 1039 hoc
1443 1017 1498 1038 erat
1509 1013 1569 1038 I'ola
1585 1012 1716 1041 elocutus,
1728 1020 1813 1046 quum
1824 1020 1874 1046 ego

1084 1051 1201 1086 Appium
1213 1059 1351 1077 censorem
1363 1050 1456 1076 eadem
1464 1049 1521 1084 lege
1529 1049 1672 1084 postulavi.
1693 1048 1770 1080 Quod
1777 1048 1874 1075 meiius

1084 1089 1199 1118 caderet,
1216 1087 1284 1114 nihil
1301 1088 1368 1114 vidi.
1409 1088 1475 1113 Nam
1487 1087 1526 1112 sic
1536 1091 1577 1112 est
1587 1095 1601 1112 a
1612 1085 1719 1120 populo.
1733 1091 1758 1112 et
1769 1095 1820 1112 non
1833 1086 1875 1112 in—

1085 1126 1147 1151 fimo
1157 1134 1275 1160 quoque,
1284 1125 1470 1160 approbatum,
1483 1128 1512 1150 ut
1526 1123 1746 1158 maioremAppio
1756 1123 1874 1149 dolorem

1086 1163 1168 1193 fama,
1193 1171 1274 1197 quam
1296 1162 1452 1196 postulatio,
1474 1161 1602 1187 attulerit.
1641 1161 1779 1186 Praeterea
1798 1161 1874 1195 coepi

1084 1200 1223 1230 sacellum,
1237 1201 1264 1226 in
1276 1199 1355 1226 domo
1368 1198 1441 1234 quod
1453 1203 1501 1229 est,
1514 1198 1548 1224 ab
1559 1207 1589 1224 eo
1599 1203 1699 1233 petere.
1725 1199 1749 1224 t.
1762 1197 1876 1225 Contur-

1085 1238 1130 1264 bat
1140 1246 1182 1263 me
1194 1245 1266 1263 mora
1277 1237 1348 1263 servi
1360 1237 1451 1267 huius,
1463 1236 1510 1271 qui
1523 1235 1572 1262 tibi
1584 1234 1787 1262 litterasattulit.
1808 1235 1875 1261 Nam

1085 1275 1202 1310 acceptis
1217 1274 1353 1309 prioribus
1365 1273 1469 1304 litteris,
1485 1272 1602 1308 amplius
1613 1272 1788 1307 quadraginta
1799 1280 1876 1298 man—

1085 1313 1130 1339 sit.
1156 1312 1229 1344 Quid
1243 1311 1293 1338 tibi
1304 1311 1430 1342 scribam,
1443 1312 1544 1337 nescio.
1575 1310 1642 1340 Scis,
1655 1310 1769 1336 Domitio
1782 1308 1876 1346 [eomi—

1085 1348 1194 1385 tiorum]
1206 1349 1279 1375 diem
1290 1349 1379 1375 timori
1389 1357 1459 1374 esse.
1480 1348 1612 1382 Exspecto
1623 1352 1647 1374 te
1659 1346 1746 1377 vaide,
1758 1352 1784 1373 et
1793 1354 1875 1381 quam

1085 1388 1205 1421 primum
1220 1386 1312 1412 videre
1326 1386 1417 1420 cupio.
1459 1385 1483 1412 A
1497 1390 1521 1411 te
1537 1390 1611 1419 peto.
1631 1390 1660 1411 ut
1674 1392 1747 1410 meas
1763 1384 1876 1410 iniurias

1085 1424 1198 1459 proinde
1213 1423 1318 1454 doleas,
1340 1428 1370 1449 ut
1384 1431 1428 1449 me
1441 1423 1580 1449 existimas
1595 1426 1622 1449 et
1636 1421 1725 1448 dolere
1740 1426 1766 1448 et
1781 1420 1876 1448 ulcisci

1085 1467 1145 1488 tuas
1156 1461 1252 1488 solere.
1293 1458 1388 1497 [Vale.]

1137 1530 1202 1551 xm.
1222 1530 1298 1550 ΑΚΘ.
1318 1529 1422 1550 Ciceroni
1444 1528 1568 1554 gratulatur
1590 1527 1720 1548 affinitatem
1738 1526 1876 1549 Dolabellae.

1085 1569 1160 1586 narrat
1177 1565 1205 1585 de
1217 1563 1377 1585 intercessione
1391 1563 1508 1588 Curionis,
1527 1567 1549 1583 et
1562 1563 1589 1583 de
1603 1562 1725 1590 provinciis
1739 1561 1792 1589 qnid
1806 1565 1876 1582 nemu

1086 1600 1124 1625 nit,
1135 1603 1156 1621 et
1166 1600 1193 1620 de
1202 1603 1272 1620 morte
1282 1598 1405 1619 Hortensii.
1429 1600 1516 1622 (Romae,
1526 1600 1600 1620 Paullo,
1610 1599 1701 1617 Mai-alto
1711 1605 1756 1616 uou-
1769 1598 1825 1622 704.)

1267 1642 1435 1670 CAELIUS
1455 1641 1645 1669 CICERONI
1665 1641 1694 1668 S.

1144 1690 1167 1714 t.
1183 1684 1312 1714 Gratulor
1321 1687 1370 1713 tibi
1377 1686 1505 1713 affinitate
1511 1687 1563 1712 viri
1570 1685 1676 1712 medius
1683 1685 1875 1719 fidiusoptimi.

1086 1726 1153 1752 Nam
1169 1725 1218 1751 hoc
1233 1733 1283 1760 ego
1297 1724 1330 1750 de
1341 1724 1389 1750 illo
1398 1724 1534 1750 existimo.
1574 1723 1665 1750 Cetera
1676 1730 1763 1757 porro,
1774 1721 1878 1757 quibus

1086 1763 1174 1789 adhuc
1194 1761 1239 1788 ille
1260 1762 1314 1788 sibi
1328 1769 1424 1796 parum
1439 1760 1514 1787 utilis
1531 1760 1591 1791 fuit,
1607 1765 1632 1786 et
1647 1764 1731 1786 aetate
1745 1760 1799 1786 iam
1814 1764 1879 1785 sunt

1086 1800 1200 1826 decussa
1216 1804 1242 1826 et
1255 1798 1451 1826 consuetudine
1465 1803 1545 1832 atque
1560 1799 1714 1824 auctoritate
1729 1801 1774 1823 tua
1789 1800 1815 1822 et
1826 1804 1878 1830 pu—

1085 1837 1149 1864 dore
1164 1836 1275 1867 Tulliae,
1293 1836 1317 1862 si
1332 1843 1386 1870 qua
1397 1835 1543 1865 restabunt,
1560 1834 1664 1861 confide
1680 1833 1802 1860 celeriter
1811 1833 1878 1859 sub—

1087 1874 1169 1901 latum
1184 1875 1229 1901 iri.
1269 1874 1326 1899 Non
1342 1877 1383 1899 est
1393 1873 1465 1899 enim
1476 1880 1587 1907 pugnax
1597 1872 1625 1898 in
1635 1872 1718 1901 vitiis,
1731 1878 1819 1905 neque
1829 1869 1879 1896 he-

1086 1912 1133 1938 bes
1145 1911 1176 1938 ad
1194 1911 1235 1942 id,
1252 1910 1324 1946 quod
1339 1909 1438 1936 melius
1453 1910 1502 1940 sit,
1518 1908 1734 1944 intelligendum.
1777 1906 1879 1934 Deinde

1086 1949 1169 1984 (quod
1184 1949 1334 1975 maximum
1346 1947 1396 1982 est)
1409 1955 1460 1982 ego
1474 1946 1553 1972 illum
1564 1946 1642 1972 valde
1652 1954 1722 1972 amo.
1747 1946 1774 1971 2.
1787 1943 1876 1975 Voles,

1087 1986 1188 2016 Cicero,
1204 1986 1347 2012 Curionem
1368 1989 1489 2011 nostrum
1510 1983 1613 2010 lautum
1635 1982 1834 2009 intercessionis
1843 1980 1878 2008 de

1087 2021 1489 2059 provinciisexitumhabuisse.
1503 2021 1571 2047 Nam
1577 2029 1662 2056 quum
1668 2019 1701 2046 de
1707 2019 1879 2046 intercessio—

1087 2070 1120 2087 ne
1134 2060 1290 2091 referretur,
1303 2067 1373 2095 quae
1388 2058 1480 2086 relatio
1494 2058 1573 2084 fiebat
1583 2066 1618 2085 ex
1627 2062 1736 2084 senatus
1745 2055 1877 2087 οοιιειιΙιο,

1087 2098 1228 2133 primaque
1239 2097 1275 2123 M.
1288 2095 1406 2123 Marcelli
1417 2096 1547 2122 sententia
1557 2095 1726 2130 pronuntiata
1736 2097 1816 2124 esset,
1829 2092 1877 2128 qui

1087 2134 1222 2171 agendum
1232 2143 1295 2160 cum
1306 2133 1424 2161 tribunis
1436 2133 1525 2168 plebis
1535 2132 1673 2159 censebat:
1695 2131 1823 2166 frequens
1833 2137 1878 2156 se-

1088 2177 1166 2198 natus
1182 2172 1209 2198 in
1223 2171 1275 2198 alia
1289 2171 1378 2198 omnia
1394 2170 1435 2197 iit.
1474 2169 1617 2196 Stomacho
1630 2174 1671 2195 est
1684 2168 1787 2195 scilicet
1798 2167 1880 2194 Pom-

1088 2210 1166 2244 peius
1178 2209 1292 2244 Magnus
1305 2216 1377 2234 nunc
1387 2208 1421 2234 ita
1434 2207 1580 2243 languenti,
1593 2211 1623 2232 ut
1633 2206 1680 2232 vix
1690 2204 1728 2236 id,
1740 2203 1813 2239 quod
1823 2203 1878 2230 sibi

1087 2246 1203 2281 placeat,
1225 2246 1350 2280 reperiat.
1390 2244 1561 2270 Transierant
1579 2242 1658 2274 illuc,
1673 2247 1704 2269 ut
1723 2242 1790 2268 ratio
1806 2245 1879 2268 esset

1087 2283 1146 2309 eius
1158 2283 1290 2314 habenda,
1303 2282 1352 2317 qui
1366 2289 1454 2316 neque
1468 2281 1616 2307 exercitum
1627 2287 1714 2314 neque
1724 2278 1879 2314 provincias

1087 2319 1190 2347 tradere
1201 2319 1292 2346 vellet.
1317 2318 1549 2352 Quemadmodum
1560 2317 1610 2343 hoc
1619 2317 1764 2350 Pompeius
1775 2315 1878 2341 laturus

1086 2357 1132 2388 sit,
1148 2357 1243 2392 (quum
1258 2360 1412 2392 eognoscat,
1429 2355 1560 2390 quidnam
1575 2353 1741 2388 reipublicae
1756 2352 1878 2379 futurum

1087 2395 1135 2427 sit,
1158 2394 1182 2421 si
1193 2402 1245 2421 non
1255 2393 1351 2428 curet.)
1361 2401 1410 2419 vos
1420 2400 1498 2419 senes
1508 2391 1606 2417 divites
1618 2390 1750 2416 videritis.
1771 2388 1803 2421 Q.
1810 2389 1878 2415 Hor-

1087 2432 1200 2463 tensius,
1215 2439 1301 2467 quum
1313 2430 1362 2457 has
1375 2429 1475 2456 litteras
1485 2428 1592 2462 scripsi,
1605 2428 1723 2454 animam
1733 2425 1839 2463 agebat.

1138 2516 1202 2538 XIV.
1217 2516 1292 2537 ABG.
1311 2516 1345 2537 De
1354 2514 1449 2537 Domitii
1457 2512 1554 2540 repulsa,
1564 2512 1592 2533 de
1601 2511 1717 2533 Saturnini
1727 2510 1875 2535 accusatione.

1087 2552 1114 2573 ile
1126 2551 1229 2579 Pompeii
1246 2554 1269 2571 et
1281 2550 1385 2572 Caesari·
1396 2547 1528 2572 ‹ti-eordiin.
1543 2547 1570 2568 de
1584 2547 1653 2575 Appii
1667 2546 1766 2568 censoria
1779 2545 1876 2567 ridicula

1087 2586 1206 2613 diligentia
1215 2589 1237 2607 et
1245 2586 1394 2608 coniecturam
1402 2585 1430 2605 «le
1438 2584 1513 2604 fatum
1523 2582 1660 2610 reipublicae
1668 2584 1728 2603 ataui
1737 2580 1838 2609 exponit.

1283 2622 1370 2646 (Romae,
1379 2619 1453 2641 Paullo.
1461 2618 1555 2639 Eamne
1565 2626 1611 2638 eon.
1623 2620 1678 2640 τω.)
