1941 3052
411 151 459 178 IN
490 151 690 179 VERREM
722 150 821 178 ACT.
856 150 888 177 11.

77 223 152 249 vium
165 229 272 253 caussa,
292 222 322 248 P.
337 222 454 248 Vettium
470 222 503 248 ad
516 231 545 248 se
558 222 681 254 arcessit,
701 226 869 257 quaestorem
890 220 893 230 '

76 268 171 290 suum.
195 260 274 286 cuius
291 259 404 286 consilio
421 264 552 286 uteretur:
577 268 664 295 neque
682 260 711 286 P.
732 259 867 290 Cervium,
892 262 893 280 ἓ

77 297 156 324 talem
174 297 277 328 virum⁷
299 296 428 332 legatum.
445 297 506 332 qui,
525 298 589 332 quia
605 297 707 333 legatus
725 297 776 323 isto
794 304 871 331 prae-
892 301 893 324 l

76 339 132 361 tore
145 335 172 360 in
182 333 272 360 Sicilia
286 333 345 365 fuit,
361 335 466 369 primus
480 334 513 360 ab
526 335 578 361 isto
591 334 674 361 iudex
687 335 800 360 reiectus
814 337 868 360 est:

77 371 124 398 sed
137 371 171 397 de
190 371 335 402 latronum,
356 371 406 398 hoc
424 376 464 398 est
481 371 515 397 de
533 372 660 398 comitum
679 380 790 398 suorum
809 379 872 397 sen·
892 371 894 398 l

77 409 158 435 tentia
172 408 331 435 condemnat
343 417 446 435 omnes.
470 410 528 435 ⁴45.
540 409 588 435 Hic
597 409 686 435 cuncti
696 408 788 440 Siculi,
806 408 872 435 fide—

78 446 175 472 lissimi
189 450 268 480 atque
278 446 460 481 antiquissimi
470 447 544 477 socii,
560 446 685 481 plurimis
695 446 780 472 affecti
790 446 873 472 bene·-

78 483 146 510 ficiis
165 492 179 509 a
198 483 344 510 maioribus
363 484 473 514 nostris,
494 484 610 519 graviter
627 488 829 510 commoventur
846 487 873 509 et

77 520 111 547 de
125 521 182 547 suis
197 520 325 555 periculis
339 520 507 555 fortunisque
525 521 650 547 omnibus
668 521 870 555 pertimescunt.

77 557 153 584 Illam
172 557 340 584 clementiam
358 558 646 592 mansuetudinemque
665 559 748 584 nostri
765 557 871 592 imperii

77 596 105 622 in
124 599 223 621 tantam
242 595 425 622 crudelitatem
444 595 720 629 inhumanitatemque
737 603 796 621 esse
809 603 872 621 con-

78 631 203 659 versam‘?
225 632 399 659 Condemnari
414 636 451 659 tot
464 632 586 658 homines
600 640 654 659 uno
667 636 794 667 tempore,
811 631 872 658 nul-

79 669 104 696 lo
118 669 248 696 crimine?
260 669 442 696 defensionem
456 678 567 696 suorum
581 669 711 696 furtorum
726 673 872 704 praetorem

77 707 234 742 improbum
252 715 285 733 ex
297 707 484 742 indignissima
498 711 581 733 morte
595 707 776 733 innocentium
791 715 873 741 quae-

79 743 154 771 rere‘?
179 743 252 770 Nihil
266 744 328 770 addi
342 745 394 770 iam
409 743 528 775 videtur,
548 743 663 775 iudices,
684 744 717 770 ad
736 744 803 770 hanc
822 744 874 770 im-

78 781 247 816 probitatem,
263 782 405 807 amentiam
420 781 659 816 crudelitatemque
673 789 765 816 posse:
783 780 818 817 [et
832 790 873 807 re-

79 823 120 845 cte
134 818 201 845 nihil
215 817 343 854 videtur.]
383 819 449 844 Nam
464 819 487 844 si
500 827 562 845 cum
577 818 689 845 aliorum
703 819 873 854 improbitate

79 860 168 886 certet,
186 855 262 891 longe
275 864 368 882 omnes
382 855 552 891 multumque
566 856 713 891 superabit.

135 894 191 919 ⁴⁴6.
207 892 258 919 Sed
271 901 363 919 secum
374 893 433 928 ipse
443 898 538 920 certat:
554 893 582 920 id
592 894 654 929 agit,
671 898 700 920 ut
710 902 816 928 semper
826 902 874 919 su-

78 930 170 965 perius
184 938 265 956 suum
279 929 383 957 facinus
397 939 466 957 novo
479 930 577 957 scelere
591 932 689 957 vincat.
715 931 872 957 Phalacrum

79 967 285 1002 Centuripinum
307 967 427 994 dixeram
450 973 593 1003 exceptum
610 976 670 995 esse
687 977 701 995 a
721 968 870 999 Cleomene,

79 1004 151 1040 quod
165 1005 192 1031 in
207 1005 266 1031 eius
279 1005 444 1040 quadriremi
458 1005 613 1032 Cleomenes
627 1010 720 1032 vectus
734 1011 818 1032 esset:
834 1010 874 1032 ta-

80 1050 141 1068 men
148 1042 212 1077 quia
222 1043 395 1077 pertimuerat
404 1042 566 1074 adolescens,
582 1043 655 1078 quod
665 1043 785 1070 eamdem
796 1052 873 1070 suam

79 1087 201 1106 caussam
216 1079 324 1106 videbat
337 1088 408 1111 esse,
424 1089 506 1115 quam
520 1080 641 1112 illorum,
657 1082 705 1116 qui
719 1081 873 1108 innocentes

79 1117 216 1152 peribant:
232 1117 333 1143 accedit
347 1117 379 1144 ad
393 1117 530 1144 hominem
544 1118 741 1151 Timarchides3
757 1127 771 1145 a
785 1119 873 1145 securi

79 1158 158 1190 negat
171 1162 231 1181 esse
244 1154 268 1181 ei
283 1154 448 1189 periculum:
464 1155 549 1192 virgis
563 1164 596 1182 ne
605 1155 769 1187 caederetur,
785 1160 875 1183 monet

78 1196 110 1218 ut
122 1195 221 1218 caveat.
251 1192 290 1218 Ne
303 1191 396 1223 multa,
411 1193 503 1228 ipsum
517 1193 605 1219 dicere
619 1193 812 1220 adolescentem
827 1202 875 1220 au-

80 1229 168 1260 distis,
185 1237 214 1255 se
227 1229 261 1256 ob
275 1229 348 1256 hunc
361 1230 497 1266 virgarum
507 1234 609 1256 metum
620 1231 761 1265 pecuniam
772 1231 875 1257 Timar-

79 1265 153 1293 chidi
167 1275 333 1293 numerasse.
356 1268 414 1293 4⁴7.
429 1268 510 1294 Levia
523 1272 587 1294 sunt
596 1267 660 1294 haec
670 1268 698 1294 in
710 1268 759 1295 hoc
768 1277 813 1295 reo
823 1269 875 1294 cri-

79 1303 163 1330 mina.
185 1304 285 1330 Metum
299 1305 435 1340 virgarum
449 1305 599 1331 navarchus
614 1305 797 1332 nobilissimae
807 1305 876 1332 civi-

80 1341 141 1368 tatis
154 1341 239 1376 pretio
253 1341 373 1368 redemit.
394 1342 547 1369 Humanum
561 1347 610 1369 est.
635 1342 722 1374 Alius,
735 1351 768 1369 ne
778 1343 876 1369 conde-

80 1382 224 1409 mnaretur,
237 1379 377 1414 pecuniam
387 1379 469 1406 dedit.
491 1379 634 1406 Usitatum.
652 1380 709 1407 Non
720 1380 778 1407 vult
789 1389 875 1415 popu-

80 1415 124 1443 lus
138 1416 273 1442 Romanus
291 1416 418 1443 obsoletis
436 1417 595 1444 criminibus
614 1418 733 1444 accusari
751 1418 873 1444 Verrem:

79 1462 147 1480 nova
159 1453 287 1488 postulat,
305 1454 424 1480 inaudita
438 1454 583 1481 desiderat:
600 1463 651 1481 non
663 1454 695 1481 de
705 1459 824 1490 praetore
834 1455 876 1482 Si-

79 1490 166 1522 ciliae,
182 1490 229 1517 sed
239 1491 272 1517 de
282 1490 382 1518 nefario
392 1495 503 1527 tyranno
513 1492 569 1518 fieri
580 1492 710 1518 iudicium
722 1492 875 1519 arbitratur.

79 1527 161 1555 XLV.
185 1527 362 1555 Includuntur
375 1529 402 1555 in
417 1537 547 1556 carcerem
561 1529 744 1556 condemnati:
769 1529 876 1565 suppli-

79 1566 153 1592 cium
167 1565 340 1592 constituitur
352 1566 380 1592 in
394 1566 469 1593 illos:
485 1568 603 1593 sumitur
617 1566 649 1593 de
660 1567 769 1593 miseris
781 1576 876 1602 paren-

80 1602 153 1629 tibus
167 1603 376 1629 nauarchorum:
391 1603 568 1638 prohibentur
581 1604 654 1630 adire
668 1604 701 1630 ad
716 1604 798 1631 filios:
814 1613 876 1639 pro-

79 1639 207 1666 hibentur
221 1639 312 1666 liberis
325 1641 383 1667 suis
397 1641 489 1667 cibum
503 1642 686 1676 vestitumque
700 1641 776 1668 ferre.
818 1644 873 1668 ll8.

79 1677 169 1704 Patres
183 1677 224 1709 hi,
243 1686 312 1712 quos
326 1678 437 1709 videtis,
457 1679 578 1705 iacebant
596 1679 623 1705 in
639 1679 744 1711 limine,
764 1684 876 1706 matres-

79 1722 134 1750 que
147 1715 258 1741 miserae
272 1715 461 1749 pernoctabant
474 1715 507 1742 ad
520 1717 618 1743 ostium
636 1717 761 1748 carceris,
782 1717 815 1743 ab
829 1725 876 1743 ex—

80 1755 165 1778 tremo
181 1751 324 1787 complexu
343 1752 457 1780 liberum
475 1753 613 1780 exclusae:
632 1762 702 1789 quae
720 1754 786 1780 nihil
801 1753 875 1781 aliud

79 1789 202 1821 orabant.
223 1789 277 1816 nisi
295 1794 325 1816 ut
337 1789 453 1817 filiorum
468 1795 617 1818 extremum
631 1792 757 1827 spiritum
771 1800 815 1818 ore
828 1800 877 1819 ex-

79 1826 168 1861 cipere
182 1826 234 1853 sibi
249 1826 349 1854 liceret.
388 1828 486 1854 Aderat
499 1829 594 1855 ianitor
607 1829 732 1860 carceris,
757 1829 876 1856 carnifex

80 1864 222 1899 praetoris,
243 1873 314 1891 mors
328 1869 464 1900 terrorque
478 1866 611 1893 sociorum
625 1870 651 1893 et
664 1867 778 1898 civium,
801 1866 876 1894 lictor

79 1900 202 1934 Sextius;
227 1902 271 1928 cui
285 1910 318 1928 ex
330 1903 404 1929 omni
417 1903 519 1939 gemitu
533 1903 677 1939 doloreque
690 1908 760 1931 certa
773 1913 875 1931 merces

79 1938 289 1974 comparabatur.
310 1939 344 1966 Ut
357 1939 446 1972 adeas,
462 1945 564 1968 tantum
578 1941 669 1968 dabis:
685 1946 715 1968 ut
724 1942 815 1968 cibum
827 1942 874 1969 tibi

80 1975 150 2002 intro
163 1975 231 2003 ferre
245 1975 330 2008 liceat,
346 1980 458 2004 tantum.
480 1978 564 2005 Nemo
575 1979 722 2006 recusabat.
744 1978 833 2012 Quid?
847 1984 876 2006 ut

80 2021 136 2039 uno
148 2013 202 2040 ictu
216 2014 319 2040 securis
337 2014 442 2041 afferam
460 2020 572 2042 mortem
592 2016 646 2042 filio
664 2020 722 2048 tuo.
743 2016 810 2052 quid
828 2016 876 2043 da-

80 2048 143 2077 bis?
165 2058 198 2077 ne
215 2050 262 2077 diu
276 2051 427 2078 crucietur?
449 2061 481 2078 ne
495 2053 602 2088 saepius
617 2052 744 2080 feriatur?
766 2062 799 2080 ne
812 2062 874 2080 cum

80 2095 163 2114 sensu
180 2086 280 2114 doloris
298 2087 389 2123 aliquo
407 2093 453 2116 aut
465 2090 584 2116 cruciatu
598 2091 710 2125 spiritus
724 2090 876 2118 auferatur?

80 2124 168 2151 Etiam
182 2124 216 2151 ob
231 2124 299 2152 hane
312 2133 435 2152 caussam
449 2127 563 2161 pecunia
577 2127 662 2154 lictori
672 2128 794 2155 dabatur.
816 2130 873 2156 ⁴⁴9.

80 2160 103 2189 Ο
116 2170 244 2198 magnum
263 2166 342 2198 atque
360 2163 557 2190 intolerandum
575 2164 706 2192 dolorem]
733 2174 749 2192 o
766 2174 875 2201 gravem

80 2199 258 2234 acerbamque
272 2199 418 2226 fortunamt
434 2201 492 2228 Non
506 2202 588 2228 vitam
604 2201 727 2235 liberum,
743 2203 791 2229 sed
806 2212 876 2230 mor-

80 2237 116 2263 tis
133 2236 295 2263 celeritatem
314 2238 399 2272 pretio
417 2237 547 2265 redimere
564 2239 728 2275 cogebantur
741 2245 873 2275 parentes.

80 2273 168 2309 Atque
186 2274 239 2309 ipsi
253 2274 333 2301 etiam
347 2274 528 2302 adolescentes
541 2284 603 2302 cum
618 2276 709 2304 Sextio
722 2286 772 2305 suo
785 2278 818 2304 de
831 2287 876 2304 ea-

80 2310 142 2338 dem
157 2310 234 2348 plaga
247 2315 274 2338 et
286 2311 320 2338 de
333 2320 387 2338 uno
401 2311 447 2339 illo
460 2313 515 2339 ictu
531 2312 716 2348 loquebantur,
732 2315 814 2350 idque
828 2324 876 2350 po-

81 2352 210 2375 stremum
225 2353 348 2384 parentes
362 2358 426 2376 suos
440 2349 517 2377 liberi
526 2351 644 2382 orabant.
660 2356 690 2378 ut
700 2351 804 2379 levandi
815 2361 876 2379 cru-

80 2385 166 2412 ciatus
189 2386 232 2412 sui
254 2387 338 2422 gratia
362 2386 447 2414 lictori
465 2388 579 2422 pecunia
596 2388 714 2416 daretur.
754 2389 831 2416 Multi
850 2394 876 2416 et

80 2430 175 2458 graves
185 2422 290 2450 dolores
298 2424 399 2451 inventi
412 2425 568 2459 parentibus
578 2430 604 2452 et
613 2427 772 2461 propinquis
781 2436 786 2459 ;
804 2435 849 2453 mu
855 2427 876 2453 l-

80 2459 114 2486 ti:
138 2464 321 2488 verumtamen
336 2470 408 2488 mors
422 2463 457 2488 sit
469 2467 596 2489 extrema.

80 2495 183 2532 aliquid
197 2497 280 2530 ultra,
299 2507 354 2534 quo
367 2499 491 2535 progredi
505 2499 649 2527 crudelitas
663 2500 766 2535 possit?
790 2501 877 2536 Repe-

80 2533 172 2561 rietur.
212 2535 279 2562 Nam
297 2535 405 2563 illorum
425 2537 502 2563 liberi
520 2545 605 2572 quum
623 2542 701 2564 erunt
714 2538 801 2564 securi
816 2547 877 2573 per-

79 2571 154 2598 cussi
167 2579 197 2598 ac
210 2573 304 2604 necati,
320 2581 428 2608 corpora
443 2573 506 2600 feris
520 2575 689 2601 obiiciantur.
729 2575 782 2602 Hoc
795 2576 819 2602 si
835 2575 876 2602 lu-

80 2611 204 2635 ctuosum
219 2613 259 2636 est
272 2611 437 2644 parentibus,
454 2611 566 2638 redimat
577 2613 661 2647 pretio
671 2612 817 2647 sepeliendi
829 2621 876 2647 po-

80 2648 211 2672 testatem.
239 2647 297 2674 ⁴20.
311 2647 431 2675 Onasum
445 2648 632 2685 Segestanum,
648 2649 783 2676 hominem
799 2650 876 2677 nobi-

82 2681 143 2714 tem,
158 2682 247 2710 dicere
257 2684 380 2717 audistis.
396 2694 425 2713 se
435 2686 469 2713 ob
478 2686 644 2722 sepulturam
654 2687 767 2714 Heraclii
779 2696 875 2714 nauar-

631 2463 687 2490 Non
701 2464 760 2490 erit.
794 2464 876 2490 Estne
898 2457 900 2526 ἱ

922 150 1008 177 LlB.
1042 150 1074 176 V.
1104 149 1158 177 CA
1172 150 1202 176 P.
1225 151 1252 176 il
1275 165 1312 169 —
1333 150 1374 177 47.
1665 153 1708 178 34⁴

921 221 965 247 chi
978 221 1120 256 pecuniam
1134 220 1297 247 Timarchidi
1311 228 1475 247 numerasse.
1513 221 1567 247 Hoc
1580 229 1613 248 ne
1627 223 1716 256 possis

921 258 1022 285 dicere:
1043 263 1130 293 patres
1144 259 1215 285 enim
1230 258 1350 289 veniunt,
1367 258 1474 285 amissis
1489 258 1564 290 filiis,
1580 259 1654 285 irati:
1675 260 1716 286 vir

922 296 1080 330 primarius,
1100 296 1181 322 homo
1194 295 1394 326 nobilissimus,
1415 295 1492 328 dicit;
1513 304 1601 330 neque
1614 296 1647 322 de
1662 296 1716 323 filio

922 333 996 359 dicit.
1036 334 1091 359 lam
1106 333 1168 365 hoc,
1188 333 1251 368 quis
1269 338 1327 359 tum
1345 332 1396 359 fuit
1409 332 1562 369 Syracusis,
1582 333 1650 368 quin
1669 342 1717 360 au-

922 370 1013 401 dierit,
1029 371 1096 405 quin
1110 371 1189 401 sciat,
1206 370 1254 396 has
1268 370 1430 397 Timarchidi
1444 370 1579 405 pactiones
1594 370 1718 405 sepultu-

923 416 966 434 rae
979 416 1041 434 cum
1056 408 1126 434 vivis
1141 408 1220 433 etiarn
1234 407 1289 434 illis
1303 416 1362 434 esse
1375 407 1475 434 factas?
1488 408 1545 434 Non
1556 407 1644 442 palam
1654 417 1716 434 cum

923 445 1090 471 Timarchide
1113 443 1308 480 loquebantur?
1333 453 1385 471 non
1402 453 1495 472 omnes
1512 446 1633 471 omnium
1656 454 1719 480 pro·

923 483 1018 517 pinqui
1033 481 1246 508 adhibebantur?
1268 491 1319 508 non
1334 482 1421 517 palam
1435 482 1559 508 vivorum
1572 482 1665 509 funera
1680 482 1720 510 lo-

922 519 1068 546 cabantur‘?
1081 519 1187 551 Quibus
1201 519 1281 545 rebus
1295 520 1421 546 omnibus
1436 520 1501 546 actis
1515 524 1594 554 atque
1608 519 1716 552 decisis,

923 557 1107 591 producuntur
1120 565 1134 582 e
1147 565 1259 587 carcere,
1276 556 1435 592 deligantur.
1469 557 1561 583 XLVI.
1578 559 1636 584 42⁴.
1652 557 1718 590 Quis

923 599 976 620 tam
992 594 1042 620 fuit
1056 594 1102 620 illo
1115 598 1234 628 tempore
1247 593 1331 620 durus
1345 598 1371 620 et
1389 594 1504 624 ferreus,
1524 595 1586 629 quis
1604 599 1658 621 tam
1676 595 1719 621 in—

924 631 1058 658 humanus
1073 635 1175 666 praeter
1189 639 1273 657 unum
1288 635 1327 662 te,
1347 631 1414 665 quin
1433 631 1539 657 illorum
1554 636 1650 663 aetate,
1671 640 1720 659 no-

923 668 1034 699 bilitate,
1050 669 1158 695 miseria
1171 668 1401 694 commoveretur?
1414 669 1513 703 Ecquis
1525 668 1583 699 fuit,
1599 670 1666 704 quin
1681 669 1720 695 la—

923 705 1096 732 crimaretur‘?
1117 706 1184 740 quin
1198 706 1234 732 ita
1248 705 1423 731 calamitatem
1439 710 1542 740 putaret
1556 706 1672 737 illorum,
1689 711 1720 733 ut

924 743 1057 769 fortunam
1071 747 1159 769 tamen
1174 751 1225 769 non
1240 742 1363 774 alienam,
1380 742 1530 777 periculum
1544 747 1632 769 autem
1646 752 1719 770 com-

924 789 1006 806 mune
1024 780 1214 807 arbitraretur?
1237 780 1380 806 Feriuntur
1398 781 1499 806 securi:
1526 780 1630 806 laetaris
1648 785 1677 807 tu
1691 781 1719 807 in

923 818 1045 844 omnium
1059 818 1163 853 gemitu
1178 822 1203 844 et
1220 817 1387 852 triumphas:
1416 822 1497 843 testes
1517 818 1641 844 avaritiae
1659 823 1719 844 tuae

923 855 1025 891 gaudes
1039 864 1099 882 esse
1113 855 1242 882 sublatos.
1275 855 1399 886 Errabas,
1416 855 1519 886 Verres,
1536 859 1561 881 et
1576 854 1720 882 vehemen-

924 897 964 919 ter
974 893 1089 923 errabas,
1105 901 1191 928 quum
1202 897 1226 919 te
1240 892 1358 919 maculas
1373 892 1505 919 furtorum
1520 896 1545 918 et
1559 891 1719 928 flagitiorum

925 935 1033 957 tuorum
1051 931 1184 957 sociorum
1202 930 1386 956 innocentium
1401 930 1532 965 sanguine
1546 929 1635 956 eluere
1649 930 1721 956 arbi-

924 968 1041 994 trabare:
1061 976 1188 1002 praeceps
1201 968 1316 994 amentia
1331 967 1461 998 ferebare,
1482 968 1529 1002 qui
1544 971 1568 993 te
1583 967 1721 993 existima-

925 1014 967 1032 res
980 1006 1106 1032 avaritiae
1123 1004 1235 1032 vulnera
1253 1004 1419 1031 crudelitatis
1437 1004 1562 1031 remediis
1581 1013 1661 1039 posse
1678 1013 1722 1031 sa-

925 1051 997 1069 nare.
1018 1043 1124 1069 Etenim
1138 1051 1303 1078 quamquam
1318 1042 1358 1068 illi
1372 1046 1436 1069 sunt
1449 1042 1547 1068 mortui
1561 1041 1670 1068 sceleris
1681 1042 1721 1068 tui

925 1085 1018 1111 testes,
1034 1084 1123 1107 tamen
1137 1088 1228 1107 eorum
1243 1080 1387 1115 propinqui
1402 1088 1488 1114 neque
1502 1079 1551 1106 tibi
1566 1088 1653 1114 neque
1667 1079 1721 1106 illis

925 1117 1037 1144 desunt:
1053 1122 1142 1145 tamen
1156 1126 1189 1144 ex
1202 1117 1249 1144 illo
1262 1118 1322 1152 ipso
1336 1126 1448 1144 numero
1462 1116 1657 1144 nauarchorum
1672 1116 1722 1143 ali-

925 1156 974 1190 qui
987 1156 1084 1182 vivunt
1097 1159 1123 1182 et
1136 1155 1248 1181 adsunt:
1264 1164 1342 1190 quos,
1358 1159 1389 1181 ut
1402 1155 1468 1181 mihi
1483 1153 1597 1185 videtur,
1613 1154 1647 1180 ab
1661 1154 1722 1180 illo—

926 1201 986 1219 rum
999 1193 1182 1219 innocentium
1197 1200 1281 1227 poena
1295 1192 1400 1219 fortuna
1414 1191 1447 1218 ad
1461 1192 1529 1218 hanc
1542 1200 1665 1218 caussam
1680 1200 1722 1218 re-

926 1230 1053 1257 servavit.
1095 1231 1152 1257 422.
1179 1230 1263 1257 Adest
1284 1229 1443 1256 Philarchus
1461 1229 1637 1260 Haluntinus,
1662 1229 1720 1264 qui,

926 1268 990 1303 quia
1003 1276 1066 1294 cum
1078 1267 1219 1294 Cleomene
1232 1276 1285 1294 nou
1300 1267 1377 1303 fugit,
1393 1275 1539 1302 oppressus
1554 1275 1567 1293 a
1581 1266 1722 1301 praedoni—

926 1305 978 1331 bus
992 1309 1018 1331 et
1031 1309 1125 1340 captus
1140 1310 1192 1332 est:
1208 1306 1252 1331 cui
1266 1304 1403 1331 calamitas
1417 1304 1498 1330 saluti
1513 1304 1576 1330 fuit:
1597 1305 1654 1339 qui,
1669 1304 1722 1330 nisi

926 1347 1019 1377 captus
1038 1351 1053 1368 a
1071 1343 1164 1377 piratis
1182 1347 1266 1374 esset,
1286 1343 1314 1368 in
1329 1342 1401 1368 hune
1414 1342 1574 1377 praedonem
1589 1342 1722 1368 sociorum

926 1379 1075 1406 incidisset.
1115 1380 1189 1406 Dicet
1205 1380 1229 1406 is
1244 1388 1291 1414 pro
1304 1380 1457 1406 testimonio
1468 1379 1501 1405 de
1514 1379 1642 1405 missione
1656 1387 1723 1405 nau-

927 1422 1024 1448 tarum,
1039 1417 1072 1443 de
1086 1416 1164 1448 fame,
1180 1416 1213 1443 de
1228 1416 1378 1443 Cleomenis
1394 1416 1465 1452 fuga.
1504 1416 1586 1442 Adest
1600 1415 1722 1443 Centuri-

927 1455 1009 1489 pinus
1023 1454 1177 1485 Phalacrus,
1193 1454 1222 1480 in
1236 1454 1403 1489 amplissima
1417 1454 1537 1484 civitate,
1553 1453 1723 1488 amplissimo

928 1492 983 1519 loco
997 1496 1086 1518 natus.
1126 1491 1225 1518 Eadem
1239 1491 1317 1518 dicit:
1333 1491 1407 1517 nulla
1422 1492 1449 1517 in
1463 1499 1491 1517 re
1504 1491 1646 1526 discrepat.

984 1531 1040 1556 ⁴23.
1060 1529 1109 1555 Per
1126 1528 1190 1555 deos
1208 1528 1386 1555 immortales!
1406 1528 1523 1558 iudices.
1543 1536 1598 1563 quo
1615 1527 1722 1554 tandem

926 1567 1016 1593 animo
1037 1566 1155 1592 sedetis?
1180 1570 1226 1593 aut
1246 1566 1312 1593 haec
1337 1565 1564 1601 quemadmodum
1591 1565 1724 1592 audistis?

926 1604 1020 1630 Utrum
1039 1612 1088 1639 ego
1106 1603 1211 1638 desipio
1229 1608 1254 1630 et
1272 1603 1334 1638 plus
1347 1612 1428 1638 quam
1442 1604 1507 1629 satis
1521 1602 1598 1629 doleo
1610 1603 1637 1629 in
1652 1607 1723 1630 tanta

927 1640 1075 1668 calamitate
1094 1640 1258 1676 miseriaque
1275 1641 1423 1671 sociorum,
1447 1649 1480 1667 an
1495 1649 1542 1666 vos
1556 1648 1665 1675 quoque
1679 1640 1724 1667 hic

926 1678 1118 1705 acerbissimus
1136 1678 1319 1704 innocentium
1337 1678 1471 1704 cruciatus
1494 1682 1520 1704 et
1541 1686 1644 1704 maeror
1665 1678 1723 1713 pari

926 1724 1009 1742 sensu
1022 1715 1122 1742 doloris
1136 1714 1236 1742 afficit?
1260 1715 1317 1751 Ego
1334 1716 1406 1742 enim
1425 1723 1511 1750 quum
1525 1715 1720 1747 Herbitensem,

926 1762 1011 1789 quum
1022 1752 1218 1779 Heracliensem
1230 1753 1317 1779 securi
1331 1761 1391 1779 esse
1405 1761 1564 1788 percussum
1578 1752 1647 1784 dico,
1663 1761 1723 1780 ver-

927 1795 1001 1818 satur
1015 1790 1081 1817 mihi
1097 1795 1156 1817 ante
1169 1790 1262 1817 oculos
1276 1790 1423 1826 indignitas
1437 1790 1605 1816 calamitatis.

982 1828 1084 1855 XLVII.
1099 1828 1233 1855 Eorumne
1244 1827 1404 1863 populorum
1415 1828 1496 1858 cives,
1510 1835 1637 1854 eorumne
1647 1835 1724 1864 agro-

927 1874 987 1893 rum
1005 1865 1142 1897 alumnos,
1163 1874 1197 1893 ex
1210 1866 1312 1901 quibus
1328 1865 1444 1892 maxima
1459 1865 1500 1891 vis
1514 1864 1641 1892 frumenti
1655 1873 1724 1900 quo-

927 1903 1015 1930 tannis
1041 1903 1114 1938 plebi
1137 1904 1269 1930 Romanae
1291 1903 1399 1930 illorum
1422 1903 1510 1938 operis
1533 1911 1564 1930 ac
1586 1902 1723 1929 laboribus

926 1941 1077 1976 quaeritur,
1102 1942 1150 1976 qui
1168 1950 1182 1967 a
1200 1941 1371 1976 parentibus,
1396 1949 1444 1976 spe
1459 1941 1542 1967 nostri
1556 1940 1662 1975 imperii
1676 1948 1724 1966 no-

926 1983 1051 2014 straeque
1064 1979 1221 2013 aequitatis,
1241 1979 1359 2013 suscepti
1373 1978 1533 2013 educatique
1548 1982 1624 2009 sunt,
1644 1977 1677 2004 ad
1692 1977 1722 2004 C.

927 2016 1016 2043 Verris
1031 2015 1159 2043 nefariam
1172 2016 1366 2043 immanitatem
1381 2020 1406 2042 et
1420 2016 1452 2042 ad
1467 2016 1525 2042 cius
1537 2015 1669 2042 funestam
1681 2023 1723 2041 se-

926 2054 1012 2080 curim
1030 2062 1091 2080 esse
1108 2053 1246 2081 servatos?
1279 2055 1336 2080 ⁴24.
1355 2052 1444 2085 Quum
1465 2053 1531 2079 mihi
1550 2052 1722 2088 Tyndaritani

926 2090 1002 2118 illius
1020 2091 1095 2118 venit
1111 2091 1140 2118 in
1158 2095 1289 2122 mentem.
1309 2099 1395 2126 quum
1415 2090 1566 2124 Segestani,
1588 2094 1644 2116 tum
1664 2090 1722 2116 iura

926 2128 1008 2155 simul
1023 2129 1160 2155 civitatum
1175 2133 1255 2164 atque
1269 2128 1355 2156 officia
1369 2128 1516 2154 considero.
1556 2127 1628 2160 Quas
1642 2127 1723 2153 urbes

926 2166 954 2192 P.
971 2165 1112 2193 Africanus
1126 2166 1205 2192 etiam
1220 2166 1352 2193 ornandas
1367 2174 1426 2192 esse
1439 2165 1534 2200 spoliis
1549 2165 1666 2191 hostium
1681 2173 1723 2190 ar-

926 2203 1040 2230 bitratus
1058 2207 1111 2234 est,
1131 2211 1176 2230 eas
1191 2204 1220 2230 C.
1237 2204 1331 2230 Verres
1345 2211 1396 2229 non
1411 2202 1499 2229 solum
1514 2201 1569 2228 illis
1583 2210 1724 2229 ornamen-

927 2241 974 2271 tis,
994 2240 1041 2267 sed
1059 2241 1138 2267 etiam
1157 2241 1223 2267 viris
1242 2240 1418 2267 nobilissimis
1438 2239 1538 2266 nefario
1555 2239 1654 2265 scelere
1669 2239 1721 2273 pri-

927 2279 1008 2304 vavit.
1031 2278 1070 2304 En
1084 2278 1158 2312 quod
1172 2278 1345 2313 Tyndaritani
1361 2277 1473 2303 libenter
1487 2276 1652 2312 praedicent:
1671 2276 1723 2302 Nos

926 2318 954 2342 iu
963 2317 1137 2348 septemdecim
1149 2317 1252 2348 populis
1261 2315 1368 2341 Siciliam
1378 2323 1557 2340 nutriter-amur:
1573 2322 1618 2339 nm
1626 2322 1724 2346 semper

927 2355 954 2378 in
975 2353 1092 2378 omnibus
1111 2352 1215 2378 Punicis
1234 2353 1461 2385 Siciliensibusque
1486 2352 1558 2377 bellis
1581 2353 1723 2376 amicitiam

926 2391 1049 2423 sideraque
1056 2391 1145 2422 populi
1156 2390 1262 2415 Romam
1271 2391 1352 2415 secun·
1361 2397 1462 2415 sumus:
1473 2397 1489 2414 α
1501 2389 1571 2414 nobis
1581 2390 1667 2413 omnia
1676 2396 1723 2420 po-

925 2428 987 2460 pulo
1003 2427 1114 2452 Romano
1131 2435 1229 2459 senipcr
1249 2430 1272 2452 et
1287 2427 1345 2452 belli
1358 2428 1505 2451 adiumenta
1521 2429 1543 2451 et
1556 2427 1630 2458 pacis
1643 2433 1723 2451 orna-

928 2468 1012 2489 menta
1031 2465 1178 2489 nutristi-atu
1195 2468 1262 2489 sunt.
1303 2462 1418 2489 Multum
1441 2470 1504 2489 vero
1526 2462 1590 2488 haec
1612 2463 1646 2489 iis
1664 2463 1722 2488 iura

927 2500 1086 2535 profuerunt
1100 2500 1126 2526 in
1141 2501 1221 2527 istius
1239 2500 1352 2535 imperio
1371 2508 1400 2525 ac
1419 2501 1560 2534 potestate!
1590 2501 1647 2526 ⁴25.
1672 2499 1722 2525 Ve-

926 2542 996 2565 stros
1009 2537 1144 2572 quondam
1160 2542 1254 2564 nautas
1267 2542 1356 2563 contra
1368 2537 1555 2571 Karthaginem
1568 2536 1658 2571 Scipio
1671 2536 1720 2562 ‹lu-

927 2576 980 2606 xit‚
1004 2580 1030 2602 at
1051 2583 1123 2601 nunc
1146 2583 1227 2601 naves
1249 2579 1338 2601 contra
1362 2574 1508 2609 praedones
1527 2582 1609 2609 paeni¹
1628 2574 1722 2600 inanes

927 2612 1083 2639 Cleomenes
1097 2612 1180 2638 ducit.
1214 2612 1358 2639 Vobiscum
1372 2611 1513 2638 Africanus
1528 2612 1645 2638 hostium
1659 2620 1722 2645 spo-

928 2649 960 2676 lia
975 2654 1001 2676 et
1015 2649 1130 2685 praemia
1146 2649 1232 2675 laudis
1246 2649 1468 2676 communicavit:
1495 2653 1521 2675 at
1534 2657 1605 2675 nunc
1619 2657 1666 2683 per
1680 2657 1722 2673 ine

903 2690 906 2714 l
926 2686 1042 2722 spoliati.
1059 2695 1126 2714 nave
1140 2695 1154 2713 a
1169 2686 1350 2722 praedonibus
1361 2686 1484 2718 abducta,
1501 2686 1553 2721 ipsi
1565 2687 1591 2712 in
1603 2686 1719 2712 hostium
