1941 3052
223 149 270 173 3³⁸

222 222 323 244 nostros
341 219 471 244 exercitus
486 227 563 252 saepo
581 217 759 246 excluserant.
781 217 814 242 iia
830 216 944 242 claustra
959 215 1008 242 loci
1030 223 1032 268 Ι

220 255 406 281 couuniucndu
421 264 471 281 non
486 255 655 281 existimavit.
696 255 738 279 85.
760 253 834 283 Vide,
849 253 914 287 quid
929 253 1009 280 inter-

220 293 256 318 sit
275 293 341 318 inter
360 297 430 318 tuam
450 292 587 318 libidinem
607 291 790 324 maiorumque
812 290 1007 322 auctoritatem3

223 330 289 355 inter
303 338 417 354 aniorcm
434 329 600 362 furoremque
616 332 691 353 tuum
706 332 731 353 et
746 327 851 353 illorum
865 327 1008 353 consilium

221 371 300 400 atque
319 365 493 400 pruilentiam.
534 364 573 390 Illi
596 364 698 390 aditum
722 364 816 390 littoris
834 364 1009 399 Syracusanis

221 403 386 428 mli-morunt.
405 408 431 427 ιιι
447 403 608 427 maritimum
623 401 765 436 imperium
779 402 943 427 concessisti.
969 401 1009 427 Illi
1030 406 1032 429 Ι

222 440 339 466 babitare
354 440 379 464 in
394 448 424 464 eo
439 439 493 464 loco
503 439 709 474 Syracusanum.
725 447 778 473 qua
793 447 873 464 naves
887 438 1010 464 accedere
1030 432 1033 464 Ι

221 481 336 511 possent,
355 476 508 501 noluerunt:
526 480 552 501 tu
563 475 642 501 classi
653 480 678 501 et
689 475 802 501 navibus
813 475 1009 511 Syracusanum

221 521 341 548 pracesse
369 512 485 538 voluisti.
525 512 629 544 Quibus
657 512 695 539 illi
722 513 796 538 urbis
822 521 885 539 suae
910 518 1009 548 partem

221 549 387 579 ademerunt.
409 549 441 574 iis
460 554 487 575 tu
507 550 588 576 nostri
604 550 708 584 imperii
723 554 823 584 partem
837 550 949 577 dedisti:
974 555 1007 580 et.

220 595 333 621 quorum
352 586 483 612 sociorum
502 595 579 621 opera
598 586 757 622 Syracusani
776 587 852 614 nobis
871 587 941 614 dicu)
962 596 1011 613 au·
1031 603 1032 607 =

220 624 322 649 dientes
341 627 415 654 sunt,
440 631 484 650 cos
502 623 677 659 Syracusanis
699 624 770 652 dicto
790 624 929 652 audientes
951 633 1011 651 esse

220 661 333 686 iussisti.

274 697 396 723 xxxnt.
419 699 460 723 86.
483 697 624 734 Egreditur
648 698 822 735 Centuripina
847 698 1011 735 quadriremi

220 733 374 761 Cleomenes
388 743 402 760 e
417 740 507 769 portu:
535 736 657 770 sequitur
670 735 813 771 Segestana
829 737 918 768 navis,
939 737 1011 772 Tyn-

219 771 350 803 daritana,
379 772 555 803 Herbitensis,
584 773 773 805 Heracliensis,
801 774 1008 809 Apolloniensis.

219 807 375 840 Haluntina,
393 809 523 844 praeclara
537 809 631 837 classis
645 810 672 837 in
686 812 817 846 speciem,
833 811 880 838 sed
895 812 971 846 inops
985 816 1011 838 et

220 846 324 872 infirma
347 850 453 880 propter
474 847 659 874 dimissionem
682 853 908 884 propugnatorum
931 854 1010 884 atque

220 883 362 918 remigum.
392 883 504 910 Tamdiu
518 885 545 910 in
561 885 671 919 imperio
684 894 733 912 suo
747 886 859 912 classem
871 887 921 912 iste
935 894 1011 921 prae·

220 924 260 947 tor
276 920 391 955 diligens
410 921 489 952 vidit,
509 922 639 956 quamdiu
656 924 811 950 convivium
825 924 883 950 eius
898 922 1010 959 flagitio-

219 957 359 984 sissimum
379 963 555 992 praetervecta
574 964 624 986 est.
663 961 724 995 Ipse
742 965 844 992 autem,
867 960 915 996 qui
934 961 1009 987 visus

219 994 312 1020 multis
325 995 421 1021 diebus
436 1004 487 1022 non
501 1001 579 1027 esset,
597 1001 652 1023 tum
664 1006 693 1024 se
703 1002 789 1024 tamen
800 998 826 1024 in
836 1002 1008 1033 conspectum

220 1032 308 1058 nautis
327 1032 474 1067 paullisper
491 1033 573 1059 dedit.
613 1034 691 1061 Stetit
709 1035 824 1061 soleatus
842 1040 945 1070 praetor
963 1043 1010 1070 po·

209 1068 276 1104 ·puli
295 1069 405 1096 Romani
424 1079 485 1096 cum
504 1070 584 1105 pallio
602 1079 736 1106 purpureo
758 1073 900 1107 tunicaque
923 1072 1007 1104 talari,

220 1106 375 1133 muliercula
391 1107 470 1133 nixus
485 1108 510 1134 in
527 1107 622 1134 littore.
661 1109 714 1135 Iam
730 1109 778 1136 hoc
792 1111 851 1144 ipso
864 1111 945 1136 istum
965 1118 1011 1136 ve-

219 1144 283 1170 stitu
295 1143 378 1170 Siculi
392 1145 518 1179 civesque
529 1145 638 1172 Romani
649 1146 774 1181 permulti
784 1155 863 1182 saepe
875 1147 1008 1173 viderunt.

219 1181 261 1207 87.
283 1181 455 1216 Posteaquam
472 1182 592 1216 paullum
607 1188 728 1217 provecta
742 1184 836 1211 classis
849 1189 902 1215 est,
921 1189 947 1210 et
962 1185 1010 1210 Pa-

218 1217 337 1254 chynum
351 1219 444 1253 quinto
454 1219 497 1245 die
507 1219 623 1254 denique
633 1220 746 1255 appulsa
755 1226 804 1253 est,
820 1226 924 1252 nautae,
941 1221 1010 1248 fame

218 1256 314 1285 coacti,
330 1256 432 1282 radices
447 1256 594 1291 palmarum
609 1258 768 1293 agrestium,
784 1267 899 1294 quarum
914 1263 968 1285 erat
982 1260 1008 1285 in

218 1292 273 1318 illis
290 1292 365 1324 locis,
387 1293 456 1320 sicut
469 1294 496 1320 in
515 1302 609 1330 magna
628 1300 700 1329 parte
715 1295 833 1327 Siciliae,
854 1295 1007 1327 multitudo.
1030 1327 1031 1331 Ἰ

218 1329 387 1365 colligebant,
403 1335 429 1357 et
443 1331 483 1356 his
498 1332 587 1357 miseri
602 1332 752 1367 perditique
763 1332 910 1360 alebantur.
933 1333 1010 1360 Cleo-

218 1375 309 1393 menes
327 1372 429 1398 autem‚
452 1369 498 1403 qui
513 1368 624 1395 alterum
638 1378 667 1396 se
681 1370 788 1396 Verrem
802 1379 888 1405 quum
903 1370 1009 1397 luxuria

218 1408 297 1439 atque
311 1405 442 1440 nequitia.
464 1410 519 1432 tum
534 1406 613 1433 etiam
628 1407 739 1442 imperio
753 1412 869 1443 putaret,
885 1407 1009 1435 similiter
1029 1399 1032 1433 i

217 1445 284 1467 totos
302 1441 372 1472 dies,
393 1443 420 1469 in
435 1442 519 1469 littore
538 1443 707 1472 tabernaculo
724 1446 822 1480 posito,
842 1446 1007 1481 perpotabat.

218 1478 340 1505 XXXIV.
362 1479 428 1506 Ecce
442 1485 530 1507 autem
544 1486 664 1516 repente,
684 1482 758 1509 ebrio
771 1483 924 1515 Cleomene.
947 1492 1010 1510 esu-

217 1515 349 1542 rientibus
367 1518 474 1548 ceteris,
495 1519 632 1545 nuntiatur
650 1520 796 1554 piratarum
814 1529 896 1547 naves
910 1529 969 1547 esse
981 1521 1008 1547 in

217 1557 293 1587 portu
307 1552 454 1589 Odysseae:
471 1563 532 1582 nam
546 1556 581 1582 ita
594 1556 618 1582 is
633 1556 706 1583 locus
720 1558 881 1585 nominatur.
915 1559 1009 1585 Nostra

217 1595 304 1616 autem
318 1590 412 1618 classis
426 1597 480 1618 erat
493 1592 520 1619 in
535 1598 611 1628 portu
626 1594 751 1630 Pachyni.
792 1594 948 1622 Cleomenes
961 1604 1010 1622 au·

217 1632 283 1658 tem,
299 1628 371 1662 quod
384 1634 439 1655 erat
453 1633 573 1656 terrestre
588 1631 752 1664 praesidium
766 1640 818 1659 non
832 1641 873 1664 re,
895 1632 943 1659 sed
962 1641 1010 1659 no-

217 1664 301 1696 mine,
318 1665 454 1700 sperabat,
470 1667 504 1692 iis
517 1667 664 1700 militibus,
679 1677 748 1703 quos
762 1678 796 1696 ex
809 1677 840 1696 eo
854 1669 910 1696 loco
922 1669 1009 1696 dedu-

216 1701 308 1732 xisset,
337 1702 444 1737 explere
465 1712 494 1730 se
513 1712 654 1731 numerum
674 1710 814 1733 nautarum
831 1710 858 1733 et
875 1707 1008 1742 remigum

216 1746 304 1772 posse.
344 1739 455 1774 Reperta
469 1745 509 1767 est
521 1741 613 1768 eadem
628 1742 706 1769 istius
721 1743 838 1770 hominis
855 1744 1007 1770 avarissimi

216 1775 282 1801 ratio
304 1776 331 1802 in
354 1777 508 1811 praesidiis,
533 1787 602 1813 quae
624 1779 651 1805 in
669 1779 809 1807 classibus.
849 1781 915 1807 Nam
934 1785 1008 1807 erant

216 1813 342 1847 perpauci
353 1813 448 1848 reliqui
460 1815 593 1849 ceterique
602 1815 717 1842 dimissi.
739 1819 781 1843 88.
796 1818 922 1853 Princeps
932 1818 1008 1845 Cleo-

216 1857 308 1876 menes
322 1850 348 1876 in
363 1850 525 1885 quadriremi
539 1852 711 1888 Centuripina
729 1854 830 1881 malum
848 1856 928 1891 erigi,
949 1855 1007 1882 vela

217 1885 286 1918 lieri,
308 1887 423 1921 praecidi
440 1888 568 1915 anchoras
587 1890 740 1924 imperavit:
768 1896 794 1918 et
811 1892 907 1924 simul,
931 1897 962 1919 ut
978 1901 1008 1919 se

216 1924 295 1950 ceteri
309 1929 492 1959 sequerentur,
508 1925 616 1962 signum
630 1927 687 1953 dari
701 1928 790 1955 iussit.
830 1929 898 1956 Haec
909 1929 1008 1956 Centu-

215 1961 302 1995 ripina
325 1962 400 1988 navis
422 1966 477 1988 erat
498 1963 647 1990 incredibili
669 1964 800 1992 celeritate
821 1966 900 1993 velis.
940 1967 1007 1993 Nam

215 1998 283 2024 scire
296 1998 347 2025 isto
361 2003 478 2033 praetore
492 2008 568 2026 nemo
583 2005 695 2035 poterat,
714 2002 781 2037 quid
794 2011 917 2038 quaeque
931 2005 1006 2031 navis

215 2035 296 2061 remis
312 2035 395 2062 facere
409 2042 511 2071 posset;
539 2038 589 2064 etsi
603 2038 630 2065 in
645 2039 694 2066 hac
707 2039 884 2074 quadriremi,
900 2046 1008 2076 propter

215 2071 342 2099 bonorem
355 2077 381 2099 et
394 2074 506 2110 gratiam
521 2074 683 2107 Cleomenis,
705 2077 816 2104 minime
834 2077 912 2104 multi
926 2079 1007 2105 remi-

214 2117 262 2144 ges
283 2114 308 2136 et
331 2109 429 2137 milites
452 2111 569 2138 deerant.
608 2112 732 2140 Evolarat
753 2115 806 2141 iam
828 2123 842 2141 e
863 2120 1006 2150 conspectu

215 2145 269 2172 fere
288 2146 394 2183 fugiens
412 2148 604 2183 quadriremis,
624 2158 709 2185 quum
728 2151 807 2178 etiam
825 2156 889 2179 tunc
906 2157 1007 2179 ceterae

215 2192 296 2210 naves
313 2193 362 2211 suo
381 2185 408 2211 in
423 2185 478 2212 loco
492 2186 678 2214 moliebantur.
719 2190 762 2214 89.
782 2189 845 2216 Erat
858 2190 964 2216 animus
978 2191 1006 2217 in

214 2219 336 2256 reliquis.
361 2221 529 2258 Quamquam
542 2229 616 2250 erant
629 2225 716 2260 pauci.
732 2234 842 2261 quoquo
855 2227 934 2254 modo
947 2236 1006 2254 sese

214 2265 256 2284 res
270 2258 395 2290 habebat,
415 2268 535 2296 pugnare
548 2265 636 2288 tamen
654 2271 683 2289 se
701 2263 770 2290 velle
787 2263 950 2296 clamabant,
970 2269 1004 2296 et,

213 2295 286 2330 quod
299 2296 432 2331 reliquum
443 2298 512 2324 vitae
522 2299 674 2334 viriumque
684 2299 768 2327 fames
780 2300 883 2332 fecerat.
900 2301 927 2328 id
938 2301 1007 2329 ferro

214 2333 384 2366 potissimum
406 2334 514 2362 reddere
537 2335 670 2364 volebant.
710 2337 787 2370 Quod
808 2339 831 2365 si
850 2338 1006 2366 Cleomenes

214 2377 266 2396 non
281 2374 351 2397 tanto
364 2376 424 2398 ante
437 2371 560 2408 fugisset,
576 2373 666 2409 aliqua
680 2379 768 2402 tamen
782 2375 815 2402 ad
824 2376 1005 2403 resistendum

214 2407 279 2447 ratio
296 2407 402 2434 fuisset.
442 2409 504 2436 Erat
521 2410 593 2437 enim
611 2411 666 2438 sola
685 2411 732 2439 illa
746 2413 822 2439 navis
835 2418 966 2440 constrata
979 2418 1005 2441 et

214 2447 248 2484 ita
256 2452 367 2485 magna.
382 2450 412 2472 ut
425 2447 624 2483 propugnaculo
633 2449 728 2476 ceteris
737 2454 828 2485 posset
836 2459 908 2484 esse3
923 2459 1001 2486 quae,

214 2487 236 2505 si
254 2488 282 2506 in
299 2482 462 2515 praedonum
481 2493 570 2520 pugna
588 2491 750 2518 versaretur,
770 2487 846 2514 urbis
859 2488 943 2514 instar
956 2488 1004 2515 ba-

214 2515 275 2542 bere
288 2518 356 2559 inter
369 2519 428 2546 illos
446 2521 569 2555 piraticos
587 2531 762 2558 myoparones
780 2524 928 2552 videretur:
955 2525 1003 2552 sed

214 2557 276 2580 tunc
289 2562 382 2589 inopes
395 2556 479 2584 relicti
493 2567 507 2584 a
521 2559 588 2585 duce
601 2560 787 2596 praefectoque
800 2561 908 2594 classis,
924 2571 1003 2590 eum-

213 2589 274 2616 dem
287 2593 434 2619 necessario
447 2603 556 2622 cursum
570 2601 658 2624 tenere
671 2603 824 2632 coeperunt.
863 2601 906 2625 90.
925 2599 1004 2627 Helo-

214 2635 272 2653 rum
283 2636 385 2670 versus,
402 2635 430 2656 ut
440 2631 496 2666 ipse
507 2632 670 2666 Cleomenes,
686 2636 721 2661 ita
735 2636 815 2662 ceteri
826 2637 1000 2672 navigabant:
1024 2637 1025 2672 j

214 2672 300 2699 neque
314 2665 339 2691 hi
355 2671 406 2692 tam
422 2668 583 2699 praedonum
602 2670 739 2706 fugiebant
756 2672 900 2709 impetum,
920 2682 1001 2709 quam
1023 2695 1025 2708 λ

790 146 832 172 26.
866 145 901 172 Μ.
932 145 962 172 Τ.
993 143 1270 172 CICERONIS

1062 217 1245 251 imperatorem
1259 215 1448 251 sequebantur.
1482 217 1560 247 Tum.
1578 218 1735 252 utquisque
1749 219 1774 245 in
1789 218 1852 254 fuga

1062 258 1225 288 postremus,
1243 253 1278 279 ita
1292 253 1319 279 in
1333 252 1453 288 periculo
1465 255 1589 289 princeps
1602 260 1670 281 erat:
1691 260 1851 289 ptntoemnm

1061 291 1131 316 enim
1149 298 1285 325 quamque
1304 299 1398 316 navem
1416 291 1515 325 piratae
1528 292 1640 326 primam
1655 291 1851 319 adoriebantur.

1062 328 1097 353 Ita
1117 327 1200 361 prima
1219 326 1423 354 Haluntinorum
1442 329 1518 354 navia
1535 337 1564 354 ca
1585 329 1651 360 itur,
1671 329 1716 355 cui
1734 335 1854 364 praeerat

1062 364 1232 395 Haluntinus.
1249 363 1328 390 homo
1341 364 1448 395 nobilis.
1464 365 1568 392 Philam
1589 374 1636 397 ως
1655 374 1736 401 quem
1750 366 1853 394 abillis

1063 401 1241 436 praedonibus
1261 401 1404 428 Locrenses
1427 407 1517 437 postea
1539 403 1646 438 publice
1668 403 1851 431 redemerunt:

1061 447 1094 465 ex
1112 447 1166 473 quo
1183 447 1231 465 vos
1249 439 1336 473 priora
1353 439 1455 465 actione
1472 440 1557 466 iurato
1574 449 1628 467 rem
1647 449 1753 467 omnem
1775 449 1855 467 esua-

1061 484 1173 511 samque
1191 477 1335 511 cognostis.
1374 476 1474 503 Deinde
1491 476 1688 511 Apolloniensis
1709 478 1788 504 navis
1809 487 1855 505 ca-

1063 514 1146 547 pitur.
1178 518 1205 539 et
1235 513 1292 540 eius
1323 513 1471 548 praefectus
1501 514 1683 549 Anthropinus
1712 515 1853 542 occiditur.

1063 550 1172 576 XXXV.
1194 551 1234 576 9⁴,
1257 550 1323 577 Haec
1341 550 1406 576 dum
1426 556 1554 586 aguntur.
1583 551 1680 578 interea
1698 551 1854 580 Cleomenes

1063 588 1114 614 iam
1132 587 1165 613 ad
1184 587 1271 614 llelori
1290 587 1364 614 littus
1384 593 1551 622 pervenerat;
1571 589 1624 615 iam
1642 597 1702 615 sese
1716 589 1742 616 in
1756 594 1852 616 terram

1062 634 1075 651 e
1090 625 1150 651 navi
1165 625 1277 651 eiecerat
1293 625 1545 661 quadrirememque
1563 626 1590 652 in
1608 625 1664 652 salo
1681 625 1853 654 fluctuantem

1062 662 1214 697 reliquerat.
1254 661 1359 697 Reliqui
1374 661 1498 697 praefecti
1512 663 1635 694 navium,
1655 672 1740 698 quum
1759 664 1786 690 in
1801 669 1854 690 ter-

1062 709 1116 725 ram
1131 700 1273 734 imperator
1286 700 1398 730 exisset,
1419 708 1502 735 quum
1522 701 1574 735 ipsi
1592 709 1680 735 neque
1693 709 1851 737 repugnare.

1062 745 1148 771 neque
1162 737 1228 769 mari
1242 736 1357 772 effugere
1371 736 1427 763 ullo
1444 737 1523 764 modo
1540 742 1661 772 possent,
1679 738 1802 773 appulsis
1819 737 1853 765 ad

1062 774 1186 800 Helorum
1201 774 1330 805 navibus,
1346 773 1514 801 Cleomenem
1528 775 1661 810 persecuti
1674 779 1747 802 sunt.
1778 775 1854 803 'runc

1061 811 1225 846 praedonum
1239 811 1296 838 dux
1310 811 1446 843 Heracleo,
1469 817 1577 847 repente
1594 817 1697 847 praeter
1709 821 1786 847 spem
1799 821 1853 840 non

1061 857 1109 875 sua
1128 850 1238 880 virtute,
1262 848 1310 875 sed
1332 849 1411 875 istius
1433 850 1541 876 avaritia
1564 850 1737 885 nequitiaque
1759 850 1852 881 victor,

1061 885 1174 912 classem
1189 885 1397 921 pulcherrimam
1415 886 1508 922 populi
1523 887 1646 917 Romani.
1666 887 1694 913 in
1714 886 1787 913 littus
1805 895 1854 914 ex-

1061 923 1166 958 pulsam
1185 928 1211 950 et
1228 923 1351 954 eiectam,
1371 932 1457 958 quum
1475 925 1593 958 primum
1611 924 1851 959 advesperasceret.

1061 960 1218 987 inflammari
1236 960 1396 996 incendique
1415 961 1504 988 iussit.
1544 963 1586 987 92.
1607 960 1629 988 Ο
1647 966 1753 996 tempus
1771 962 1855 988 mise·

1060 1007 1120 1024 rum
1134 1003 1213 1033 atque
1231 998 1356 1024 acerbum
1375 999 1526 1033 provinciae
1539 997 1659 1025 Siciliae!
1685 1007 1702 1026 o
1713 1007 1806 1025 casum
1820 998 1854 1025 il-

1061 1035 1116 1062 lum
1131 1035 1224 1062 multis
1238 1036 1425 1062 innocentibus
1443 1035 1627 1062 calamitosum
1646 1035 1852 1071 funestumque!

1059 1081 1075 1099 o
1088 1073 1168 1099 istius
1182 1073 1328 1108 nequitiam
1342 1081 1372 1099 ac
1385 1073 1579 1107 turpitudinem
1593 1073 1771 1109 singularem!
1798 1073 1853 1100 Una

1060 1114 1140 1145 atquo
1153 1109 1246 1137 eadem
1260 1119 1313 1136 nox
1327 1114 1390 1141 erat.
1406 1119 1459 1145 qua
1472 1115 1577 1145 praetor
1589 1111 1688 1137 amoris
1701 1110 1852 1145 turpissimi

1060 1146 1178 1178 flamma,
1199 1156 1229 1174 ac
1241 1147 1338 1174 classis
1352 1147 1444 1182 populi
1458 1148 1569 1174 Romani
1583 1147 1747 1182 praedonum
1762 1148 1854 1174 incen-

1059 1184 1104 1211 dio
1125 1183 1310 1221 conflagrabat.
1349 1184 1463 1211 Affertur
1485 1189 1561 1212 noete
1582 1186 1742 1220 intempesta
1762 1185 1853 1220 gravis

1060 1221 1172 1248 huiusce
1187 1222 1250 1248 mali
1265 1222 1377 1248 nuntius
1391 1221 1551 1258 Syracusas:
1573 1223 1690 1249 curritur
1702 1221 1736 1248 ad
1750 1227 1853 1257 praeto-

1059 1259 1139 1290 rium,
1154 1267 1208 1294 quo
1222 1259 1304 1286 istum
1318 1267 1352 1285 ex
1362 1259 1408 1286 illo
1418 1259 1551 1294 praeclaro
1559 1259 1683 1286 convivio
1694 1259 1854 1286 reduxerant

1060 1295 1150 1330 paullo
1172 1301 1232 1322 ante
1255 1296 1382 1323 mulieres
1403 1305 1466 1322 cum
1487 1301 1567 1323 cantu
1584 1301 1664 1331 atque
1681 1295 1851 1331 symphonia.

1060 1333 1227 1364 Cleomenes.
1248 1342 1413 1368 quamquam
1432 1342 1485 1360 nox
1502 1338 1570 1365 erat,
1593 1338 1680 1360 tamen
1699 1334 1726 1360 in
1745 1333 1854 1368 publico

1059 1379 1119 1398 esse
1133 1380 1185 1398 non
1198 1370 1291 1398 audet:
1308 1370 1421 1397 includit
1435 1379 1464 1397 se
1476 1370 1564 1397 domi:
1580 1379 1667 1406 neque
1676 1370 1765 1397 aderat
1774 1379 1851 1401 uxor,

1059 1417 1127 1444 quae
1141 1408 1272 1435 consolari
1286 1408 1423 1435 homiuem
1436 1408 1464 1434 in
1477 1407 1555 1434 malis
1568 1412 1667 1443 posset.
1703 1409 1745 1434 93.
1766 1408 1852 1434 Huius

1059 1451 1148 1472 autem
1162 1446 1290 1481 praeclari
1303 1445 1470 1481 imperatoris
1479 1445 1514 1472 ita
1524 1450 1579 1472 erat
1587 1453 1679 1472 severa
1688 1444 1760 1472 domi
1770 1445 1853 1472 disci-

1060 1483 1145 1520 plina.
1166 1488 1196 1510 ut
1209 1484 1237 1511 in
1250 1492 1278 1510 re
1291 1487 1377 1516 tanta,
1398 1484 1426 1510 in
1443 1488 1496 1510 tam
1513 1484 1588 1519 gravi
1606 1483 1702 1510 nuntio
1714 1491 1793 1510 nemo
1805 1482 1853 1509 ad-

1060 1521 1221 1552 mitteretur,
1241 1529 1320 1548 nemo
1333 1525 1416 1552 esset,
1435 1521 1484 1556 qui
1497 1520 1606 1547 auderet
1618 1525 1664 1547 aut
1676 1520 1852 1547 dormientem

1060 1559 1173 1585 excitare
1187 1563 1233 1585 aut
1247 1557 1414 1593 interpellare
1427 1557 1594 1594 vigilantem.
1633 1558 1688 1584 Iam
1702 1565 1766 1584 vero
1777 1565 1806 1584 re
1818 1557 1853 1584 ab

1059 1595 1186 1622 omnibus
1199 1596 1304 1631 cognita
1316 1595 1490 1622 concursabat
1503 1595 1570 1622 urbe
1584 1599 1636 1622 tota
1649 1595 1766 1622 maxima
1779 1593 1853 1621 mul-

1060 1632 1155 1659 titudo.
1177 1633 1234 1659 Non
1249 1633 1329 1664 enim,
1345 1633 1415 1659 sicut
1428 1637 1505 1658 antea
1517 1632 1684 1659 consuetudo
1695 1636 1760 1663 erat,
1775 1640 1853 1667 prae-

1059 1669 1160 1696 donum
1173 1669 1319 1696 adventum
1333 1669 1499 1705 significabat
1513 1669 1584 1705 ignis
1600 1677 1616 1696 e
1632 1669 1741 1704 specula
1758 1668 1852 1696 subla-

1060 1711 1102 1733 tus
1116 1711 1162 1733 aut
1176 1707 1292 1739 tumulo;
1308 1706 1356 1733 sed
1370 1705 1475 1733 flamma
1487 1715 1521 1733 ex
1535 1707 1595 1741 ipso
1607 1706 1731 1733 inoendio
1741 1706 1851 1732 navium

1059 1749 1084 1770 et
1097 1744 1272 1770 calamitatem
1287 1748 1421 1778 acceptam
1435 1748 1461 1770 et
1473 1743 1624 1778 periculum
1635 1743 1770 1779 reliquum
1782 1751 1852 1770 nun-

1059 1781 1149 1808 tiabat.
1188 1781 1313 1808 XXXVI.
1334 1781 1424 1813 Quum
1437 1786 1542 1816 praetor
1554 1786 1734 1816 quaereretur,
1751 1786 1776 1807 et
1788 1789 1852 1807 con-

1058 1823 1147 1849 staret,
1163 1819 1187 1845 ei
1201 1819 1335 1844 neminem
1349 1819 1502 1845 nuntiasse:
1518 1818 1546 1844 fit
1556 1818 1589 1845 ad
1599 1818 1710 1845 domum
1719 1818 1779 1844 eius
1788 1826 1851 1844 cum

1058 1855 1172 1882 clamore
1183 1864 1331 1882 concursus
1345 1860 1424 1891 atque
1437 1856 1562 1890 impetus.
1595 1856 1637 1882 st.
1659 1855 1728 1882 Tum
1741 1855 1792 1882 iste
1804 1863 1852 1882 ex-

1057 1893 1154 1920 citatus
1168 1893 1231 1924 exit.
1248 1893 1322 1920 audit
1332 1901 1388 1919 rem
1397 1901 1504 1920 omnem
1514 1901 1549 1919 ex
1557 1892 1739 1919 Timarchide:
1754 1900 1850 1928 sagum

1058 1931 1150 1957 sumit.
1191 1930 1309 1957 Lucebat
1321 1931 1374 1956 iam
1387 1929 1455 1957 fere:
1471 1929 1767 1965 proceditinmedium,
1782 1930 1848 1960 vini.

1057 1968 1158 1998 somni,
1178 1968 1266 2003 stupri
1279 1967 1386 2003 plenus.

1058 2005 1129 2031 modi
1148 2004 1275 2036 clamore,
1297 2010 1328 2031 ut
1345 2005 1369 2031 ei
1383 2005 1556 2039 Lampsaceni
1574 2003 1688 2039 periculi
1699 2003 1851 2031 similitudo

1059 2046 1208 2068 versaretur
1222 2047 1282 2068 ante
1294 2041 1396 2069 oculos.
1436 2042 1491 2068 Hoc
1503 2042 1582 2068 etiam
1597 2041 1684 2068 maius
1697 2041 1849 2073 videbatur,

1057 2079 1130 2114 quod
1148 2079 1175 2105 in
1193 2079 1254 2106 odio
1273 2079 1358 2106 simili
1379 2078 1525 2106 multitudo
1546 2078 1686 2105 hominum
1708 2077 1774 2105 haec
1794 2083 1850 2105 erat

1058 2116 1183 2143 maxima.
1224 2116 1292 2143 Tum
1309 2117 1389 2143 istius
1407 2120 1463 2143 acta
1480 2115 1768 2143 commemorabantur:
1791 2120 1849 2142 tum

1057 2152 1186 2189 flagitiosa
1200 2152 1246 2180 illa
1259 2153 1397 2180 convivia:
1410 2158 1469 2180 tum
1482 2152 1685 2188 appellabantur
1697 2161 1712 2179 a
1725 2152 1850 2179 multitu-

1057 2191 1119 2217 dine
1133 2190 1259 2218 mulieres
1273 2191 1443 2218 nominatim:
1455 2224 1461 2229 ‚
1471 2195 1528 2217 tum
1545 2189 1723 2226 quaerebatur
1739 2198 1773 2216 ex
1789 2190 1850 2224 ipso

1057 2227 1158 2262 palam,
1177 2232 1216 2254 tot
1229 2227 1287 2255 dies
1300 2228 1452 2259 continuos,
1469 2236 1516 2262 per
1528 2236 1597 2263 quos
1610 2235 1759 2262 numquam
1771 2227 1849 2254 visus

1057 2270 1140 2297 esset,
1161 2265 1208 2292 ubi
1227 2265 1334 2297 fuisset,
1354 2265 1421 2301 quid
1438 2264 1554 2301 egisset?
1579 2269 1637 2291 tum
1654 2265 1798 2299 imperator
1814 2263 1849 2291 ab

1057 2303 1107 2329 isto
1121 2303 1288 2338 praepositus
1302 2302 1456 2330 Cleomenes
1469 2301 1651 2338 flagitabatur:
1665 2310 1754 2336 neque
1767 2301 1850 2337 quid-

1056 2348 1137 2375 quam
1155 2341 1266 2375 propius
1283 2344 1325 2367 est
1345 2339 1458 2371 factum.

1056 2377 1210 2412 exemplum
1228 2377 1261 2404 de
1278 2376 1411 2404 Hadriano
1432 2375 1618 2404 transferretur
1634 2375 1793 2411 Syracusas,
1817 2379 1849 2402 nt

1055 2414 1108 2441 duo
1122 2414 1245 2449 sepulcra
1258 2414 1374 2441 duorum
1387 2418 1537 2450 praetorum
1547 2412 1731 2448 improborum
1739 2412 1847 2439 duabus

1055 2452 1082 2478 in
1104 2452 1249 2486 provinciis
1266 2452 1499 2479 constituerentur.
1539 2450 1638 2477 verum
1659 2450 1749 2477 habita
1771 2454 1813 2476 ast
1830 2457 1846 2476 a

1055 2489 1228 2516 multitudine
1241 2489 1308 2516 ratio
1319 2489 1460 2524 temporis,
1482 2487 1572 2514 habita
1590 2486 1736 2518 tumultus,
1756 2486 1846 2514 habita

1053 2527 1133 2553 etiam
1151 2526 1290 2562 dignitatis
1307 2525 1565 2560 existimationisque
1582 2524 1746 2555 communis,
1771 2523 1847 2559 quod

1053 2563 1077 2589 is
1095 2568 1135 2590 est
1152 2568 1300 2590 conventus
1317 2562 1458 2598 Syracusis
1479 2562 1581 2588 civium
1598 2562 1790 2592 Romanorum,
1815 2565 1848 2587 ut

1053 2609 1105 2627 non
1119 2600 1198 2628 modo
1211 2600 1257 2627 illa
1270 2600 1419 2636 provincia,
1439 2607 1533 2626 verum
1551 2599 1631 2625 etiam
1644 2598 1694 2625 bac
1706 2597 1846 2633 republica

1053 2637 1231 2673 dignissimus
1256 2637 1434 2664 existimetur.
1473 2638 1515 2663 95.
1537 2635 1701 2663 Confirmant
1724 2636 1778 2670 ipsi
1802 2643 1843 2665 se.

1052 2683 1137 2710 quum
1150 2675 1201 2702 iste
1212 2675 1292 2701 etiam
1306 2679 1363 2702 tum
1377 2674 1547 2700 semisomnis
1560 2674 1702 2708 stuperet:v
1714 2680 1787 2699 arma
1800 2680 1845 2698 ω-

1425 1967 1566 2002 Excipitur
1583 1967 1616 1994 ab
1633 1967 1759 1994 omnibus
1776 1967 1850 1994 eius-
1898 1979 1899 1982 *
1917 1958 1920 1996 f

1483 2347 1564 2375 quam
1586 2343 1616 2365 ut
1637 2338 1707 2365 illud
1725 2338 1848 2365 Uticense
1895 2323 1915 2346 '³
