1941 3052
255 141 303 164 (00⁸
818 139 875 164 itt.
910 137 944 163 M.
977 137 1008 163 T.
1043 136 1062 163 C

256 219 296 235 ma
313 214 365 235 est:
384 218 463 243 qumi·
481 218 494 233 n
511 208 586 233 nobis
598 208 636 233 siv
650 207 782 240 intelligcs
793 207 956 240 expositam,
975 207 1046 233 utab
1068 212 1070 232 ῑ

256 248 335 281 ipos,
353 247 399 280 qui
412 255 468 270 eam
481 245 652 278 disciplinam
665 244 789 278 probant,
809 253 859 269 non
874 244 956 270 soleat
968 253 1047 270 accu-
1068 243 1069 251 ¹

255 285 337 310 ratius
349 283 486 317 explic-ari.
521 282 616 307 vorum
629 282 700 307 enim
715 282 835 307 invenire
847 281 981 311 volumus,
995 290 1045 307 non
1068 299 1069 305 ,

255 326 389 354 tamquam
402 319 584 344 :ulxvrsarium
597 318 714 353 aliquem
725 319 894 344 convincere.
931 318 1046 344 Accura-

254 355 852 390 u·miton·quondmu111„.T‹›rqunto,homino.
863 357 935 381 omni
948 355 1047 381 doctri·
1068 369 1069 374 =

254 404 285 420 na
298 394 410 423 vrmlito,
419 393 527 418 defensa
540 393 694 427 estlipicuri
707 393 837 419 sententia
849 393 881 418 de
895 392 1043 427 voluptate;

253 441 265 456 a
280 440 374 464 uit-que
386 431 410 456 ei
427 439 584 464 responsum
595 451 600 460 ,
618 439 702 464 quum
714 431 743 456 (Σ.
757 430 889 460 Triarius,
908 431 934 456 in
951 430 1046 464 primis

252 469 343 501 gravis
355 472 379 493 et
391 467 484 493 doetus
495 467 659 497 adolescens,
673 468 696 493 ei
709 467 884 501 disputationi
897 468 1044 493 interesset.

255 506 293 531 Η.
317 506 382 530 Nam
399 513 483 539 (fluum
501 504 532 530 ad
550 514 590 530 me
608 505 633 530 in
646 504 940 530 Cumanumsalutandi
952 513 1045 529 caussa

253 547 365 576 uterque
388 543 519 572 venisset,
543 550 625 576 pauca
642 542 728 576 primo
745 542 812 568 inter
828 550 875 567 nos
890 541 923 567 de
941 542 1043 571 titteris.

251 587 366 613 quarum
386 588 522 605 summum
541 584 595 605 erat
613 579 638 604 in
658 584 770 613 utroque
790 579 925 610 studium;
948 578 1046 604 deinde

252 617 415 651 Torquatus:
428 617 558 648 Quoniam
571 617 638 642 nacti
652 621 684 646 te,
695 615 1046 650 inquit,sumusaliquando

251 655 380 683 otiosum.
394 659 463 680 certe
474 653 596 684 audiam,
610 653 677 688 quid
688 654 736 683 sit,
754 653 826 687 quod
839 654 985 688 Epicurum
999 662 1046 679 no-
1066 683 1068 686 ⁴

251 696 336 717 strum
349 700 400 717 non
414 696 440 717 tu
452 690 562 725 quidem
573 690 671 721 oderis,
685 695 712 717 ut
725 690 777 716 fere
790 690 899 721 faciunt,
912 691 959 725 qui
971 690 1004 716 ab
1016 699 1046 716 eo

251 728 422 758 dissentiunt,
437 727 483 753 scd
495 733 564 754 certe
577 737 627 754 non
640 728 750 762 probes,
763 736 838 758 eum,
852 736 932 762 quem
945 736 994 763 ego
1004 737 1046 754 ar-

251 765 335 791 bitror
351 774 435 791 unum
457 765 557 791 vidisse
580 774 687 796 verum,
710 766 890 800 maximisque
909 765 1045 791 erroribus

251 803 355 828 animos
367 802 506 828 hominum
519 802 1045 837 libcravisse,etomniatradidisse,quae

251 840 414 874 pertinerent
429 839 461 865 ad
478 839 544 865 bcnc
561 840 690 874 beateque
708 839 869 866 vivendum:
887 839 934 866 sed
950 840 1045 866 existi-

250 885 303 906 mo,
321 882 354 907 te,
367 877 437 903 sicut
449 881 568 903 nostrum
581 878 724 907 Triarium,
742 877 832 903 minus
843 877 877 903 ab
888 885 918 903 eo
929 876 1045 903 delecta-

250 914 282 944 ri,
295 913 367 948 quod
381 914 428 940 ista
442 914 571 944 Platonis,
584 914 747 944 Aristotelis,
761 914 937 949 Theophrasti
948 915 1045 940 oratio-

239 951 293 977 .nis
304 956 456 977 ornamenta
471 951 628 987 neglexerit.
669 952 734 977 Nam
748 951 811 977 illuc
823 952 933 986 quidem
946 951 1043 977 adduci

250 989 297 1014 vix
309 997 428 1022 possum,
442 994 471 1015 ut
482 998 520 1018 ea,
533 997 602 1023 quac
613 990 727 1015 senserit
737 988 791 1019 ille,
805 989 853 1015 tibi
866 998 917 1015 non
930 998 991 1015 vera
1004 989 1045 1014 vi-

250 1025 372 1052 deantur.
415 1027 454 1052 ⁴5.
478 1026 552 1056 Vide,
566 1031 707 1060 quantum=
722 1027 846 1061 inquam,
862 1026 967 1057 fallare,
981 1027 1045 1052 Tor-

250 1068 340 1097 quate.
384 1062 474 1089 Oratio
499 1072 541 1089 me
565 1064 644 1089 istius
670 1063 824 1098 philosophi
849 1072 900 1089 non
919 1063 1042 1089 offendit:
1066 1068 1067 1086 i

250 1109 311 1126 nam
322 1105 347 1126 et
358 1100 545 1135 complectitur
556 1101 659 1131 verbis,
672 1100 743 1135 quod
758 1100 826 1131 vult,
840 1106 866 1127 et
876 1100 943 1127 dicit
955 1100 1042 1135 plane,

249 1137 320 1172 quod
334 1137 496 1173 intelligam:
510 1143 534 1164 et
546 1142 633 1164 tamen
645 1146 658 1163 a
671 1137 840 1172 philosopho,
854 1138 877 1164 si
889 1137 979 1164 afferat
990 1137 1045 1164 elo-

249 1175 396 1209 quentiam,
411 1184 461 1201 non
474 1184 613 1209 asperner:
627 1176 650 1201 si
663 1184 714 1201 non
727 1175 831 1206 habeat,
841 1184 892 1201 non
899 1175 1044 1201 admodum

248 1211 376 1247 flagitem.

249 1248 314 1275 locis
336 1249 471 1283 pluribus.
511 1249 563 1275 Sed
584 1254 648 1284 quot
669 1249 806 1280 homines,
829 1254 865 1276 tot
885 1251 1042 1277 sententiae.

249 1286 315 1313 Falli
328 1287 411 1321 igitur
423 1295 577 1320 possumus,
617 1287 798 1319 Quamobrem
810 1287 927 1319 tandem,
945 1288 1042 1323 inquit,

248 1333 300 1350 non
312 1323 461 1350 satisfacit?
471 1325 506 1350 Te
519 1325 590 1350 enim
603 1324 721 1350 iudicem
733 1333 850 1359 aequum
863 1330 939 1359 puto:
954 1325 1042 1357 modo,

247 1369 316 1395 quae
328 1360 399 1387 dicat
411 1361 465 1392 ille,
479 1361 547 1387 bene
558 1362 641 1388 noris.
675 1363 713 1388 ⁴6.
730 1362 788 1388 Nisi
801 1362 868 1388 milii
881 1362 1042 1393 Phaedrum,

247 1399 372 1433 inquam,
401 1399 556 1429 mentitum,
583 1403 629 1425 aut
649 1399 781 1425 Zenonem
803 1404 896 1434 putas,
918 1399 1044 1435 (quorum

248 1440 392 1470 utrumque
404 1435 506 1466 audivi,
515 1445 600 1471 quum
612 1436 681 1462 mihi
694 1436 762 1463 nihil
774 1445 838 1462 sane
850 1442 953 1471 praeter
962 1437 1044 1464 sedu-

248 1472 348 1499 litatem
360 1473 524 1508 probarent,)
537 1482 630 1500 omnes
642 1473 709 1500 mihi
720 1474 831 1509 Epicuri
842 1475 989 1501 sententiae
1001 1483 1044 1501 sa-

247 1511 281 1537 tis
293 1515 368 1536 notae
380 1515 452 1536 sunt.
478 1511 566 1545 Atque
578 1519 632 1541 eos,
644 1519 712 1546 quos
724 1512 871 1542 nominavi,
885 1520 947 1538 cum
958 1513 1044 1538 Attico

246 1552 335 1574 nostro
343 1547 496 1582 frequenter
505 1548 612 1580 audivi;
627 1557 712 1583 quum
724 1549 866 1575 miraretur
876 1548 921 1575 ille
932 1549 1043 1584 quidem

246 1589 406 1619 utrumque,
420 1585 572 1611 Phaedrum
584 1590 672 1612 autem
685 1587 764 1612 etiam
776 1591 889 1612 amaret:
908 1586 1044 1621 quotidie—
1071 1613 1073 1619 ,

246 1630 299 1657 que
315 1623 384 1648 inter
400 1631 447 1649 nos
463 1631 506 1653 ea,
524 1631 593 1657 quae
609 1623 801 1654 audiebamus,
822 1622 1040 1650 conferebamus:

245 1667 334 1693 neque
346 1664 400 1686 erat
412 1668 541 1694 umquam
552 1661 745 1691 controversia,
763 1660 830 1695 quid
845 1669 894 1696 ego
909 1661 1043 1697 intellige-

246 1705 311 1726 rem,
326 1696 373 1722 sed
385 1697 451 1731 quid
463 1697 614 1731 probarem.
639 1698 682 1724 vl.
697 1698 769 1730 Quid
781 1698 864 1733 igitur
875 1703 923 1729 est,
938 1697 1044 1734 inquit‘?

245 1733 347 1760 Audire
359 1735 430 1760 enim
442 1735 531 1769 cupio,
545 1734 612 1769 quid
624 1743 675 1761 non
687 1735 794 1769 probes.

304 1772 343 1797 ΓΙ.
366 1772 510 1806 Principio,
525 1772 644 1806 inquam,
658 1772 686 1798 in
697 1772 829 1808 physicis,
842 1772 944 1807 quibus
955 1773 1043 1799 maxi-

246 1816 288 1834 me
303 1807 446 1843 gloriatur,
464 1809 582 1843 primum
599 1814 667 1835 totus
683 1814 724 1835 est
738 1809 853 1835 alienus.
894 1810 1042 1836 Democrito

246 1845 347 1875 adiicit,
362 1854 495 1880 perpauca
507 1851 622 1877 mutanS,
636 1846 684 1872 sed
696 1847 740 1878 ita,
754 1851 782 1872 ut
793 1855 832 1877 ea,
845 1854 914 1881 quae
925 1847 1043 1882 corrige-

246 1891 273 1908 re
285 1882 355 1908 vult.
374 1883 442 1908 mihi
458 1883 569 1917 quidem
585 1883 731 1917 depravare
747 1883 880 1909 videatur.
921 1883 968 1910 llle
979 1883 1042 1910 ἀτό-

245 1929 323 1954 μους,
336 1928 404 1954 quas
415 1919 545 1954 appellat,
561 1920 589 1946 id
600 1925 640 1946 est
650 1928 759 1955 corpora
771 1920 921 1951 individua,
936 1926 1042 1956 propter

245 1955 408 1982 soliditatem
424 1962 514 1983 censet
528 1957 554 1983 in
572 1957 675 1983 infinito
691 1958 778 1987 inani,
796 1959 824 1984 in
839 1966 893 1992 quo
909 1958 976 1984 nihil
993 1967 1042 1984 nec

245 2002 384 2019 summum
401 2002 448 2020 nec
464 1994 588 2020 infimum
604 2002 651 2020 nec
663 1994 782 2021 medium
795 2003 843 2020 nec
855 1994 981 2021 ultimum
993 2004 1041 2022 nec

245 2031 369 2057 citimum
385 2031 433 2062 sit,
453 2032 486 2057 ita
503 2031 578 2059 ferri.
597 2036 625 2058 ut
639 2032 863 2058 concursionibus
878 2033 946 2059 inter
957 2041 985 2059 se
997 2041 1042 2059 co-
1062 2041 1065 2086 Ι

245 2068 415 2094 haerescant:
432 2077 466 2094 ex
477 2077 530 2103 quo
541 2068 691 2095 efficiantur
701 2078 730 2095 ea
738 2090 744 2100 ,
761 2077 830 2104 quae
841 2070 904 2100 sint,
917 2078 1041 2105 quaeque

245 2110 401 2135 cernantur,
419 2106 523 2132 omnia:
540 2114 657 2141 eumque
669 2111 770 2133 motum
781 2112 929 2133 atomorum
942 2107 1016 2134 nullo
1027 2116 1041 2134 a

245 2143 393 2177 principio,
410 2142 456 2168 sed
468 2151 501 2169 ex
512 2148 618 2169 aeterno
630 2149 746 2178 tempore
759 2144 874 2180 intelligi
885 2146 1039 2172 convenire.

247 2182 287 2206 48.
302 2180 436 2214 Epicurus
448 2185 546 2210 autem,
563 2181 589 2206 in
602 2181 703 2215 quibus
714 2182 836 2216 sequitur
848 2182 1038 2213 Democritum,

245 2225 297 2243 non
309 2216 363 2243 fere
375 2217 482 2243 labitur.
522 2218 691 2252 Quamquam
707 2219 848 2254 utriusque
859 2228 944 2254 quum
956 2220 1039 2246 multa

245 2263 297 2281 non
309 2254 401 2289 probo,
416 2259 472 2281 tum
484 2254 550 2281 illud
564 2256 590 2281 in
602 2256 706 2290 primis,
720 2255 802 2290 quod,
814 2265 900 2291 quum
911 2257 938 2283 in
951 2266 1039 2283 rerum

245 2296 337 2318 natura
352 2291 405 2318 duo
416 2292 567 2326 quaerenda
582 2293 649 2323 sint,
668 2301 766 2324 unum,
783 2301 852 2328 quae
868 2295 977 2320 materia
993 2295 1037 2326 sit,

244 2337 277 2355 ex
288 2337 341 2364 qua
353 2337 476 2363 quaeque
488 2338 530 2355 res
541 2329 686 2362 efficiatur;
710 2330 836 2361 alterum,
854 2339 923 2365 quae
940 2332 982 2357 vis
993 2333 1037 2362 sit,

243 2375 312 2400 quae
324 2366 445 2401 quidque
460 2366 571 2393 efficiat:
597 2367 630 2393 de
644 2368 754 2393 materia
765 2367 965 2399 disseruerunt,
982 2369 1038 2395 vim

244 2407 269 2429 et
279 2411 401 2429 caussam
414 2403 549 2430 efficiendi
561 2404 737 2439 reliquerunt.
772 2404 824 2431 Sed
836 2405 886 2431 hoc
896 2413 1039 2432 commune

244 2440 356 2466 vitium:
375 2440 436 2467 illae
447 2441 558 2476 Epicuri
570 2442 692 2476 propriae
703 2442 806 2467 ruinae.
847 2441 943 2469 Censet
953 2443 1036 2474 enim,

244 2476 336 2502 eadem
354 2477 398 2503 illa
415 2478 557 2504 individua
572 2483 598 2505 et
608 2478 694 2505 solida
705 2487 814 2513 corpora
827 2478 888 2505 ferri
900 2488 949 2506 suo
960 2480 1038 2506 deor—

244 2521 304 2539 sum
317 2514 431 2548 pondere
443 2515 476 2541 ad
489 2515 599 2542 lineam:
613 2515 685 2542 hunc
697 2516 844 2542 naturalem
851 2518 1038 2544 esseomnium

243 2558 384 2584 corporum
397 2556 508 2578 motum.
551 2555 590 2579 ⁴9.
611 2552 710 2579 Deinde
726 2552 829 2579 ibidem
841 2553 920 2580 homo
931 2559 1034 2585 acutus,

243 2595 329 2621 quum
344 2587 412 2613 illud
428 2595 591 2621 occurreret,
612 2591 635 2616 si
651 2590 741 2616 omnia
757 2589 884 2616 deorsum
899 2599 913 2617 e
929 2593 1036 2627 regione

1077 137 1317 163 ICEttoxtS

1099 216 1153 233 rem
1165 208 1388 233 cormnentitiam:
1408 207 1541 234 declinare·
1553 208 1621 235 dixit
1633 212 1749 234 atomum
1763 208 1888 243 perpiml-

1100 244 1168 270 tum:
1186 253 1240 279 quo
1254 244 1321 270 nihil
1334 250 1422 279 possm
1434 245 1490 271 fieri
1502 247 1601 271 minus.
1643 246 1677 272 lta
1689 246 1759 272 effici
1770 246 1888 281 eomple-

1100 282 1192 307 :iones
1212 287 1237 307 et
1256 281 1438 316 copulationes
1459 287 1484 308 ct
1503 282 1726 309 adim-snatfimm
1741 289 1888 309 aminon-um

1100 319 1167 344 inter
1182 327 1223 344 fle:
1241 327 1273 344 ex
1289 328 1343 353 quo
1354 319 1503 345 efficeretur
1515 320 1632 346 mundun
1643 329 1790 355 omnesque
1802 326 1889 355 partes

1099 355 1206 385 mundi,
1223 364 1347 390 quaeque
1364 357 1389 382 in
1406 366 1436 381 eo
1451 361 1549 382 essent.
1589 358 1662 388 Quae
1677 366 1761 392 quum
1778 367 1819 384 rus
1839 363 1888 383 tota

1075 395 1077 409 ¹
1099 394 1156 419 ficta
1173 393 1207 418 sit
1223 393 1375 427 pueriliter,
1393 398 1448 419 tum
1461 402 1493 419 ne
1503 393 1585 419 efficit
1595 394 1720 428 quidem.
1737 394 1887 430 quodvult.

1099 431 1164 456 Nam
1176 435 1201 456 et
1217 431 1272 464 ipsa
1285 430 1428 456 declinatio
1438 430 1470 456 ad
1483 430 1622 457 libidinem
1636 432 1751 464 fingitur.
1761 433 1806 458 (ait
1817 432 1889 457 enim

1098 467 1232 493 declinare
1243 472 1361 493 atomum
1374 468 1431 493 sine
1442 476 1550 493 caussa:
1563 476 1617 502 quo
1628 468 1694 494 nihil
1707 469 1891 504 turpiusPhy-

1098 505 1166 535 sico,
1183 513 1263 539 quam
1281 505 1337 530 fieri
1348 506 1406 531 sine
1417 513 1510 531 caussa
1522 505 1671 540 quidquam
1687 505 1801 540 dicerez)
1816 511 1841 532 et
1858 505 1890 531 il·

1099 541 1153 567 lum
1176 546 1276 567 motum
1298 541 1445 568 naturalem
1465 542 1586 568 omnium
1603 542 1765 577 ponderum,
1787 547 1816 569 ut
1833 544 1890 577 ipse

1097 579 1243 607 constituit,
1252 587 1265 604 e
1278 580 1384 614 regione
1397 579 1548 605 inferiorem
1561 579 1648 605 locum
1660 580 1817 614 petentium.
1831 581 1889 606 sine

1097 625 1190 642 caussa
1203 617 1302 650 eripuit
1312 617 1420 642 atomis:
1434 625 1482 643 nec
1494 622 1581 643 tamen
1595 617 1818 646 idsuiuscaum
1826 617 1890 643 haec

1098 654 1218 682 finxerat.
1235 659 1373 679 assecutus
1382 659 1430 680 est.
1472 656 1512 680 20.
1535 654 1601 680 Nam
1612 655 1635 680 si
1646 663 1739 680 omnes
1751 655 1831 680 atomi
1842 654 1890 680 de-

1097 691 1244 720 clinabunt,
1254 690 1342 716 nullae
1355 700 1484 726 umquam
1496 691 1697 717 cohaerescent:
1710 693 1752 718 sin
1763 691 1830 718 aliae
1842 691 1890 717 de-

1097 728 1249 757 clinabunt,
1263 727 1331 754 aliae
1342 737 1391 754 suo
1403 733 1467 754 nutu
1481 734 1550 754 recte
1563 728 1692 759 ferentur,
1711 729 1829 763 primum
1840 729 1890 755 erit

1098 765 1146 791 hoc
1161 766 1239 800 quasi
1256 766 1408 799 provincias
1424 767 1518 791 atomis
1533 765 1610 796 dare,
1631 774 1701 800 quae
1716 771 1798 795 recte,
1821 773 1890 801 quae

1095 802 1205 837 oblique
1219 802 1349 828 ferantur:
1363 802 1460 829 deinde
1471 803 1564 829 eadem
1578 803 1621 829 ilfa
1633 808 1789 830 atomorum.
1799 804 1825 830 in
1836 811 1890 838 quo

1096 840 1175 866 etiam
1194 841 1358 865 Democritus
1376 840 1478 870 haeret,
1496 840 1648 866 turbulenta
1663 841 1804 866 concursio
1818 840 1890 866 hunc

417 1213 452 1238 lte
472 1212 538 1238 mihi
555 1221 606 1238 non
623 1220 707 1247 aeque
723 1212 867 1243 satisfacit,
890 1217 916 1239 et
933 1213 1044 1247 quidem
1073 1233 1074 1250 ἰ

244 2623 376 2650 ferrentur
391 2629 428 2654 et.
445 2631 473 2651 ut
489 2626 560 2658 dixi,
578 2627 611 2654 a'd
628 2627 739 2657 lineam,
756 2635 906 2661 numquam
921 2627 990 2659 fore,
1008 2634 1036 2655 ut

244 2665 348 2687 atomus
359 2660 438 2687 altera
451 2662 559 2689 alteram
573 2669 663 2698 posset
677 2664 820 2699 attingere:
843 2664 933 2699 itaque
948 2665 1036 2692 attulit

1097 877 1191 903 mundi
1201 881 1324 903 ornatum
1336 877 1440 903 efficere
1453 886 1503 903 non
1516 879 1620 912 poterit.
1648 878 1685 903 Ne
1699 878 1766 904 illud
1778 877 1888 912 quidem

1073 931 1075 934 -
1097 914 1213 950 physici.
1227 914 1344 943 credere.
1360 914 1464 949 aliquid
1476 923 1534 940 esse
1547 915 1700 941 minimum.
1740 914 1815 947 Quod
1829 923 1890 949 pro-

1096 951 1164 978 fecto
1180 960 1327 986 numquam
1343 953 1504 986 putavisset,
1527 952 1550 978 si
1565 960 1578 977 a
1597 952 1740 987 Polyaeno.
1764 951 1888 978 familiari

1096 997 1153 1019 suo.
1167 989 1339 1024 geometriam
1351 988 1454 1015 discere
1467 988 1617 1018 maluisset.
1630 998 1711 1024 quam
1725 989 1797 1015 illam
1809 990 1889 1015 etiam

1097 1026 1187 1061 ipsum
1212 1025 1351 1052 dedocere.
1392 1025 1436 1051 Sol
1458 1027 1605 1052 Democrito
1631 1035 1745 1062 magnus
1771 1026 1886 1055 videtur.

1096 1063 1198 1098 quippe
1227 1063 1328 1089 homini
1353 1062 1458 1089 erudito
1483 1064 1509 1089 in
1535 1065 1734 1098 geometriaque
1758 1063 1887 1098 perfecto,

1097 1100 1160 1126 huic
1183 1100 1317 1134 bipedalis
1338 1100 1462 1126 fortasse:
1489 1106 1591 1126 tantum
1616 1102 1688 1127 enim
1709 1110 1768 1127 esse
1788 1106 1887 1130 censet,

1096 1143 1213 1172 quantus
1229 1137 1349 1167 videtur.
1367 1137 1409 1163 vel
1426 1137 1516 1172 paullo
1527 1143 1572 1164 aut
1582 1139 1723 1165 maiorem.
1742 1143 1787 1164 aut
1803 1139 1890 1164 mino-

1073 1184 1075 1191 *
1096 1183 1163 1201 rem.
1198 1176 1240 1201 ⁶2⁴.
1257 1175 1301 1204 lta.
1315 1183 1384 1209 quae
1396 1180 1488 1205 mutat,
1501 1183 1530 1201 ea
1541 1177 1702 1210 corrumpit:
1718 1184 1787 1210 quae
1797 1176 1890 1210 sequi-

1097 1216 1152 1242 tur,
1173 1217 1235 1238 sunt
1251 1216 1302 1238 tota
1318 1212 1469 1238 Democriti.
1510 1213 1612 1243 Αῐοπιί,
1637 1213 1728 1241 inane.
1746 1214 1886 1248 imagines.

1095 1257 1165 1284 quae
1176 1249 1270 1276 εἴδωλα
1281 1250 1432 1279 nominant,
1448 1258 1564 1284 quorum
1576 1250 1728 1276 incursione
1740 1259 1791 1276 non
1802 1249 1888 1276 solum

1073 1300 1074 1305 =
1096 1287 1251 1317 videamus,
1263 1286 1310 1312 sed
1321 1287 1401 1313 etiam
1413 1288 1575 1322 cogitemus:
1594 1287 1708 1313 infinitio
1720 1288 1791 1322 ipsa,
1807 1296 1888 1322 quam

1072 1339 1075 1348 .
1096 1324 1216 1359 ἀπειρίαν
1232 1329 1340 1355 vocant,
1360 1329 1410 1350 tota
1427 1324 1460 1350 ab
1476 1324 1522 1350 illo
1533 1329 1587 1350 cst:
1605 1329 1661 1350 turn
1678 1324 1890 1351 innumerabiles

1072 1375 1074 1382 ε
1096 1361 1204 1391 mundi,
1222 1362 1307 1396 quiet
1316 1362 1448 1391 oriantur,
1466 1367 1491 1388 et
1506 1363 1635 1388 intereant
1646 1361 1776 1396 quotidie.
1816 1361 1889 1394 Quae

1095 1399 1145 1425 etsi
1161 1398 1228 1425 mihi
1244 1398 1318 1425 nullo
1334 1398 1412 1425 modo
1425 1399 1583 1433 probantur,
1598 1404 1685 1425 tamen
1697 1400 1886 1427 Democritum.

1097 1436 1233 1463 laudatum
1249 1445 1263 1462 a
1278 1437 1387 1467 ceteris,
1405 1436 1438 1462 ab
1455 1436 1516 1467 hoc.
1539 1437 1586 1471 qui
1602 1445 1665 1463 eum
1681 1445 1765 1463 unum
1780 1441 1889 1463 secutus

1095 1479 1143 1504 est,
1157 1473 1256 1500 nollem
1268 1474 1460 1508 vituperatum.
1505 1474 1558 1500 th.
1574 1475 1616 1500 22.
1631 1475 1686 1500 lam
1698 1475 1724 1500 in
1736 1474 1816 1500 altera
1828 1473 1890 1508 phi-

1096 1511 1234 1546 losophiae
1254 1515 1342 1545 parte.
1363 1519 1432 1546 quae
1451 1516 1492 1537 est
1511 1511 1658 1546 quaerendi
1679 1520 1709 1538 ac
1727 1510 1887 1537 disserendi.

1095 1557 1163 1583 quae
1175 1549 1262 1584 λογικὴ
1273 1548 1382 1577 dicitur.
1397 1549 1446 1575 iste
1458 1553 1546 1574 vester
1557 1548 1644 1583 plane.
1658 1554 1687 1575 ut
1699 1549 1766 1575 mihi
1777 1548 1889 1583 quidem

1095 1585 1215 1616 videtur,
1239 1586 1350 1612 inermis
1369 1594 1399 1612 ac
1415 1585 1505 1612 nudus
1521 1591 1570 1612 est.
1611 1586 1689 1612 Tollit
1704 1586 1887 1612 definitiones:

1071 1626 1073 1648 :
1095 1622 1163 1649 nihil
1175 1622 1208 1648 de
1219 1622 1367 1649 dividendo
1377 1631 1407 1649 ac
1418 1623 1557 1658 partiendo
1567 1623 1657 1649 docet:
1671 1632 1733 1653 non,
1746 1631 1800 1658 quo
1811 1622 1889 1649 modo

1071 1657 1072 1664 ¹
1094 1660 1227 1686 efficiatur
1236 1660 1466 1695 concludaturque
1477 1661 1556 1689 ratio.
1575 1660 1668 1686 tradit:
1691 1669 1758 1691 non,
1775 1668 1827 1694 qua
1845 1660 1888 1686 via

1070 1705 1073 1727 ‘1
1094 1698 1211 1732 captiosa
1226 1697 1376 1728 solvantur,
1393 1697 1520 1732 ambigua
1531 1696 1745 1732 distinguantur.
1761 1696 1887 1723 ostendit.

1094 1735 1195 1761 Iudicia
1210 1743 1299 1761 rerum
1311 1736 1338 1760 in
1350 1734 1476 1760 sensibus
1492 1735 1580 1768 ponit:
1597 1734 1699 1769 quibus
1710 1735 1733 1760 si
1745 1734 1827 1760 semel
1839 1733 1889 1760 ali-

1093 1772 1161 1807 quid
1173 1771 1232 1798 falsi
1245 1780 1292 1806 pro
1304 1780 1367 1797 vero
1378 1771 1518 1806 probatum
1530 1772 1578 1801 sit,
1592 1771 1728 1798 sublatum
1740 1780 1800 1797 esse
1810 1779 1888 1797 omne

1070 1820 1073 1836 ι
1094 1809 1226 1836 iudicium
1240 1810 1295 1835 veri
1307 1815 1332 1835 et
1345 1809 1403 1835 falsi
1417 1814 1500 1843 putat.
1532 1810 1573 1835 23.
1593 1808 1630 1845 [ln
1643 1810 1719 1835 tertia
1730 1817 1793 1835 vero
1804 1814 1885 1843 parte.

1070 1862 1072 1867 .
1093 1855 1162 1882 quae
1173 1851 1212 1872 est
1222 1846 1255 1872 de
1266 1847 1320 1872 vita
1331 1851 1356 1872 et
1368 1846 1488 1872 moribus
1497 1867 1503 1875 .
1517 1847 1544 1872 in
1555 1847 1745 1872 constitutione
1757 1846 1832 1876 finis,
1850 1845 1887 1872 nil

1093 1892 1253 1920 generosum
1265 1885 1335 1918 sapit
1346 1889 1425 1918 atque
1437 1881 1632 1919 magnificum]
1665 1883 1808 1910 Confirmat
1819 1882 1887 1909 illud

1094 1921 1135 1947 vel
1148 1922 1277 1947 maxime.
1295 1920 1368 1956 quod
1382 1921 1439 1955 ipsa
1455 1926 1560 1949 natura.
1579 1926 1607 1946 ut
1617 1921 1653 1946 ait
1664 1920 1723 1951 ille,
1741 1921 1853 1947 asciscat
1863 1925 1888 1946 et

1094 1958 1229 1993 reprobet,
1246 1958 1273 1984 id
1285 1963 1324 1984 est
1336 1957 1500 1993 voluptatem
1511 1963 1537 1984 et
1547 1957 1676 1984 dolorem.
1717 1957 1756 1984 Ad
1767 1958 1847 1989 haec,
1862 1962 1887 1983 et

1093 2004 1162 2030 quae
1173 2004 1320 2030 sequamur
1331 2000 1356 2022 et
1366 2003 1435 2030 quae
1448 1994 1593 2031 fugiamus,
1603 1995 1681 2021 refert
1691 1996 1791 2021 omnia.
1810 1994 1888 2027 Quod

1093 2041 1257 2068 quamquam
1273 2033 1405 2067 Aristippi
1421 2038 1473 2061 est.
1491 2041 1506 2058 a
1520 2032 1728 2068 Cyrenaicisque
1740 2032 1839 2058 melius
1855 2031 1888 2058 li·

1093 2070 1239 2105 beriusque
1251 2069 1418 2096 defenditur:
1432 2075 1519 2096 tamen
1531 2069 1666 2096 eiusmodi
1677 2077 1736 2095 esse
1747 2069 1846 2099 iudico,
1857 2074 1887 2095 ut

1094 2107 1161 2134 nihil
1183 2107 1292 2134 homine.
1308 2107 1432 2134 videatur
1453 2107 1603 2142 indignius.
1643 2106 1684 2132 Ad
1699 2107 1798 2133 maiora
1813 2107 1885 2132 enim

1092 2144 1225 2180 quaedam
1242 2153 1290 2171 nos
1305 2150 1398 2171 natura
1412 2145 1507 2180 genuit
1522 2149 1547 2170 et
1561 2143 1751 2174 conformavit,
1774 2148 1804 2170 ut
1818 2142 1885 2169 mihi

1092 2182 1203 2217 quidem
1220 2181 1336 2208 videtur.
1376 2183 1414 2208 Ac
1433 2181 1490 2208 fieri
1505 2186 1604 2216 potest,
1622 2186 1651 2207 ut
1665 2189 1765 2207 errem:
1786 2179 1835 2206 sed
1850 2181 1885 2206 ita

1069 2229 1070 2233 ¹
1092 2228 1202 2254 prorsus
1219 2220 1358 2249 existimo,
1381 2227 1469 2254 neque
1489 2227 1551 2245 eum
1567 2219 1745 2253 Torquatum,
1767 2218 1815 2252 qui
1836 2217 1885 2243 hoc

1068 2259 1070 2297 j
1091 2257 1196 2291 primus
1209 2265 1357 2292 cognomen
1371 2257 1517 2286 invenerit,
1535 2261 1580 2282 aut
1591 2260 1712 2290 torquem
1723 2254 1800 2281 illum
1815 2254 1885 2281 hosti

1068 2303 1069 2324 1
1091 2293 1254 2324 detraxisse,
1277 2299 1306 2320 ut
1326 2293 1445 2328 aliquam
1461 2301 1495 2319 ex
1507 2301 1539 2319 eo
1554 2293 1701 2328 perciperet
1720 2290 1883 2325 voluptatem

1068 2325 1070 2368 l
1090 2339 1213 2366 corpore,
1231 2336 1276 2357 aut
1290 2339 1352 2357 cum
1368 2331 1469 2357 Latinis
1485 2331 1562 2356 tertio
1576 2329 1716 2356 consulatu
1730 2327 1884 2355 conflixisse

1090 2368 1162 2403 apud
1174 2369 1291 2394 Veserim
1303 2373 1410 2403 propter
1421 2367 1594 2402 voluptatem.
1634 2365 1711 2398 Quod
1723 2374 1786 2392 vero
1795 2366 1883 2392 securi

1090 2406 1253 2440 percusserit
1263 2405 1348 2432 filium
1357 2426 1363 2436 ,
1381 2405 1532 2440 privaw'sse
1543 2412 1571 2430 se
1582 2404 1661 2429 etiam
1673 2402 1780 2429 videtur
1790 2402 1883 2429 multis

1090 2442 1283 2477 voluptatibus,
1292 2451 1376 2477 quum
1385 2443 1552 2477 ipsinaturae
1561 2441 1700 2475 patrioque
1711 2441 1795 2466 amori
1806 2447 1883 2474 prae-

1090 2479 1181 2506 tulerit
1198 2481 1241 2506 ius
1261 2480 1408 2506 maiestatis
1427 2484 1507 2514 atque
1527 2478 1643 2512 imperii.
1684 2478 1726 2503 24.
1747 2476 1838 2509 Quid?
1850 2477 1880 2502 T.

1089 2517 1248 2552 Torquatus.
1263 2518 1294 2547 is,
1307 2517 1356 2551 qui
1367 2516 1460 2543 consui
1471 2523 1532 2542 cum
1545 2514 1711 2541 Cn.octavio
1723 2513 1782 2543 fuit.
1795 2522 1881 2549 quum

1089 2553 1164 2580 illam
1179 2555 1349 2580 severitatem
1365 2555 1392 2580 in
1407 2561 1438 2579 eo
1453 2552 1508 2578 filio
1522 2551 1660 2578 adhibuit.
1678 2559 1758 2586 quem
1776 2552 1803 2578 in
1817 2551 1882 2578 ado-

1088 2592 1207 2625 ptionem
1222 2592 1252 2617 D.
1269 2591 1360 2617 Silano
1375 2590 1602 2624 emancipaverat,
1620 2593 1649 2614 ut
1664 2597 1740 2619 eum,
1758 2588 1881 2614 Macedo-

1088 2637 1154 2654 num
1169 2628 1263 2663 legatis
1278 2627 1481 2656 accusantibus
1501 2625 1574 2660 quod
1587 2626 1717 2660 pecunias
1733 2630 1879 2660 praetorem

1088 2666 1115 2691 in
1130 2666 1268 2700 provincia
1284 2665 1389 2700 cepisse
1404 2668 1558 2699 arguerent,
1576 2671 1698 2689 caussam
1715 2662 1787 2698 apud
1798 2671 1827 2688 se
1837 2662 1881 2688 di-
