1941 3052
378 145 467 173 PRO
499 146 600 172 SEX.
634 145 814 173 ROSCIO
846 145 1081 173 AMERINO.
1117 146 1213 173 CAP.

68 225 215 252 numquam
238 225 299 243 cum
322 217 430 243 homine
448 226 584 252 quoquam
607 216 767 244 collocutum
786 226 858 244 esse:

67 263 215 289 numquam
230 255 257 280 in
271 254 369 289 oppido
382 256 542 281 constitisse.
573 255 615 280 75.
631 254 688 286 Qua
702 255 728 281 in
744 263 770 281 re
785 263 861 289 prae-

68 296 138 318 tereo
151 291 232 322 illud,
254 292 326 326 quod
341 292 407 318 mihi
422 293 539 318 maximo
553 297 709 327 argumento
727 292 760 318 ad
778 292 860 318 huius

40 342 42 346 v
67 329 244 355 innocentiam
256 333 356 363 poterat
367 337 434 360 esse,
450 330 477 355 in
489 329 596 355 rusticis
607 329 735 360 moribus,
749 330 776 355 in
788 329 860 355 victu

68 366 153 397 arido,
174 367 201 392 in
216 366 264 392 hac
280 366 384 392 horrida
398 366 551 401 incultaque
566 367 619 392 vita
632 366 785 392 istiusmodi
804 375 861 392 ma-

68 403 152 430 leficia
169 404 244 439 gigni
262 412 314 429 non
329 403 422 430 solere.
462 404 496 430 Ut
510 413 561 430 non
575 412 681 429 omnem
696 403 800 439 frugem
815 412 861 429 ne-

67 449 120 475 que
138 441 257 467 arborem
276 441 302 466 in
321 442 392 467 omni
412 449 474 476 agro
492 441 607 476 reperire
626 441 726 476 possis,
753 441 790 467 sic
810 450 861 467 non

67 486 145 504 omne
162 477 265 504 facinus
283 479 311 504 in
330 479 402 504 omni
417 480 470 504 vita
490 479 616 504 nascitur.
657 479 685 504 In
700 479 766 504 urbe
781 478 862 504 luxu—

67 516 119 541 ries
142 520 258 541 creatur:
293 524 326 542 ex
351 516 455 542 luxuria
483 517 592 542 exsistat
618 516 726 541 avaritia
754 524 862 541 necesse

67 557 121 585 est,
141 561 174 578 ex
188 553 296 579 avaritia
310 557 432 587 erumpat
446 553 569 579 audacia:
585 552 648 578 inde
661 553 749 578 onmia
764 552 861 578 scelera

67 598 96 616 ac
120 590 248 616 maleficia
274 591 431 625 gignuntur.

67 665 185 690 iustitiae
199 666 324 699 magistra
339 669 387 691 est.
409 665 528 690 XXVIII.
544 665 585 690 76.
608 664 705 690 Verum
718 664 782 689 haec
796 664 862 689 mis-

67 710 95 727 sa
111 701 187 728 facio.
228 698 298 728 Illud
316 710 427 736 quaero:
449 702 472 727 is
487 702 579 732 homo,
595 701 651 735 qui,
670 706 699 727 ut
714 705 768 727 tute
783 701 858 732 dicis,

67 747 216 774 numquam
234 739 302 765 inter
320 739 441 765 homines
459 738 552 769 fuerit,
582 747 628 772 per
646 747 714 772 quos
740 738 861 764 homines

67 776 116 802 boc
136 781 237 802 tantum
255 776 358 802 facinus
379 781 430 802 tam
449 776 597 806 occultum,
626 776 722 801 absens
742 784 862 810 praeser-

67 814 130 844 tim,
151 813 278 839 consicere
300 814 423 847 potuerit.
464 813 547 839 Multa
566 817 628 839 sunt
642 812 721 844 salsa,
746 813 858 844 iudices,

67 859 136 885 quae
158 855 245 876 tamen
264 851 338 886 argui
357 851 506 885 suspiciose
524 854 650 885 possunt:
672 851 700 876 in
720 850 761 876 his
781 851 860 876 rebus

66 888 90 913 si
108 888 226 922 suspicio
251 893 352 922 reperta
379 889 440 919 erit,
465 888 572 922 culpam
595 888 683 914 inesse
706 887 859 914 concedam.

65 925 163 951 Romae
183 925 244 951 Sex.
264 926 376 952 Roscius
395 925 535 956 occiditur,
557 934 641 960 quum
661 926 688 951 in
705 933 768 960 agro
782 925 861 951 Ame-

66 962 125 989 rino
138 967 208 989 esset
222 963 303 989 filius.
330 963 449 994 Litteras,
465 962 552 993 credo,
569 963 642 988 misit
657 962 736 988 alicui
751 963 858 989 sicario:

66 1000 113 1034 qui
127 1000 225 1026 Romae
239 1005 347 1026 noverat
362 1001 505 1026 neminem.
528 1000 673 1026 Arcessivit
688 999 819 1034 aliquem:
836 1005 861 1026 at

66 1037 191 1071 quando?
211 1038 341 1064 Nuntium
356 1039 441 1064 misit:
464 1037 564 1073 quem‘?
577 1042 622 1063 aut
635 1037 668 1063 ad
682 1037 781 1072 quem‘?
799 1038 862 1063 Pre-

65 1075 115 1106 tio,
135 1076 230 1110 gratia,
252 1084 313 1110 spe,
334 1076 473 1110 promissis
491 1075 598 1101 induxit
619 1074 755 1110 aliquem?
788 1075 859 1101 Nihil

65 1111 161 1138 horum
182 1121 215 1138 ne
233 1113 350 1148 confingi
368 1113 477 1148 quidem
495 1116 595 1147 potest:
618 1116 644 1138 et
661 1117 749 1139 tamen
767 1121 861 1139 caussa

66 1149 99 1175 de
117 1150 259 1185 parricidio
277 1150 383 1176 dicitur.
424 1150 569 1185 Reliquum
588 1154 640 1181 est,
661 1154 691 1176 ut
708 1158 756 1185 per
769 1159 861 1176 servos

66 1186 93 1213 id
111 1187 255 1214 admiserit.
294 1188 337 1213 77.
360 1187 381 1214 Ο
400 1188 440 1214 Dii
459 1187 637 1214 immortales!
660 1196 716 1213 rem
735 1188 861 1214 miseram

65 1228 91 1250 et
108 1224 297 1251 calamitosam.
338 1224 414 1257 Quod
432 1225 460 1251 in
478 1224 523 1251 tali
542 1225 653 1251 crimine
671 1225 804 1251 innocenti
819 1234 862 1251 sa—

67 1261 116 1287 luti
130 1261 197 1288 solet
210 1270 282 1293 esse,
303 1266 333 1288 ut
346 1271 436 1288 servos
451 1263 478 1288 in
492 1263 677 1297 quaestionem
692 1262 858 1297 polliceatur,

65 1298 93 1325 id
107 1298 167 1325 Sex.
182 1299 277 1326 Roscio
292 1299 375 1326 facere
390 1308 441 1326 non
456 1299 525 1326 licet.
559 1300 619 1330 Vos,
636 1300 683 1334 qui
698 1300 769 1326 hunc
783 1309 862 1326 accu—

65 1337 140 1367 satis,
156 1345 248 1363 omnes
263 1337 321 1363 eius
335 1346 426 1363 servos
440 1337 553 1363 habetis.
592 1337 667 1363 Unus
681 1345 757 1371 puer,
774 1338 861 1363 victus

65 1373 214 1409 quotidiani
233 1374 402 1406 administer,
426 1383 459 1401 ex
478 1379 548 1401 tanta
567 1374 666 1400 familia
685 1374 747 1400 Sex.
767 1375 862 1401 Roscio

65 1411 175 1437 relictus
196 1420 248 1438 non
267 1416 316 1438 est.
357 1412 392 1438 Te
415 1421 486 1438 nunc
504 1411 622 1446 appello,
649 1412 678 1437 P.
699 1412 800 1446 Scipio,
825 1416 859 1443 te,

65 1448 183 1475 Metelle:
210 1449 286 1475 vobis
305 1449 451 1480 advocatis,
477 1450 554 1476 vobis
578 1449 731 1484 agentibus,
757 1449 862 1484 aliquo·

65 1486 115 1512 ties
133 1486 201 1512 duos
220 1495 311 1512 servos
329 1491 452 1521 paternos
471 1487 498 1513 in
513 1487 697 1522 quaestionem
716 1486 748 1512 ab
767 1487 862 1513 adver-

65 1524 142 1549 sariis
161 1523 223 1550 Sex.
243 1524 355 1550 Roscius
375 1524 528 1558 postulavit.
572 1524 751 1550 Meministine
771 1528 807 1555 te,
829 1524 859 1550 T.

64 1561 151 1592 Rosci,
168 1560 307 1587 recusare?
326 1561 414 1593 Quid‘?
434 1562 452 1588 ii
466 1562 537 1587 servi
551 1561 597 1587 ubi
612 1560 693 1587 sunt?
711 1562 862 1597 Chrysogo-

65 1607 144 1629 num,
164 1598 280 1629 iudices,
301 1603 447 1625 sectantur:
470 1599 541 1634 apud
559 1607 621 1624 eum
640 1603 703 1624 sunt
721 1600 748 1625 in
764 1599 861 1625 honore

65 1640 91 1662 et
107 1636 135 1662 in
154 1637 248 1670 pretio.
287 1636 374 1662 Etiam
389 1645 474 1667 nunc,
495 1640 524 1662 ut
537 1644 570 1662 ex
584 1635 626 1662 his
640 1640 795 1671 quaeratur,
813 1644 862 1671 ego

67 1672 184 1708 postulo,
208 1673 251 1699 hic
268 1677 323 1700 orat
342 1678 421 1708 atque
439 1674 567 1700 obsecrat.
608 1674 648 1699 ¹78.
670 1672 740 1705 Quid
758 1673 862 1699 facitis?

65 1719 113 1737 cur
127 1710 273 1737 recusatis?
292 1711 415 1737 Dubitate
429 1712 508 1737 etiam
524 1719 602 1741 nunc,
619 1710 730 1742 iudices,
749 1711 771 1737 si
786 1716 862 1745 pote-

65 1748 128 1780 stis,
148 1756 161 1774 a
179 1756 233 1783 quo
251 1749 286 1774 sit
305 1748 366 1774 Sex.
387 1749 499 1775 Roscius
517 1749 636 1775 occisus:
658 1748 691 1774 ab
710 1757 788 1780 eone,
813 1748 861 1783 qui

66 1789 172 1820 propter
189 1785 263 1812 illius
282 1790 392 1812 mortem
411 1786 439 1812 in
458 1790 572 1821 egestate
591 1790 616 1811 et
642 1785 749 1812 insidiis
772 1794 862 1812 versa-

66 1827 122 1854 tur,
141 1823 185 1849 cui
205 1831 236 1849 ne
254 1823 398 1858 quaerendi
413 1823 523 1858 quidem
537 1823 570 1849 de
589 1828 672 1849 morte
690 1824 773 1858 patris
788 1827 863 1858 pote-

65 1864 120 1886 stas
133 1860 308 1895 permittitur:
325 1869 357 1887 an
371 1861 404 1887 ab
417 1861 460 1892 iis,
476 1861 523 1896 qui
538 1861 720 1896 quaestionem
736 1860 859 1896 fugitant,

65 1903 134 1924 nona
160 1897 310 1932 possident,
338 1898 366 1924 in
392 1898 471 1924 caede
495 1902 574 1933 atque
596 1906 629 1924 ex
651 1897 731 1924 caede
754 1899 860 1925 vivunt.

65 1934 173 1966 Omnia,
192 1934 308 1966 iudices,
328 1936 356 1962 in
370 1935 419 1961 hac
432 1944 526 1962 caussa
540 1940 604 1962 sunt
617 1935 713 1962 misera
727 1940 807 1971 atque
821 1936 862 1962 in-

65 1972 159 2007 digna:
182 1976 270 1999 tamen
288 1973 338 1999 hoc
357 1972 424 1999 nihil
443 1981 530 2008 neque
548 1972 683 2004 acerbius,
705 1981 791 2008 neque
809 1973 862 1999 ini-

65 2010 147 2045 quius
173 2010 284 2044 proferri
311 2014 406 2045 potest.
447 2011 538 2037 Mortis
564 2015 686 2045 paternae
713 2010 745 2036 de
776 2011 861 2037 servis

66 2047 184 2082 paternis
209 2048 393 2082 quaestionem
424 2047 522 2074 habere
552 2048 606 2074 filio
634 2056 686 2074 non
714 2047 782 2074 licet.
824 2049 862 2074 No

66 2084 168 2111 tamdiu
183 2084 293 2119 quidem
308 2085 433 2111 dominus
447 2085 497 2111 erit
509 2085 537 2111 in
552 2093 628 2116 suos,
649 2085 714 2111 dum
733 2093 766 2112 ex
782 2085 815 2111 iis
829 2085 862 2111 de

66 2122 149 2157 patris
173 2126 255 2148 morte
273 2127 424 2157 quaeratur.
465 2122 588 2154 Veniam,
617 2130 704 2157 neque
722 2123 758 2148 ita
777 2122 862 2149 multo

66 2163 139 2194 post,
164 2159 196 2185 ad
220 2159 291 2185 hunc
310 2159 407 2185 locum.
449 2159 514 2186 Nam
534 2159 583 2186 hoc
601 2164 685 2186 totum
703 2159 735 2186 ad
754 2160 862 2187 Roscios

66 2197 192 2231 pertinet,
222 2196 254 2222 de
284 2205 399 2232 quorum
430 2196 539 2223 audacia
570 2201 627 2224 tum
659 2205 701 2223 me
727 2197 861 2224 dicturum

68 2233 203 2268 pollicitus
229 2242 304 2265 sum,
337 2242 423 2268 quum
449 2234 539 2260 Erucii
570 2235 682 2260 crimina
709 2234 860 2261 diluissem.

68 2271 168 2297 XXIX.
179 2272 222 2298 79.
238 2272 323 2302 Nunc,
339 2271 428 2301 Eruci,
445 2271 477 2297 ad
492 2275 516 2297 te
530 2272 614 2298 venio.
635 2271 781 2298 Conveniat
795 2272 861 2298 mibi

67 2313 154 2335 tecum
170 2317 278 2335 necesse
291 2313 339 2340 est,
355 2309 377 2334 si
392 2308 425 2335 ud
440 2308 511 2334 bunc
525 2308 684 2335 maleficium
696 2309 767 2335 istud
783 2310 863 2344 pcrti-

69 2350 120 2376 net,
137 2350 182 2372 aut
195 2346 285 2381 ipsum
299 2355 348 2372 sua
363 2354 442 2372 manu
459 2345 560 2375 secisse,
578 2346 604 2372 id
618 2346 691 2381 quod
706 2355 800 2382 negas:
817 2351 862 2372 aut

68 2391 115 2418 per
128 2383 232 2418 aliquos
248 2383 344 2410 liberos
359 2387 404 2409 aut
417 2391 518 2409 servos.
560 2383 721 2410 Libui-osne?
733 2392 801 2418 quos
817 2392 863 2409 ne-

68 2428 121 2455 que
135 2425 165 2446 ut
175 2421 316 2447 convenire
330 2421 445 2456 potuerit
460 2428 545 2455 neque
556 2429 609 2455 qua
624 2421 723 2447 ratione
736 2421 862 2447 inducere

69 2465 155 2492 neque
173 2458 219 2484 ubi
239 2466 325 2493 neque
344 2467 390 2493 per
403 2466 470 2493 quos
485 2466 571 2492 neque
589 2466 642 2492 qua
660 2466 721 2492 spe,
747 2462 792 2484 aut
809 2466 863 2492 quo

68 2495 165 2530 pretio,
190 2499 263 2530 potes
281 2495 429 2522 ostendere.
470 2495 526 2530 Ego
547 2500 634 2520 contra
658 2495 781 2526 ostendo,
811 2504 862 2521 non

69 2531 147 2559 modo
165 2531 232 2558 nihil
247 2540 338 2559 eorum
353 2532 448 2558 secisse
463 2532 525 2558 Sex.
542 2532 680 2563 Roscium,
703 2532 750 2558 sed
769 2540 801 2559 no
815 2540 863 2567 po—

68 2569 152 2596 tuisse
165 2569 275 2604 quidem
290 2569 388 2600 facere:
411 2569 482 2604 quod
498 2577 584 2604 neque
598 2570 695 2595 Romae
710 2569 802 2595 multis
816 2577 863 2595 an-

69 2606 111 2633 nis
129 2605 208 2633 fuerit
227 2615 314 2642 neque
328 2607 360 2633 de
375 2606 489 2641 praediis
507 2615 636 2641 umquam
651 2611 748 2632 temere
762 2606 864 2633 disces·-

68 2643 141 2670 serit.
180 2643 288 2670 Restare
306 2644 355 2670 tibi
370 2643 510 2670 videbatur
523 2652 661 2670 servorum
680 2652 789 2675 nomen,
809 2652 863 2678 quo

68 2681 145 2716 quasi
171 2681 199 2707 in
225 2685 330 2716 portum
357 2681 470 2708 reiectus
497 2689 510 2707 a
536 2681 630 2707 ceteris
660 2681 862 2716 suspicionibus

471 590 528 617 Vita
548 594 635 615 autem
663 589 726 615 haec
752 590 859 620 rustica,
883 612 884 617 ,

67 635 148 661 quam
168 631 196 653 tu
216 632 345 663 agrestem
364 636 454 657 vocas,
481 627 670 661 parsimoniae,
696 626 859 662 diligentiae,
883 626 884 637 ³

1248 149 1280 174 23
1300 163 1336 166 —
1357 149 1397 174 30.
1659 154 1699 176 22¹1

912 216 1055 252 confugere
1073 226 1178 252 posses:
1206 218 1252 244 ubi
1272 218 1412 253 scopulum
1433 218 1543 245 offendis
1562 220 1702 251 eiusmodi,

912 259 941 280 ut
960 263 1012 280 non
1030 255 1108 281 modo
1126 255 1158 281 ab
1176 255 1226 281 hoc
1244 256 1343 282 crimen
1362 256 1463 281 resilire
1482 256 1586 287 videas,
1612 266 1704 284 verum

912 300 1018 318 omnem
1037 293 1217 326 suspicionem
1237 293 1263 318 in
1283 294 1458 328 vosmetipsos
1478 294 1594 320 recidere
1606 295 1706 321 intelli-

912 337 968 364 gas.
1009 331 1050 355 80.
1073 329 1143 361 Quid
1161 334 1200 356 est
1218 339 1292 365 ergo,
1314 339 1367 365 quo
1385 331 1491 356 tandem
1510 336 1645 358 accusator
1665 333 1707 358 in-

912 366 971 400 opia
998 371 1215 401 argumentorum
1241 367 1408 402 confugerit‘.>
1433 368 1573 394 Eiusmodi
1600 373 1706 403 tempus

913 408 975 433 erat,
991 404 1092 438 inquit,
1109 409 1138 430 ut
1152 405 1273 430 homines
1289 405 1370 440 vulgo
1383 405 1494 439 impune
1508 405 1704 432 occiderentur:

913 449 994 474 quare
1013 446 1041 466 tu
1060 441 1109 467 hoc
1129 447 1235 476 propter
1253 442 1453 468 multitudinem
1473 443 1629 469 sicariorum
1646 443 1708 469 nul-

914 477 938 503 lo
965 479 1069 513 negotio
1096 478 1180 504 facere
1207 480 1326 513 potuisti.
1368 481 1474 506 Interim
1503 481 1568 506 milii
1595 480 1704 511 videris,

913 515 1000 545 Eruci,
1018 524 1070 541 una
1086 516 1204 542 mercede
1219 517 1286 542 duas
1301 526 1341 542 res
1356 518 1462 552 assequi
1475 517 1556 543 velle:
1574 526 1622 544 nos
1635 518 1708 544 iudi—

913 552 953 578 cio
976 552 1148 586 perfundere:
1172 562 1294 579 accusare
1315 559 1402 580 autem
1421 563 1465 580 eos
1480 556 1561 589 ipsos,
1578 564 1590 580 a
1606 555 1707 590 quibus

914 589 1061 615 mercedem
1077 591 1210 624 accepisti.
1251 591 1321 622 Quid
1336 591 1393 617 ais?
1414 592 1494 624 vulgo
1508 592 1705 618 occidebantur.

913 627 961 652 Per
978 626 1065 660 quos‘?
1085 632 1110 653 et
1127 636 1141 653 a
1159 628 1278 662 quibus?
1299 629 1354 654 Non
1369 624 1476 661 cogitas]
1494 634 1517 655 te
1532 638 1545 655 a
1560 630 1707 655 sectoribus

914 663 966 689 huc
989 663 1134 690 adductum
1158 664 1235 690 esse‘?
1255 665 1324 697 Quid
1344 662 1450 700 postea?
1481 667 1634 697 Nescimus,
1661 676 1708 702 per

912 701 962 726 ista
985 705 1101 735 tempora
1125 702 1231 727 eosdem
1257 702 1309 728 fere
1333 708 1447 729 sectores
1473 703 1555 729 fuisse
1578 704 1707 730 collorum

913 742 938 763 et
960 738 1108 764 bonorum‘?
1140 741 1180 765 81.
1205 740 1224 765 Ii
1247 739 1376 774 denique,
1397 741 1443 774 qui
1462 745 1518 766 tum
1539 742 1631 767 armati
1650 741 1706 767 dies

913 779 1057 810 noctesque
1079 777 1283 805 concursabant,
1314 778 1360 812 qui
1379 778 1476 803 Romae
1499 783 1571 804 erant
1593 779 1704 808 assidui,

912 813 959 847 qui
974 813 1045 838 omni
1060 817 1177 847 tempore
1191 814 1218 839 in
1233 814 1328 848 praeda
1341 819 1365 840 et
1378 815 1405 841 in
1420 816 1550 850 sanguine
1563 816 1707 842 versaban-

914 854 964 880 tur,
981 850 1042 876 Sex.
1059 851 1153 877 Roscio
1167 852 1293 885 temporis
1308 852 1381 877 illius
1397 853 1565 878 acerbitatem
1580 853 1707 887 iniquita-

913 892 1020 922 temque
1034 887 1177 914 obiicient‘?
1197 894 1222 914 et
1236 889 1308 914 illam
1324 890 1479 915 sicariorum
1494 890 1704 920 multitudinem,

912 925 939 950 in
953 933 1006 959 qua
1021 925 1072 959 ipsi
1087 925 1168 951 duces
1183 934 1212 952 ac
1226 927 1360 960 principes
1372 931 1452 958 erant,
1468 927 1530 953 huic
1540 927 1646 953 crimini
1657 936 1708 961 pu-

913 962 1006 988 tabunt
1021 962 1092 988 fore‘?
1105 964 1152 997 qui
1168 972 1218 989 non
1234 964 1311 989 modo
1323 965 1418 990 Romae
1430 974 1481 990 non
1496 964 1554 995 fuit,
1567 964 1613 990 scd
1621 965 1708 990 omni-

913 1008 954 1030 no,
980 1000 1046 1034 quid
1069 1000 1166 1026 Romae
1185 1005 1315 1036 ageretur,
1338 1002 1458 1032 nesciret,
1480 1006 1617 1036 propterea
1635 1002 1707 1036 quod

913 1038 967 1063 ruri
990 1037 1129 1069 assiduus,
1154 1038 1382 1072 quemadmodum
1406 1043 1462 1065 tute
1480 1039 1624 1069 confiteris.
1646 1039 1706 1065 fuit.

913 1076 954 1101 82.
978 1075 1084 1106 Vereor,
1106 1083 1138 1101 ne
1157 1080 1202 1101 aut
1220 1076 1348 1102 molestus
1367 1077 1418 1102 sim
1433 1077 1518 1107 vobis,
1535 1077 1646 1107 iudices,
1663 1081 1708 1102 aut

913 1120 945 1138 ne
960 1112 1075 1148 ingeniis
1089 1113 1185 1139 vestris
1200 1113 1290 1139 videar
1305 1113 1434 1145 diffidere,
1452 1114 1473 1139 si
1489 1114 1521 1139 de
1536 1119 1587 1140 tam
1604 1114 1708 1148 perspi-

913 1150 971 1175 cuis
986 1150 1065 1176 rebus
1080 1150 1183 1176 diutius
1197 1151 1336 1176 disseram.
1377 1152 1467 1177 Erucii
1482 1152 1630 1177 criminatio
1644 1156 1705 1182 tota,

913 1191 942 1213 ut
964 1187 1084 1219 arbitror,
1110 1188 1239 1214 dissoluta
1259 1193 1311 1214 est:
1335 1189 1386 1214 nisi
1405 1189 1470 1215 forte
1489 1189 1656 1223 exspectatis,
1680 1193 1708 1214 ut

913 1224 958 1250 illa
976 1225 1093 1256 diluam,
1114 1234 1182 1260 quae
1196 1225 1229 1251 de
1248 1226 1372 1260 peculatu
1391 1235 1420 1252 ac
1433 1226 1466 1252 de
1480 1226 1612 1252 eiusmodi
1628 1226 1708 1252 rebus

912 1263 1101 1288 commentitiis
1124 1263 1242 1289 inaudita
1262 1263 1338 1289 nobis
1357 1268 1415 1290 ante
1434 1264 1483 1290 hoc
1497 1269 1603 1298 tempus
1618 1272 1647 1289 ac
1661 1272 1708 1290 no-

913 1308 945 1325 va
967 1300 1077 1326 obiecit:
1101 1309 1169 1335 quae
1188 1301 1255 1326 mibi
1275 1301 1323 1327 iste
1339 1302 1413 1327 visus
1428 1306 1467 1327 est
1481 1310 1514 1328 ex
1528 1301 1578 1327 alia
1592 1301 1708 1327 oratione

912 1336 1068 1368 declamare,
1093 1346 1173 1372 quam
1187 1338 1215 1364 in
1230 1338 1311 1364 alium
1327 1347 1402 1364 reum
1415 1343 1650 1365 commentaretur:
1673 1339 1708 1364 ita

913 1382 999 1409 neque
1013 1374 1046 1400 ad
1059 1375 1159 1401 crimen
1178 1376 1311 1410 parricidii
1327 1384 1413 1410 neque
1427 1376 1460 1402 ad
1474 1385 1549 1406 eum,
1569 1376 1617 1410 qui
1631 1384 1708 1401 caus-

913 1420 968 1437 sam
993 1412 1065 1443 dicit,
1092 1413 1267 1446 pertinebant.
1308 1414 1343 1439 Dc
1367 1414 1467 1448 quibus
1485 1414 1612 1448 quoniam
1627 1413 1708 1439 verbo

913 1449 1009 1484 arguit,
1027 1449 1107 1475 verbo
1121 1450 1185 1475 satis
1200 1455 1240 1476 est
1255 1458 1359 1485 negare.
1400 1450 1428 1477 Si
1443 1451 1508 1485 quid
1523 1455 1571 1481 est,
1588 1450 1660 1485 quod
1675 1449 1708 1476 ad

913 1490 993 1512 testes
1011 1491 1140 1513 reservet:
1163 1487 1201 1513 ibi
1220 1496 1268 1513 nos
1286 1496 1407 1522 quoque,
1433 1493 1461 1514 ut
1480 1489 1506 1514 in
1526 1489 1583 1523 ipsa
1602 1496 1705 1518 caussa,

913 1525 1056 1558 paratiores
1078 1524 1199 1558 reperiet,
1219 1533 1300 1559 quam
1315 1526 1432 1559 putabat.
1464 1525 1552 1551 XXX.
1568 1527 1609 1551 83.
1626 1525 1709 1551 Venio

914 1570 984 1587 nunc
1011 1570 1048 1592 eo,
1078 1570 1131 1596 quo
1158 1570 1200 1587 me
1227 1571 1277 1588 non
1305 1563 1437 1597 cupiditas
1456 1563 1543 1593 ducit,
1564 1561 1611 1588 sed
1631 1562 1706 1588 lides.

914 1599 980 1624 Nam
994 1599 1016 1624 si
1031 1599 1098 1624 mibi
1113 1599 1206 1625 liberet
1219 1608 1351 1630 accusare,
1368 1609 1519 1626 accusarem
1532 1599 1597 1625 alios
1608 1600 1706 1634 potius,

914 1644 946 1662 ex
960 1636 1061 1670 quibus
1075 1645 1181 1670 possem
1195 1645 1325 1663 crescere:
1348 1637 1420 1672 quod
1434 1642 1534 1663 certum
1550 1641 1589 1663 est
1603 1645 1654 1663 non
1669 1636 1708 1662 fa-

913 1681 980 1704 cere,
1005 1673 1071 1699 dum
1096 1674 1228 1699 utrumvis
1248 1673 1346 1700 licebit.
1389 1675 1413 1700 Is
1431 1675 1501 1700 euim
1522 1674 1587 1700 milii
1603 1674 1708 1700 videtui-

913 1710 1108 1745 amplissimus,
1129 1711 1175 1745 qui
1195 1720 1243 1737 sua
1259 1711 1355 1737 virtute
1370 1712 1397 1737 in
1411 1711 1530 1738 altiorem
1547 1712 1633 1738 locum
1648 1719 1708 1746 per-

914 1748 998 1779 venit,
1028 1757 1080 1774 non
1098 1749 1145 1783 qui
1168 1748 1286 1774 ascendit
1309 1757 1355 1783 per
1377 1749 1485 1775 alterius
1508 1749 1708 1775 incommodum

913 1790 939 1812 et
959 1785 1146 1812 calamitatem.
1186 1786 1345 1812 Desinamus
1364 1786 1507 1821 aliquando
1529 1795 1558 1812 ca
1585 1787 1706 1816 scrutari,

912 1831 981 1858 quac
995 1827 1058 1849 sunt
1072 1823 1174 1849 inania:
1196 1831 1372 1858 quaeramuS,
1393 1824 1439 1850 ubi
1455 1824 1615 1850 maleficium
1630 1828 1655 1849 et
1669 1828 1709 1849 est

913 1865 938 1887 et
960 1861 1074 1886 inveniri
1098 1864 1192 1895 potest.
1233 1861 1287 1887 Iam
1310 1860 1456 1897 intelliges,
1484 1862 1578 1892 Eruci,
1607 1865 1708 1887 certum

913 1898 1013 1924 crimen
1027 1907 1108 1933 quam
1123 1897 1216 1924 multis
1229 1898 1430 1933 suspicionibus
1440 1903 1608 1935 coarguatur.
1631 1899 1709 1924 Tam-

913 1936 962 1962 etsi
986 1944 1072 1970 neque
1094 1935 1183 1961 omnia
1201 1935 1287 1961 dicam
1311 1940 1336 1962 et
1360 1936 1452 1963 leviter
1474 1945 1559 1963 unum
1582 1936 1709 1970 quodque

914 1977 1029 2008 tangam.
1070 1973 1163 2008 Neque
1181 1974 1252 1999 cuim
1273 1973 1298 1999 id
1319 1973 1446 2004 facerem,
1472 1975 1523 2000 nisi
1544 1982 1650 2000 necesse
1667 1982 1708 1998 es-

913 2015 965 2041 set,
992 2015 1018 2036 et
1035 2010 1062 2036 id
1081 2011 1130 2036 erit
1147 2011 1217 2046 signi
1236 2018 1278 2036 me
1300 2011 1415 2037 invitum
1440 2011 1537 2042 facere,
1562 2011 1633 2046 quod
1658 2019 1708 2037 nou

913 2056 1059 2083 prosequar
1078 2047 1196 2083 longius,
1224 2056 1306 2082 quam
1324 2048 1397 2074 salus
1416 2048 1498 2074 buius
1521 2053 1545 2074 et
1568 2057 1625 2074 mea
1644 2048 1709 2074 tides

914 2085 1068 2120 postulabit.
1109 2086 1150 2111 84.
1178 2086 1305 2111 (Iaussam
1334 2090 1360 2111 tu
1389 2086 1489 2112 nullam
1513 2086 1663 2121 reperiebas
1682 2086 1708 2111 in

914 2122 976 2149 Sex.
997 2123 1104 2149 Roscio:
1126 2127 1152 2148 at
1174 2131 1223 2158 ego
1245 2123 1272 2148 in
1291 2123 1320 2148 T.
1342 2123 1435 2149 Roscio
1457 2125 1568 2157 reperio.
1609 2123 1708 2149 Tecum

914 2161 985 2186 enim
1005 2160 1071 2186 mibi
1091 2168 1132 2185 res
1146 2164 1198 2190 est,
1220 2160 1249 2185 T.
1266 2160 1356 2190 Rosci.
1373 2161 1500 2195 quoniam
1516 2161 1574 2186 istic
1588 2160 1665 2186 sedes
1680 2168 1709 2186 ac

914 2202 938 2223 to
962 2197 1049 2232 palam
1073 2197 1255 2223 adversarium
1279 2206 1337 2223 esse
1356 2198 1500 2232 profiteris:
1532 2198 1564 2223 de
1583 2197 1709 2232 Capitone

915 2239 973 2269 post
988 2234 1145 2265 viderimus,
1162 2235 1194 2265 si,
1210 2235 1438 2269 quemadmodum
1454 2240 1574 2269 paratum
1589 2243 1648 2260 esse
1661 2243 1708 2260 au-

913 2272 970 2302 dio,
991 2272 1066 2297 testis
1087 2271 1226 2305 prodierit:
1249 2276 1305 2297 tum
1325 2272 1389 2297 alins
1403 2281 1511 2306 quoque
1529 2280 1592 2297 suas
1607 2271 1708 2306 palmas

913 2313 1062 2344 cognoscet,
1079 2309 1111 2334 de
1125 2308 1226 2343 quibus
1241 2317 1282 2334 me
1297 2318 1329 2334 ue
1343 2309 1450 2334 audisse
1464 2309 1572 2343 quidem
1588 2309 1708 2343 suspica-

915 2350 966 2372 tur.
1008 2346 1038 2372 L.
1054 2346 1163 2371 Cassius
1178 2345 1231 2375 ille,
1248 2354 1328 2380 quem
1345 2346 1461 2380 populus
1477 2347 1610 2372 Romanus
1624 2347 1708 2372 veris-

914 2384 1013 2409 simum
1032 2387 1056 2408 et
1075 2383 1304 2417 sapientissimum
1324 2383 1439 2409 iudicem
1464 2383 1585 2417 putabat,
1611 2383 1709 2410 identi-

913 2421 974 2446 dem
994 2420 1020 2446 in
1039 2420 1141 2445 caussis
1159 2428 1285 2454 quaerere
1303 2420 1416 2450 solebat,
1441 2421 1484 2446 cni
1512 2421 1580 2447 bono
1603 2419 1706 2447 fuisset.

914 2458 958 2483 Sic
973 2458 1025 2483 vita
1040 2457 1179 2482 bominum
1193 2461 1246 2486 est,
1268 2462 1296 2483 ut
1311 2457 1342 2483 nd
1358 2457 1518 2483 mulclieiuni
1535 2466 1612 2484 nemo
1629 2467 1709 2484 cone-

915 2499 957 2521 tur
971 2495 1028 2520 siue
1042 2503 1089 2528 spe
1104 2499 1183 2528 atque
1198 2494 1378 2520 emolumento
1395 2495 1527 2520 accedere.
1568 2496 1610 2521 ⁸5.
1633 2495 1708 2522 Hunc

914 2532 1092 2566 quaesitorem
1113 2540 1142 2557 nc
1165 2531 1280 2557 iudicem
1305 2531 1443 2565 fugiebant
1464 2537 1543 2566 utque
1567 2532 1708 2559 horrebant

914 2569 946 2600 ii,
966 2569 1067 2604 quibus
1082 2568 1231 2603 periculum
1246 2569 1398 2594 creulmtur:
1421 2569 1480 2595 ideo
1497 2569 1582 2604 quod,
1603 2571 1706 2596 tametsi

915 2606 1032 2632 veritatis
1046 2610 1100 2632 crat
1114 2606 1230 2635 nniicus,
1251 2610 1338 2632 tamen
1354 2611 1446 2632 natura
1461 2615 1512 2632 non
1527 2611 1579 2633 tam
1594 2616 1708 2642 propen—

913 2652 960 2669 sus
974 2643 1006 2669 ad
1022 2643 1244 2673 misericordiam,
1264 2652 1346 2678 quam
1361 2643 1514 2678 implicatus
1533 2644 1565 2670 nd
1580 2646 1707 2671 severita—

914 2685 966 2707 tem
981 2680 1130 2707 videbatur.
1171 2680 1235 2716 Ego,
1253 2689 1417 2716 quamquam
1432 2686 1535 2716 praeest
1549 2681 1612 2708 buic
1625 2691 1707 2717 quim-
