1941 3052
427 153 474 179 IN
507 153 708 180 VERREM
740 153 839 181 ACT.
866 155 898 181 11.

142 223 206 250 LIV.
223 223 281 249 ⁴34.
303 222 364 254 Sed,
381 231 414 249 ne
427 224 571 255 miremini,
588 233 641 259 qua
654 226 754 251 ratione
768 224 812 251 hic
826 228 885 251 tan-

87 264 146 287 tum
168 260 240 295 apud
261 261 345 286 istum
368 260 480 287 libertus
504 263 632 296 potuerit,
657 271 788 297 exponam
807 262 884 288 vobis

87 297 212 329 breviter,
228 297 295 332 quid
309 297 427 324 hominis
438 299 481 330 sit,
498 303 562 325 utet
573 300 652 326 istius
663 300 820 334 nequitiam,
836 300 884 334 qui

86 334 166 361 illum
180 343 272 361 secum
286 335 418 367 habuerit,
435 344 465 362 eo
478 337 634 371 praesertim
649 345 759 363 numero
773 345 803 362 ac
818 336 881 368 loco,

87 377 113 399 et
126 372 303 399 calamitatem
318 373 470 408 provinciae
483 375 658 409 cognoscatis.
696 375 725 400 In
740 373 884 400 mulierum

87 410 246 445 corruptelis
260 414 286 436 et
300 411 327 436 in
341 411 414 437 omni
429 411 561 437 eiusmodi
577 411 683 438 luxuria
698 415 777 446 atque
790 412 885 446 nequi·

89 448 123 474 tia
137 447 290 474 mirandum
304 448 331 474 in
346 447 456 474 modum
471 449 636 483 reperiebam
651 449 723 475 hunc
737 448 885 474 Timarchi-
904 474 906 481 Α

87 484 147 511 dem
163 485 196 511 ad
210 485 289 511 istius
304 484 447 521 flagitiosas
462 485 588 512 libidines
602 486 822 521 singularemque
837 494 883 511 ne-

87 523 201 557 quitiam
216 527 307 549 natum
322 527 401 558 atque
415 527 507 557 aptum
523 522 620 549 fuisse:
640 523 810 558 investigare,
827 523 885 549 adi-

88 568 124 591 re,
141 560 284 595 appellare,
300 568 478 595 corrumpere,
495 560 605 595 quidvis
617 559 701 586 facere
712 561 740 586 in
751 559 884 586 eiusmodi

87 597 182 628 rebus,
198 598 324 633 quamvis
338 597 447 628 callide,
464 598 590 632 quamvis
605 597 741 628 audacter,
758 598 883 632 quamvis

87 635 271 670 impudenter,
291 635 417 661 eumdem
431 635 497 660 mira
512 634 643 669 quaedam
658 635 823 670 excogitasse
837 643 884 669 ge-

88 681 150 698 nera
174 672 295 699 furandi:
320 681 382 698 nam
403 673 494 706 ipsum
517 672 624 698 Verrem
647 676 751 698 tantum
774 672 883 698 avaritia

87 718 194 745 semper
215 710 306 736 hiante
328 714 408 744 atque
428 709 580 735 imminenti
603 708 700 740 fuisse,
728 710 836 744 ingenio
859 713 884 735 et

87 747 245 783 cogitatione
259 746 347 773 nulla:
372 750 414 777 ut,
434 746 570 781 quidquid
588 755 637 772 sua
651 751 744 781 sponte
759 746 880 777 faciebat,

86 785 149 811 item
164 788 195 811 ut
208 793 255 810 vos
268 784 366 810 Romae
380 784 553 819 cognovistis,
570 784 672 819 eripere
686 784 784 819 potiuS,
800 792 882 818 quam

87 821 178 848 fallere
197 821 341 848 videretur.
383 823 440 847 ⁴35.
460 821 529 847 Haec
548 829 610 848 vero
627 821 710 847 huius
729 825 784 847 erat
802 830 843 847 ars
858 825 884 847 et

87 859 188 885 malitia
213 858 347 890 miranda,
376 858 449 893 quod
476 859 631 885 acutissime
656 863 708 885 tota
734 859 879 894 provincia,

86 896 153 931 quid
166 895 265 931 cuique
279 896 431 927 accidisset,
452 895 518 930 quid
532 897 631 931 cuique
648 905 718 931 opus
736 900 819 927 esset,
841 896 883 922 in-

86 933 184 969 dagare
214 937 240 960 et
268 933 372 960 odorari
402 933 518 960 solebat:
550 934 672 960 omnium
703 933 879 964 adversarios,

85 971 207 998 omnium
221 971 344 997 inimicos
358 970 500 1006 diligenter
513 979 685 1007 cognoscere,
701 971 826 1006 colloqui,
843 975 883 997 at—

84 1013 200 1041 tentare3
216 1016 249 1035 ex
263 1012 376 1043 utraque
390 1013 464 1043 parte
478 1017 595 1040 caussas,
612 1008 763 1035 voluntates
778 1009 882 1043 perspi-

85 1054 152 1077 cere,
169 1045 307 1072 facultates
322 1050 347 1072 et
360 1046 464 1081 copias:
484 1046 586 1081 quibus
600 1055 669 1081 opus
683 1050 762 1077 esset,
779 1050 880 1072 metum

85 1083 191 1110 afferre:
207 1083 309 1118 quibus
323 1083 469 1118 expediret,
486 1092 561 1118 spem
576 1083 729 1110 ostendere:
745 1088 881 1110 accusato-

84 1129 145 1147 rum
163 1125 189 1147 et
206 1120 447 1156 quadruplatorum
465 1120 601 1156 quidquid
623 1125 690 1152 erat,
715 1121 830 1147 habebat
853 1121 881 1147 in

83 1162 226 1193 potestate:
246 1158 319 1193 quod
333 1159 431 1193 cuique
445 1159 544 1194 negotii
557 1158 670 1185 conflare
685 1158 802 1190 volebat,
820 1158 882 1184 nul-

84 1195 110 1223 lo
124 1195 213 1222 labore
227 1194 353 1222 faciebat:
373 1197 452 1222 istius
466 1196 555 1222 omnia
569 1196 682 1227 decreta,
698 1196 820 1231 imperia,
838 1195 880 1222 lit-

85 1238 153 1260 teras
167 1233 330 1268 peritissime
345 1237 370 1260 et
383 1233 558 1260 callidissime
572 1233 735 1260 venditabat.
771 1235 827 1259 ⁴36.
843 1233 880 1259 Ac

85 1279 137 1297 non
151 1269 238 1296 solum
253 1275 308 1297 erat
322 1270 566 1297 administeristius
576 1271 768 1306 cupiditatum;
786 1279 879 1297 verum

84 1308 163 1334 etiam
182 1307 239 1342 ipse
257 1308 300 1334 sui
318 1309 474 1334 meminerat
492 1317 586 1343 aeque.
626 1309 684 1335 Non
698 1308 786 1334 solum
801 1317 881 1334 num-

84 1354 151 1376 mos,
169 1345 191 1371 si
206 1345 253 1380 qui
267 1345 311 1371 isti
326 1345 487 1377 exciderant,
504 1345 595 1372 tollere
609 1345 719 1377 solebat,
736 1354 769 1372 ex
779 1346 880 1381 quibus

83 1383 225 1418 pecuniam
240 1383 384 1409 maximam
400 1382 474 1415 fecit:
496 1382 543 1409 sed
558 1384 636 1409 etiam
651 1383 819 1418 voluptatum
834 1382 880 1409 fla-

82 1420 265 1456 gitiorumque
283 1420 363 1446 istius
381 1420 439 1455 ipse
453 1420 582 1455 reliquias
595 1420 747 1456 colligebat.
788 1421 879 1455 Itaque

82 1458 111 1484 in
126 1457 217 1484 Sicilia
232 1466 284 1484 non
298 1457 488 1489 Athenionem,
509 1458 557 1492 qui
572 1457 677 1484 nullum
692 1458 822 1492 oppidum
836 1458 880 1484 ce'-

82 1495 135 1530 pit,
151 1494 200 1521 sed
211 1494 407 1521 Timarchidem
423 1494 567 1531 fugitivum
579 1495 706 1521 omnibus
715 1495 822 1530 oppidis
833 1504 880 1530 per

82 1532 229 1558 triennium
247 1533 340 1558 scitote
357 1541 497 1568 regnasse:
523 1533 550 1559 in
569 1532 731 1558 Timarchidi
751 1537 879 1567 potestate

82 1570 216 1596 sociorum
230 1569 323 1604 populi
337 1570 449 1596 Romani
460 1570 711 1604 antiquissimorum
723 1573 802 1604 atque
813 1571 880 1596 ami-

82 1607 252 1633 cissimorum
264 1606 371 1638 liberos,
388 1606 611 1638 matresfamilias,
625 1607 693 1633 bona
705 1606 879 1643 fortunasque
900 1608 901 1636 1

82 1652 175 1670 omnes
194 1643 287 1670 fuisse.
328 1644 353 1670 Is
371 1644 467 1680 igitur,
496 1649 525 1671 ut
548 1644 620 1675 dico,
649 1645 832 1671 Timarchides
851 1646 878 1671 in
899 1643 900 1650 ¹

82 1689 176 1708 omnes
190 1681 310 1708 civitates
325 1686 432 1716 accepto
445 1682 531 1717 pretio
543 1690 666 1708 censores
681 1681 794 1708 dimisit.
829 1682 879 1709 Co—

82 1719 157 1745 mitia
175 1719 227 1745 isto
246 1723 364 1754 praetore
382 1727 523 1746 censorum
542 1728 575 1746 ne
598 1718 745 1746 simulandi
767 1719 878 1754 quidem

81 1764 175 1783 caussa
190 1755 306 1783 fuerunt.

138 1793 190 1821 LV.
204 1794 260 1820 437.
277 1794 330 1820 lam
344 1793 394 1820 hoc
408 1793 657 1829 impudentissime:
673 1793 760 1829 palam
772 1793 879 1830 (licebat
899 1810 900 1819 1

81 1830 152 1857 enim
172 1830 296 1857 videlicet
319 1830 434 1867 legibus)
457 1831 573 1866 singulis
595 1831 753 1859 censoribus
775 1831 877 1858 denarii

81 1868 191 1895 trecenti
205 1868 237 1894 ad
251 1872 366 1895 statuam
380 1865 513 1904 praetoris*
523 1869 646 1904 imperati
664 1873 737 1895 sunt.
779 1869 878 1896 Censo-

82 1913 124 1932 res
143 1913 218 1932 cxxx
237 1905 297 1932 facti
316 1910 388 1932 sunt.
428 1906 573 1933 Pecuniam
592 1906 664 1933 illam
683 1906 717 1933 ob
735 1915 876 1933 censuram

80 1947 170 1969 contra
189 1942 260 1978 leges
279 1942 348 1969 clam
366 1942 511 1977 dederunt;
540 1944 605 1970 baec
625 1944 765 1970 denarium
786 1952 877 1970 xxxix

81 1979 165 2006 millia
185 1980 271 2015 palam
290 1980 373 2007 salvis
393 1980 499 2016 legibus
517 1980 689 2008 contulerunt
706 1982 734 2008 in
749 1985 875 2008 statuam.

80 2017 200 2043 Primum
219 2026 273 2052 qno
291 2021 391 2044 tantam
410 2017 570 2053 pecuniam?
587 2018 683 2045 deinde
701 2019 875 2054 quamobrem

80 2062 203 2081 censores
222 2054 254 2081 ad
273 2058 388 2081 statuam
410 2055 459 2081 tibi
483 2055 670 2082 conterebant?
698 2056 770 2083 Ordo
792 2056 875 2091 aliqui

80 2100 221 2119 censorum
235 2091 293 2118 est‘?
314 2092 477 2127 collegium?
493 2101 580 2129 genus
594 2093 703 2129 aliquod
717 2093 877 2120 hominum?

80 2129 147 2156 Nam
161 2133 207 2155 aut
220 2129 329 2164 publice
342 2130 463 2156 civitates
482 2131 546 2157 istos
566 2130 679 2158 honores
698 2131 810 2163 habent,
830 2136 876 2158 aut
896 2129 898 2136 ’

79 2167 226 2203 generatim
245 2166 380 2198 homines,
405 2171 435 2193 ut
453 2171 580 2200 aratores,
606 2172 636 2195 ut
649 2173 820 2201 mercatores,
846 2173 876 2195 ut
896 2185 897 2204 ;

80 2203 248 2230 navicularii.
289 2204 418 2231 Censores
433 2204 542 2239 quidem
557 2206 604 2241 qui
619 2206 719 2242 magis,
735 2215 816 2241 quam
831 2215 876 2232 ae-
895 2210 897 2243 j

79 2240 166 2268 diles‘?
179 2241 219 2268 Ob
233 2240 413 2268 heneficium?
426 2242 495 2278 Ergo
509 2242 559 2269 hoc
574 2242 697 2275 fatebere,
714 2243 761 2270 abs
776 2248 800 2270 te
811 2244 875 2270 haec
896 2256 897 2259 ¹

79 2279 160 2314 petita
174 2287 246 2305 esse:
267 2278 338 2315 (nam
356 2283 444 2314 empta
459 2288 511 2306 non
525 2280 637 2307 audebis
655 2280 769 2317 dicere:)
788 2285 812 2308 te
830 2290 874 2307 eos
895 2308 897 2313 ,

80 2316 251 2352 magistratus
278 2316 434 2343 hominibus
459 2316 595 2349 beneficii,
632 2326 684 2345 non
711 2318 874 2354 reipublicae

79 2361 173 2380 caussa
196 2353 370 2388 permisisse?
394 2354 448 2381 Hoc
470 2358 559 2381 autem
581 2363 666 2390 quum
690 2359 747 2382 tute
766 2355 871 2387 fateare,

78 2390 223 2426 quisquam
238 2390 380 2423 dubitabit,
396 2391 463 2426 quin
477 2395 505 2418 tu
519 2392 597 2418 istam
607 2392 679 2427 apud
691 2393 803 2428 populos
814 2402 875 2428 pro-
895 2400 896 2414 ¹

80 2427 182 2454 vinciae
200 2428 280 2455 totius
298 2428 428 2455 invidiam
443 2433 523 2464 atque
537 2429 708 2456 offensionem
723 2439 774 2457 non
788 2431 874 2457 ambi·
894 2429 896 2455 i

78 2465 158 2492 tionis
173 2474 259 2500 neque
273 2465 462 2492 beneficiorum
477 2466 705 2499 collocandorum,
731 2468 778 2494 sed
792 2476 874 2503 pecu·
895 2470 896 2493 1

78 2501 137 2528 niae
150 2502 331 2529 conciliandae
344 2511 439 2530 caussa
452 2503 622 2538 susceperis?
655 2506 712 2531 ⁴38.
727 2505 819 2540 Itaque
833 2505 872 2531 illi
894 2503 896 2523 ³

77 2547 200 2566 censores
214 2539 334 2567 fecerunt
347 2540 432 2572 idem,
448 2541 521 2576 qnod
535 2542 562 2567 in
577 2545 665 2568 nostra
679 2542 816 2577 republica
830 2550 874 2569 so-
893 2565 895 2579 ,

78 2575 133 2602 lent
146 2577 178 2608 ii,
199 2577 246 2612 qui
261 2585 308 2612 per
323 2577 490 2614 largitionem
504 2579 677 2614 magistratus
691 2579 779 2614 adepti
794 2584 870 2606 sunt:
893 2595 895 2621 *l

77 2612 208 2641 dederunt
221 2622 338 2649 operam,
354 2619 385 2641 ut
395 2615 431 2642 ita
445 2620 601 2651 potestatem
613 2621 742 2652 gererent,
759 2621 787 2643 ut
799 2617 872 2643 illam
893 2622 894 2639 ἑ

78 2649 200 2677 lacunam
214 2652 250 2678 rei
265 2651 404 2679 familiaris
418 2652 564 2688 explerent.
595 2653 639 2680 Sic
653 2662 749 2680 census
764 2653 872 2680 habitus

77 2692 117 2714 est
131 2692 154 2714 te
169 2693 296 2723 praetore.
313 2693 343 2716 ut
355 2697 386 2717 eo
399 2698 481 2717 censu
497 2690 600 2718 nullius
611 2691 726 2718 civitatis
737 2691 872 2726 respubli-
892 2697 894 2718 a

933 154 1019 180 LIB.
1046 155 1078 181 11.
1113 154 1210 181 CAP.
1237 157 1387 182 51—58.
1679 160 1728 185 277

935 233 965 251 ca
980 229 1069 260 posset
1083 225 1273 252 administrari.
1296 227 1363 252 Nam
1379 225 1585 261 locupletissimi
1599 228 1731 263 cuiusque

935 271 1033 288 census
1047 267 1234 294 extenuarant,
1255 264 1406 290 tenuissimi
1421 269 1558 291 auxerant.
1599 265 1691 300 Itaque
1705 266 1732 292 in

936 300 1044 326 tributis
1058 300 1222 335 imperandis
1237 305 1340 327 tantum
1350 302 1438 328 oneris
1451 301 1523 336 plebi
1534 302 1730 337 imponebatur,

936 341 978 367 ut,
995 338 1101 364 etiamsi
1115 338 1238 364 homines
1253 342 1381 369 tacerent,
1397 347 1439 365 res
1453 339 1512 373 ipsa
1527 339 1606 365 illum
1620 348 1731 366 censum

936 374 1102 408 repudiaret:
1123 374 1151 401 id
1165 375 1238 409 quod
1251 375 1366 411 intelligi
1381 375 1507 402 facillime
1522 385 1548 402 re
1563 377 1622 411 ipsa
1636 382 1731 411 potest.

937 412 1000 438 LVI.
1015 413 1080 438 Nam
1091 413 1121 438 L.
1134 412 1267 443 Metellus,
1284 413 1331 448 qui
1346 418 1518 448 posteaquam
1531 422 1580 449 ego
1593 414 1733 449 inquiren-

936 449 963 474 di
981 457 1075 475 caussa
1095 449 1122 475 in
1142 449 1261 476 Siciliam
1280 450 1355 481 veni,
1381 455 1490 485 repente
1508 451 1596 477 Letilii
1615 451 1732 478 adventu

936 486 1015 512 istius
1030 495 1081 513 non
1096 486 1175 512 modo
1185 487 1296 517 amicus,
1313 496 1407 514 verum
1419 488 1497 515 etiam
1509 493 1637 524 cognatus
1648 488 1733 515 factus

912 538 913 541 =
936 527 989 555 est,
1005 523 1037 555 is,
1054 523 1127 558 qnod
1143 524 1250 550 videbat
1264 525 1341 551 istius
1356 534 1467 551 censum
1482 530 1551 552 stare
1565 525 1640 552 nullo
1654 526 1733 553 modo

912 573 914 577 .
936 569 1026 595 posse,
1048 569 1109 587 eum
1124 570 1234 587 censum
1249 562 1384 588 observari
1398 563 1490 594 iussit,
1511 563 1560 598 qui
1574 563 1630 590 viro
1644 563 1733 590 sortis-

936 598 1004 624 simo
1027 603 1107 633 atque
1128 599 1348 625 innocentissimo
1371 600 1434 626 Sex.
1454 600 1592 627 Peducaeo
1613 605 1732 635 praetore

936 635 1044 661 habitus
1063 640 1142 661 esset.
1182 636 1264 662 Erant
1278 637 1349 662 enim
1364 641 1421 663 tum
1435 646 1559 664 censores
1574 637 1679 673 legibus
1694 638 1733 664 sa-

935 673 983 703 cti,
1004 672 1099 698 delecti
1114 682 1128 698 a
1142 673 1199 698 suis
1213 674 1382 701 civitatibus:
1403 675 1517 709 quibus,
1539 675 1561 701 si
1579 675 1645 710 quid
1659 684 1733 702 com-

936 710 1081 740 misissent,
1098 718 1197 744 poenae
1212 709 1318 746 legibus
1333 716 1406 737 erant
1419 713 1586 738 constitutae.
1623 714 1678 739 439.
1696 713 1732 739 Te

935 751 1023 772 autem
1039 751 1165 781 praetore,
1182 748 1244 782 quis
1258 756 1352 774 censor
1365 753 1410 774 aut
1425 748 1510 784 legem
1525 754 1662 781 metueret,
1678 759 1731 785 qua

910 790 912 796 ’
935 792 986 810 non
1005 784 1157 815 tenebatur,
1183 785 1309 819 quoniam
1328 791 1432 812 creatus
1452 786 1509 821 lege
1528 795 1579 813 non
1594 791 1660 818 erat,
1687 792 1732 814 aut

934 821 1192 848 animadversionem
1208 826 1295 853 tuam,
1311 831 1397 857 quum
1411 823 1452 854 id,
1473 823 1545 858 quod
1559 824 1606 850 abs
1621 829 1645 850 te
1659 833 1731 851 eme-

903 863 904 871 *
934 863 981 890 rat,
998 858 1180 885 vendidisset?
1203 860 1301 886 Teneat
1313 861 1367 886 iam
1381 869 1444 886 sane
1458 869 1531 887 meos
1546 865 1625 887 testes
1640 862 1732 888 Metel-

934 895 990 922 lus:
1016 901 1091 932 cogat
1105 896 1171 923 alios
1186 896 1302 929 laudare,
1319 898 1389 924 sicut
1402 898 1430 924 in
1444 897 1537 924 multis
1551 902 1661 925 conatus
1676 904 1729 925 est:

933 933 1012 960 modo
1030 933 1094 959 haec
1113 933 1202 966 saciat,
1228 943 1297 969 quae
1314 934 1386 961 facit.
1426 935 1493 967 Quis
1511 936 1582 962 enim
1601 945 1730 971 umquam

933 975 1004 997 tanta
1023 979 1037 997 a
1055 980 1191 1006 quoquam
1210 972 1384 1004 contumelia,
1409 973 1472 1008 quis
1496 977 1566 999 tanta
1585 973 1731 1008 ignominia

933 1008 1041 1035 affectus
1060 1008 1118 1035 est‘?
1142 1008 1241 1041 Quinto
1259 1018 1368 1045 quoque
1386 1019 1455 1037 anno
1469 1010 1560 1037 Sicilia
1574 1015 1625 1037 tota
1639 1019 1732 1037 cense-

934 1050 986 1072 tur.
1026 1046 1089 1072 Erat
1101 1055 1180 1072 censa
1199 1052 1317 1082 praetore
1334 1047 1486 1074 Peducaeo:
1514 1048 1627 1083 quintus
1645 1057 1731 1074 annus

933 1092 1018 1118 quum
1033 1088 1058 1109 te
1073 1088 1191 1118 praetore
1201 1085 1347 1116 incidisset,
1364 1094 1443 1111 censa
1453 1085 1542 1111 denuo
1553 1089 1602 1111 est.
1623 1086 1731 1112 Postero

934 1129 1002 1147 anno
1020 1121 1050 1147 L.
1070 1121 1193 1148 Metellus
1211 1122 1372 1149 mentionem
1391 1123 1430 1149 tui
1448 1131 1545 1149 census
1565 1122 1621 1149 fieri
1644 1128 1728 1149 vetat:

932 1167 1055 1185 censores
1074 1158 1139 1185 dicit
1156 1159 1189 1185 de
1207 1160 1310 1195 integro
1324 1160 1375 1186 sibi
1390 1160 1471 1186 creari
1486 1160 1604 1195 placere:
1631 1161 1731 1187 interea

932 1196 1135 1222 Peducaeanum
1153 1205 1264 1223 censum
1283 1197 1419 1224 observari
1438 1198 1521 1224 iubet.
1562 1198 1616 1224 Hoc
1630 1198 1653 1224 si
1668 1202 1730 1224 tuus

931 1234 1059 1260 inimicus
1073 1234 1122 1260 tibi
1137 1233 1258 1266 fecisset,
1281 1239 1382 1266 tamen,
1403 1236 1453 1261 etsi
1467 1235 1557 1262 animo
1571 1243 1656 1270 aequo
1671 1244 1731 1270 pro-

932 1271 1020 1297 vincia
1044 1271 1163 1303 tulisset,
1193 1272 1295 1298 inimici
1321 1273 1452 1299 iudicium
1479 1281 1560 1308 grave
1583 1272 1728 1299 videretur.

932 1309 1004 1335 Fecit
1018 1309 1120 1335 amicus
1134 1318 1225 1336 recens
1239 1314 1264 1336 et
1282 1314 1410 1345 cognatus
1429 1309 1606 1337 voluntarius.
1646 1310 1730 1337 Aliter

931 1347 1017 1377 enim,
1038 1346 1060 1371 si
1077 1347 1240 1381 provinciam
1256 1347 1381 1379 retinere,
1403 1348 1426 1374 si
1444 1347 1536 1373 salvus
1555 1348 1613 1382 ipse
1627 1348 1654 1374 iu
1669 1356 1730 1382 pro-

932 1384 1019 1410 vincia
1034 1383 1114 1410 vellet
1127 1392 1195 1415 esse,
1213 1384 1298 1411 facere
1312 1393 1364 1411 non
1379 1385 1474 1420 potuit.
1509 1385 1584 1412 LVII.
1602 1386 1659 1411 tto.
1676 1385 1730 1411 Ex-

931 1425 1035 1455 spectas
1050 1421 1138 1452 etiam,
1154 1421 1220 1456 quid
1235 1422 1262 1448 hi
1276 1422 1414 1448 iudicent?
1437 1422 1465 1449 Si
1480 1422 1528 1448 tibi
1543 1423 1728 1458 magistratum

931 1458 1097 1493 abrogasset,
1127 1459 1228 1485 minore
1254 1459 1401 1494 ignominia
1427 1464 1452 1486 te
1474 1459 1618 1490 affecisset,
1647 1468 1728 1495 quam

931 1504 1016 1530 quum
1031 1503 1073 1526 ea,
1090 1504 1159 1530 quae
1173 1497 1200 1522 in
1215 1497 1372 1532 magistratu
1386 1497 1507 1532 gessisti,
1524 1497 1634 1523 sustulit
1648 1502 1728 1532 atquc

930 1533 1003 1559 irrita
1018 1533 1097 1559 iussit
1111 1542 1178 1559 esse.
1220 1534 1312 1569 Neque
1326 1535 1353 1560 in
1369 1534 1416 1560 hac
1431 1543 1458 1560 re
1472 1534 1528 1560 sola
1542 1534 1593 1560 suit
1611 1535 1728 1560 eiusmo-

930 1570 971 1601 di,
996 1570 1056 1601 sed,
1073 1575 1213 1605 antequam
1228 1580 1277 1607 ego
1291 1572 1318 1598 in
1333 1572 1451 1598 Siciliam
1466 1572 1540 1602 veni,
1561 1572 1588 1598 in
1604 1572 1728 1598 maximis

931 1608 1011 1633 rebus
1034 1616 1063 1633 ac
1086 1608 1221 1642 plurimis.
1264 1610 1329 1635 Nam
1356 1614 1381 1635 ct
1404 1609 1522 1635 Heraclio
1546 1608 1727 1644 Syracusanos

931 1649 991 1671 tuos
1010 1644 1070 1671 illos
1089 1645 1254 1680 palaestritas
1274 1646 1341 1672 bona
1360 1647 1498 1673 restituere
1512 1647 1605 1677 iussit,
1626 1651 1650 1672 et
1664 1646 1728 1681 Epi-

930 1682 994 1708 crati
1013 1682 1136 1714 Bidinos,
1157 1687 1182 1709 et
1200 1683 1304 1717 pupillo
1323 1684 1498 1718 Drepanitano
1516 1684 1547 1710 A.
1569 1683 1725 1710 Claudium:

930 1724 968 1750 et,
985 1720 1037 1746 nisi
1053 1724 1155 1746 mature
1170 1720 1283 1746 Letilius
1298 1722 1324 1747 in
1340 1721 1459 1747 Siciliam
1475 1721 1594 1747 venisset
1607 1730 1668 1747 cum
1685 1721 1727 1747 lit-

931 1758 1007 1788 teris,
1024 1758 1115 1783 minus
1125 1765 1185 1783 xxx
1195 1757 1292 1784 diebus
1304 1758 1427 1785 Metellus
1439 1763 1518 1785 totam
1530 1759 1637 1785 triennii
1652 1766 1727 1793 prac-

930 1799 1016 1821 turam
1032 1799 1105 1821 tuam
1120 1795 1283 1822 rescidisset.

987 1833 1043 1859 ΗΜ.
1066 1833 1111 1863 Et,
1132 1833 1260 1867 quoniam
1279 1833 1312 1859 dc
1331 1842 1359 1859 ea
1380 1833 1506 1868 pecunia,
1527 1841 1608 1868 quam
1628 1833 1675 1859 tibi
1695 1834 1726 1859 ad

930 1874 1043 1896 statuam
1059 1878 1182 1896 censores
1197 1870 1379 1901 contulerunt,
1400 1870 1471 1897 dixi:
1500 1879 1551 1897 non
1570 1870 1636 1896 mihi
1652 1879 1727 1905 prae-

930 1907 1131 1934 termittendum
1150 1907 1256 1934 videtur
1274 1917 1306 1934 ne
1325 1908 1393 1934 illud
1412 1907 1523 1943 quidem
1541 1916 1627 1943 genus
1647 1917 1726 1943 pecu-

929 1945 988 1971 niae
1001 1945 1165 1976 conciliatae,
1181 1954 1262 1980 qnam
1278 1951 1305 1972 tu
1320 1954 1334 1972 a
1347 1946 1502 1972 civitatibus
1516 1950 1664 1972 statuarum
1680 1955 1726 1972 no-

930 1983 1000 2009 mine
1019 1983 1140 2017 coegisti.
1181 1983 1263 2010 Video
1281 1984 1352 2009 enim
1371 1984 1430 2009 eius
1449 1983 1577 2018 pecuniae
1592 1991 1724 2009 summam

928 2029 987 2046 esse
1003 2020 1192 2055 pergrandem,
1216 2020 1248 2046 ad
1264 2021 1327 2047 ll-S
1342 2021 1444 2047 tricies:
1471 2025 1574 2046 tantum
1588 2021 1727 2047 conficiun-

929 2066 962 2084 ex
976 2058 1137 2084 testimoniis
1151 2066 1181 2083 ac
1197 2058 1291 2084 litteris
1305 2059 1455 2084 civitatum.
1490 2058 1523 2084 Et
1537 2058 1586 2084 iste
1602 2058 1650 2083 hoc
1664 2066 1725 2084 con-

927 2095 998 2121 cedit
1012 2103 1059 2121 nec
1074 2100 1161 2129 potest
1174 2095 1250 2121 aliter
1263 2096 1365 2122 dicere:
1385 2104 1468 2130 quare
1482 2095 1634 2121 cuiusmodi
1649 2101 1724 2130 puta-

927 2141 988 2158 mus
1003 2141 1062 2159 esse
1077 2132 1135 2163 illa,
1156 2141 1226 2167 qnae
1241 2138 1331 2167 negat,
1353 2142 1439 2168 quum
1459 2133 1523 2159 haec
1538 2137 1589 2158 tam
1606 2133 1724 2167 improba

926 2170 989 2201 sint,
1005 2178 1074 2205 quae
1089 2169 1203 2196 fatetur?
1215 2170 1286 2202 Quid
1301 2171 1371 2196 enim
1387 2171 1428 2196 vis
1441 2170 1587 2196 constitui‘?
1600 2178 1724 2196 eonsum-

926 2212 998 2242 ptam
1013 2216 1073 2233 esse
1087 2216 1192 2233 omnem
1208 2208 1285 2233 istam
1302 2208 1442 2242 pecuniam
1457 2208 1484 2233 in
1499 2206 1613 2233 statuis?
1627 2207 1676 2233 Fae
1691 2208 1724 2233 ita

926 2253 999 2271 esse:
1016 2249 1103 2270 tamen
1119 2245 1168 2270 hoc
1183 2244 1322 2270 ferendum
1338 2245 1412 2271 nullo
1427 2245 1504 2271 inodo
1517 2249 1566 2274 est,
1583 2249 1681 2270 tantam
1692 2244 1724 2270 ab

926 2282 1007 2308 sociis
1026 2282 1167 2316 pecuniam
1190 2281 1302 2313 auferri,
1328 2287 1356 2308 ut
1378 2282 1504 2308 omnihus
1528 2282 1554 2308 in
1577 2282 1724 2316 angiportis

926 2319 1068 2354 praedonis
1089 2319 1283 2353 improbissimi
1307 2324 1409 2345 statuae
1432 2323 1577 2353 ponantur,
1602 2328 1654 2353 qua
1679 2320 1723 2344 vix

927 2361 983 2382 tuto
997 2357 1103 2382 transiri
1120 2365 1198 2390 posse
1212 2356 1344 2382 videatur.
1387 2357 1474 2382 ΙΝΙΙΙ.
1493 2357 1547 2382 142.
1564 2356 1660 2382 Verum
1677 2356 1722 2382 ubi

927 2393 1032 2420 taudem
1047 2398 1093 2419 ant
1107 2394 1133 2419 in
1148 2394 1250 2428 ‹piihns
1264 2395 1359 2419 statuis
1374 2394 1423 2419 ista
1439 2398 1508 2419 tanta
1528 2393 1640 2427 pecnnia
1660 2402 1723 2419 con—

926 2435 1032 2465 sumpta
1052 2430 1110 2456 cst?
1128 2432 1320 2460 Consuinetur,
1342 2431 1458 2465 inquies.
1501 2430 1608 2456 Scilicet
1627 2439 1722 2465 exspe-

925 2472 1029 2494 ctemus
1049 2467 1198 2503 legitimum
1219 2468 1286 2494 illud
1304 2468 1534 2502 quinqiwnnium.
1575 2468 1602 2494 Si
1619 2468 1667 2494 hoc
1682 2469 1721 2494 in—

925 2505 1036 2531 tervallo
1051 2513 1101 2531 non
1116 2506 1328 2539 consumpserit:
1351 2510 1408 2531 tuni
1421 2505 1538 2540 denique
1552 2514 1648 2532 nomen
1663 2506 1721 2532 cius

925 2542 957 2568 de
972 2542 1127 2577 repetundis
1143 2543 1264 2576 pecuniis
1279 2547 1426 2568 statuarum
1441 2542 1719 2569 nominedel'eremus.

925 2581 995 2606 lions
1014 2583 1054 2605 est
1073 2580 1199 2605 maximis
1219 2579 1398 2615 plurimisque
1415 2580 1575 2606 criminibus
1598 2581 1625 2606 in
1649 2580 1720 2606 iudi-

923 2617 995 2643 einm
1011 2621 1129 2643 vocatus.
1152 2617 1215 2643 ll—S
1227 2618 1315 2643 tricies
1325 2626 1358 2643 cx
1372 2617 1422 2644 hoc
1436 2626 1490 2643 uno
1502 2626 1598 2653 genere
1613 2623 1719 2652 captum

924 2654 1057 2680 videmus.
1080 2654 1108 2680 Si
1122 2654 1315 2680 condemnatus
1330 2655 1397 2686 eris;
1412 2663 1474 2685 nou,
1490 2655 1592 2689 opinor,
1609 2655 1635 2681 id
1646 2663 1717 2691 ages:

924 2696 952 2717 nt
970 2692 1020 2717 ista
1040 2692 1151 2726 pecunia
1170 2692 1357 2727 quinquennio
1374 2697 1548 2719 consumatur
1567 2693 1592 2719 in
1608 2693 1716 2718 statuis.
