1941 3052
642 150 847 178 ORATOR.
883 150 980 177 CAP.
1017 152 1025 176 1

70 221 147 248 multi
162 224 276 247 oratores
289 221 380 256 magni
394 225 420 247 et
432 220 495 247 clari
510 221 619 248 fuerunt
631 225 657 248 et
667 226 742 248 antea
756 221 861 248 fuerant

70 268 118 286 nec
139 262 229 293 postea
251 258 411 284 defecerunt.
444 258 531 291 Quare
554 268 606 285 non
624 263 671 290 est,
692 268 740 285 cur
757 267 858 290 eorum,

69 297 116 332 qui
135 304 164 322 se
182 296 272 322 studio
288 295 454 331 eloquentiae
472 296 640 328 dediderunt,
656 305 718 331 spes
732 296 862 332 infringa-

69 339 113 360 tur
126 337 171 360 aut
185 333 339 369 languescat
351 333 492 360 industria.
506 334 573 360 Nam
583 342 671 369 neque
680 333 749 360 illud
759 334 859 368 ipsum,

69 371 141 406 quod
155 375 195 397 est
208 371 349 406 optimum,
366 370 563 406 desperandum
581 376 629 403 est,
645 376 671 398 et
684 371 711 397 in
725 375 863 406 praestan-

70 409 142 435 tibus
165 408 245 434 rebus
268 417 365 444 magna
383 413 448 434 sunt
466 417 504 440 ea,
520 417 588 444 quae
603 413 666 435 sunt
679 409 787 443 optimis
801 416 863 443 pro-

69 446 151 472 xima.
166 446 192 471 7.
205 445 292 480 Atque
306 454 354 481 ego
368 446 395 472 in
409 452 516 472 summo
529 450 629 472 oratore
644 445 769 481 fingendo
783 445 862 472 talem

69 482 227 513 informabo,
243 482 332 517 qualis
346 482 457 509 fortasse
466 492 545 511 nemo
556 483 615 510 fuit.
630 483 688 510 Non
699 484 770 509 enim
780 491 864 517 quae-

69 529 106 551 ro,
131 520 193 555 quis
211 519 299 551 fuerit,
324 520 372 546 sed
390 520 456 555 quid
474 521 509 547 sit
527 520 604 552 illud,
628 529 682 555 quo
696 519 764 546 nihil
779 519 864 554 possit

68 565 127 584 esse
149 558 336 592 praestantius,
353 558 426 593 quod
443 558 471 584 in
490 558 664 592 perpetuitate
687 557 793 583 dicendi
812 565 863 583 non

68 603 147 630 saepe
161 599 241 630 atque
255 595 327 621 haud
341 596 443 623 scio.an
456 604 613 630 numquam,
629 595 657 620 in
671 594 760 629 aliqua
775 598 862 620 autem

69 636 142 667 parte
163 631 267 659 eluceat
288 632 439 667 aliquando,
464 632 535 659 idem
558 632 630 666 apud
652 631 717 657 alios
740 631 860 662 densius,

69 669 141 704 apud
154 669 220 696 alios
235 669 345 696 sortasse
359 670 454 695 rarius.
477 671 501 695 8.
515 669 567 695 Sed
579 678 627 704 ego
637 669 676 695 sic
685 672 781 699 statuo,
795 668 862 694 nihil

69 715 127 733 esse
141 707 168 733 in
182 707 238 733 ullo
251 715 348 742 genere
361 711 414 733 tam
429 706 582 741 pulchrum,
596 715 649 741 quo
660 715 712 732 non
723 705 863 740 pulchrius

68 744 96 770 id
110 745 152 775 sit,
169 744 240 770 unde
254 744 322 770 illud
336 748 366 770 ut
379 752 413 770 ex
425 752 470 770 ore
483 743 574 778 aliquo
588 744 665 779 quasi
676 744 764 778 imago
774 743 864 777 expri-

69 786 168 812 matur,
189 781 260 816 quod
280 789 366 816 neque
380 781 465 807 oculis
480 789 567 816 neque
580 781 691 807 auribus
706 789 793 815 neque
808 780 863 806 ullo

68 827 149 844 sensu
171 818 272 853 percipi
294 822 392 853 potest,
418 819 576 854 cogitatione
599 822 703 845 tantum
727 823 752 844 et
776 822 863 843 mente

67 855 278 890 complectimur.
318 856 410 891 Itaque
424 860 449 882 et
462 856 572 882 Phidiae
586 855 747 886 simulacris,
760 855 862 890 quibus

68 893 134 919 nihil
153 894 181 919 in
198 892 245 919 illo
262 901 358 928 genere
376 893 520 928 perfectius
538 893 671 924 videmus,
688 897 714 919 et
727 893 761 919 iis
775 893 863 927 pietu-

68 931 117 961 ris,
142 939 210 965 quas
228 931 378 962 nominavi,
398 931 513 966 cogitare
533 935 619 957 tamen
640 939 786 965 possumus
801 930 863 964 pul-

67 968 179 994 chriora.
206 969 230 994 9.
251 968 305 994 Nec
323 977 385 994 vero
403 968 449 994 ille
463 968 566 999 artifex,
583 977 668 1003 quum
683 967 779 994 faceret
792 968 862 994 lovis

68 1004 178 1031 sormam
201 1009 246 1031 aut
267 1006 414 1037 Minervae,
440 1005 670 1040 contemplabatur
692 1005 823 1040 aliquem,
848 1013 862 1030 e

66 1051 122 1077 quo
136 1042 340 1069 similitudinem
356 1043 472 1074 duceret,
489 1043 536 1069 sed
550 1043 637 1078 ipsius
651 1043 679 1069 in
693 1047 781 1068 mente
794 1043 862 1068 insi-

66 1080 144 1106 debat
162 1081 264 1115 species
283 1080 493 1115 pulchritudinis
507 1081 605 1107 eximia
619 1080 763 1115 quaedam,
780 1088 861 1115 quam

65 1118 173 1144 intuens
187 1118 214 1144 in
229 1126 313 1152 eaque
327 1117 431 1144 defixus
452 1118 484 1144 ad
504 1118 579 1144 illius
597 1117 805 1144 similitudinem
820 1126 862 1143 ar—

66 1159 118 1181 tem
138 1159 163 1181 et
180 1164 289 1181 manum
308 1155 449 1191 dirigebat.
481 1156 525 1182 111.
545 1155 578 1182 Ut
591 1156 674 1191 igitur
688 1156 715 1181 in
730 1155 822 1181 formis
836 1158 862 1180 et

67 1192 159 1228 figuris
178 1197 218 1218 est
236 1192 338 1227 aliquid
358 1192 506 1227 perfectum
525 1197 550 1219 et
568 1193 714 1224 excellens,
735 1193 814 1219 cuius
828 1192 861 1218 ad

65 1230 205 1265 cogitatam
223 1230 340 1265 speciem
358 1230 488 1257 imitando
502 1230 654 1257 referuntur
667 1239 710 1261 ea,
726 1239 795 1265 quae
809 1229 860 1255 sub

65 1267 156 1294 oculos
178 1268 236 1302 ipsa
259 1267 372 1301 cadunt,
394 1269 434 1294 sic
455 1268 587 1302 perfectae
609 1268 777 1303 eloquentiae
799 1276 861 1302 spe-

64 1305 131 1331 ciem
155 1305 243 1331 animo
266 1305 405 1336 videmus,
430 1305 546 1341 effigiem
565 1305 676 1331 auribus
693 1305 859 1340 quaerimus.

66 1343 106 1368 10.
127 1342 178 1368 Has
197 1351 286 1368 rerum
305 1342 402 1369 formas
421 1343 537 1377 appellat
551 1342 681 1369 ideasille
695 1341 862 1369 11οηί1110111-

64 1379 144 1414 gendi
167 1379 268 1410 solum,
285 1379 332 1406 sed
351 1381 430 1406 etiam
449 1380 555 1406 dicendi
574 1380 752 1416 gravissimus
771 1384 862 1405 auctor

65 1422 90 1443 et
107 1417 246 1452 magister,
263 1417 349 1448 Plato,
370 1426 468 1452 easque
486 1418 561 1453 gigni
576 1422 654 1453 negat
668 1422 693 1443 et
706 1418 742 1443 ait
756 1426 862 1451 semper

64 1463 123 1480 esse
141 1463 171 1480 ac
189 1455 289 1481 ratione
307 1459 332 1480 et
350 1455 526 1490 intelligentia
545 1455 688 1487 contineri3
710 1459 795 1481 cetera
815 1463 862 1480 na—

64 1491 112 1523 sci,
128 1491 260 1523 occidere,
277 1491 366 1523 fluere,
384 1492 436 1518 labi
460 1501 508 1519 nec
522 1493 625 1519 diutius
640 1501 698 1518 esse
712 1501 765 1518 uno
780 1496 805 1518 et
816 1500 861 1518 eo-

64 1529 124 1555 dem
143 1533 223 1555 statu.
263 1528 402 1564 Quidquid
421 1534 461 1556 est
479 1530 574 1565 igitur,
594 1530 627 1556 de
645 1538 700 1564 quo
718 1530 818 1556 ratione
836 1533 861 1555 et

64 1567 107 1592 via
120 1566 280 1601 disputetur,
297 1566 324 1592 id
339 1571 378 1593 est
391 1567 424 1593 ad
438 1567 561 1594 ultimam
572 1568 615 1594 sui
628 1567 734 1603 generis
749 1567 859 1593 sormam

64 1604 235 1639 speciemque
249 1604 435 1640 redigendum.

120 1642 161 1667 tt.
182 1641 220 1668 Ac
242 1641 320 1667 video
343 1642 410 1668 hanc
428 1641 541 1676 primam
561 1642 754 1677 ingressionem
773 1650 859 1667 meam

64 1686 115 1705 non
135 1687 168 1705 ex
185 1679 295 1705 oratoris
309 1679 536 1714 disputationibus
551 1679 667 1711 ductam,
684 1679 730 1705 sed
746 1688 759 1705 e
774 1679 860 1705 media

64 1715 234 1751 philosophia
259 1717 396 1751 repetitam
420 1721 446 1743 et
468 1725 526 1743 eam
550 1716 660 1751 quidem
683 1725 769 1751 quum
792 1717 861 1742 anti-
881 1716 883 1731 ³

64 1761 156 1789 quam,
177 1757 234 1780 tum
252 1754 446 1780 subobscuram
465 1758 510 1780 aut
528 1754 743 1788 reprehensionis
757 1753 859 1788 aliquid

64 1794 109 1817 aut
130 1794 200 1817 certe
223 1791 406 1818 admirationis
429 1791 590 1818 habituram.
626 1792 693 1818 Nam
716 1796 762 1817 aut
780 1792 861 1817 mira-

64 1827 172 1860 buntur,
189 1828 255 1864 quid
270 1828 335 1855 haec
348 1829 497 1864 pertineant
510 1829 542 1855 ad
557 1837 595 1860 ea,
608 1837 677 1864 quae
687 1829 857 1864 quaerimus;

63 1865 164 1900 quibus
183 1865 327 1892 satisfaciet
341 1875 382 1892 res
396 1867 455 1901 ipsa
468 1867 582 1902 cognita,
599 1871 629 1893 ut
643 1875 694 1892 non
709 1866 767 1892 sine
781 1875 860 1892 caus-

64 1911 92 1929 sa
102 1902 153 1929 alte
165 1904 273 1938 repetita
285 1903 439 1937 videantur,
455 1904 709 1938 autreprehendent,
718 1903 860 1938 quodinu-

63 1940 154 1966 sitatas
168 1941 225 1966 vias
240 1940 408 1976 indagemus,
425 1942 499 1967 tritas
514 1941 710 1976 relinquamus.
747 1943 787 1967 42.
803 1941 860 1977 Ego

63 1982 151 2004 autem
165 1982 190 2004 et
204 1986 246 2004 me
260 1987 338 2013 saepe
353 1987 420 2005 nova
433 1978 518 2004 videri
532 1978 619 2004 dicere
632 1978 761 2014 intelligo,
774 1987 859 2013 quum

63 2019 198 2050 pervetera
221 2015 322 2047 dicam,
343 2016 390 2042 sed
409 2016 528 2042 inaudita
551 2015 700 2051 plerisque3
723 2021 749 2042 et
767 2015 856 2047 fateor,

64 2060 106 2079 me
119 2056 257 2084 oratorem,
270 2053 292 2078 si
307 2053 386 2079 modo
399 2054 450 2079 sim
465 2057 511 2079 aut
525 2054 603 2079 etiam
617 2054 784 2088 quicumque
796 2054 856 2084 sim,

64 2098 115 2116 non
134 2098 167 2116 ex
186 2090 322 2116 rhetorum
340 2090 468 2121 officinis.
485 2091 533 2116 sed
547 2099 580 2116 ex
593 2090 750 2116 Academiae
765 2091 859 2125 spatiis

64 2127 210 2154 exstitisse:
234 2127 279 2153 illa
293 2127 364 2153 enim
379 2131 442 2153 sunt
455 2127 587 2153 curricula
602 2127 794 2162 multiplicium
813 2137 860 2154 va-

64 2173 218 2200 morumque
243 2173 406 2196 sermonum,
430 2165 458 2191 in
482 2165 583 2199 quibus
606 2165 722 2191 Platonis
741 2166 859 2200 primum

63 2202 193 2237 impressa
207 2206 271 2228 sunt
284 2202 406 2237 vestigia.
441 2201 494 2228 Sed
508 2206 532 2228 et
543 2202 625 2228 huius
637 2207 661 2228 et
671 2202 783 2229 aliorum
799 2203 860 2237 pbi-

66 2238 236 2274 losophorum
263 2239 491 2274 disputationibus
518 2244 544 2266 et
569 2240 719 2275 exagitatus
742 2241 858 2266 maxime

64 2281 148 2303 orator
165 2280 205 2303 est
223 2281 248 2303 et
266 2276 384 2302 adiutus.
419 2276 513 2302 Omnis
531 2277 602 2303 enim
622 2277 729 2303 ubertas
743 2281 767 2303 et
781 2277 857 2312 quasi

64 2313 131 2340 silva
149 2313 255 2340 dicendi
273 2314 352 2340 ducta
376 2314 409 2340 ab
428 2313 482 2340 illis
496 2318 549 2345 est,
571 2323 618 2340 nec
636 2315 700 2340 satis
714 2319 802 2340 tamen
818 2315 859 2340 in-

65 2355 163 2377 structa
181 2351 214 2377 ad
232 2351 350 2378 forenses
369 2360 491 2383 caussas;
513 2359 590 2386 quas,
607 2356 637 2377 ut
650 2351 689 2377 illi
705 2352 756 2387 ipsi
771 2352 858 2378 dicere

65 2387 197 2419 solebant,
221 2389 412 2424 agrestioribus
435 2389 519 2414 Musis
543 2388 717 2423 reliquerunt.
749 2390 789 2415 13.
815 2389 858 2415 Sic
886 2414 887 2418 ,

65 2424 213 2460 eloquentia
237 2426 301 2452 haec
320 2426 431 2452 forensis
450 2431 537 2460 spreta
556 2434 569 2451 a
589 2425 756 2460 philosophis
775 2431 800 2452 et
819 2435 859 2452 re-

66 2462 172 2497 pudiata
196 2463 288 2490 multis
311 2463 421 2498 quidem
447 2463 491 2489 illa
514 2463 676 2489 adiumentis
699 2464 858 2499 magnisque

64 2500 160 2531 caruit,
181 2500 228 2526 sed
246 2505 332 2527 tamen
351 2505 440 2527 ornata
459 2501 548 2527 verbis
562 2505 641 2535 atque
659 2501 798 2526 sententiis
821 2501 859 2526 ia-

65 2537 203 2563 ctationem
221 2537 315 2564 habuit
331 2538 359 2564 in
378 2538 477 2572 populo
495 2547 542 2564 nec
561 2546 706 2572 paucorum
727 2538 857 2563 iudicium

66 2574 351 2610 reprehensionemque
366 2576 512 2609 pertimuit.
543 2576 579 2601 lta
593 2580 618 2601 et
632 2575 716 2601 doctis
730 2575 859 2610 eloquen-

65 2611 99 2637 tia
128 2611 266 2646 popularis
296 2616 322 2638 et
351 2612 458 2638 disertis
484 2612 591 2647 elegans
617 2612 735 2638 doctrina
761 2612 856 2638 defuit.

65 2647 107 2674 lv.
123 2649 163 2675 ⁴4.
179 2649 296 2676 Positum
311 2650 346 2676 sit
358 2649 440 2685 igitur
454 2649 481 2676 in
497 2651 599 2684 primis,
615 2650 687 2684 quod
703 2654 762 2684 post
774 2650 858 2684 magis

65 2685 239 2722 intelligetur,
259 2687 317 2713 sine
335 2687 503 2721 philosophia
523 2696 573 2713 non
590 2696 667 2722 posse
682 2687 760 2718 citici,
777 2695 857 2722 quem
879 2701 881 2714 1

1050 166 1087 170 -
1106 152 1131 176 6.
1660 156 1706 180 ⁴63

912 221 1081 256 quaerimus,
1103 220 1286 256 eloquentem;
1309 230 1361 247 non
1380 226 1410 247 ut
1428 222 1455 247 in
1474 230 1503 247 ea
1518 226 1605 249 tamen
1620 225 1708 250 onmia

913 259 975 289 sint,
992 258 1039 284 sed
1053 263 1083 284 ut
1097 259 1136 284 sic
1150 258 1267 290 adiuvet,
1281 262 1311 284 ut
1322 258 1452 293 palaestra
1463 259 1630 286 histrionem.
1646 261 1709 287 Par-

913 304 944 321 va
964 296 1035 322 enim
1050 296 1154 331 magnis
1167 304 1246 330 saepe
1260 296 1406 322 rectissime
1420 296 1602 323 conferuntur.
1643 298 1708 324 Nam

914 341 962 359 nec
976 333 1054 359 latius
1069 342 1156 368 neque
1169 333 1304 368 copiosius
1317 333 1350 359 de
1364 334 1468 369 magnis
1483 334 1618 369 variisque
1628 335 1708 361 rebus

914 371 971 396 sine
990 370 1160 405 philosophia
1178 374 1264 405 potest
1281 371 1426 405 quisquam
1445 370 1546 403 dicere3
1571 373 1710 407 155111111-

914 407 974 433 dem
995 408 1073 433 etiam
1088 409 1115 434 in
1129 408 1248 434 Phaedro
1262 408 1378 434 Platonis
1393 408 1441 434 hoc
1454 408 1583 435 Periclem
1598 410 1710 444 praesti-

914 445 978 470 tisse
997 446 1091 471 ceteris
1109 445 1174 471 dicit
1191 445 1339 471 oratoribus
1358 445 1490 476 Socrates,
1511 446 1585 480 quod
1602 447 1625 472 is
1639 447 1710 473 Ana-

915 490 1027 517 xagorae
1047 482 1152 518 physici
1172 482 1251 508 fuerit
1273 483 1390 515 auditor;
1417 492 1430 509 a
1449 492 1511 518 quo,
1532 488 1622 510 censet
1635 492 1706 514 eum,

914 528 999 553 quum
1023 519 1073 545 alia
1098 519 1230 554 praeclara
1248 520 1379 554 quaedam
1398 525 1423 546 et
1441 520 1581 556 magnifica
1599 521 1710 547 didicis-

915 561 962 587 set,
979 557 1088 582 uberem
1103 561 1128 582 et
1142 556 1288 583 fecundum
1303 557 1387 583 fuisse
1400 566 1569 593 gnarumque
1586 574 1623 578 —
1636 559 1709 594 quod

915 598 954 619 est
968 593 1134 628 eloquentiae
1149 594 1306 625 maximum,
1322 610 1359 614 —
1372 595 1472 629 quibus
1485 596 1611 622 orationis
1623 596 1709 622 modis

914 639 1038 665 quaeque
1052 631 1202 657 animorum
1216 636 1303 666 partes
1314 631 1489 666 pellerentur:
1511 633 1584 667 quod
1596 633 1665 659 idem
1677 633 1709 659 de

914 668 1091 694 Demosthene
1110 669 1257 694 existimari
1275 673 1373 703 potest,
1394 670 1472 695 cuius
1487 679 1520 696 ex
1534 670 1654 704 epistolis
1668 672 1710 697 in-

915 705 999 741 telligi
1022 705 1094 736 licet,
1117 714 1199 740 quam
1218 705 1344 740 frequens
1362 706 1442 732 fuerit
1460 707 1575 733 Platonis
1594 708 1707 734 auditor.

917 744 956 768 16,
973 743 1026 768 Nec
1046 751 1107 768 vero
1121 743 1178 768 sine
1192 743 1413 778 philosophorum
1428 744 1570 778 disciplina
1585 754 1670 780 genus
1684 750 1708 771 et

915 780 1031 814 speciem
1050 780 1183 815 cuiusque
1201 781 1238 806 rei
1256 789 1363 806 cernere
1381 789 1468 816 neque
1486 790 1543 807 eam
1558 782 1710 808 definiendo

915 817 1047 851 explicare
1068 826 1115 843 nec
1133 818 1250 844 tribuere
1268 818 1295 844 in
1315 823 1402 852 partes
1420 827 1579 852 possumus,
1601 829 1648 845 nec
1667 821 1710 845 iu-

914 855 1010 885 dicare,
1039 863 1108 889 quae
1131 863 1205 885 vera,
1229 864 1298 890 quae
1322 855 1388 881 falsa
1411 856 1476 887 sint,
1498 865 1585 891 neque
1603 865 1709 883 cernere

914 892 1117 927 consequentia,
1144 893 1320 928 repugnantia
1343 893 1443 924 videre,
1469 894 1594 929 ambigua
1613 894 1710 920 distin-

913 938 1004 965 guere.
1047 929 1117 961 Quid
1133 930 1218 955 dicam
1234 930 1266 956 de
1280 935 1373 956 natura
1387 939 1485 962 rerum,
1501 932 1580 957 cuius
1594 932 1710 967 cognitio

914 975 1038 1002 magnam
1056 967 1181 993 orationis
1199 967 1353 1002 suppeditat
1366 968 1483 1002 copiam,
1500 968 1532 994 de
1547 969 1614 999 vita,
1627 969 1659 994 de
1670 968 1710 994 of-

915 1004 990 1035 ficiis,
1007 1004 1039 1030 de
1054 1005 1160 1034 virtute,
1177 1004 1209 1030 de
1224 1006 1352 1035 moribus,
1369 1006 1426 1031 sine
1441 1005 1524 1031 multa
1536 1014 1626 1032 earum
1638 1007 1710 1040 ipsa-

914 1050 974 1068 rum
997 1051 1086 1068 rerum
1111 1042 1254 1077 disciplina
1278 1047 1323 1069 aut
1341 1043 1393 1069 dici
1412 1048 1457 1069 aut
1474 1043 1588 1079 intelligi
1608 1043 1711 1078 potest‘?

914 1080 944 1106 V.
967 1080 1006 1105 17.
1027 1079 1067 1105 Ad
1086 1079 1133 1105 has
1153 1084 1189 1105 tot
1208 1085 1347 1115 tantasque
1367 1089 1408 1106 res
1427 1080 1577 1107 adhibenda
1592 1086 1654 1107 sunt
1668 1090 1710 1107 or-

914 1122 1036 1143 namenta
1056 1117 1271 1147 innumerabilia,
1297 1126 1365 1152 quae
1385 1117 1439 1144 sola
1458 1123 1515 1144 tum
1534 1119 1642 1153 quidem
1658 1123 1710 1144 tra-

913 1155 1044 1180 debantur
1062 1155 1094 1180 ab
1108 1155 1155 1186 iis,
1172 1155 1218 1189 qui
1235 1155 1341 1181 dicendi
1356 1156 1564 1182 numerabantur
1577 1156 1708 1191 magistri.

912 1191 970 1224 Quo
994 1191 1030 1223 fit,
1056 1196 1085 1218 ut
1107 1201 1197 1218 veram
1217 1192 1290 1218 illam
1314 1197 1339 1218 et
1360 1193 1508 1219 absolutam
1531 1192 1709 1228 eloquentiam

914 1238 990 1255 nemo
1013 1234 1200 1264 consequatur,
1225 1230 1297 1264 quod
1320 1230 1371 1256 alia
1395 1230 1572 1266 intelligendi,
1599 1230 1650 1256 alia
1669 1231 1710 1256 di-

912 1267 990 1293 cendi
1014 1267 1157 1302 disciplina
1181 1272 1220 1293 est
1243 1272 1268 1293 et
1286 1268 1318 1293 ab
1337 1268 1397 1293 aliis
1409 1276 1512 1299 rerum,
1529 1268 1561 1294 ab
1576 1268 1635 1294 aliis
1651 1277 1710 1294 ver-

913 1305 1006 1330 borum
1027 1305 1144 1331 doctrina
1158 1305 1305 1339 quaeritur.
1351 1306 1390 1331 ⁴8.
1414 1306 1505 1340 Itaque
1517 1306 1551 1331 M.
1568 1306 1706 1336 Antonius,

913 1342 956 1368 cui
971 1342 1012 1367 vel
1028 1342 1127 1376 primas
1142 1342 1309 1377 eloquentiae
1324 1347 1428 1377 patrum
1444 1347 1593 1369 nostrorum
1609 1343 1709 1369 tribue-

913 1379 956 1405 bat
975 1384 1058 1411 aetas,
1080 1380 1121 1405 vir
1135 1384 1227 1406 natura
1242 1385 1385 1414 peracutus
1404 1385 1429 1406 et
1444 1380 1575 1415 prudcnS,
1591 1381 1618 1406 in
1633 1389 1663 1406 eo
1678 1380 1710 1406 li-

913 1417 968 1447 bro¹
985 1425 1065 1451 quem
1081 1426 1166 1443 unum
1181 1417 1298 1451 reliquit,
1315 1417 1428 1444 disertos
1442 1418 1516 1443 aitse
1527 1418 1628 1443 vidisse
1639 1417 1710 1443 mul-

913 1459 965 1485 tos,
986 1454 1154 1489 eloquentem
1177 1455 1286 1480 omnino
1308 1455 1452 1480 neminem.
1487 1455 1620 1481 Insidebat
1636 1455 1710 1481 vide-

913 1491 973 1518 licet
991 1492 1019 1517 in
1037 1492 1095 1517 eius
1110 1496 1197 1517 mente
1215 1492 1317 1526 species
1332 1492 1506 1527 eloquentiae,
1523 1501 1604 1527 quam
1619 1501 1710 1518 cerne—

913 1529 955 1555 bat
971 1530 1072 1559 animo,
1088 1537 1180 1563 reapse
1195 1538 1246 1555 non
1262 1529 1378 1555 videbat.
1419 1530 1465 1556 Vir
1478 1535 1566 1556 autem
1582 1530 1710 1555 acerrimo

912 1567 1020 1601 ingenio
1038 1567 1086 1601 (sic
1104 1567 1175 1592 enim
1192 1566 1251 1601 suit)
1265 1566 1348 1592 multa
1363 1567 1427 1593 etin
1442 1576 1470 1593 se
1485 1572 1508 1593 et
1523 1568 1549 1593 in
1565 1567 1624 1592 aliis
1639 1568 1709 1592 (1051-

912 1604 1008 1630 derans
1032 1605 1166 1629 neminem
1190 1604 1276 1638 plane,
1292 1605 1339 1638 qui
1355 1609 1423 1630 recte
1438 1604 1565 1639 appellari
1581 1605 1709 1639 eloquens

912 1645 1010 1675 posset,
1028 1641 1144 1667 videbat.
1178 1643 1217 1667 19.
1233 1641 1309 1673 Quod
1324 1642 1346 1667 si
1362 1642 1406 1667 ille
1422 1651 1468 1667 nec
1483 1651 1510 1667 se
1526 1651 1572 1667 nec
1588 1642 1616 1667 L.
1633 1642 1709 1668 Cras-

913 1687 972 1705 sum
1000 1678 1168 1713 eloquentem
1196 1680 1308 1713 putavit,
1335 1679 1427 1705 babuit
1451 1679 1568 1714 profecto
1589 1688 1710 1714 compre—

914 1716 1024 1742 hensam
1044 1717 1132 1742 animo
1158 1716 1303 1750 quamdam
1328 1716 1438 1742 sormam
1462 1717 1641 1751 eloquentiae,
1666 1717 1708 1742 cui

912 1754 1038 1788 quoniam
1058 1753 1125 1779 nihil
1145 1754 1246 1784 deerat,
1267 1762 1324 1784 eos,
1341 1754 1441 1789 quibus
1457 1754 1558 1788 aliquid
1573 1759 1618 1780 aut
1633 1754 1708 1788 plura

911 1792 1032 1822 deerant,
1053 1791 1080 1817 in
1099 1800 1155 1817 eam
1172 1791 1283 1817 sormam
1300 1800 1349 1817 non
1366 1796 1465 1826 poterat
1480 1791 1626 1817 includere.
1669 1792 1710 1817 ln-

912 1829 1077 1863 vestigemus
1097 1828 1168 1854 hunc
1186 1829 1281 1864 igitur,
1302 1829 1394 1859 Brute,
1411 1829 1432 1854 si
1454 1838 1612 1863 possumus,
1628 1838 1708 1863 quem

912 1875 1060 1901 numquam
1076 1866 1143 1892 vidit
1154 1866 1294 1896 Antonius,
1311 1871 1354 1892 aut
1370 1867 1534 1901 quiomnino
1547 1866 1637 1892 nullus
1650 1875 1709 1892 um-

911 1912 992 1938 quam
1009 1902 1072 1929 suit:
1095 1912 1175 1938 quem
1191 1904 1212 1929 si
1226 1904 1322 1929 imitari
1334 1908 1412 1938 atque
1425 1905 1574 1938 exprimere
1586 1912 1636 1929 non
1649 1912 1709 1938 pos-

911 1949 1020 1971 sumus,
1037 1941 1108 1975 quod
1123 1940 1194 1966 idem
1209 1940 1254 1966 ille
1269 1941 1314 1967 vix
1328 1942 1380 1967 Deo
1393 1950 1550 1967 eoncessum
1565 1950 1623 1967 esse
1637 1941 1709 1967 dice-

912 1978 968 2008 bat:
991 1982 1017 2004 at
1030 1977 1119 2012 qualis
1133 1986 1191 2003 esse
1206 1978 1308 2008 debeat,
1326 1979 1472 2013 poterimus
1488 1978 1598 2004 fortasse
1609 1978 1706 2004 1110010,

967 2017 1008 2042 ⁶20.
1032 2016 1090 2041 Tria
1110 2020 1173 2041 sunt
1191 2016 1300 2042 omnino
1317 2024 1414 2051 genera
1433 2016 1548 2045 dicendi,
1565 2016 1666 2050 quibus
1682 2016 1707 2041 in

911 2053 1026 2088 singulis
1042 2052 1152 2087 quidam
1167 2052 1320 2082 floruerunt,
1338 2062 1469 2087 peraeque
1483 2058 1570 2079 autcm
1585 2053 1621 2088 tid
1637 2054 1707 2088 1111011

913 2090 1047 2124 volumus)
1063 2091 1188 2124 perpauci
1203 2091 1229 2116 in
1241 2091 1376 2116 omnibus.
1413 2091 1478 2116 Nam
1491 2096 1515 2116 et
1526 2091 1704 2125 grandiloqui,

912 2133 940 2154 ut
961 2129 996 2153 ita
1019 2127 1120 2158 (licam,
1146 2127 1253 2154 suerunt
1275 2137 1336 2153 cum
1362 2128 1449 2162 ampla
1474 2133 1497 2153 ct
1516 2129 1706 2154 sententiarum

909 2165 1039 2201 gravitate
1057 2168 1082 2191 et
1100 2165 1236 2191 maiestate
1256 2165 1411 2195 verborum,
1429 2165 1612 2195 vehementes,
1631 2166 1704 2195 varii,

909 2203 1024 2237 copiosi,
1052 2211 1158 2237 graves,
1186 2202 1218 2228 ad
1246 2202 1440 2237 permovendos
1466 2207 1491 2228 ct
1516 2202 1707 2228 convcrtendos

910 2240 1013 2266 animos
1031 2240 1154 2265 instructi
1174 2244 1199 2265 ct
1217 2240 1316 2274 parati;
1338 2240 1419 2275 (quod
1440 2241 1528 2274 ipsum
1544 2240 1588 2265 alii
1604 2248 1704 2274 aspera.

912 2278 993 2308 tristi,
1017 2276 1122 2302 horrida
1150 2277 1279 2307 oratione,
1302 2286 1388 2311 neque
1404 2277 1527 2311 pcri'ecta,
1545 2286 1630 2311 11011110
1644 2285 1707 2302 con-

910 2314 998 2344 clusa,
1015 2314 1059 2339 alii
1077 2313 1127 2339 levi
1148 2319 1173 2339 ct
1191 2318 1289 2340 structa
1304 2319 1329 2340 et
1343 2315 1480 2340 10111111111111
1491 2314 1507 2343 ς1
1527 2319 1551 2340 01
1566 2319 1654 2340 contra
1669 2319 1707 2340 te-

911 2360 990 2382 nues,
1012 2351 1095 2381 acuti,
1115 2352 1204 2377 omnia
1219 2351 1343 2377 docentes
1358 2357 1381 2377 01
1396 2351 1567 2382 dilucidiora,
1585 2360 1635 2377 non
1651 2360 1707 2377 11111-

912 2388 994 2423 pliora
1027 2388 1165 2419 facientes,
1191 2388 1284 2414 subtili
1308 2389 1423 2423 quadam
1442 2393 1466 2414 1-1
1486 2397 1575 2422 pressa
1590 2390 1706 2414 oratione

912 2426 1008 2457 limati,
1040 2425 1082 2451 Vt.
1103 2426 1129 2451 111
1149 2425 1296 2460 codemque
1310 2434 1406 2459 genere
1420 2426 1464 2451 alii
1479 2425 1577 2454 callidi.
1594 2426 1640 2452 5011
1656 2427 1707 2452 1111-

911 2463 985 2498 1101111
1009 2467 1034 2488 01
1057 2462 1179 2488 consulto
1203 2463 1311 2488 rudium
1335 2463 1438 2488 511111105
1462 2468 1486 2488 01
1510 2464 1703 2497 imperitorum.

910 2500 954 2526 alii
974 2501 1000 2526 in
1019 2499 1110 2525 cadem
1131 2500 1267 2526 ieiunitate
1281 2501 1477 2529 concinniorcs,
1504 2500 1530 2526 id
1555 2506 1594 2526 051
1618 2500 1703 2527 faceti.

887 2554 888 2557 =
910 2537 1031 2563 llurcntcs
1050 2537 1127 2562 01111111
1147 2542 1171 2563 01
1191 2537 1283 2563 leviter
1296 2539 1390 2563 ornati.
1424 2539 1465 2563 il.
1482 2538 1528 2564 Est
1542 2543 1630 2564 mitem
1645 2539 1706 2572 qui-

910 2575 970 2601 dam
990 2575 1143 2600 interiectus
1162 2575 1230 2600 111101·
1249 2574 1296 2600 1105
1316 2575 1421 2601 1110111115
1440 2580 1465 2601 et
1483 2576 1559 2610 quasi
1576 2580 1705 2610 tempora-

910 2617 953 2638 tus
972 2620 1019 2638 nec.
1037 2612 1159 2638 acumine
1178 2613 1353 2646 posteriorum
1373 2621 1420 2638 nec
1440 2611 1552 2638 fulmine
1567 2618 1644 2638 utens
1659 2622 1705 2638 su-

886 2659 887 2673 :
911 2649 1058 2683 periorum,
1084 2649 1188 2675 vicinus
1211 2649 1365 2680 amborum,
1390 2651 1417 2676 in
1445 2655 1538 2676 neutro
1559 2650 1702 2680 excellens,

911 2687 1051 2721 utriusque
1070 2687 1214 2721 particeps,
1229 2686 1270 2712 vel
1287 2688 1436 2722 utriusque,
1453 2688 1474 2713 si
1491 2696 1582 2714 verum
1598 2688 1705 2723 quaeri-

1441 2736 1469 2759 21
1489 2734 1497 2744 ⁹
