1941 3052
227 164 272 186 3¹.)st

224 230 387 257 medimnum
411 239 510 262 xxxvm
537 231 584 257 boc
607 235 658 260 vat,
683 230 761 256 tritici
785 229 903 256 modium
923 237 1012 256 ccxvi.

224 269 326 303 Magno,
344 269 453 298 iudices.
471 277 580 302 magno:
598 275 683 301 neque
697 267 768 292 enini
784 266 832 292 hoc
847 274 956 300 postumi
968 274 1014 292 no-

222 315 294 340 gnrc.
336 307 426 340 itaqu(
444 314 551 332 rit-(esne
565 309 604 330 est
618 309 663 329 aut
677 304 803 329 ‹lainnum
819 308 864 329 aut
877 307 947 329 certa
962 311 1013 329 non

224 352 349 385 magnum
366 343 467 368 lucrum
484 342 531 367 fe·'‹
526 350 577 367 isse
591 341 760 366 decumanos.
796 341 848 366 Hoc
862 340 932 366 enim
947 339 1014 366 solet

224 388 274 406 unu
291 380 378 406 venire
395 380 435 409 iis,
452 379 498 413 qui
514 387 609 413 niagno
623 378 801 403 redemerunt.
825 379 881 403 ui.
894 376 973 408 Quid,
990 377 1013 402 ei

223 417 344 447 ostendo,
364 417 389 442 iu
409 417 456 442 linc
476 424 526 441 una
545 415 678 449 emptione
698 414 762 440 lucri
783 414 838 440 fieri
858 414 937 440 tritici
957 422 1014 440 ιιιο-
1034 414 1035 427 ³

223 454 296 480 didm
312 455 344 478 υἱ*
357 453 431 487 quid,
448 453 469 478 si
485 451 535 477 ‹w‘f
547 452 622 487 quid,
638 452 661 477 si
671 451 738 477 (τι-ἵ)
750 451 825 486 quid.
842 451 864 477 ui
877 459 940 476 cccc
952 450 1014 477 mil-

225 491 276 516 lin“.¹
298 491 456 515 linbitnbitis
471 490 559 519 etiarn,
575 489 617 515 cui
633 489 682 515 istu
697 494 766 514 tanta
783 488 877 523 praeda
892 488 1012 523 quaesita

222 529 275 554 sit?
298 528 419 561 iniquum
436 536 476 552 me
495 535 553 552 esse
572 527 706 561 quispiam
726 526 808 556 dicet,
829 526 875 560 qui
894 534 927 551 ex
947 525 1012 551 lucri

223 565 405 597 magnitudine
419 564 595 590 coniecturam
610 564 712 598 capiam
728 563 790 589 furti
801 567 880 597 utque
891 562 1011 597 praedae.

221 602 310 633 Quid?
327 601 349 626 si
364 601 452 632 doceo,
470 601 585 631 iudices,
602 609 655 631 eos,
671 601 718 635 qui
733 609 796 625 cccc
812 600 930 626 modium
947 599 1012 625 lucri

224 638 335 669 faciunt,
352 638 480 664 damnum
496 638 610 664 facturos
625 637 722 668 fnisse,
738 638 760 664 si
776 642 820 663 tua
835 637 973 672 iniquitas,
989 637 1012 662 si

222 676 259 702 tui
274 684 306 702 ex
320 675 426 701 cohorte
440 680 636 710 recuperatores
652 685 702 701 non
721 674 926 701 intercederent:
947 682 1012 700 num

220 713 283 747 quis
297 713 392 747 poterit
406 713 432 739 in
448 717 517 739 tanto
533 712 605 739 lucro
619 718 742 747 tantaque
757 713 897 747 iniquitate
906 711 1014 737 dubita-

221 759 261 781 re
281 750 348 785 quin
363 755 468 785 propter
482 750 676 784 improbitatem
694 755 745 776 tam
761 758 870 785 magnos
884 753 1012 784 quaestus

222 787 334 814 feceris‘?
360 792 465 822 propter
487 787 698 820 magnitudinem
721 792 849 829 quaestus
872 786 1012 821 improbus

220 833 279 851 esse
293 824 428 851 volueris‘t
460 824 563 851 xmn
581 826 636 851 ΗΞ.
656 824 794 856 Quomodo
812 824 894 859 igitur
909 823 956 849 boc
970 832 1013 849 as—

220 870 325 897 sequar¹
342 862 453 893 iudices,
471 866 499 888 ut
513 862 603 893 sciam,
620 866 750 897 quantum
767 861 831 887 lucri
848 861 945 887 factum
961 859 1013 886 sit‘?

221 899 278 926 Non
297 908 330 925 ex
349 900 457 934 Apronii
478 898 589 931 tabulis3
617 907 687 941 quas
702 908 751 934 ego
768 907 852 933 quum
871 898 1013 933 conquire-

221 945 288 968 rem,
310 945 360 963 non
376 937 480 963 inveni:
501 941 525 962 et
539 945 624 971 quum
639 936 665 962 in
681 936 723 962 ius
742 937 831 970 ipsum
850 935 944 965 eduxi.
966 943 1013 961 ex-

221 974 314 1008 pressi,
331 979 359 1000 ut
372 973 500 1000 conficere
513 982 542 999 se
556 973 658 1000 tabulis
674 977 788 1009 negaret
823 972 851 999 Si
866 972 1013 998 mentieba-

220 1016 276 1038 tur:
296 1011 469 1046 quamobrem
485 1011 644 1041 removebat.
661 1011 683 1037 si
700 1011 747 1036 hae
761 1010 866 1036 tabulae
882 1009 947 1036 nibil
963 1009 1011 1035 tibi

209 1052 293 1086 'erant
305 1047 464 1075 obfuturae‘?
477 1048 500 1074 si
514 1048 622 1074 omnino
637 1048 723 1074 nullas
738 1047 886 1074 confecerat
897 1046 1009 1073 litteras.

220 1094 252 1112 ne
267 1085 293 1112 id
307 1085 417 1120 quidem
432 1086 496 1112 satis
511 1086 552 1121 sig
545 1085 690 1116 nificabat,
711 1085 788 1111 illum
805 1093 855 1111 non
870 1093 950 1110 suum
966 1092 1013 1110 ne—

218 1123 321 1158 gotium
335 1122 469 1158 gessisse‘²
495 1106 552 1148 Ea0
545 1127 586 1149 est
604 1123 674 1148 enim
693 1123 758 1148 ratio
776 1122 962 1152 decumarum,
985 1125 1012 1147 ut
1033 1139 1034 1144 ι

218 1160 277 1186 sine
299 1159 424 1195 plurimis
448 1159 541 1186 litteris
567 1160 660 1186 confici
687 1168 739 1186 non
766 1160 858 1194 possit.
900 1158 965 1194 Sinffi,
959 1158 1012 1184 ula

218 1197 289 1224 enim
305 1198 411 1224 nomina
425 1202 564 1229 aratorum
581 1202 606 1223 et
619 1206 680 1223 cum
694 1197 810 1232 singulis
821 1205 868 1231 pac
872 1196 955 1222 tiones
949 1180 1013 1221 t'de-

217 1243 392 1261 cumanorum
413 1234 506 1261 litteris
521 1235 644 1269 persequi
660 1239 685 1260 et
697 1234 825 1261 conficere
840 1242 946 1259 necesse
960 1237 1010 1259 est.

218 1273 310 1307 Iugera
325 1271 437 1306 professi
452 1276 514 1298 sunt
528 1280 620 1298 omnes
634 1276 748 1298 aratores
758 1272 870 1306 imperio
880 1275 959 1305 atque
970 1270 1012 1296 in-
1033 1284 1034 1290 ι

217 1309 310 1335 stituto
324 1314 382 1335 tuo:
409 1318 459 1336 non
478 1309 571 1344 opinor
589 1317 752 1344 quemquam
772 1309 861 1334 minus
879 1316 937 1334 esse
951 1316 1012 1342 pro-

219 1346 333 1377 fessum.
358 1355 453 1381 quam,
479 1351 609 1381 quantum
624 1350 731 1376 arasset,
757 1354 842 1380 quum
858 1350 894 1372 tot
907 1353 1008 1375 cruces,

218 1388 254 1410 tot
271 1383 416 1418 supplicia,
438 1387 474 1410 tot
491 1392 523 1410 ex
541 1383 646 1410 cohorte
665 1388 861 1418 recuperatores
880 1390 1012 1417 propone-
1032 1402 1033 1409 ,

358 1421 386 1447 In
401 1421 493 1456 iugero
507 1420 628 1447 Leontini
643 1420 700 1456 agri
715 1420 881 1446 medimnum
897 1419 950 1445 fere
964 1419 1011 1445 tri—
1032 1439 1033 1442 ,

217 1425 317 1447 rentur.

217 1458 262 1484 tici
276 1458 386 1489 seritur,
407 1462 533 1493 perpetua
549 1463 627 1493 atque
642 1457 775 1492 aequabili
790 1458 900 1483 satione.
941 1456 1011 1492 Ager

216 1495 297 1522 efficit
310 1503 372 1521 cum
386 1500 489 1527 octavo,
506 1495 573 1521 bene
587 1499 616 1521 ut
630 1499 735 1531 agatur3
756 1503 859 1525 verum,
875 1498 904 1520 ut
918 1502 1010 1520 omnes

216 1532 254 1559 dii
272 1532 411 1564 adiuvent,
432 1541 493 1559 cum
512 1532 637 1564 decumo:
661 1532 733 1567 quod
747 1531 891 1567 siquando
905 1531 1008 1562 accidit.

216 1574 273 1596 tum
292 1569 334 1601 fit,
355 1574 384 1596 ut
401 1574 505 1596 tantum
524 1569 651 1596 decumae
667 1569 715 1601 sit,
743 1574 874 1604 quantum
897 1569 1008 1599 severis,

216 1607 266 1633 hoc
279 1611 331 1638 est,
349 1612 390 1637 ut,
411 1612 476 1642 quot
490 1607 581 1642 iugera
596 1608 650 1633 sint
662 1611 730 1637 sata,
751 1606 859 1632 totidem
876 1605 1010 1632 medimna

216 1644 343 1670 decumae
356 1644 512 1670 debeantur.
554 1646 610 1670 413.
633 1644 686 1670 Hoc
699 1652 784 1678 quum
799 1643 833 1669 ita
847 1647 930 1669 esset:
955 1643 1011 1677 pri-

217 1689 291 1708 mum
305 1681 373 1708 illud
387 1681 454 1712 dico,
472 1681 596 1716 pluribus
610 1681 731 1707 millibus
743 1680 909 1706 medimnum
921 1680 1011 1705 venis—

216 1727 245 1745 se
258 1718 385 1745 decumas
399 1719 454 1754 agri
467 1719 597 1749 Leontini,
613 1726 693 1753 quam
708 1722 773 1753 quot
787 1717 871 1743 millia
886 1717 1009 1752 iugerum

215 1760 271 1782 sata
285 1760 373 1782 essent
387 1756 414 1781 in
429 1764 491 1791 agro
505 1755 642 1782 Leontino.
682 1754 783 1787 Quodsi
799 1755 854 1780 lieri
870 1763 921 1780 non
935 1758 1010 1788 pote-

216 1797 268 1823 rat,
290 1797 318 1819 ut
336 1792 397 1827 plus
416 1801 497 1827 quam
511 1792 602 1819 decem
617 1791 751 1818 medimna
765 1800 798 1818 ex
811 1792 904 1826 iugero
917 1799 1010 1817 exara-

216 1834 286 1856 rent:
310 1829 476 1856 medimnum
500 1835 588 1856 autem
611 1838 645 1856 ex
668 1829 760 1865 iugero
783 1828 931 1855 decumano
952 1828 1009 1854 dari
1037 1848 1039 1856 <

206 1867 364 1902 -oportebat,
384 1875 469 1902 quum
484 1875 558 1902 ager,
578 1866 606 1893 id
620 1866 692 1901 quod
707 1874 812 1901 perraro
825 1865 926 1896 evenit,
946 1874 1008 1892 cum

215 1903 328 1931 decumo
341 1903 494 1930 extulisset:
515 1912 583 1939 quae
597 1908 651 1930 erat
665 1904 730 1930 ratio
743 1903 893 1934 decumani,
909 1903 933 1929 si
946 1903 1010 1938 qui-

214 1941 275 1968 dem
295 1941 435 1973 decumae,
461 1950 490 1967 ac
509 1950 560 1967 non
579 1941 646 1967 bona
665 1941 792 1967 venibant
809 1945 955 1971 aratorum.
979 1944 1009 1967 ut

215 1978 339 2021 pluribus
349 1978 486 2014 aliquanto
495 1978 640 2004 medimnis
649 1977 776 2004 decumas
787 1982 912 2008 emerent,
926 1985 1008 2012 quam

214 2017 306 2052 iugera
324 2020 397 2042 erant
415 2015 489 2042 sata?
514 2016 541 2042 In
556 2015 684 2042 Leontino
702 2015 827 2051 iugerum
844 2015 1008 2049 subscriptio

214 2061 244 2080 ac
257 2052 386 2088 professio
400 2061 451 2079 non
465 2057 505 2079 est
519 2052 580 2087 plus
593 2060 653 2078 xxx
667 2052 793 2078 millium.
827 2051 942 2078 XLVIII.
958 2052 1008 2078 De—

213 2098 308 2117 cumae
328 2098 415 2116 ,ἵκῃ-ι
438 2089 604 2116 medimnum
627 2090 777 2116 venierunt.
817 2089 935 2120 Erravit,
963 2093 1008 2116 aut

214 2127 303 2162 potius
317 2127 444 2154 insanivit
457 2126 610 2162 Apronius?
634 2127 718 2153 immo
731 2131 788 2153 tum
806 2127 963 2158 insanisset,
984 2126 1007 2152 si

213 2164 361 2192 aratoribus
375 2165 415 2195 id,
435 2164 507 2199 quod
521 2164 660 2195 deberent,
682 2163 785 2190 licitum
800 2168 883 2195 esset,
904 2168 930 2190 et
943 2172 1004 2195 non,

212 2201 285 2237 quod
310 2202 445 2237 Apronius
470 2202 640 2237 imperasset,
678 2210 786 2228 necesse
813 2200 909 2228 fuisset
933 2201 1005 2227 dare.

214 2240 272 2266 ⁴⁴4.
292 2238 322 2266 Si
339 2239 490 2270 ostendam,
511 2239 602 2265 minus
621 2238 707 2265 tribus
726 2238 870 2265 medimnis
888 2239 916 2265 in
930 2239 1008 2274 iuge-

213 2285 273 2303 rum
291 2277 426 2303 neminem
444 2259 551 2303 dedisse
569 2275 710 2302 decumae:
734 2275 878 2307 concedes
902 2275 1004 2310 opinor,

214 2318 242 2340 ut
255 2322 317 2340 cum
331 2313 445 2340 decumo
459 2313 562 2340 fructus
576 2313 700 2340 arationis
710 2317 851 2348 perceptus
861 2313 904 2344 sit,
921 2313 1008 2339 nemi-

213 2359 273 2377 nem
291 2351 382 2377 minus
401 2351 487 2377 tribus
505 2350 626 2377 decumis
644 2350 777 2377 dedisse..
801 2350 889 2385 Atque
907 2350 957 2377 hoc
978 2350 1006 2376 in

213 2388 334 2414 beneficii
353 2387 409 2414 loco
426 2389 538 2423 petitum
557 2392 597 2414 est
614 2387 648 2414 ab
665 2387 796 2423 Apronio,
820 2392 851 2414 ut
867 2387 895 2414 in
913 2387 1006 2423 iugera

211 2425 319 2461 singula
333 2426 415 2452 ternis
431 2425 573 2452 medimnis
586 2425 709 2451 decidere
720 2424 818 2451 liceret.
842 2425 910 2451 Nam
919 2433 1005 2459 quum

211 2470 226 2488 a
239 2461 332 2489 multis
346 2467 486 2497 quaterna,
507 2463 586 2489 etiam
604 2462 687 2497 quina
704 2462 887 2497 exigerentur:
912 2461 1005 2488 multis

211 2503 299 2525 autem
314 2508 365 2526 non
379 2499 457 2526 modo
470 2508 583 2535 granum
598 2499 717 2530 nullum,
732 2498 781 2525 sed
794 2507 827 2525 ne
840 2498 931 2534 paleae
944 2499 1007 2533 qui-

211 2535 272 2562 dem
291 2544 324 2562 ex
337 2537 409 2563 omni
423 2536 511 2563 fructu
525 2541 604 2571 atque
618 2544 652 2562 ex
664 2544 753 2562 annuo
768 2535 856 2562 labore
869 2535 1007 2570 relinque-

212 2577 317 2599 rentur:
345 2577 402 2599 tum
420 2578 534 2600 aratores
552 2573 732 2608 Centuripini,
758 2573 806 2608 qui
829 2581 959 2599 numerus
976 2573 1006 2599 in

211 2617 274 2645 agro
288 2610 414 2636 Leontino
428 2611 562 2637 maximus
579 2615 631 2641 est,
652 2618 738 2637 unum
755 2610 784 2636 in
803 2609 890 2636 locum
907 2617 1007 2636 conve·

212 2651 322 2673 nerunt:
343 2646 478 2673 hominem
496 2655 561 2674 suae
577 2647 694 2674 civitatis
711 2647 739 2673 in
753 2647 848 2681 primis
861 2646 1004 2673 honestum

210 2691 240 2710 ac
259 2683 388 2715 nobilem,
413 2683 565 2711 Andronem
583 2684 802 2719 Centuripinum,
829 2683 951 2720 legarunt
971 2682 1005 2710 ad

801 162 841 187 22.
873 160 908 186 Μ.
938 160 968 187 Τ.
999 159 1274 186 CICERONIS

1064 231 1210 265 Apronium
1225 230 1363 261 eumdem,
1386 239 1467 266 quern
1482 230 1530 257 boc
1544 235 1661 265 tempore
1674 230 1706 256 ad
1721 230 1771 257 hoc
1784 230 1855 258 iudi-

1063 268 1135 294 cium
1156 267 1271 303 togatum
1289 272 1314 294 et
1329 272 1421 294 testem
1436 268 1607 303 Centuripina
1621 268 1714 294 civitas
1728 268 1810 298 misit.
1827 273 1856 295 ut

1065 305 1087 331 is
1102 304 1172 339 apud
1187 313 1248 330 eum
1262 313 1383 330 caussam
1398 310 1527 331 aratorum
1542 310 1643 339 ageret.
1663 304 1696 330 ab
1710 313 1794 340 eaque
1809 314 1856 340 po-

1065 346 1138 372 teret,
1156 346 1184 367 ut
1197 341 1230 367 ab
1245 342 1392 368 aratoribus
1406 342 1587 377 Centuripinis
1603 351 1634 368 ne
1648 341 1765 376 emplius
1776 343 1802 368 in
1813 343 1856 368 iu-

1064 387 1124 412 gera
1144 378 1262 413 singula,
1287 387 1368 413 quam
1387 384 1458 405 terna
1477 379 1610 405 medimna
1629 380 1754 414 exigeret.
1796 381 1854 406 ⁴⁴5.

1066 416 1118 442 iioc
1132 416 1177 442 vix
1191 416 1224 442 ab
1238 416 1355 450 Apronio
1369 416 1394 442 in
1409 424 1516 442 nummo
1529 415 1657 442 beneficio
1675 425 1722 451 pro
1741 417 1787 447 iis.
1807 417 1854 451 qui

1064 453 1142 479 etiam
1158 457 1213 479 tum
1229 452 1375 479 incolumen
1385 458 1467 482 erant,
1483 453 1651 487 impetratum
1661 459 1710 479 eet.
1733 453 1760 479 td
1770 462 1854 488 quum

1066 490 1264 525 impetrabatur,
1281 490 1330 516 boc
1345 490 1468 516 videlicet
1483 490 1680 524 imfaetrabatur.
1697 495 1725 516 ut
1740 499 1787 525 pro
1800 491 1856 517 sin-

1064 526 1136 561 gulis
1150 527 1271 553 decumis
1285 532 1372 553 ternas
1385 527 1512 553 decumas
1526 527 1588 553 dare
1603 527 1700 553 liceret.
1740 528 1816 560 Quod
1832 528 1854 554 ei

1066 569 1108 590 tua
1124 573 1165 590 res
1180 573 1230 590 non
1245 569 1380 599 ageretur.
1397 573 1410 590 a
1425 569 1449 590 te
1464 565 1552 599 potius
1567 563 1736 598 postularent.
1753 574 1785 591 ue
1799 573 1856 591 am-

1066 601 1150 636 plius
1167 610 1248 636 quam
1263 601 1394 636 singulas,
1410 610 1490 636 quam
1505 601 1538 627 ab
1552 602 1676 636 Apronio.
1694 607 1722 627 ut
1736 611 1767 628 ne
1782 602 1852 637 plus.

1064 648 1144 674 quam
1160 643 1246 664 ternas
1260 639 1386 665 decumas
1400 639 1501 665 darent.
1533 639 1617 668 Nunc.
1635 643 1663 664 ut
1677 638 1725 664 boc
1739 644 1856 674 tempore

1064 685 1102 706 ea.
1119 684 1187 711 quae
1201 677 1272 711 regie
1286 685 1332 701 seu
1349 677 1436 710 potius
1452 676 1586 711 tyrannice
1599 676 1690 701 statuit
1705 676 1730 702 in
1741 682 1855 702 aratores

1041 714 1206 748 Apronius.
1223 714 1442 748 praetermittam.
1459 721 1545 747 neque
1559 712 1753 747 eosappellem
1769 714 1856 748 aqui-

1065 751 1115 777 bus
1134 759 1212 777 omne
1231 750 1394 777 frumentum
1414 751 1525 785 eripuit.
1550 755 1576 776 et
1593 750 1694 785 quibus
1713 750 1779 776 nibil
1803 759 1854 777 non

1065 788 1142 814 modo
1155 788 1188 814 de
1203 787 1304 818 fructu,
1320 788 1366 814 sed
1382 797 1413 814 ne
1427 787 1460 813 de
1475 788 1550 813 bonis
1563 787 1672 822 quidem
1686 787 1744 813 suis
1758 787 1854 822 reliqui

1065 824 1140 852 fecit:
1161 834 1194 851 ex
1213 825 1286 851 bisce
1305 826 1387 851 ternis
1407 825 1549 851 medimnis
1563 824 1644 859 (quod
1660 824 1781 851 beneficii
1794 833 1855 861 gra-

1064 863 1168 897 tiaeque
1181 871 1275 888 caussa
1289 863 1428 896 concessit)
1441 862 1506 897 quid
1522 862 1573 891 fiat,
1589 862 1749 897 cognoscite.

1118 899 1212 926 thx.
1231 901 1286 925 Ηΰ.
1307 899 1439 925 Professio
1456 904 1495 925 est
1513 900 1569 933 agri
1589 899 1708 925 Leontini
1727 898 1760 925 ed
1778 899 1856 934 iuge-

1064 938 1122 963 rum
1135 945 1204 963 xxx.
1227 937 1294 963 llaec
1308 941 1371 963 sunt
1384 936 1416 962 ad
1432 937 1508 962 tritici
1524 936 1688 962 medimnum
1703 944 1746 967 xc.
1763 936 1789 962 id
1803 941 1853 967 eet,

1064 974 1142 1000 tritici
1158 974 1277 1000 modium
1293 982 1357 999 uxi..
1398 973 1522 1000 Deductis
1537 974 1614 999 tritici
1630 973 1748 999 modium
1763 981 1853 1004 ccxvi,

1063 1011 1155 1046 quanti
1167 1011 1294 1037 decumae
1305 1011 1453 1041 venierunt,
1470 1010 1570 1045 reliqua
1581 1015 1644 1036 sunt
1654 1011 1732 1036 tritici
1744 1018 1854 1037 ccxxiv.

1063 1048 1138 1075 Adde
1153 1049 1233 1075 totius
1247 1057 1368 1074 summae
1383 1056 1445 1074 mxi.
1456 1047 1570 1074 millium
1582 1047 1700 1074 modium
1711 1052 1764 1073 tres
1774 1048 1856 1082 quin-

1063 1086 1242 1121 quagesimas,
1260 1086 1287 1112 fit
1302 1086 1379 1112 tritici
1395 1085 1512 1111 modium
1526 1093 1604 1111 ‚xxxn
1616 1084 1699 1111 millia
1711 1092 1786 1111 cece.
1804 1084 1855 1119 (Ab

1063 1123 1189 1149 omuibus
1207 1123 1278 1149 enim
1298 1128 1386 1149 ternae
1401 1128 1531 1157 practerea
1545 1122 1785 1157 quinquagesimae
1798 1122 1856 1148 exi-

1062 1160 1214 1196 gebantur.)
1253 1160 1321 1186 Sunt
1344 1160 1408 1186 haec
1430 1160 1481 1186 iam
1505 1159 1537 1185 ad
1559 1167 1645 1185 cca-x
1668 1158 1765 1190 millia,
1790 1167 1855 1185 cccc

1063 1197 1134 1224 mod.
1155 1198 1244 1224 tritici.
1285 1198 1317 1223 At
1335 1205 1384 1232 ego
1402 1205 1465 1223 mcc
1484 1196 1566 1223 millia
1582 1196 1647 1222 lucri
1662 1195 1727 1222 facta
1742 1204 1800 1223 oese
1813 1195 1856 1223 di-

1063 1243 1167 1261 xeram:
1184 1243 1234 1261 non
1249 1235 1319 1261 enim
1334 1234 1403 1261 duco
1416 1235 1443 1260 in
1455 1234 1504 1260 bac
1514 1234 1612 1260 ratione
1623 1242 1676 1263 eos,
1692 1234 1793 1268 quibus
1803 1238 1855 1260 ter·

1063 1273 1105 1298 nis
1119 1271 1262 1298 medimnis
1277 1280 1328 1298 non
1343 1276 1382 1298 est
1402 1271 1503 1297 licitum
1522 1271 1654 1297 decidere.
1694 1270 1805 1299 Verum.
1826 1276 1856 1297 ut

1063 1309 1111 1335 hac
1129 1310 1186 1344 ipsa
1205 1310 1304 1335 ratione
1321 1317 1455 1335 summam
1475 1309 1526 1334 mei
1550 1308 1674 1343 promissi
1695 1307 1853 1342 compleam,

1062 1346 1095 1372 ad
1109 1346 1215 1382 singula
1229 1345 1363 1372 medimna
1382 1345 1460 1372 multi
1480 1345 1534 1371 H-S
1549 1353 1579 1376 n,
1600 1345 1678 1371 multi
1692 1345 1748 1371 fl-S
1761 1345 1855 1381 singu-

1063 1383 1101 1410 los
1115 1384 1197 1410 semis
1208 1383 1366 1409 accessionis
1378 1382 1540 1418 cogebantur
1552 1382 1627 1408 dare:
1642 1383 1690 1417 qui
1701 1382 1852 1413 minimum,

1061 1420 1183 1457 singulos
1198 1429 1332 1447 nummos.
1354 1403 1426 1446 Hoc*-³
1421 1420 1563 1446 minimum
1578 1424 1607 1446 ut
1620 1428 1773 1454 sequamur.
1787 1428 1855 1455 quo—

1062 1459 1132 1484 niam
1151 1466 1187 1483 xc
1205 1457 1371 1484 medimnum
1394 1457 1478 1483 millia
1501 1457 1642 1487 duximus.
1668 1456 1793 1483 accedant
1812 1465 1852 1487 eo.

1063 1504 1132 1522 novo
1145 1496 1317 1530 pessimoque
1330 1494 1462 1529 exemplo,
1478 1495 1518 1520 H·
1523 1494 1542 1520 S
1554 1502 1590 1520 xc
1605 1493 1699 1520 millia
1735 1495 1791 1520 ⁴⁴7.
1807 1494 1854 1521 Hic

1063 1533 1129 1559 mibi
1143 1533 1222 1558 etiam
1237 1532 1324 1558 dicere
1338 1532 1454 1563 audebit,
1471 1540 1568 1567 magno
1581 1540 1609 1558 se
1623 1531 1750 1558 decumas
1761 1531 1855 1558 vendi-

1039 1575 1040 1578 ’
1062 1570 1147 1601 disse,
1163 1578 1248 1604 quum
1263 1578 1296 1596 ex
1309 1569 1401 1595 eodem
1415 1578 1478 1604 agro
1491 1568 1602 1595 dimidio
1615 1568 1677 1603 plus
1690 1569 1748 1603 ipse
1762 1568 1855 1595 abstu-

1063 1606 1134 1637 lerit,
1154 1615 1235 1641 quam
1251 1606 1351 1641 populo
1365 1607 1482 1632 Romano
1495 1605 1615 1632 miserit?
1640 1613 1719 1631 ccxvi
1733 1605 1853 1632 modium

1061 1643 1184 1670 millibus
1197 1643 1325 1670 decumas
1339 1643 1395 1679 agri
1409 1643 1530 1670 Leontini
1545 1642 1700 1669 vendidisti.
1726 1642 1754 1669 Si
1768 1651 1802 1669 ex
1816 1643 1855 1669 le-

1061 1689 1102 1717 ge,
1119 1689 1229 1716 magno·y
1246 1681 1278 1711 si,
1295 1685 1324 1707 ut
1338 1680 1380 1707 lex
1394 1685 1464 1706 esset
1478 1679 1562 1706 libido
1575 1684 1628 1710 tua,
1645 1688 1739 1714 parvo:
1764 1680 1796 1711 si.
1812 1686 1851 1710 ut.

1061 1726 1130 1753 quae
1153 1717 1280 1744 dimidiae
1302 1722 1404 1748 essent,
1427 1717 1555 1743 decumae
1578 1722 1747 1748 vocarentur,
1772 1725 1854 1752 parvo

1061 1755 1216 1781 vendidisti.
1256 1754 1340 1781 Multo
1353 1755 1424 1781 enim
1439 1754 1524 1789 pluris
1539 1753 1640 1781 fructus
1654 1755 1737 1781 annui
1746 1754 1854 1781 Siciliae

1061 1793 1151 1818 venire
1165 1796 1316 1827 potuerunt.
1333 1793 1356 1818 si
1370 1792 1397 1818 id
1412 1797 1436 1818 te
1450 1796 1558 1818 senatus
1571 1796 1617 1818 aut
1631 1791 1747 1826 populus
1759 1792 1854 1819 Roma—

1061 1838 1112 1855 nus
1131 1829 1216 1856 facere
1234 1828 1373 1856 voluisset.
1413 1829 1517 1855 Etenim
1536 1837 1615 1864 saepe
1636 1828 1765 1855 decumae
1788 1829 1852 1855 tanti

1061 1867 1208 1898 venierunt,
1225 1875 1309 1902 quum
1321 1866 1378 1902 lege
1387 1867 1524 1893 Hieronica
1536 1867 1663 1896 venirent,
1679 1866 1771 1900 quanti
1782 1874 1854 1893 nunc

1061 1903 1118 1940 lege
1132 1904 1226 1931 Verrea
1241 1904 1390 1930 venierunt.
1431 1903 1502 1931 Cedo
1515 1903 1582 1929 mihi
1597 1903 1626 1930 C.
1642 1903 1758 1930 Norbani
1771 1902 1854 1930 decu-

1060 1949 1117 1967 mas
1148 1941 1278 1967 venditas.
1318 1949 1342 1967 c.
1373 1949 1501 1967 κοκιιΑιει
1531 1949 1671 1967 υεειιιιᾼιι
1703 1949 1852 1967 veseina

1059 1987 1127 2005 Αιιιιι
1142 1987 1290 2005 nosris-¹.
1316 1978 1399 2013 Atqui
1412 1982 1469 2004 tum
1484 1986 1571 2013 neque
1584 1977 1715 2004 iudicium
1729 1977 1763 2004 de
1774 1977 1853 2005 modo

1058 2016 1182 2052 ingeram
1196 2015 1323 2048 dabatur;
1347 2024 1435 2050 neque
1448 2019 1503 2041 erat
1515 2014 1700 2041 Artemidorus
1714 2013 1853 2042 Cornelius

1036 2050 1038 2073 '³
1059 2057 1238 2088 recuperator;
1268 2061 1355 2088 neque
1377 2053 1411 2079 ab
1432 2057 1532 2079 aratore
1554 2052 1726 2087 magistratus
1743 2051 1853 2079 Siculus

1059 2094 1163 2116 tantum
1177 2089 1313 2126 exigebat,
1329 2094 1461 2125 quantum
1475 2089 1642 2116 decumanus
1655 2088 1787 2121 ediderat;
1804 2097 1852 2116 nec

1059 2127 1219 2154 beneficium
1221 2110 1374 2162 t’petebatur
1386 2127 1420 2153 ab
1433 2126 1589 2157 decumano,
1606 2130 1636 2152 ut
1648 2126 1676 2152 in
1690 2126 1782 2162 iugera
1795 2127 1853 2153 sin-

1036 2179 1037 2182 =
1058 2164 1122 2200 gula
1140 2165 1222 2191 ternis
1240 2164 1385 2191 medimnis
1403 2163 1525 2190 decidere
1539 2163 1641 2193 liceret:
1665 2171 1715 2190 nec
1727 2171 1853 2190 nummo-

1059 2210 1118 2228 rum
1136 2202 1315 2228 accessionem
1333 2201 1476 2237 cogebatur
1498 2205 1584 2228 arator
1599 2200 1672 2231 dare.
1693 2208 1742 2227 nec
1764 2204 1853 2227 ternas

1058 2239 1297 2274 quinquagesimas
1316 2238 1443 2265 frumenti
1460 2237 1570 2265 addere:
1594 2241 1620 2264 et
1640 2241 1729 2264 tamen
1751 2237 1853 2272 populo

1057 2276 1176 2303 Romano
1189 2284 1303 2312 magnus
1318 2275 1444 2302 frumenti
1459 2283 1586 2302 numerus
1600 2274 1763 2301 mittebatur.

1114 2313 1144 2339 L.
1170 2314 1226 2339 ⁴⁴8.
1254 2312 1325 2346 Quid
1348 2321 1411 2340 vero
1433 2313 1499 2339 istae
1521 2311 1574 2338 sibi
1599 2311 1849 2347 quinquagesimae.

1057 2350 1124 2393 quid
1142 2358 1220 2385 porro
1238 2358 1409 2377 nummorum
1428 2349 1593 2376 accessiones
1610 2332 1739 2375 volunt?e
1747 2347 1806 2381 Quo
1823 2348 1852 2376 id

1057 2388 1128 2419 iure,
1143 2392 1223 2422 atque
1237 2387 1302 2414 adeo
1314 2395 1369 2423 quo
1382 2387 1410 2413 id
1425 2384 1534 2423 [potius]
1549 2393 1622 2412 more
1636 2385 1741 2412 fecisti?
1765 2386 1852 2413 Num-

1058 2433 1116 2451 mos
1129 2424 1209 2451 dabat
1221 2429 1315 2451 arator.
1355 2422 1511 2456 Quomod0⁹
1523 2427 1569 2449 aut
1583 2421 1672 2449 unde?
1684 2422 1745 2455 Qui.
1761 2423 1784 2449 si
1799 2422 1852 2450 las*-

1055 2462 1186 2498 gissimus
1200 2470 1259 2488 esse
1276 2461 1370 2492 vellet,
1389 2459 1565 2488 cumulatiore
1582 2468 1707 2486 mensura
1721 2464 1848 2491 uteretur.

1057 2503 1087 2525 ut
1099 2503 1175 2525 antea
1189 2498 1310 2526 solebant
1323 2498 1428 2524 sacere'
1420 2506 1448 2524 ιιι
1458 2497 1594 2528 decumis,
1614 2505 1700 2532 quum
1714 2505 1797 2532 aequa
1813 2496 1851 2523 le-

1055 2544 1089 2572 ge
1102 2540 1128 2562 et
1140 2536 1292 2562 conditione
1304 2535 1444 2562 venibant:
1465 2534 1489 2560 is
1503 2542 1646 2561 nummum
1664 2533 1753 2560 dabat.
1795 2534 1850 2561 Un-

1056 2572 1108 2599 de?
1132 2572 1165 2599 de
1184 2571 1335 2599 frumento?
1358 2572 1437 2607 quasi
1454 2571 1594 2598 habuisset
1605 2575 1632 2598 te
1644 2576 1764 2606 praetore
1776 2571 1849 2606 quod

1056 2609 1190 2636 venderet.
1215 2610 1252 2636 De
1265 2610 1328 2636 vivo
1341 2609 1424 2645 igitur
1436 2613 1491 2635 erat
1503 2608 1607 2644 aliquid
1620 2607 1803 2640 resecandum,
1819 2613 1850 2635 ut

1056 2651 1139 2677 esset,
1160 2646 1232 2673 unde
1245 2646 1362 2681 Apronio
1381 2645 1415 2672 ad
1432 2645 1493 2672 illos
1512 2645 1615 2672 fructus
1632 2645 1780 2672 arationum
1799 2645 1849 2672 hoc

1055 2683 1224 2710 corollarium
1251 2691 1420 2710 nummorum
1448 2682 1598 2709 adderetur.
1638 2683 1693 2709 Iam
1718 2681 1746 2708 id
1771 2690 1849 2718 porro
