1941 3052
534 147 829 175 PHILIPPICA
862 148 898 174 11.

41 220 177 249 Brundisii
193 228 245 247 non
260 218 407 246 occideris?
425 218 511 252 Quem
526 220 584 254 ipse
599 219 695 250 victor,
712 220 759 254 qui
775 218 833 250 tibi,

41 263 72 286 ut
91 262 146 285 tute
159 257 266 293 gloriari
281 256 399 288 solebas,
415 256 546 283 detulerat
560 265 594 283 ex
611 256 757 283 latronibus
777 256 835 282 suis

40 296 235 332 principatum,
258 294 363 321 salvum
385 303 443 321 esse
463 294 606 324 voluisset,
628 295 656 320 in
676 293 777 320 Italiam
797 294 836 320 ire

41 333 179 364 iussisset,
192 341 255 359 eum
266 336 295 359 tu
306 331 459 359 occideres?
478 332 529 358 Fac
539 332 669 366 potuisse.
709 330 786 363 Quod
796 335 836 357 est

41 369 129 401 aliud,
142 374 230 405 patres
240 371 397 404 conscripti,
410 369 571 396 beneficium
583 368 726 399 latronum,
741 369 793 394 nisi
807 372 836 394 ut

40 408 365 442 commemorarepossint,
375 407 408 434 iis
419 406 561 433 sededisse
571 407 662 437 vitam,
670 406 771 440 quibus
783 413 835 432 non

41 444 208 472 ademerint?
226 444 303 477 Quod
314 445 337 471 si
348 449 418 471 esset
429 443 602 475 beneficium,
616 451 774 478 numquam,
788 443 836 478 qui

40 481 120 509 illum
134 481 336 513 interfecerunt,
353 491 367 508 a
382 490 436 516 quo
451 485 524 508 erant
534 481 645 512 servati,
658 489 727 515 quos
738 485 766 506 tu
778 481 836 514 ipse

41 519 113 546 viros
133 518 297 547 clarissimos
312 518 446 554 appellare
461 518 543 549 soles.
560 522 660 545 tantam
676 521 765 544 essent
778 517 837 553 glo-

41 557 108 584 riam
119 557 266 583 consecuti.
297 556 380 589 Quale
392 561 480 582 autem
492 555 650 582 beneficium
661 559 715 585 est,
727 554 799 589 quod
811 559 836 580 te

41 593 205 621 abstinueris
216 594 318 621 nefario
327 593 446 620 scelere?
465 593 522 626 Qua
533 593 560 619 in
571 601 600 618 re
610 601 662 618 non
675 596 727 618 tam
739 593 836 618 iucun-

40 630 107 658 dum
123 631 208 658 videri
224 632 291 658 mibi
306 631 412 662 debuit,
430 639 482 657 non
497 629 666 656 intersectum
677 638 691 655 a
704 633 740 659 te,
753 637 835 663 quam

40 669 180 700 miserum,
193 668 222 695 id
233 674 258 695 te
268 669 378 704 impune
390 668 474 694 facere
485 668 615 702 potuisse.
645 668 667 692 6.
680 666 732 692 Sed
743 667 779 692 sit
790 666 837 692 be-

41 705 177 737 neficium,
185 706 404 741 quandoquidem
410 706 498 731 maius
508 704 592 739 accipi
603 712 617 730 a
624 703 723 730 latrone
729 703 835 729 nullum

40 743 144 778 potuit?
164 744 193 770 in
207 752 262 778 quo
275 748 350 778 potes
366 751 408 769 me
423 742 511 769 dicere
524 740 678 777 ingratum?
696 741 737 767 An
748 740 781 767 de
794 741 836 766 in-

41 781 121 807 teritu
137 781 301 816 reipublicae
315 781 392 816 queri
407 788 459 806 non
475 779 570 810 debui,
588 787 621 805 ne
636 779 664 804 in
679 782 703 804 te
714 778 834 813 ingratus

40 817 165 844 viderer?
176 818 211 844 At
220 818 247 844 in
259 817 304 844 illa
315 817 432 852 querela,
441 815 654 851 miseraquidem
666 819 692 841 et
703 814 832 846 luctuosa,

41 855 88 881 sed
100 855 166 882 mihi
177 863 225 890 pro
236 855 285 881 hoc
295 854 390 891 gradu,
398 855 486 889 inquo
496 862 539 880 me
549 857 657 879 senatus
663 852 835 888 populusque

39 892 176 919 Romanus
191 891 342 924 collocavit,
355 892 513 922 necessaria,
526 890 593 926 quid
605 895 644 916 est
654 890 756 916 dictum
767 898 781 916 a
793 898 836 916 me

39 937 103 956 cum
127 929 306 957 contumelia?
338 929 405 965 quid
430 938 483 956 non
507 927 659 955 moderate?
691 927 759 962 quid
783 936 835 953 non

40 966 142 994 amice?
165 966 242 1000 Quod
257 966 367 1002 quidem
383 967 461 993 cuius
476 966 666 1001 temperantiae
676 964 740 996 suit,
753 964 787 991 de
798 965 833 990 M.

39 1004 154 1031 Antonio
168 1008 338 1040 querentem,
355 1004 488 1031 abstinere
501 1002 659 1029 maledicto?
678 1002 835 1037 praesertim

39 1050 126 1077 quum
147 1046 176 1069 tu
196 1041 323 1077 reliquias
338 1041 502 1077 reipublicae
519 1039 730 1075 dissipavisses?
749 1048 834 1075 quum

39 1079 113 1106 domi
128 1084 188 1106 tuae
203 1080 360 1114 turpissimo
374 1083 492 1106 mercatu
506 1079 596 1105 omnia
611 1082 700 1104 essent
715 1076 836 1103 venalia‘?

39 1125 124 1152 quum
144 1116 216 1153 leges
227 1125 285 1148 eas,
298 1125 367 1152 quae
377 1125 527 1152 numquam
538 1115 721 1151 promulgatae
736 1119 833 1145 essent,

40 1153 108 1181 etde
120 1158 153 1186 te,
161 1159 187 1181 et
197 1163 211 1180 a
222 1153 319 1181 telatas
325 1153 497 1181 confiterere?
506 1162 592 1189 quum
604 1153 722 1188 auspicia
738 1161 833 1187 augur.

38 1191 257 1218 intercessionem
267 1191 360 1219 consul
372 1190 549 1218 sustulisses‘?
560 1198 646 1226 quum
658 1198 731 1216 esses
739 1189 837 1216 foedis-

39 1230 108 1255 sime
123 1229 237 1264 stipatus
252 1228 379 1256 armatis‘?
398 1237 483 1264 quum
498 1237 591 1256 omnes
605 1228 774 1263 impuritates
785 1235 836 1262 pu-

39 1265 98 1293 dica
123 1267 151 1293 in
171 1266 251 1293 domo
274 1266 394 1302 quotidie
417 1266 583 1301 susciperes,
604 1265 667 1292 vino
689 1265 836 1299 lustrisque

39 1303 195 1330 coniectus?
221 1304 247 1330 7.
263 1303 298 1331 At
312 1312 373 1340 ego,
390 1308 528 1339 tamquam
539 1303 607 1330 mihi
618 1311 680 1329 cum
692 1303 727 1328 M.
741 1302 836 1329 Crasso

39 1342 173 1368 contentio
192 1345 275 1372 esset,
296 1349 414 1376 quocum
434 1340 534 1367 multae
548 1345 574 1367 ct
589 1348 701 1376 magnae
716 1339 834 1370 suerunt,

39 1387 92 1405 non
103 1387 164 1405 cum
176 1387 230 1405 uno
240 1378 384 1414 gladiatore
395 1378 571 1413 nequissimo,
584 1377 617 1404 de
628 1376 764 1412 republica
775 1385 836 1412 gra-

38 1416 109 1443 viter
118 1424 244 1451 querens,
256 1415 289 1442 de
302 1416 408 1443 homine
419 1415 487 1442 nihil
497 1415 565 1442 dixi.
596 1415 639 1442 1v.
653 1416 744 1449 Itaque
756 1414 834 1440 hodie

38 1453 185 1488 perficiam,
198 1458 227 1480 ut
238 1452 377 1489 intelligat,
385 1457 515 1488 quantum
528 1461 542 1479 a
553 1461 596 1479 me
606 1452 766 1478 beneficium
778 1456 835 1478 tum

39 1491 179 1526 acceperit.
219 1490 253 1518 At
263 1491 343 1517 etiam
355 1490 465 1522 litteras,
477 1498 545 1525 quas
557 1498 600 1516 me
611 1489 663 1516 sibi
675 1490 783 1516 misisse
794 1488 836 1515 di-

38 1532 123 1559 ceret,
140 1528 272 1560 recitavit,
291 1527 370 1554 homo
385 1532 411 1554 et
426 1527 600 1554 humanitatis
615 1535 710 1562 expers
727 1531 752 1553 et
767 1526 835 1552 vitae

38 1565 190 1592 communis
202 1565 322 1601 ignarus.
343 1564 409 1598 Quis
421 1565 494 1592 enim
505 1564 701 1600 umquam,qui
713 1563 835 1599 paullum

38 1601 118 1629 modo
128 1602 258 1629 bonorum
269 1602 491 1629 consuetudinem
503 1606 600 1633 nosset.
609 1602 709 1628 litteras
721 1601 754 1628 ad
764 1609 792 1627 se
803 1600 836 1626 ab

39 1640 125 1667 amico
134 1640 241 1671 missas,
250 1639 393 1667 ofsensione
403 1639 492 1674 aliqua
504 1640 668 1674 interposita,
677 1639 703 1665 in
715 1638 834 1664 medium

39 1676 150 1713 protulit
164 1677 306 1712 palamque
322 1676 459 1704 recitavit?
477 1676 549 1710 Quid
563 1681 605 1703 est
619 1676 706 1707 aliud,
719 1675 811 1702 tollere
821 1684 836 1702 e

38 1715 93 1742 vita
107 1715 178 1742 vitae
195 1715 360 1746 societatem,
377 1714 470 1741 tollere
483 1714 630 1741 amicorum
645 1713 778 1748 colloquia
788 1713 836 1739 ab-

39 1751 175 1779 sentium?
193 1751 279 1785 Quam
299 1751 384 1778 multa
404 1752 460 1779 ioca
480 1751 566 1778 solent
585 1760 645 1778 esse
660 1752 687 1778 in
703 1750 832 1786 epistolis,

39 1797 121 1825 quae,
138 1789 239 1825 prolata
254 1789 278 1816 si
293 1790 360 1820 sint,
377 1789 466 1824 inepta
477 1788 637 1816 videantur?
656 1797 738 1823 quam
751 1787 835 1814 multa

39 1827 106 1854 seria
114 1847 120 1859 ,
137 1835 224 1862 neque
240 1831 328 1854 tamen
338 1826 395 1853 ullo
404 1826 484 1853 modo
493 1826 677 1862 divulganda?
696 1828 721 1852 8.
734 1825 775 1852 Sit
786 1826 835 1852 hoc

38 1863 257 1891 inhumanitatis:
280 1863 421 1891 stultitiam
436 1864 621 1891 incredibilem
634 1863 732 1890 videte.
762 1862 834 1896 Quid

38 1900 132 1932 habes,
144 1901 218 1936 quod
228 1901 295 1928 mihi
305 1910 433 1936 opponas.
449 1901 529 1928 homo
538 1901 646 1932 diserte,
654 1905 684 1928 ut
695 1900 834 1928 Mustellae

38 1938 156 1965 Tamisio
176 1943 202 1965 et
221 1939 311 1965 Tironi
330 1939 454 1965 Numisio
472 1938 592 1965 videris?
616 1939 664 1973 qui
683 1946 769 1973 quum
785 1938 834 1964 hoc

37 1976 99 2011 ipso
113 1979 232 2011 tempore
246 1980 316 2002 stent
331 1984 393 2002 cum
407 1975 505 2012 gladiis
519 1976 547 2003 in
558 1979 702 2010 conspeetu
714 1980 832 2007 senatus,

38 2021 89 2049 ego
98 2021 207 2048 qnoque
217 2017 243 2039 te
253 2013 383 2039 disertum
391 2013 498 2048 putabo,
506 2013 529 2039 si
535 2012 692 2043 ostenderis.
700 2012 835 2047 quomodo

39 2051 78 2077 sis
93 2058 138 2077 eos
154 2050 222 2076 inter
236 2050 345 2077 sicarios
359 2049 531 2077 defensurus.
567 2049 619 2077 Sed
634 2049 700 2085 quid
715 2058 834 2084 opponas

40 2087 156 2118 tandem.
164 2087 187 2114 si
199 2095 293 2123 negem
301 2107 308 2118 ,
320 2095 363 2114 me
373 2095 503 2122 umquam
515 2087 579 2113 istas
594 2087 694 2113 litteras
704 2087 737 2113 ad
749 2092 773 2113 te
784 2087 835 2113 mi-

39 2125 128 2152 sisse?
146 2124 205 2157 Quo
220 2133 263 2151 me
277 2128 343 2151 teste
356 2124 518 2151 convincas?
537 2124 577 2151 An
592 2123 787 2160 chirographo?
806 2125 833 2151 in

39 2169 94 2198 quo
108 2162 191 2189 habes
203 2162 341 2188 scientiam
352 2166 552 2196 quaestuosum.
578 2161 629 2194 Qui
646 2161 751 2196 possis?
770 2166 834 2188 sunt

39 2200 111 2227 enim
123 2199 223 2226 librarii
235 2207 326 2226 manu.
357 2199 411 2225 lam
422 2199 531 2225 invideo
541 2199 668 2234 magistro
680 2203 733 2230 tuo,
747 2199 794 2234 qni
809 2203 834 2226 te

40 2239 111 2264 tanta
131 2236 265 2267 mercede.
282 2240 409 2272 quantam
426 2236 478 2262 iam
493 2235 638 2271 proferam.
657 2236 723 2262 nihil
740 2244 834 2271 sapere

39 2273 139 2301 docuit.
171 2275 196 2300 9.
218 2273 288 2306 Quid
303 2273 375 2300 enim
392 2277 432 2299 cst
448 2273 553 2304 minus,
570 2282 622 2300 non
638 2273 699 2300 dico
711 2274 831 2303 oratoris,

41 2311 89 2338 aed
99 2311 226 2342 hominis.
239 2319 320 2346 quam
333 2310 361 2337 id
371 2310 486 2337 obiicere
497 2310 657 2341 adversario.
670 2310 743 2345 quod
755 2310 800 2337 ille
810 2311 833 2337 si

39 2348 122 2376 verbo
132 2349 244 2385 negarit,
258 2348 364 2385 longius
376 2347 499 2383 progredi
512 2356 563 2374 non
575 2348 661 2382 possit
671 2348 718 2382 qui
730 2347 834 2374 obiece-

38 2384 92 2413 rit?
110 2385 144 2413 At
153 2394 202 2422 ego
212 2394 265 2412 non
277 2393 358 2421 nego:
376 2389 456 2420 teque
467 2385 493 2411 in
506 2385 556 2411 isto
566 2385 625 2419 ipso
635 2385 773 2415 convinco,
783 2393 833 2411 non

39 2422 244 2450 inhumanitatis
254 2423 352 2454 solum,
365 2423 412 2449 sed
423 2423 502 2449 etiam
514 2422 653 2449 amentiae.
675 2421 752 2454 Quod
762 2423 834 2448 enim

40 2459 153 2487 verbum
168 2460 195 2487 in
210 2461 271 2487 istis
288 2459 382 2486 litteris
398 2464 438 2486 est
454 2468 506 2486 non
522 2459 632 2494 plenum
649 2459 832 2490 humanitatis,

40 2496 134 2529 officii,
147 2496 364 2524 benevolentiae?
382 2496 467 2524 Omne
482 2502 570 2523 autem
583 2497 685 2523 crimen
696 2500 773 2523 tuum
783 2501 832 2527 est,

40 2533 113 2569 quod
126 2534 160 2561 de
173 2538 200 2561 te
216 2535 245 2562 in
259 2535 302 2562 his
318 2534 411 2561 litteris
427 2542 479 2561 non
490 2533 559 2560 male
570 2534 737 2560 existimem:
761 2533 834 2568 qnod

40 2570 157 2598 scribam
177 2575 314 2608 tamquam
338 2571 371 2598 ad
393 2572 495 2603 civem,
523 2575 659 2606 tamqnam
680 2570 713 2597 ad
733 2570 833 2597 bonum

41 2608 145 2641 virum,
167 2617 220 2636 non
232 2613 369 2645 tamquam
380 2609 413 2636 ad
423 2609 582 2636 sceleratum
594 2613 620 2635 et
631 2608 770 2635 latronem.
800 2607 834 2634 At

41 2652 92 2681 ego
110 2649 170 2672 tuas
189 2645 303 2678 litteras,
324 2647 374 2674 etsi
394 2647 452 2674 iure
464 2651 582 2681 poteram
601 2655 616 2672 a
636 2650 660 2672 te
682 2644 831 2676 lacessitus,

42 2684 131 2710 tamen
146 2691 198 2710 non
212 2683 358 2719 proferam:
379 2684 480 2721 quibus
495 2684 578 2720 petis,
590 2687 621 2710 ut
631 2683 678 2710 tibi
690 2691 737 2718 per
747 2691 790 2710 me
802 2682 834 2710 li-

940 147 959 174 C
973 148 995 175 A
1008 147 1037 174 P.
1073 150 1082 174 4
1107 163 1143 168 —-
1163 149 1187 174 6.
1629 151 1678 176 605

887 223 944 245 ceat
953 219 1097 255 quemdam
1107 219 1140 246 de
1151 218 1247 246 exsilio
1257 218 1397 245 reducere:
1421 218 1590 254 adiurasque.
1603 219 1631 246 id
1643 225 1677 251 te,

887 257 971 283 invito
985 265 1040 287 me,
1054 265 1106 283 non
1121 265 1180 283 esse
1195 256 1340 288 sacturum3
1362 256 1444 290 idque
1459 265 1473 282 a
1488 265 1531 283 me
1541 257 1678 291 impetras.

887 293 958 326 Quid
982 295 1053 320 enirn
1079 302 1122 320 me
1142 294 1336 328 interponerem
1356 293 1481 319 audaciae
1502 298 1576 320 tuae:
1598 303 1679 328 quam

887 340 974 365 neque
990 331 1130 357 auctoritas
1146 331 1227 357 huius
1242 331 1342 357 ordinis
1358 339 1445 366 neque
1461 331 1622 357 existimatio
1633 339 1681 366 po-

887 368 944 403 puli
969 369 1079 394 Romani
1108 376 1195 403 neque
1221 368 1293 404 leges
1318 368 1388 395 ullae
1412 373 1521 403 possent
1544 367 1682 395 coercere?

889 407 927 431 to.
940 406 1126 432 Verumtamen
1138 405 1204 440 quid
1216 410 1278 436 erat,
1287 405 1359 440 quod
1371 414 1412 432 me
1423 414 1537 441 rogareS,
1546 406 1570 431 si
1580 410 1635 432 erat
1645 407 1679 436 iS,

887 443 919 468 de
930 451 985 477 quo
999 443 1118 478 rogabas,
1132 443 1251 469 Caesaris
1262 443 1320 478 lege
1331 442 1476 469 reductus?
1491 442 1544 469 Sed
1555 442 1682 469 videlicet

887 488 973 506 meam
989 480 1102 515 gratiam
1117 480 1203 506 voluit
1217 488 1289 506 esse:
1312 481 1338 506 in
1354 489 1409 515 quo
1424 489 1456 506 ne
1472 481 1559 515 ipsius
1569 480 1680 515 quidem

889 517 942 543 ulla
954 522 1054 552 poterat
1064 525 1132 548 esse,
1147 517 1204 553 lege
1216 517 1276 543 lata.

944 555 975 581 V.
993 554 1045 581 Sed
1060 563 1146 589 quum
1165 554 1244 585 mihi,
1262 558 1350 589 patres
1366 555 1522 589 conscripti,
1540 559 1565 581 et
1580 563 1628 589 pro
1639 563 1681 581 me

887 591 1004 627 aliquid,
1022 597 1048 618 et
1061 593 1089 618 in
1105 592 1140 617 M.
1153 592 1298 618 Antonium
1311 591 1393 617 multa
1404 592 1516 618 dicenda
1527 593 1594 618 sint:
1617 592 1682 618 alte-

887 638 947 655 rum
963 634 1024 664 peto
1038 637 1053 655 a
1068 629 1159 660 vobis.
1176 633 1207 655 ut
1217 637 1268 659 me,
1281 637 1329 663 pro
1340 637 1382 655 me
1393 629 1533 659 dicentem,
1548 630 1678 664 benigne;

887 666 999 693 alterum
1015 667 1074 701 ipse
1089 665 1216 697 efficiam,
1234 671 1276 696 ut,
1294 671 1382 692 contra
1396 666 1474 692 illum
1486 675 1571 701 quum
1583 666 1679 696 dicam,

887 708 984 730 attente
1001 703 1126 730 audiatis.
1167 703 1254 730 Simul
1266 703 1333 729 illud
1345 712 1403 729 oro:
1425 704 1448 729 si
1460 713 1545 730 meam
1556 712 1642 738 quum
1653 705 1681 730 in

886 742 960 768 omni
974 741 1042 771 vita,
1059 746 1116 767 tum
1129 741 1156 767 in
1167 740 1280 767 dicendo
1291 740 1498 767 moderationem
1510 741 1682 767 modestiam-

886 787 939 813 que
953 779 1101 814 cognostis.
1115 787 1148 804 ne
1160 786 1201 804 me
1214 777 1301 808 hodie,
1314 786 1399 812 quum
1411 778 1465 809 isti,
1478 783 1507 804 ut
1518 779 1679 812 provocavit,

887 816 1061 850 respondero,
1078 815 1192 842 oblitum
1208 823 1267 841 esse
1282 815 1381 850 putetis
1393 816 1455 841 mei.
1496 816 1554 841 Non
1565 815 1682 842 tractabo

887 857 917 879 ut
939 853 1092 879 consulem:
1124 861 1156 879 ne
1181 852 1227 879 ille
1249 852 1360 887 quidem
1384 861 1427 878 me
1452 856 1482 878 ut
1502 852 1680 879 consularem.

886 891 944 917 Etsi
969 890 1015 917 ille
1039 890 1114 916 nullo
1139 890 1217 916 modo
1242 889 1349 921 consul,
1376 889 1418 916 vel
1442 889 1514 924 quod
1543 890 1578 916 ita
1603 890 1680 921 vivit,

888 928 929 954 vel
949 927 1022 963 quod
1043 928 1078 954 ita
1094 927 1288 962 rempublicam
1304 927 1384 963 gerit,
1401 926 1443 953 vel
1458 927 1530 962 quod
1547 927 1581 953 ita
1597 926 1682 953 iactus

887 970 928 992 est
949 963 1078 1001 [consul]:
1101 974 1150 1000 ego
1170 965 1229 991 sine
1251 964 1306 991 ulla
1329 965 1507 991 controversia
1523 964 1680 991 consularis.

888 1005 928 1029 Η.
951 1003 984 1029 Ut
998 1003 1080 1038 igitur
1095 1002 1292 1038 intelligeretis,
1309 1002 1417 1037 qualem
1433 1003 1490 1037 ipse
1501 1011 1529 1028 se
1544 1001 1682 1028 consulem

887 1040 1066 1075 profiteretur,
1093 1040 1191 1066 obiecit
1211 1040 1277 1071 mihi
1298 1039 1468 1066 consulatum
1488 1048 1590 1066 meum.
1630 1038 1682 1071 Qui

887 1078 1056 1108 consulatus,
1073 1077 1154 1104 verbo
1169 1086 1259 1108 meus,
1277 1081 1363 1111 patres
1378 1078 1535 1112 conscripti,
1552 1085 1580 1103 re
1595 1081 1684 1103 vester

888 1115 948 1142 fuit.
988 1114 1060 1148 Quid
1074 1116 1146 1141 enim
1161 1115 1302 1145 constitui,
1316 1114 1382 1149 quid
1392 1115 1473 1150 gessi,
1487 1114 1554 1149 quid
1564 1115 1615 1149 egi,
1629 1114 1682 1140 nisi

887 1161 920 1179 ex
932 1153 1013 1179 huius
1025 1152 1126 1179 ordinis
1138 1152 1258 1182 consilio,
1273 1152 1435 1183 auctoritate,
1449 1151 1599 1178 sententia?
1614 1151 1683 1178 Haec

887 1194 917 1216 tu
932 1190 1012 1217 homo
1022 1191 1138 1225 sapiens,
1152 1198 1204 1216 non
1215 1189 1302 1216 solum
1314 1189 1451 1224 eloquens,
1465 1189 1536 1224 apud
1547 1198 1602 1220 eos,
1615 1197 1683 1224 quo-

887 1236 947 1254 rum
958 1227 1070 1254 consilio
1083 1228 1267 1263 sapientiaque
1277 1232 1351 1263 gesta
1363 1231 1434 1258 sunt,
1448 1235 1530 1253 ausus
1541 1235 1570 1253 es
1577 1227 1682 1261 vitupe-

887 1264 963 1291 rare?
995 1264 1062 1297 Quis
1073 1270 1171 1296 autem,
1184 1273 1276 1291 meum
1286 1264 1456 1291 consulatum
1468 1269 1570 1299 praeter
1580 1264 1609 1290 P.
1623 1263 1684 1290 Clo·

887 1302 963 1329 dium
978 1303 1026 1337 qni
1038 1303 1208 1337 vituperaret,
1222 1302 1347 1329 inventus
1358 1301 1416 1328 est‘?
1435 1302 1513 1328 cuius
1526 1301 1638 1336 quidem
1649 1301 1683 1327 ti-

887 1340 915 1366 bi
931 1339 1029 1371 iatum.
1043 1340 1121 1366 sicuti
1137 1340 1167 1366 C.
1185 1339 1293 1366 Curioni
1308 1343 1411 1366 manet:
1432 1340 1559 1374 quoniam
1570 1338 1598 1364 id
1609 1338 1682 1365 domi

887 1381 949 1403 tuae
964 1381 1015 1408 est,
1033 1377 1106 1412 quod
1126 1376 1178 1403 fuit
1191 1376 1299 1403 illorum
1321 1377 1428 1411 utrique
1447 1376 1534 1402 fatale.
1567 1377 1607 1402 «Ξ.
1624 1376 1682 1402 Non

887 1414 974 1449 placet
993 1415 1029 1441 M.
1051 1415 1166 1441 Antonio
1185 1414 1339 1441 consulatus
1360 1422 1447 1440 meus.
1478 1413 1511 1440 At
1532 1413 1633 1448 placuit
1651 1412 1681 1438 P.

888 1451 1015 1482 Servilio.
1034 1456 1064 1478 ut
1074 1460 1135 1478 eum
1148 1452 1265 1486 primum
1278 1452 1412 1478 nominem
1424 1460 1457 1477 ex
1469 1451 1543 1477 illius
1554 1450 1682 1485 temporis

886 1488 1086 1520 consularibus,
1108 1490 1156 1524 qui
1177 1489 1298 1523 proxime
1318 1493 1439 1515 mortuus
1459 1493 1513 1514 est:
1535 1487 1636 1522 placuit
1649 1486 1681 1520 Q.

887 1526 990 1558 Catulo,
1002 1527 1080 1553 cuius
1092 1534 1198 1561 semper
1209 1527 1237 1552 in
1248 1526 1296 1552 hac
1304 1525 1439 1560 republica
1447 1525 1679 1552 vivetauctoritas:

887 1563 988 1599 placuit
1001 1564 1108 1590 duobus
1124 1563 1258 1594 Lucullis,
1276 1564 1312 1590 M.
1328 1563 1431 1594 Crasso,
1445 1562 1476 1595 Q.
1489 1563 1637 1593 Hortensio,
1651 1562 1680 1588 C.

888 1602 1006 1633 Curioni,
1019 1601 1048 1628 C.
1061 1601 1161 1631 Pisoni.
1174 1600 1391 1631 M.'Glahrioni',
1405 1601 1449 1626 M!
1460 1599 1569 1635 Lepido,
1581 1599 1683 1626 1,.νοί-

887 1640 963 1669 catio,
977 1639 1007 1666 C.
1020 1638 1124 1675 Figulo.
1137 1639 1167 1665 D.
1180 1638 1279 1669 Silano,
1293 1638 1324 1664 L.
1336 1638 1469 1666 Murenae,
1482 1638 1529 1672 qui
1541 1642 1597 1664 tum
1609 1642 1683 1664 erant

886 1675 1011 1703 consules
1023 1676 1169 1712 designati:
1192 1674 1293 1710 placuit
1302 1675 1373 1702 idem
1382 1696 1388 1706 ,
1400 1674 1472 1710 quod
1483 1674 1680 1705 consularibus,

887 1714 923 1740 Μ.
940 1713 1046 1740 Catoni:
1068 1714 1116 1748 qui
1127 1721 1212 1748 quum
1225 1713 1318 1743 multa.
1331 1713 1384 1739 vita
1395 1712 1541 1743 excedens,
1555 1711 1680 1747 providit,

887 1755 944 1777 tuni
960 1751 1032 1786 quod
1048 1756 1073 1778 te
1087 1750 1225 1777 consulem
1241 1759 1292 1777 non
1309 1750 1385 1776 vidit.
1417 1750 1532 1776 Maxime
1547 1757 1609 1776 vero
1620 1757 1683 1776 con-

886 1788 1006 1815 sulatum
1026 1797 1117 1815 meum
1132 1788 1180 1814 Cn.
1198 1788 1342 1822 Pompeius
1358 1787 1494 1822 probavit:
1517 1787 1578 1822 qui,
1596 1791 1625 1813 ut
1640 1794 1683 1813 me

887 1826 1005 1861 primum
1026 1825 1157 1853 decedens
1173 1834 1206 1852 ex
1222 1825 1297 1861 Syria
1314 1824 1394 1856 vidit,
1410 1824 1568 1859 complexus
1583 1829 1609 1850 et
1623 1833 1684 1860 gra-

886 1863 990 1895 tulans,
1007 1872 1067 1891 meo
1082 1862 1211 1890 beneficio
1227 1863 1338 1898 patriam
1354 1871 1383 1888 se
1398 1863 1521 1888 visurum
1534 1870 1592 1888 esse
1603 1861 1681 1888 dixit.

886 1900 937 1927 Sed
957 1901 1024 1936 quid
1044 1900 1168 1937 singulos
1190 1898 1387 1927 commemoro?
1407 1899 1626 1934 frequentissimo
1641 1907 1684 1925 se-

886 1939 960 1964 natui
974 1939 1014 1965 sic
1029 1938 1142 1974 placuit,
1155 1942 1185 1965 ut
1199 1942 1272 1964 esset
1282 1946 1368 1969 nemo,
1384 1937 1431 1971 qui
1444 1937 1509 1963 mihi
1523 1945 1583 1967 non,
1596 1941 1626 1963 ut
1637 1945 1684 1970 pa—

886 1976 967 2007 renti,
984 1977 1083 2012 gratias
1098 1979 1200 2011 ageret:
1222 1975 1270 2010 qui
1282 1983 1333 2001 non
1344 1974 1411 2001 mihi
1423 1975 1504 2000 vitam
1516 1982 1602 2006 suam,
1617 1973 1683 2000 libe-

885 2021 937 2045 τος,
951 2013 1079 2044 fortunas,
1093 2012 1287 2048 rempublicam
1299 2011 1407 2039 referret
1417 2016 1561 2046 acceptam.

939 2051 983 2078 vl.
1007 2053 1047 2077 ⁴3.
1063 2050 1115 2077 Sed
1131 2050 1258 2085 quoniam
1274 2049 1343 2081 inis,
1359 2057 1428 2084 quos
1445 2049 1595 2079 nominavi,
1612 2053 1683 2075 tutet

886 2086 985 2115 talibus
996 2088 1062 2115 viris
1073 2087 1226 2122 respublica
1237 2087 1327 2114 orbata
1338 2092 1392 2113 est:
1409 2087 1548 2113 veniamus
1555 2085 1587 2112 ad
1595 2087 1680 2116 vivos,

884 2126 931 2159 qui
943 2125 998 2152 duo
1007 2134 1021 2152 e
1032 2125 1212 2152 consularium
1226 2133 1336 2151 numero
1347 2123 1442 2159 reliqui
1454 2129 1526 2150 sunt.
1553 2124 1582 2150 L.
1599 2123 1681 2154 Cotta,

884 2163 927 2189 vir
945 2171 1053 2189 summo
1073 2163 1181 2198 ingenio
1200 2169 1360 2196 summaque
1381 2161 1535 2196 prudentia,
1553 2161 1633 2187 rebus
1650 2161 1683 2186 iis

884 2201 982 2234 gestis,
998 2208 1067 2235 quas
1083 2204 1111 2226 tu
1127 2198 1314 2234 reprehendis,
1331 2198 1555 2233 supplicationem
1566 2197 1683 2224 decrevit

887 2237 976 2264 verbis
991 2236 1182 2271 amplissimis:
1206 2236 1285 2271 eique
1301 2235 1339 2262 illi
1352 2236 1413 2270 ipsi.
1427 2244 1494 2270 qum
1506 2235 1585 2261 modo
1596 2235 1682 2261 nomi·

886 2274 961 2305 navi,
983 2274 1138 2300 consulares
1162 2278 1326 2307 senatusque
1346 2277 1458 2299 cunctus
1479 2281 1607 2298 assensus
1627 2277 1679 2298 est:

885 2312 932 2346 qui
950 2311 1034 2338 honos
1049 2315 1110 2346 post
1125 2310 1259 2337 conditam
1276 2310 1344 2336 hano
1360 2310 1454 2336 urbem
1470 2309 1577 2336 habitus
1592 2314 1633 2335 est
1644 2314 1683 2335 to-

885 2353 946 2384 gato
960 2353 1020 2375 ante
1036 2356 1079 2374 me
1090 2347 1200 2375 nemini.
1234 2348 1272 2373 Ν.
1287 2347 1316 2373 L.
1329 2346 1433 2377 Caesar,
1446 2346 1596 2372 avunculus
1608 2351 1680 2377 tuus,

885 2394 938 2420 qua
949 2385 1075 2416 oratione.
1088 2393 1142 2420 qua
1151 2385 1308 2415 constantia,
1319 2392 1372 2418 qua
1383 2385 1512 2419 gravitate
1522 2383 1681 2409 sententiam

885 2424 954 2449 dixit
971 2423 999 2449 in
1014 2422 1112 2449 somris
1126 2430 1191 2448 suae
1201 2421 1303 2451 virum,
1316 2421 1440 2447 vitricum
1452 2421 1544 2447 tumul
1567 2420 1643 2447 Hunc
1653 2425 1682 2447 tu

885 2468 971 2495 quum
985 2464 1120 2486 auctorem
1132 2464 1157 2485 ot
1168 2463 1363 2493 praeceptorem
1375 2458 1496 2485 omnium
1507 2457 1681 2484 consiliorum

886 2498 1023 2532 totiusque
1041 2497 1110 2523 vitae
1124 2496 1266 2523 debuisses
1282 2496 1392 2526 habere,
1411 2495 1496 2522 vitrici
1513 2499 1538 2521 te
1552 2494 1679 2526 similem,

885 2543 966 2570 qnam
978 2534 1105 2561 avunculi
1116 2542 1176 2560 esse
1185 2533 1314 2560 maluisti.
1346 2533 1432 2559 Huius
1443 2541 1492 2567 ego
1503 2531 1607 2559 alienus
1618 2541 1681 2559 con—

885 2572 954 2598 siliis
969 2571 1063 2598 consul
1078 2579 1146 2598 usus
1160 2579 1236 2598 suni.-
1259 2575 1301 2601 tu,
1317 2570 1416 2597 sororis
1431 2570 1518 2600 filius,
1534 2569 1632 2605 ecquid
1648 2569 1681 2596 ad

885 2618 947 2635 eum
976 2617 1104 2644 umquam
1128 2608 1161 2635 da
1186 2607 1323 2643 republica
1347 2607 1480 2634 retulisti?
1499 2607 1532 2634 At
1555 2607 1587 2634 ad
1612 2615 1680 2642 quos

885 2646 983 2673 refert?
1000 2646 1041 2673 Dii
1052 2645 1229 2673 immortales!
1251 2644 1284 2671 ad
1299 2654 1344 2672 eos
1358 2645 1590 2680 scilicet,quorum
1603 2645 1680 2671 nobis

885 2684 964 2713 etiam
980 2683 1038 2712 dies
1054 2683 1156 2711 natales
1170 2682 1297 2710 audiendi
1313 2687 1386 2710 sunt.
1419 2684 1459 2710 «5.
1476 2681 1558 2710 nodie
1569 2691 1620 2709 non
1633 2681 1679 2707 dc·
