1941 3052
217 121 265 147 {itu
782 119 837 144 ⁴03.
873 118 907 143 M.
942 117 970 142 T.
1006 117 1280 143 nititittoxts

217 192 298 217 Nonis·
312 191 405 217 tuliis?
425 190 464 215 bii
479 188 586 214 bem-ule
599 188 670 214 istis!
688 187 738 213 Sed
751 187 911 213 stoniacliari
924 191 1007 213 tutum
1036 213 1037 219 ἵ

215 229 287 254 ‹lic-ui
302 227 370 253 livet.
412 226 600 260 Quidquanine
616 225 731 259 turpius,
744 233 825 259 quami
839 225 917 250 lii-uto
943 223 1008 250 luli-

217 266 257 291 is‘?
287 265 374 290 tta-:too
394 263 426 288 ad
449 272 537 288 nii-um
560 262 654 295 igitur.
673 262 704 287 i'r'
726 265 819 296 ‘'nisu-iv:
849 261 921 287 Nihil
940 261 1006 287 vidi.

217 305 239 328 2.
254 302 305 327 sou
318 300 383 336 quid
396 305 443 329 cst,
460 308 569 333 ‹pun-so,
583 298 654 333 (pind
666 299 800 333 agripetas
813 298 931 324 Buthroti
943 307 1007 324 con-

215 340 284 365 cisos
309 338 406 363 audin?
434 336 504 368 Quid
526 341 615 362 autem
638 335 750 361 l'lancus
773 341 824 361 tam
845 336 946 361 cursim
962 336 1006 368 lita
1028 330 1029 338 ¹

215 377 285 402 enim
300 373 482 408 inamlicbam)
493 373 565 399 diem
580 378 605 399 et
617 372 738 399 noctem?
770 373 1004 407 sanecupioscire.
1028 378 1029 388 ¹

214 412 279 447 quid
307 413 350 437 sit.
391 413 416 436 3.
443 411 528 436 Meam
551 409 741 445 profi-ctionem
765 410 867 436 laudari
891 409 1005 445 gaudeo.
1028 425 1029 443 χ

215 451 353 485 Dymaeus,
367 457 430 481 agro
441 447 548 483 pulsos,
563 456 633 474 marc
646 447 772 473 infestum
785 447 892 477 babere,
907 447 942 473 nil
957 447 1007 473 mi·
1027 466 1029 493 1

215 495 284 512 rum.
326 486 462 511 Nimirum
481 484 629 511 videndum
646 490 699 515 cst,
714 485 856 511 utmansio
871 484 1004 510 laudetur.
1027 505 1029 518 Α

213 525 252 550 'liv
264 523 392 557 ὁμοτιλιιίᾳ
400 522 472 548 Bruti
481 522 586 548 videtur
596 521 699 556 aliquid
711 521 838 556 praesidii
851 530 919 548 esse.
942 521 1004 551 Sed,
1027 524 1035 554 l,

213 561 316 595 opinor,
331 560 432 586 minuta
446 560 563 594 navigia.
585 559 636 584 Sed
650 560 701 585 iam
714 560 807 589 sciam,
820 564 845 585 et
857 559 888 584 ad
902 563 925 584 te
936 567 1004 584 cras.
1027 547 1035 594 ll

218 599 237 624 i.
251 598 286 623 De
304 597 436 627 Ventidio.
451 597 559 623 πιιιίκόν
571 601 644 630 puto.
667 597 701 622 De
714 597 802 626 Sexto,
818 605 865 630 pro
876 601 947 622 certo
959 596 1007 621 lia-
1027 599 1035 635 Ll

215 635 339 664 twbatur,
355 634 424 659 baud
437 642 520 659 arma.
560 633 635 665 Quod
648 634 670 659 si
685 642 776 659 verum
789 638 842 660 cst:
866 634 924 659 sine
937 633 1006 659 bello
1026 644 1028 664 !

213 672 288 698 civili
307 671 385 697 video
403 670 588 697 serviendum.
629 670 698 702 Quid
715 670 796 705 ergo‘?
821 670 878 696 Kal.
902 671 955 696 lan.
979 671 1004 696 in
1026 666 1035 696 ll

214 710 297 735 l'ansa
309 708 390 743 spes‘?
407 711 490 743 ..Ιῆρως
502 708 590 738 πολύς,
604 708 630 733 ἰη
642 709 704 734 vino
715 712 739 734 et
748 709 874 734 insomno
883 709 1004 734 istorum.
1026 689 1035 730 ll

213 748 237 772 53.
256 747 290 772 Dc
307 754 408 776 ‹tcx—,
426 746 526 779 optime
543 745 679 771 Ciceronis
695 745 809 771 rationes
825 745 1003 779 explicentur.
1034 755 1035 767 π

212 784 377 810 Oviusenim
386 791 529 809 τεῦθος-ς
543 782 862 817 ἱεη]ιιΙῑτι,(ΙιιειονοῙΙ(-η”ι;
882 783 907 808 in
924 782 1005 808 bisne
1026 790 1035 813 μ

213 821 262 847 boc
274 820 384 856 quidem
392 819 492 846 malum
502 819 841 848 inmandatissatabunde.
856 820 891 845 11-
901 820 918 844 S
930 827 1004 844 anu
1027 803 1035 844 l

212 859 278 885 satis
289 866 361 889 esse,
379 857 477 883 affatim
492 866 614 891 prorsus,
637 856 684 882 sed
697 857 834 883 Xenonem
847 857 1003 892 perexigue.

213 900 239 922 ct
259 896 389 931 γλίσχρως
409 894 549 929 praebere,
569 894 595 920 id
611 899 651 920 est
666 895 830 920 minutatim.
861 895 920 926 Quo
945 893 1006 928 plus
1027 901 1035 927 t]

213 932 384 967 permutasti.
401 940 482 967 quam
501 931 533 958 ad
550 931 666 958 fructum
682 931 846 962 insularum,
865 931 890 957 id
904 931 948 957 ille
959 940 1006 956 an—
1034 929 1036 967 l

213 979 264 996 nus
278 970 380 999 babeat,
396 969 422 995 in
436 978 517 1003 quem
530 969 634 995 itineris
645 973 770 1003 sumptus
782 969 904 994 accessit.
940 969 1006 994 lline
1034 970 1036 995 l

213 1016 244 1033 ex
263 1007 321 1033 Kal,
338 1006 423 1041 April.
442 1005 474 1032 ad
491 1006 554 1032 ll-S
569 1014 646 1031 Lxxx
663 1005 887 1032 accommodetur.
929 1006 1006 1031 Nunc

212 1045 284 1071 enim
307 1043 410 1070 insulae
426 1048 539 1069 tantum.
581 1043 734 1069 Videndum
756 1044 827 1069 enim
849 1048 901 1073 est,
927 1042 1003 1077 quid,

212 1090 298 1116 quum
313 1081 412 1107 Romae
428 1081 487 1107 erit.
528 1081 585 1106 Non
597 1081 669 1106 enim
682 1085 745 1115 puto
757 1089 863 1106 socrum
878 1079 951 1106 illam
969 1079 1007 1105 fe-

213 1118 333 1145 rendam.
374 1117 488 1144 Pindaro
511 1117 544 1143 de
559 1117 678 1144 Cumano
695 1126 830 1153 negaram.
871 1119 896 1143 6.
918 1118 1004 1147 Nunc,

213 1156 292 1182 cuius
310 1156 347 1182 rei
366 1163 460 1181 caussa
482 1154 651 1181 tabellarium
674 1155 808 1185 miserim,
831 1155 933 1189 accipe.
973 1154 1004 1186 Q.

214 1193 286 1220 lilius
302 1193 370 1218 mibi
381 1191 522 1227 pollicetur
533 1200 561 1218 se
574 1192 709 1218 Catonem.
749 1192 812 1227 Egit
823 1196 911 1218 autem
923 1195 1007 1226 etpa-

214 1236 265 1261 ter,
283 1235 309 1256 et
320 1230 406 1260 lilius,
419 1234 448 1255 ut
460 1229 508 1255 tibi
521 1229 695 1263 sponderem:
721 1229 769 1255 sed
782 1230 826 1259 ita,
840 1234 870 1255 ut
881 1233 938 1255 tum
949 1236 1008 1254 cre-

212 1267 298 1297 deres,
313 1275 397 1302 quum
410 1267 468 1300 ipse
479 1274 632 1301 cognosses.
674 1267 741 1293 iluic
752 1274 801 1301 ego
814 1266 1007 1301 litterasipsius

213 1305 342 1331 arbitratu
362 1303 441 1330 dab0.
482 1304 534 1329 Eae
555 1308 580 1330 te
601 1313 633 1329 ne
654 1304 796 1330 moverint.
837 1304 889 1329 Has
910 1303 1007 1338 scripsi

214 1343 240 1368 in
257 1350 315 1368 eam
332 1346 448 1376 partem,
466 1349 498 1367 ne
513 1349 556 1367 me
571 1346 672 1367 motum
689 1346 807 1376 putares.
847 1341 889 1367 Dii
911 1340 1005 1371 faxint,

214 1384 242 1405 ut
263 1378 342 1405 saciat
362 1387 406 1407 ea,
423 1386 492 1413 quae
508 1379 651 1413 promittit!
685 1379 834 1405 Commune
849 1379 922 1404 enim
940 1386 1008 1413 gau-

213 1416 299 1442 dium.
341 1415 393 1442 Sed
408 1423 457 1451 ego
475 1415 520 1428 **'
539 1415 607 1442 nihil
619 1415 679 1442 dico
689 1415 817 1450 amplius,
858 1416 883 1442 Is
895 1416 959 1442 hinc
969 1423 1006 1442 Vl.

214 1453 286 1480 idus.
318 1452 361 1479 Ait
373 1453 460 1483 enim,
474 1453 675 1479 attributionem
691 1454 718 1479 in
730 1453 803 1484 Idus,
817 1461 845 1479 se
856 1458 947 1480 autem
962 1461 1008 1479 ur-

211 1492 269 1527 geri
285 1491 390 1517 aeriter.
431 1490 470 1516 Tu
486 1498 520 1516 ex
534 1491 602 1516 meis
619 1490 724 1521 litteris,
741 1499 795 1525 quo
806 1490 886 1517 modo
897 1498 1009 1525 respon-

212 1529 289 1559 deas,
308 1527 491 1554 moderabere.
531 1527 625 1559 Plura,
643 1536 729 1563 quum
744 1532 770 1554 et
780 1528 892 1554 Brutum
904 1528 1006 1559 videro,

213 1570 237 1591 et
250 1566 355 1592 Erotem
367 1565 511 1591 remittam.
552 1564 654 1591 Atticae
665 1573 739 1591 meae
751 1565 954 1592 excusationem
965 1573 1010 1591 ac-

213 1603 293 1638 cipio,
307 1610 421 1638 eamque
433 1610 492 1629 amo
503 1601 667 1637 plurimum,
695 1603 739 1629 cui
751 1607 776 1629 et
786 1601 870 1629 Piliae
881 1602 1007 1629 salutem.

266 1675 294 1696 ΙΙ.
318 1678 347 1700 (lu
357 1677 468 1698 Puteolano,
478 1677 570 1698 Antonin,
580 1677 680 1695 Dolabella
691 1684 737 1696 coss.
749 1678 803 1699 710.)

399 1715 568 1742 CICERO
599 1715 768 1742 ATTICO
797 1715 824 1742 S.

272 1754 294 1778 t.
317 1747 402 1779 Sexto
418 1752 480 1779 [dus
491 1752 559 1779 duas
571 1752 698 1787 epistolas
710 1753 815 1788 accepi,
831 1761 913 1779 unam
925 1761 939 1779 a
948 1759 1009 1778 meo

213 1788 365 1820 tabellario,
383 1789 492 1816 alteram
509 1798 523 1816 a
533 1790 618 1816 Bruti.
659 1790 695 1816 De
704 1790 851 1816 Buthrotiis
864 1789 942 1825 longe
956 1788 1008 1815 alia

215 1826 284 1852 fama
300 1827 327 1852 in
339 1826 382 1853 his
395 1826 460 1853 locis
472 1826 571 1853 fuerat:
597 1827 645 1853 sed
656 1835 719 1853 cum
731 1826 792 1853 aliis
803 1827 897 1853 multis
909 1827 958 1853 hoe
969 1826 1009 1852 fe-

214 1863 338 1889 rendum.
379 1864 484 1890 Erotem
500 1864 593 1890 remisi
604 1865 698 1895 citius,
711 1872 793 1899 quam
804 1865 1005 1894 constitueram,

214 1905 243 1927 ut
254 1905 337 1931 esset,
351 1902 398 1935 qui
410 1901 562 1928 Hortensio:
585 1906 611 1927 et
621 1901 684 1936 quia
697 1901 836 1936 equitibus
847 1901 959 1936 quidem
971 1901 1008 1926 ait

213 1945 242 1963 se
253 1937 347 1963 Idibus
358 1938 540 1964 constituisse.
580 1939 738 1964 Hortensius
750 1946 813 1964 vero
824 1938 1005 1973 impudenter.

213 1974 287 2000 Nihil
303 1975 376 2000 enim
392 1975 505 2001 debetur
519 1975 557 2005 ei,
576 1976 628 2001 nisi
645 1983 679 2002 ex
690 1976 765 2002 tertia
780 1977 924 2010 pensione,
937 1983 1006 2010 qnae

214 2016 254 2038 est
274 2011 333 2038 Kal.
349 2012 433 2042 Sext„
451 2020 485 2038 ex
500 2020 553 2047 qua
569 2013 698 2047 pensione
714 2013 773 2047 ipsa
789 2013 875 2039 maior
890 2021 951 2048 pars
967 2016 1007 2038 est

213 2050 238 2075 ei
255 2048 340 2075 solnta
358 2049 494 2084 aliquanto
511 2054 570 2075 ante
582 2049 664 2076 diem.
705 2049 759 2076 Sed
774 2050 839 2076 haec
850 2051 915 2076 Eros
930 2049 1008 2076 vide-

214 2086 254 2113 bit
268 2085 372 2112 Idibus.
412 2087 448 2112 De
461 2086 687 2118 Publilioautem,
701 2087 773 2121 quod
784 2087 917 2122 perscribi
929 2096 1009 2122 opor-
1028 2102 1030 2117 3

214 2128 263 2154 tet,
277 2132 378 2149 moram
391 2132 442 2150 non
454 2128 519 2158 puto
530 2132 589 2150 esse
601 2123 762 2151 faciendam.
803 2124 856 2150 Sed
868 2133 953 2159 quum
966 2124 1009 2150 vi-
1028 2126 1029 2129 ’

215 2161 291 2192 deas,
310 2166 441 2195 quantum
457 2160 489 2186 de
506 2161 564 2187 iure
580 2166 668 2187 nostro
685 2161 895 2193 decesserimus,
915 2162 963 2196 qui
975 2161 1007 2187 de

215 2197 332 2224 residuis
348 2207 410 2225 cccc
425 2198 489 2224 11-S
505 2207 534 2223 cc
551 2199 700 2232 praesentia
719 2198 890 2230 solverimus,
904 2198 1008 2233 reliqua

215 2235 409 2261 rescribamus:
429 2235 502 2270 loqui
514 2244 577 2261 cum
588 2244 628 2267 eo,
641 2237 666 2262 si
676 2236 880 2267 tibividebitur,
894 2236 1004 2271 poteris,
1029 2242 1031 2273 }

215 2281 277 2299 eum
297 2272 469 2299 commodum
485 2278 605 2299 nostrum
621 2277 777 2308 exspectare
792 2273 904 2304 debere,
922 2281 1008 2308 quum

216 2315 286 2336 tanta
297 2310 357 2336 sita
368 2310 446 2336 nobis
461 2311 561 2336 iactura
572 2309 640 2336 facta
652 2311 730 2337 iuris.
761 2312 786 2337 ⁶2.
799 2311 852 2337 Sed
863 2310 959 2337 amabo
970 2315 1004 2341 te,

216 2347 253 2373 mi
277 2347 376 2378 Attice,
398 2347 534 2382 (videsne,
551 2356 634 2382 quam
649 2346 775 2382 blande‘J)
799 2348 890 2374 omnia
907 2352 1006 2378 nostra,

215 2384 304 2418 quoad
319 2385 372 2410 eris
385 2385 490 2415 Romae,
504 2385 639 2420 itagerito,
653 2385 746 2420 rogito,
759 2385 917 2420 gubernato,
931 2385 1009 2411 utni-

216 2420 254 2446 hil
271 2430 284 2447 a
303 2430 345 2448 me
360 2427 509 2456 exspectes.
550 2421 720 2456 Quamquam
735 2423 808 2448 enim
823 2421 927 2457 reliqua
943 2422 1008 2447 satis

217 2463 276 2491 apta
287 2463 349 2484 sunt
361 2458 393 2484 ad
405 2459 579 2491 solvendumj.
594 2464 681 2485 tamen
693 2459 721 2485 fit
731 2467 820 2493 saepe,
829 2464 858 2485 nt
868 2458 1008 2493 ii,quide-

218 2494 292 2525 bent,
307 2504 357 2521 non
371 2496 548 2531 respondeant
559 2496 592 2522 ad
603 2501 720 2530 tempus.
756 2495 785 2522 Si
796 2496 863 2530 quid
874 2495 1008 2522 eiusmodi

218 2531 356 2561 acciderit,
374 2541 406 2559 ne
421 2533 488 2568 quid
500 2533 549 2560 tibi
560 2534 595 2559 sit
607 2533 675 2559 sama
687 2541 745 2559 mea
759 2533 859 2568 potius,
881 2534 939 2559 Non
951 2541 1009 2559 mo-

217 2567 252 2593 do
262 2576 385 2599 versura,
403 2579 498 2596 verum
509 2571 590 2596 etiam
601 2570 769 2600 venditione,
782 2571 806 2596 si
818 2571 853 2596 ita
864 2579 906 2596 res
920 2574 1006 2605 coget,

218 2612 266 2630 nos
286 2604 448 2632 vindicabis.
488 2609 513 2633 3.
528 2607 685 2646 Brutoqtuae
701 2606 803 2633 litterae
819 2612 908 2642 gratae
923 2611 1006 2634 erant.

218 2640 268 2667 Fui
283 2643 355 2668 enim
371 2643 442 2678 apud
459 2643 536 2670 illum
551 2642 650 2671 multas
665 2644 743 2671 horas
755 2644 782 2670 in
794 2644 905 2676 Neside,
922 2652 1009 2679 quum

1061 186 1150 220 paullo
1166 192 1225 212 anu·
1242 192 1300 212 tuan
1318 186 1417 212 litteras
1428 195 1602 222 accepti-sem.
1645 187 1771 214 Delectari
1784 188 1850 214 milu

1060 225 1142 249 'l'ereo
1168 223 1309 249 vide-batur
1333 229 1358 250 et
1383 224 1480 250 habere
1505 226 1631 251 maiorem
1654 226 1746 250 Acria».
1769 234 1850 260 quam

1060 261 1187 289 Antonio.
1204 261 1327 295 gratiam.
1369 261 1434 287 Mitti
1449 267 1537 287 autem
1548 271 1602 296 quo
1614 262 1719 287 laetiora
1732 268 1806 291 sunt.
1821 272 1852 288 eo

1060 297 1122 332 plus
1143 298 1273 323 stuniacbi
1289 303 1314 323 et
1330 298 1466 324 molestiae
1482 304 1535 329 est,
1554 298 1683 333 populum
1701 300 1849 325 ttnnmnun·

1061 344 1155 360 manus
1166 344 1230 360 suas
1242 344 1292 360 non
1307 336 1332 361 in
1344 334 1511 361 defendenda
1524 335 1671 370 republica.
1684 336 1730 362 sed
1740 336 1848 371 inplau—

1059 372 1148 398 dendo
1167 378 1335 398 consumere.
1377 372 1442 398 Mihi
1462 372 1573 407 quidem
1595 373 1720 399 videntur
1739 375 1849 399 i-umnn

1059 409 1142 435 animi
1161 409 1266 435 incendi
1283 410 1362 435 etiam
1379 409 1411 435 ud
1429 410 1679 444 repraesentandam
1693 411 1850 446 improbita-

1060 452 1111 472 tem
1124 455 1211 472 suam.
1253 446 1304 471 Sed
1319 451 1416 475 latuen.

1095 498 1131 503 —·
1141 486 1275 509 ‹lairnmmlo
1286 485 1369 509 dolen!
1380 486 1489 516 aliquid,
1500 485 1583 509 doleat
1595 485 1734 517 qualium.

1059 522 1083 546 4.
1096 521 1246 547 Consilium
1259 529 1348 546 meum
1360 521 1432 555 quod
1445 521 1484 547 ais
1495 520 1616 555 quotidie
1633 522 1720 554 magis
1737 521 1847 548 laudari.

1059 567 1109 584 non
1127 558 1236 584 moleste
1252 557 1319 584 fero:
1343 558 1601 593 exspectabamque.
1619 554 1720 593 siquid
1732 558 1765 584 de
1776 568 1807 584 eo
1818 558 1850 584 ad

1059 604 1100 621 nie
1116 595 1258 621 scriberes.
1300 595 1356 630 ligo
1371 596 1442 621 enim
1460 596 1486 621 in
1503 596 1589 621 varios
1601 604 1737 622 sermones
1749 595 1850 622 inride-

1058 633 1129 658 bam.
1170 633 1241 665 Quin
1256 633 1335 658 ctiam
1349 632 1448 658 ideirco
1460 632 1607 662 trabebant,
1622 638 1741 668 utquam
1753 632 1851 659 diutis—

1056 671 1125 696 sime
1148 670 1280 705 integrum
1302 675 1381 696 esset.
1422 669 1474 695 Sed
1494 670 1622 704 quoniam
1639 669 1744 696 furcilla
1760 675 1851 696 extru-

1057 707 1161 737 dimur,
1180 706 1355 733 Brundisium
1371 707 1469 741 cogite.
1510 707 1624 733 Facilior
1637 707 1709 733 enim
1721 706 1851 741 etc-xple-

1057 745 1137 770 ratior
1152 744 1280 770 devitatio
1296 744 1431 779 legionum
1449 743 1503 770 fore
1522 744 1641 774 videtur,
1659 753 1740 779 quam
1753 745 1851 779 pirata-

1058 791 1126 808 rum.
1142 782 1189 816 qui
1201 790 1329 816 apparere
1340 781 1478 808 dicuntur.
1513 781 1618 807 Sestius
1631 790 1664 807 Π.
1679 781 1742 807 idus
1753 790 1851 816 exspe-

1056 819 1186 849 ctabatur,
1199 819 1246 845 sed
1259 827 1310 845 non
1324 823 1440 849 venerat,
1456 818 1527 853 quod
1540 819 1634 845 sciam.
1669 819 1778 845 Cassius
1789 827 1851 844 cum

1034 865 1035 878 ἢ
1057 856 1200 882 classicula
1216 865 1264 882 sua
1281 861 1399 882 venerat.
1441 856 1510 889 Ego,
1527 865 1612 890 quum
1629 864 1691 882 eum
1709 856 1849 882 vidissem.

1059 902 1084 920 v.
1099 893 1158 930 [1‹1.j
1174 894 1199 919 in
1213 894 1404 928 Pompeianum
1417 893 1581 928 cogitabam,
1600 893 1662 919 inde
1673 893 1850 920 Aeculanum.

1059 932 1131 957 Nosti
1145 930 1258 965 reliqua.
1289 932 1314 956 ’5.
1327 931 1362 956 De
1375 931 1461 961 Tutia,
1476 931 1510 956 ita
1522 935 1654 965 putaram.
1681 931 1716 957 De
1726 930 1849 959 Aebutio,

1059 977 1110 995 non
1126 968 1219 994 eredo:
1253 976 1300 994 nec
1317 973 1404 994 tamen
1422 976 1486 993 curo
1498 967 1569 1002 plus,
1582 976 1664 1003 quam
1677 973 1714 994 tu.
1756 967 1852 994 Plan-00

1034 1008 1036 1015 ⁸
1058 1011 1083 1032 ct
1094 1006 1181 1040 Oppio
1192 1006 1289 1039 scripsi
1301 1005 1442 1040 equidem,
1457 1006 1585 1039 quoniam
1601 1014 1721 1040 rogaras:
1753 1004 1814 1034 sed,
1828 1006 1851 1031 si

1059 1043 1107 1069 tibi
1125 1042 1274 1073 videbitur,
1292 1051 1324 1068 ne
1341 1051 1449 1068 necesse
1463 1042 1589 1068 habueris
1601 1042 1722 1069 reddere.
1762 1042 1851 1074 Quum

1058 1081 1130 1106 enim
1147 1085 1190 1106 tua
1206 1088 1300 1105 caussa
1318 1079 1428 1105 fecerint
1442 1080 1546 1110 omnia,
1560 1088 1665 1109 vereor.
1680 1089 1712 1106 ne
1724 1088 1796 1105 meas
1809 1079 1852 1105 lit-

1059 1122 1127 1143 teras
1139 1125 1353 1151 supervacaneas
1365 1116 1537 1143 arbitrentur.
1577 1116 1665 1151 Oppio
1675 1116 1786 1151 quidem
1799 1117 1852 1143 uti—

1058 1163 1125 1189 que:
1152 1162 1233 1189 quem
1249 1154 1298 1180 tibi
1314 1154 1512 1180 amicissimum
1527 1155 1652 1189 cognovi.
1694 1154 1806 1183 Verum,
1824 1159 1853 1180 ut

1059 1191 1143 1218 voles.
1165 1193 1190 1217 6.
1203 1191 1256 1221 Tu,
1269 1192 1397 1225 quoniam
1409 1190 1507 1217 scribis
1520 1190 1700 1217 hiematurum
1713 1196 1737 1217 te
1749 1191 1776 1217 in
1787 1191 1852 1226 Epi-

1059 1238 1099 1259 ro,
1115 1228 1209 1255 feceris
1221 1228 1289 1254 mihi
1299 1233 1419 1263 gratum,
1432 1229 1456 1254 si
1467 1233 1526 1254 ante
1538 1236 1569 1254 eo
1580 1228 1696 1258 veneriS,
1709 1236 1791 1262 quam
1802 1228 1853 1254 mi-

1060 1266 1087 1292 hi
1105 1267 1131 1292 in
1148 1265 1251 1292 ltaliam
1268 1270 1291 1291 te
1307 1270 1414 1292 auctore
1430 1265 1594 1291 veniendum
1606 1270 1656 1291 est.
1697 1265 1809 1291 Litteras
1819 1265 1852 1291 ad

1060 1311 1101 1329 me
1118 1312 1200 1338 quam
1216 1303 1389 1337 saepissime3
1420 1302 1467 1329 sed
1485 1302 1518 1328 de
1534 1302 1616 1328 rebus
1628 1303 1718 1328 minus
1729 1311 1853 1328 necessa-

1060 1341 1121 1372 riis,
1139 1340 1258 1375 aliquem
1270 1345 1377 1371 nactus,
1395 1340 1438 1366 sin
1449 1345 1538 1366 autem
1553 1340 1603 1365 erit
1616 1339 1683 1374 quid
1696 1341 1792 1369 maius,
1805 1339 1854 1366 do·

1059 1387 1103 1404 mo
1114 1378 1221 1404 mittito.
1240 1377 1468 1413 ἼΙρακλείδειωιεί
1476 1377 1650 1403 Brundisium
1657 1376 1736 1407 salvi,
1745 1377 1852 1403 adorie-

1060 1425 1130 1442 mur.
1157 1416 1193 1441 De
1206 1415 1296 1441 Gloria
1309 1415 1370 1440 misi
1383 1415 1442 1441 tibi.
1469 1414 1610 1441 Custodies
1624 1414 1714 1449 igitur,
1728 1420 1757 1440 ut
1767 1413 1850 1440 soles:

1059 1453 1117 1488 (sed
1128 1457 1253 1479 notentur
1263 1451 1389 1487 eclogarii
1398 1452 1416 1487 2)
1435 1460 1504 1487 quos
1515 1451 1636 1481 Salvius.
1650 1451 1734 1477 bonos
1748 1451 1854 1478 audito-

1060 1499 1102 1517 res
1119 1495 1226 1520 nactus,
1244 1489 1271 1515 in
1283 1490 1409 1516 convivio
1419 1489 1559 1515 dumtaxat
1575 1488 1654 1524 legat.
1694 1489 1761 1515 Mihi
1776 1488 1854 1515 valde

1060 1527 1179 1563 placent:
1202 1526 1310 1553 mallem
1322 1527 1382 1553 tihi.
1422 1527 1510 1553 Etiam
1524 1531 1604 1561 atque
1617 1526 1697 1552 etiam
1709 1526 1778 1553 vale.

1112 1601 1153 1622 111.
1176 1603 1206 1624 (tn
1216 1602 1337 1623 runnu-3³00,
1347 1603 1436 1621 Auum...
1448 1601 1548 1619 unuin-na
1557 1608 1605 1619 en...
1616 1603 1669 1622 710..

1246 1638 1414 1666 CICERO
1443 1637 1612 1665 ATTICO
1641 1638 1669 1665 S.

1117 1679 1139 1704 1,
1162 1672 1210 1703 Tu
1223 1685 1285 1702 vero
1296 1677 1440 1710 sapienter.
1463 1676 1540 1702 Nunc
1550 1675 1660 1702 demum
1672 1675 1744 1701 enim
1757 1676 1854 1701 rescri-

1061 1715 1094 1741 bo
1110 1714 1153 1740 bis
1169 1714 1277 1743 litteris,
1295 1721 1363 1748 quas
1379 1713 1447 1739 milii
1462 1713 1575 1743 misisti,
1592 1717 1724 1738 convento
1739 1713 1853 1738 Antonio

1060 1751 1164 1777 Tiburi.
1191 1751 1332 1785 Sapienter
1343 1750 1434 1785 igitur,
1448 1749 1521 1784 quod
1533 1758 1629 1775 manus
1643 1749 1752 1779 dedisti,
1765 1749 1854 1784 quod-

1059 1797 1112 1823 que
1124 1789 1202 1815 etiam
1215 1787 1283 1814 ultro
1294 1788 1394 1823 gratias
1404 1787 1495 1822 egisti.
1521 1786 1596 1814 Certe
1608 1787 1690 1814 enim.
1704 1791 1732 1812 ut
1743 1786 1851 1817 scribis,

1059 1826 1215 1852 deseremur
1235 1825 1324 1860 potius
1344 1833 1359 1850 a
1375 1823 1527 1859 republica,
1544 1832 1626 1859 quam
1642 1833 1656 1850 a
1672 1832 1699 1850 re
1715 1823 1851 1850 familiari.

1059 1863 1136 1896 Quod
1148 1871 1210 1889 vero
1221 1862 1319 1888 scribis
1330 1866 1355 1888 te
1367 1861 1454 1897 magis
1464 1866 1490 1888 et
1500 1862 1587 1897 magis
1598 1860 1734 1891 delectari,

1116 1900 1137 1927 Ο
1150 1901 1211 1929 Tite,
1223 1902 1320 1933 siquid
1330 1908 1430 1932 eyo—:

1058 1945 1142 1973 auges
1153 1937 1221 1963 mihi
1232 1935 1369 1962 scribendi
1381 1935 1554 1962 alacritatem.
1594 1935 1671 1968 Quod
1681 1935 1788 1962 Erotem
1801 1943 1852 1962 non

1058 1976 1117 2001 sine
1130 1973 1292 2001 munusculo
1303 1978 1460 2008 exspectare
1471 1972 1554 1999 dicis:
1576 1972 1694 2008 gaudeo,
1712 1981 1764 1998 non
1776 1971 1854 1998 fefel-

1060 2012 1122 2038 lisse
1134 2020 1192 2038 eam
1205 2020 1260 2037 rem
1270 2011 1425 2046 opinionem
1438 2015 1524 2043 tuam3
1546 2010 1594 2036 sed
1605 2015 1693 2036 tamen
1708 2009 1779 2036 idem
1790 2008 1854 2036 σύν-

1059 2060 1146 2085 ταγμα
1167 2049 1230 2075 misi
1250 2048 1283 2074 ad
1299 2053 1324 2074 te
1339 2049 1520 2077 retractatius,
1538 2052 1563 2074 et
1577 2047 1690 2082 quidem
1706 2046 1853 2082 ἀρχέτυπον

1059 2087 1159 2121 ipsum,
1172 2086 1275 2112 crebris
1287 2085 1352 2112 locis
1364 2084 1529 2111 inculcatum
1541 2089 1566 2110 et
1577 2083 1716 2110 refectum.
1737 2084 1813 2110 Hunc
1823 2088 1852 2110 tu

1058 2123 1183 2150 tralatum
1204 2124 1232 2149 in
1253 2122 1442 2149 macrocollum
1462 2121 1520 2157 lege
1535 2130 1630 2148 arcano
1648 2121 1772 2148 convivis
1787 2121 1850 2151 tuis,

1059 2160 1120 2191 sed,
1143 2161 1167 2187 si
1183 2168 1225 2186 me
1241 2168 1328 2190 amas,
1346 2159 1442 2186 hilaris
1460 2164 1485 2185 et
1500 2159 1568 2185 bene
1579 2159 1710 2193 acceptis,
1726 2166 1759 2184 ne
1771 2158 1798 2184 in
1810 2166 1852 2184 me

1059 2197 1228 2224 stomachum
1239 2201 1390 2232 erumpant,
1403 2205 1489 2231 quum
1499 2197 1554 2222 sint
1567 2196 1617 2222 tibi
1627 2196 1696 2222 irati.
1722 2196 1747 2222 2.
1759 2195 1796 2220 De
1807 2194 1852 2221 Ci-

1059 2243 1164 2266 cerone,
1177 2234 1259 2261 velim
1272 2235 1307 2260 ita
1317 2235 1361 2265 sit,
1375 2238 1404 2260 ut
1415 2233 1553 2260 audimus.
1593 2233 1629 2259 De
1641 2233 1753 2259 Xenone
1763 2240 1851 2258 coram

1060 2280 1234 2308 cognoscam:
1253 2279 1418 2306 quamquam
1431 2270 1499 2297 nihil
1511 2271 1545 2297 ab
1555 2279 1586 2296 eo
1597 2269 1853 2303 arbitrornequein-

1059 2309 1204 2345 diligenter
1224 2317 1312 2343 neque
1332 2307 1509 2334 illiberaliter.
1549 2308 1586 2334 De
1605 2306 1721 2337 Herode,
1744 2305 1849 2337 faciam,

1059 2352 1090 2373 ut
1100 2346 1226 2373 mandas:
1249 2351 1275 2372 et
1285 2354 1324 2376 ea,
1337 2354 1407 2381 quae
1417 2345 1524 2375 scribis,
1538 2353 1572 2371 ex
1581 2343 1689 2370 Saufeio
1699 2348 1724 2369 et
1735 2351 1749 2369 e
1760 2343 1852 2370 Xeno—

1059 2392 1092 2410 ne
1110 2392 1280 2419 cognoscam.
1321 2385 1346 2409 3.
1363 2383 1399 2409 De
1410 2382 1442 2415 Q.
1456 2381 1511 2408 filio
1520 2381 1624 2417 gaudeo
1635 2380 1685 2407 tibi
1697 2388 1770 2406 meas
1781 2380 1853 2407 litte-

1060 2430 1102 2447 ras
1121 2422 1198 2456 prius
1218 2429 1233 2446 a
1253 2420 1392 2446 tabellario
1407 2428 1479 2450 meo,
1496 2427 1578 2454 quam
1593 2417 1626 2444 ab
1643 2418 1702 2452 ipso
1716 2417 1849 2444 redditas:

1059 2466 1224 2493 quamquam
1237 2462 1262 2484 te
1274 2457 1341 2483 nihil
1354 2456 1503 2483 fefellisset.
1529 2455 1719 2482 Verumtamen
1729 2470 1776 2481 -—.
1797 2454 1850 2481 Sed

1059 2501 1193 2530 exspecto,
1206 2494 1274 2530 quid
1286 2494 1331 2520 ille
1341 2499 1439 2524 tecum,
1451 2492 1696 2528 quidtuvicissim:
1715 2491 1852 2518 necduhi—

1060 2537 1098 2563 to,
1116 2533 1183 2567 quin
1197 2540 1247 2558 suo
1259 2540 1331 2558 more
1343 2536 1465 2565 uterque.
1505 2529 1559 2555 Sed
1570 2537 1614 2555 eas
1627 2528 1726 2555 litteras
1737 2529 1850 2555 Curium

1060 2569 1128 2596 mihi
1143 2577 1221 2604 spero
1236 2568 1418 2595 redditurum:
1443 2567 1491 2601 qui
1505 2565 1617 2600 quidem
1647 2566 1698 2592 etsi
1715 2574 1762 2600 per
1771 2575 1801 2592 se
1810 2571 1851 2592 est

1059 2606 1198 2636 amabilis,
1219 2614 1233 2632 a
1249 2614 1346 2640 meque
1361 2603 1496 2639 diligitur;
1521 2607 1608 2630 tamen
1621 2602 1724 2629 accedit
1735 2611 1850 2638 magnus

1059 2643 1186 2670 cumulus
1201 2641 1440 2670 commendationis
1451 2646 1521 2667 tuae.
1562 2641 1587 2666 4.
1600 2640 1707 2666 Litteris
1721 2640 1774 2667 tuis
1784 2640 1850 2666 satis

1927 437 1941 710 ,,“,ᾼ,.,..-ε.-.ι
1930 390 1933 398 -
