1941 3052
359 124 692 151 EPISTOLARUM
722 125 775 151 AD
804 124 1009 151 ATTICUM
1039 125 1119 152 LIB.
1142 126 1204 153 XV.
1226 126 1287 152 ΕΡ.
1314 128 1341 153 13
1361 141 1397 146 —
1418 128 1459 153 ΞΟ.
1680 130 1728 155 943

93 196 182 223 nescio
193 203 246 230 quo
258 193 337 220 modo
350 192 421 225 οἶκος
431 195 512 228 φίλος.
551 195 643 230 Itaque
655 203 697 221 me
708 195 828 221 referunt
837 203 885 229 pe·
905 194 913 233 η’

92 233 140 259 des
156 233 183 259 in
195 231 389 258 Tusculanum.
429 232 463 258 Et
476 236 563 258 tamen
582 232 648 258 haec
660 233 836 269 ῥωπογραφία
848 233 885 258 ri-

92 270 171 305 pulae
185 269 291 295 videtur
302 268 426 295 habitura
440 268 554 295 celerem
566 270 724 296 satietatem.
750 269 885 304 Equidem
912 284 914 295 l

92 308 171 333 etiam
183 305 290 340 pluvias
302 310 401 337 metuo,
415 306 439 332 si
450 307 620 341 prognostica
631 312 720 333 nostra
737 315 799 332 vera
811 311 883 333 sunt.
906 315 908 344 1

90 344 179 370 Ranae
187 343 258 369 enim
267 343 462 379 ῥητορεύουσιν.
485 344 535 375 Tu,
551 352 660 378 quaeso,
679 343 719 369 sac
731 345 823 375 sciam,
838 343 886 370 ubi
906 345 907 348 ’

91 381 203 408 Brutum
214 385 344 411 nostrum,
358 384 383 406 et
393 389 447 415 quo
458 380 502 407 die
513 380 603 407 videre
615 381 728 416 possim.

144 449 218 470 XWI.
247 452 277 475 (In
288 451 334 469 villa
345 451 369 468 ad
379 451 490 472 huminum,
499 451 590 472 Antonin,
602 452 701 469 Dolnhvlla
712 460 757 469 tusa.
770 454 824 474 710.)

275 493 443 521 CICERO
473 494 642 521 ATTICO
672 494 699 520 S.

151 527 260 559 t.Duas
277 531 405 566 epistolas
416 531 426 544 ‘¹
439 532 530 566 accepi
544 531 674 566 postridie
686 530 758 561 Idus,
775 529 885 556 alteram

92 577 123 595 eo
133 568 177 594 die
192 568 291 600 datam,
305 568 414 595 alteram
427 568 531 595 Idibus.
560 569 637 595 Prius
649 569 732 604 igitur
742 568 886 602 superiori.

92 606 129 632 De
148 606 228 632 Bruto
237 626 243 637 ,
265 615 351 641 quum
373 606 453 632 scies.
493 607 530 632 De
549 605 692 633 consulum
714 605 773 631 sicto
793 605 887 631 timore

92 651 280 678 cognoveram.
302 643 363 669 Sica
374 644 446 669 enim
458 643 638 679 φιλοστόργως
650 642 694 668 ille
706 642 826 677 quidem,
840 641 887 668 sed

92 680 287 707 tumultuosius
303 680 335 706 ad
352 689 394 706 me
407 681 487 706 etiam
506 680 581 706 illam
597 680 779 714 suspicionem
796 683 888 713 pertu-

93 717 133 744 lit.
173 716 245 749 Quid
261 722 288 743 tu
300 717 407 744 autem‘?
429 717 466 744 Τὰ
477 718 524 752 μὲν
534 717 672 752 διδόμενας
692 716 803 742 Nullum
815 716 887 742 enim

93 754 207 781 verbum
222 763 237 780 a
252 754 366 790 Siregio.
397 755 455 781 Non
470 754 568 789 placet.
609 755 646 780 De
656 753 786 780 Plaetorio
798 754 887 779 vicino

92 796 138 819 tuo
148 791 309 827 permoleste
320 791 383 823 tuli,
400 800 565 826 quemquam
576 792 653 826 prius
663 791 787 821 audisse,
805 799 887 825 quam

93 838 146 855 me.
186 829 222 855 De
241 829 309 864 Syro
323 828 480 864 prudenter.
520 829 551 855 L.
567 829 713 855 Antonium
729 836 776 862 per
785 828 820 854 M.
834 827 888 854 fra-

93 871 174 897 trem,
197 870 226 892 ut
236 867 362 897 arbitror,
380 865 508 892 facillime
519 865 676 892 deterrehis.
716 865 888 891 Antronive—

92 904 145 936 tui;
177 903 225 929 sed
240 903 360 930 nondum
379 911 519 938 acceperas
536 902 649 935 litteras3
682 911 731 929 nec
746 903 884 937 cuiquam,

92 941 146 966 nisi
161 940 191 966 L.
203 940 286 967 Fadio
300 940 390 967 aedili.
430 940 514 967 Aliter
524 941 597 966 enim
609 948 657 966 nec
668 944 753 970 caute,
768 948 816 966 nec
828 940 886 966 iure

93 977 150 1004 fieri
167 982 264 1012 potest.
303 977 380 1010 Quod
400 977 498 1004 scribis
513 978 563 1004 tibi
579 977 674 1004 deesse
690 977 752 1003 u-S
766 977 798 1008 C,
816 985 886 1011 quae

92 1015 214 1042 Ciceroni
229 1020 320 1042 curata
335 1016 401 1049 sint3
426 1015 507 1041 velim
519 1015 552 1041 ab
563 1016 641 1042 Erote
653 1023 775 1049 quaeras,
792 1014 887 1040 ubisit

92 1060 195 1078 merces
216 1052 377 1079 insularum.
417 1053 545 1079 Arabioni
561 1052 594 1079 de
609 1052 675 1078 Sitio
691 1052 759 1078 nihil
776 1052 884 1078 irascor.

92 1090 148 1125 Ego
163 1089 196 1116 de
212 1090 319 1119 itinere,
341 1090 394 1116 nisi
409 1090 542 1124 explicato
558 1091 579 1120 λ,
591 1089 659 1116 nihil
671 1090 768 1125 cogito.
809 1088 886 1121 Quod
908 1114 909 1120 ,

93 1127 164 1153 idem
176 1127 226 1153 tibi
237 1127 323 1153 videri
335 1132 410 1162 puto.
436 1129 462 1154 2.
475 1127 562 1154 Habes
573 1127 606 1153 ad
617 1128 798 1162 superiorem:
815 1135 887 1152 nunc

92 1164 156 1191 audi
170 1164 203 1190 ad
214 1164 334 1191 alteram.
375 1165 414 1191 Tu
427 1173 489 1191 vero
501 1164 575 1196 sacis,
589 1169 619 1191 ut
629 1165 728 1195 omnia,
741 1163 813 1199 quod
825 1163 888 1190 Ser-

94 1201 174 1228 viliae
192 1210 245 1228 non
260 1201 334 1233 dees,
354 1201 381 1228 id
398 1207 446 1233 est,
464 1202 555 1228 Bruto.
595 1202 631 1228 De
643 1202 735 1237 regina
747 1201 851 1237 gaudeo
863 1206 887 1228 te

93 1247 145 1265 non
157 1238 290 1271 laborare,
313 1244 383 1265 certe
398 1240 478 1265 etiam
490 1240 538 1266 tibi
551 1239 668 1274 probari.
709 1239 796 1265 Erotis
808 1239 888 1265 ratio-

93 1284 140 1302 nes
156 1281 182 1302 et
196 1285 231 1303 ex
241 1277 337 1303 Tirone
352 1278 480 1312 cognovi,
499 1281 524 1303 et
536 1277 629 1303 vocavi
641 1277 743 1311 ipsum.
784 1277 889 1303 Gratis-

92 1314 207 1344 simum,
229 1313 302 1349 quod
322 1313 472 1348 polliceris,
490 1315 612 1341 Ciceroni
630 1313 698 1340 nihil
714 1313 885 1340 defuturum:

93 1350 126 1377 de
146 1359 200 1386 quo
216 1351 352 1377 mirabilia
365 1351 501 1384 Messalla;
524 1352 572 1386 qui
588 1352 718 1382 Lanuvio,
737 1351 843 1377 rediens
855 1351 888 1377 ab

93 1388 161 1419 illis,
180 1389 254 1415 venit
267 1388 301 1415 ad
312 1397 368 1415 me:
398 1394 424 1415 et
435 1388 588 1415 mehercule
602 1389 688 1423 ipsius
700 1388 801 1415 litterae
813 1389 852 1414 sic
863 1394 889 1415 et

93 1425 274 1462 φιλοστόργως
287 1430 313 1452 et
328 1425 439 1457 εὐπινῶς
454 1427 578 1461 scriptae,
596 1431 625 1452 ut
635 1434 680 1452 eas
693 1426 734 1452 vel
747 1427 775 1452 in
786 1427 888 1452 acroasi

92 1462 206 1489 audeam
230 1462 331 1498 legere:
353 1472 408 1498 quo
427 1464 513 1499 magis
534 1463 574 1490 illi
596 1462 794 1498 indulgendum
812 1468 886 1498 puto.

92 1501 128 1526 De
147 1500 287 1527 Buciliano
302 1500 425 1527 Sextium
437 1506 502 1535 puto
516 1510 568 1527 non
580 1500 690 1527 moleste
702 1500 779 1528 serre,
820 1501 885 1536 Ego.

93 1538 115 1563 si
127 1537 189 1564 Tiro
200 1537 232 1564 ad
245 1546 296 1568 me.
309 1538 396 1573 cogito
407 1539 434 1564 in
446 1538 640 1564 Tusculanum.
670 1538 709 1565 Tu
721 1547 793 1570 vero,
807 1538 889 1574 quid-

93 1574 158 1609 quid
171 1576 229 1606 erit,
243 1574 317 1609 quod
328 1583 370 1601 me
382 1576 451 1602 scire
462 1584 510 1610 par
521 1576 564 1606 sit,
578 1575 678 1602 statim.

146 1647 230 1669 XVIII.
259 1650 290 1674 (11-
304 1649 370 1668 itincrc
384 1657 393 1668 ι
404 1650 449 1668 villa
461 1651 483 1667 nd
495 1651 555 1667 lacum
567 1650 676 1669 Lamnum,
688 1650 776 1669 ΛιιΙυιιίυ,
787 1651 887 1668 Dulnhrlln

93 1691 137 1702 mun.
149 1687 204 1706 710.)

151 1758 173 1784 1.
189 1751 420 1791 septimodecimo
427 1757 543 1784 Kal.ctsi
555 1759 620 1784 satis
628 1758 888 1793 videbarscripsissc

93 1793 125 1820 ad
141 1799 175 1825 te,
192 1794 260 1829 quid
274 1794 342 1821 mihi
354 1803 422 1830 opus
436 1799 515 1826 esset,
529 1795 631 1830 etquid
644 1800 668 1822 te
680 1795 766 1822 facere
778 1795 886 1827 vellem,

92 1832 114 1857 si
132 1831 182 1858 tibi
197 1832 368 1858 commodum
380 1837 463 1858 esset:
487 1837 584 1863 tamen.
602 1841 687 1867 quum
700 1833 834 1868 profectus
845 1842 889 1860 es-

92 1877 149 1895 sem
170 1873 195 1895 et
210 1869 237 1895 in
255 1869 313 1895 lacu
329 1870 499 1905 navigarem,
517 1870 642 1896 Tironem
653 1871 734 1897 statui
746 1871 778 1897 ad
792 1876 814 1897 te
829 1880 888 1897 esse

93 1905 268 1937 mittendum,
286 1910 315 1932 ut
329 1906 363 1932 iis
378 1907 506 1941 negotiis,
519 1915 588 1941 quae
599 1912 755 1942 agerentur,
774 1909 888 1934 interes—

92 1948 145 1974 set,
177 1947 256 1978 atque
272 1944 352 1969 etiam
368 1944 465 1978 scripsi
479 1943 512 1970 ad
525 1944 696 1975 Dolabellam,
711 1954 762 1974 me.
776 1946 798 1971 si
810 1946 834 1972 ei
846 1946 888 1972 vi-

92 1980 213 2011 deretur,
236 1979 305 2006 velle
320 1980 467 2015 proticisci,
485 1981 605 2015 petiique
617 1981 650 2007 ab
661 1990 692 2007 eo
702 1982 735 2007 de
748 1982 829 2008 rnulis
842 1992 888 2009 vc-

92 2021 182 2044 cturae
194 2017 308 2044 itineris.
334 2019 359 2044 ⁶2.
375 2018 408 2044 Et
418 2018 444 2044 in
456 2018 505 2048 eis,
519 2019 647 2052 quoniam
661 2019 782 2053 intelligo
794 2024 818 2045 te
829 2020 887 2046 dis-

93 2055 276 2081 tentissimum
291 2063 364 2085 esse,
381 2063 435 2089 qua
450 2055 483 2081 de
499 2055 659 2086 Buthrotiis,
678 2064 730 2090 qua
747 2057 779 2082 dc
796 2057 884 2088 Bruto,

92 2092 171 2119 cuius
186 2092 266 2118 etiam
283 2091 408 2118 ludorum
421 2100 542 2118 seorsum
553 2101 658 2123 curam,
677 2093 756 2119 etiam
769 2093 887 2120 admini-

92 2129 248 2156 strationem
265 2129 388 2163 suspicor
403 2138 437 2155 ex
453 2138 549 2164 magna
566 2134 639 2164 parto
656 2129 689 2156 ad
702 2135 725 2156 tc
737 2131 883 2165 pertinere:

92 2171 122 2193 ut
132 2175 195 2202 crgo
207 2167 233 2192 in
245 2166 379 2193 eiusmodi
391 2175 427 2197 re,
442 2166 545 2192 tribues
557 2167 635 2193 nobis
646 2167 883 2203 paullumopcrae:

92 2212 141 2230 nec
155 2205 228 2230 enim
245 2203 360 2230 multum
376 2212 445 2238 opus
457 2208 506 2230 cst.
547 2204 613 2230 Mihi
626 2213 667 2231 res
679 2204 711 2230 ad
723 2205 848 2236 caedem,
862 2211 887 2232 ct

92 2249 150 2268 eam
170 2241 281 2276 quidem
299 2241 490 2275 propinquam.
511 2245 631 2275 spectare
648 2241 763 2268 videtur.
805 2243 886 2269 Vides

92 2278 230 2312 homines;
255 2278 331 2304 vides
347 2287 429 2304 arma.
471 2279 582 2304 Prorsus
594 2287 645 2305 non
659 2279 726 2306 mihi
738 2279 832 2306 videor
843 2290 886 2305 es—

92 2323 120 2342 se
132 2320 216 2342 tutus.
256 2315 304 2342 Sin
321 2320 348 2342 tu
365 2315 441 2341 aliter
455 2316 554 2347 sentis,
572 2315 653 2342 velim
669 2316 702 2342 ad
714 2325 756 2343 me
771 2317 884 2344 scribas.

92 2353 168 2380 Domi
179 2354 251 2380 enim
265 2362 379 2383 manere,
393 2353 416 2379 si
429 2357 498 2379 recte
510 2361 630 2387 possum,
644 2352 728 2380 multo
740 2353 819 2380 mulo.

145 2422 211 2444 ΧΙΧ.
238 2424 267 2447 (ln
275 2424 390 2443 Tusculano,
401 2425 491 2442 Annum...
503 2424 601 2440 volun-<un
613 2431 660 2441 rm..
672 2426 726 2445 τω.)

274 2466 440 2494 CICERO
471 2466 638 2493 ATTICO
668 2466 696 2493 S.

150 2505 172 2529 1.
193 2497 334 2535 Quidnam
347 2509 395 2535 est,
409 2504 481 2539 quod
493 2503 647 2530 audendum
662 2503 779 2539 amplius
790 2504 822 2530 de
834 2505 886 2531 1111-
914 2536 915 2549 ¹

92 2539 216 2567 throtiis‘?
229 2540 340 2568 Stetissc
355 2542 427 2568 enim
440 2546 463 2568 tc
476 2541 572 2567 frustra
583 2541 691 2568 scribis.
713 2541 783 2574 Quid
796 2547 885 2568 nutem

91 2585 120 2604 se
136 2577 216 2604 refert
226 2577 342 2605 Brutus‘?
374 2578 453 2605 Doleo
469 2578 636 2608 mehercule,
655 2583 679 2604 te
696 2583 748 2605 tam
764 2588 822 2604 esse
837 2579 886 2605 dc-

93 2619 208 2641 tentum:
240 2615 312 2650 quod
333 2615 426 2642 decem
447 2615 604 2643 hominibus
624 2615 794 2642 referendum
810 2625 885 2642 accc·
913 2631 914 2647 1

93 2656 178 2686 ptum.
219 2651 265 2679 Est
280 2652 348 2679 illud
360 2653 471 2688 quidem
483 2652 602 2689 ἐργῶδες,
615 2652 662 2678 scd
673 2652 789 2683 ἀνεκιόν,
803 2653 884 2679 mihi-
905 2657 915 2678 11

936 204 988 230 que
999 196 1195 231 gratissimum.
1223 197 1259 223 De
1270 197 1362 228 armis,
1376 197 1445 223 nihil
1456 197 1514 224 vidi
1524 199 1652 232 apertius.
1675 199 1730 225 Fu-

936 234 1043 268 giamus
1056 234 1148 269 igitur.
1189 234 1230 264 At,
1243 238 1272 259 ut
1283 234 1331 264 ais,
1345 243 1444 261 coram.
1471 235 1647 270 Theophanes
1661 236 1729 271 quid

938 270 1011 300 velit,
1025 271 1124 296 nescio.
1164 270 1312 305 Scripserat
1322 272 1395 298 enim
1406 272 1439 298 ad
1451 281 1503 298 me.
1529 272 1579 299 Cui
1591 274 1728 308 rescripsi,

937 312 966 334 ut
980 309 1065 342 potui.
1106 308 1172 334 Mihi
1184 313 1273 334 autem
1284 309 1387 340 scribit,
1405 310 1496 335 venire
1508 309 1540 336 ad
1553 318 1595 336 me
1606 318 1634 336 se
1649 310 1727 341 velle,

937 350 967 371 ut
981 349 1007 370 et
1022 345 1055 371 de
1070 345 1128 371 suis
1144 345 1238 375 rebus,
1256 350 1281 371 et
1296 346 1441 380 quaedam,
1459 355 1528 381 quae
1546 347 1579 373 ad
1595 356 1637 373 me
1647 349 1731 382 perti-

907 404 908 408 ,
939 386 1042 408 nerent.
1082 382 1152 408 Tuas
1174 382 1274 408 litteras
1295 388 1431 417 exspecto.
1473 384 1539 410 Vide
1561 393 1674 419 quaeso,
1698 394 1730 411 ne

907 438 909 450 Α,
938 419 1005 453 quid
1020 424 1117 445 temere
1129 419 1183 445 fiat.
1222 421 1247 446 2.
1269 419 1370 446 Statius
1382 421 1490 455 scripsit
1501 421 1533 447 ad
1546 430 1597 452 me,
1611 421 1730 448 locutum

908 459 909 474 ³
938 465 1030 482 secum
1047 465 1105 482 esse
1119 456 1151 488 Q.
1167 456 1322 483 Ciceronem
1334 457 1411 483 valde
1422 463 1613 490 asseveranter,
1626 468 1654 485 se
1667 459 1731 485 haec

940 493 1007 519 serre
1023 502 1074 519 non
1089 502 1180 528 posse;
1203 499 1304 520 certum
1318 495 1371 520 sibi
1383 504 1450 525 esse,
1464 495 1497 521 ad
1508 496 1619 522 Brutum
1631 502 1655 522 et
1667 497 1732 523 Cas-

939 531 1011 556 sium
1032 531 1155 557 transire.
1194 531 1248 557 Hoc
1271 532 1408 558 enimvero
1432 541 1503 558 nunc
1523 533 1626 559 discere
1650 542 1728 560 aveo·

940 568 989 593 hoc
1005 576 1067 603 ego,
1090 567 1157 602 quid
1168 569 1215 598 sit,
1240 569 1407 603 interpretari
1420 578 1471 596 non
1483 579 1604 604 possum.
1646 571 1732 597 Potest

939 604 1043 639 aliquid
1060 606 1143 631 iratus
1160 606 1286 631 Antonio:
1309 611 1395 640 potest
1409 606 1521 642 gloriam
1537 617 1633 634 novam
1648 617 1732 642 quae-

939 651 1009 668 rere:
1042 647 1128 676 potest
1142 647 1226 668 totum
1244 651 1303 669 esse
1318 644 1478 678 σχεδίασμα;
1511 650 1535 671 et
1552 646 1680 671 nimirum
1696 647 1730 672 ita

939 684 988 705 est.
1029 679 1081 705 Sed
1103 684 1190 705 tamen
1205 685 1230 705 et
1245 688 1294 715 ego
1310 689 1411 711 vereor,
1429 686 1454 707 et
1468 687 1542 716 pater
1557 683 1732 709 conturbatus

939 721 988 742 est.
1028 716 1083 742 Scit
1102 717 1188 746 enim,
1212 725 1281 751 quae
1302 717 1347 743 ille
1361 717 1394 743 de
1411 718 1473 744 hoc:
1497 728 1603 745 mecum
1620 720 1731 754 quidem

939 753 1028 787 ἄφατα
1040 753 1115 779 olim.
1156 753 1245 784 Plane,
1257 754 1324 789 quid
1337 755 1410 785 velit,
1424 757 1523 782 nescio.
1565 757 1585 782 A
1597 757 1731 783 Dolabella

941 790 1064 816 mandata
1077 790 1194 821 habebo,
1211 800 1280 825 quae
1292 792 1360 817 mihi
1373 792 1545 824 videbuntur,
1562 793 1589 819 id
1601 799 1639 820 est
1652 794 1730 820 nihil.

940 828 984 853 Dic
997 827 1074 858 mihi⁷
1089 828 1119 854 C.
1140 828 1273 854 Antonius
1284 829 1404 855 voluitne
1417 829 1474 856 fleri
1486 830 1651 864 septemvir?
1671 832 1733 857 Fuit

939 869 1008 891 certe
1021 865 1131 899 dignus
1172 865 1208 890 De
1220 865 1377 892 Menedemo
1387 872 1440 897 est,
1453 872 1482 893 ut
1492 868 1599 894 scribis.
1641 868 1732 894 Facies

938 903 1027 929 onmia
1041 903 1107 928 mihi
1120 908 1189 928 uota.

991 971 1045 992 xx.
1069 974 1099 995 (In
1110 974 1226 993 Tusculano.
1237 973 1327 993 Antonio,
1338 974 1437 992 Dolabella
1449 981 1495 992 cnsn.
1506 975 1561 996 710.)

1126 1012 1293 1039 CICERO
1322 1013 1490 1039 ATTICO
1521 1014 1549 1041 S.

998 1052 1020 1076 1.
1043 1045 1097 1085 Egi
1109 1051 1208 1085 gratias
1219 1050 1352 1077 Vettieno:
1376 1051 1445 1076 nihil
1457 1052 1528 1077 enim
1540 1052 1626 1086 potuit
1638 1051 1734 1078 huma-

939 1087 1012 1113 nius.
1051 1086 1203 1113 Dolabellae
1220 1087 1343 1114 mandata
1362 1088 1416 1115 sint
1431 1089 1580 1123 quaelibet:
1605 1089 1734 1115 mihiali-

938 1124 1020 1160 quid,
1038 1124 1079 1151 vel
1092 1125 1164 1159 quod
1176 1125 1267 1151 Niciae
1279 1126 1411 1152 nuntiem.
1451 1126 1518 1158 Quis
1530 1127 1602 1153 enim
1613 1126 1687 1157 haec,
1706 1132 1735 1153 ut

939 1162 1046 1193 scribis,
1060 1161 1214 1189 λεπτύνειὛ
1224 1163 1301 1189 Nunc
1312 1162 1436 1189 dubitare
1442 1171 1607 1198 quemquam
1615 1163 1734 1198 pruden-

939 1204 1002 1230 tem,
1019 1199 1086 1234 quin
1098 1208 1174 1226 meus
1185 1199 1323 1226 discessus
1335 1200 1529 1235 desperationis
1540 1201 1583 1232 sit,
1598 1210 1648 1227 non
1662 1201 1735 1235 lega-

940 1236 1038 1263 tionis‘?
1067 1238 1092 1263 2.
1114 1236 1190 1269 Quod
1207 1238 1255 1268 ais,
1269 1242 1388 1264 extrema
1400 1238 1533 1272 quaedam
1545 1239 1599 1264 iam
1611 1235 1734 1265 homines

940 1274 973 1300 de
993 1274 1131 1308 republica
1149 1274 1231 1308 loqui,
1249 1279 1274 1301 et
1287 1284 1332 1300 eos
1342 1275 1454 1309 quidem
1466 1276 1538 1302 viros
1553 1276 1650 1302 bonos:
1673 1284 1732 1311 ego.

940 1320 993 1346 quo
1004 1311 1048 1337 die
1059 1311 1152 1338 audivi
1164 1312 1241 1338 illum
1254 1317 1397 1347 tyrannum
1409 1313 1569 1339 inconcione
1581 1322 1734 1339 camussi-

940 1359 998 1375 11υ1ι
1023 1358 1116 1375 vunnu
1141 1349 1285 1383 appellari,
1316 1349 1493 1376 subdistidere
1518 1351 1607 1385 coepi3
1643 1356 1733 1385 postea

941 1395 1003 1412 vero
1022 1395 1103 1421 quam
1120 1391 1207 1412 tecum
1221 1387 1335 1413 Lanuvii
1353 1386 1423 1417 vidi,
1441 1392 1544 1413 nostros
1561 1392 1662 1414 tantum
1675 1388 1732 1422 spei

941 1424 1040 1449 habere
1056 1423 1088 1449 ad
1102 1423 1266 1454 vivendum,
1284 1429 1416 1459 quantum
1428 1425 1595 1459 accepissent
1606 1425 1639 1451 ab
1650 1425 1732 1451 Anto-

941 1462 993 1491 nio,
1007 1460 1159 1495 desperavi.
1200 1462 1300 1496 ltaque,
1319 1463 1356 1487 mi
1368 1462 1462 1491 Attice,
1477 1462 1578 1488 sortiter
1590 1462 1639 1488 hoc
1652 1462 1731 1488 velim

939 1499 1069 1533 accipiaS,
1093 1503 1121 1524 ut
1136 1507 1185 1533 ego
1200 1499 1298 1525 scribo.
1340 1499 1432 1525 Genus
1449 1499 1515 1525 illud
1532 1500 1668 1528 interitus,
1686 1500 1733 1534 qui

940 1544 1050 1562 caussae
1070 1536 1183 1562 cursus*
1200 1541 1253 1566 cst,
1271 1536 1379 1562 foedum
1395 1536 1477 1562 duces
1494 1541 1518 1562 et
1535 1537 1613 1571 quasi
1628 1536 1733 1563 denun-

940 1574 1034 1599 tiatum
1051 1573 1128 1599 nohis
1145 1573 1178 1599 ab
1194 1574 1317 1600 Antonio.
1358 1574 1398 1600 Ex
1410 1574 1458 1599 hac
1471 1583 1538 1600 uaxa
1550 1575 1623 1600 exire
1634 1575 1734 1600 consti-

940 1611 989 1642 tui,
1003 1619 1054 1637 non
1066 1610 1098 1636 ad
1111 1610 1212 1646 fugam,
1224 1611 1272 1637 scd
1283 1611 1315 1637 ad
1328 1620 1403 1646 spem
1416 1612 1507 1637 mortis
1515 1611 1643 1638 melioris.
1666 1612 1733 1638 llaec

939 1649 1028 1674 omnis
1039 1648 1118 1683 culpa
1130 1649 1214 1674 Bruti.
1255 1651 1279 1674 3.
1298 1649 1453 1683 Pompeium
1466 1649 1583 1675 Carteiae
1596 1654 1733 1683 receptum

939 1685 1051 1712 scribis:
1088 1686 1139 1712 iam
1165 1686 1248 1720 igitur
1268 1691 1356 1712 contra
1379 1686 1449 1712 hun(-
1469 1687 1627 1713 exercitum.
1672 1686 1734 1713 Utra

940 1732 1003 1758 crgo
1018 1723 1121 1750 castra?
1143 1723 1228 1749 Media
1244 1724 1316 1749 enim
1334 1723 1402 1750 tollit
1418 1724 1559 1750 Antonius.
1600 1723 1645 1750 Illa
1659 1724 1734 1750 111111·-

941 1769 997 1791 ma,
1021 1760 1085 1786 haec
1107 1760 1217 1787 nefaria.
1265 1762 1439 1795 l‘ropcremus
1461 1761 1552 1795 igitur.
1597 1761 1648 1786 Sed
1672 1762 1732 1787 iuva

940 1806 982 1824 me
994 1798 1117 1829 consilio,
1135 1798 1323 1828 Brundisionc,
1342 1807 1374 1824 1111
1388 1798 1513 1824 Puteolis.
1555 1799 1651 1824 Brutus
1671 1799 1733 1833 qui—

940 1835 1001 1861 dem
1013 1835 1117 1862 subito:
1140 1835 1187 1861 sed
1198 1836 1343 1870 sapienter.
1365 1835 1468 1870 Ιιάσχω
1482 1847 1511 1862 rc.
1537 1835 1650 1868 Quando
1661 1837 1732 1862 cuitu

941 1872 1037 1899 illum‘?
1065 1873 1117 1899 Sed
1139 1873 1255 1899 humana
1276 1872 1394 1899 serenda.
1434 1873 1472 1898 Tu
1490 1874 1547 1907 ipse
1563 1882 1625 1898 eum
1643 1873 1733 1898 videre

940 1919 991 1936 non
1003 1915 1087 1944 potes.
1128 1911 1170 1936 Dii
1186 1910 1225 1936 illi
1239 1915 1350 1940 mortuo,
1363 1911 1411 1944 qui
1423 1919 1550 1945 umquam
1564 1910 1732 1936 Buthrotum.

938 1947 989 1973 Scd
1002 1953 1057 1974 acta
1071 1948 1164 1974 missa.
1206 1947 1361 1977 Videamus,
1374 1956 1443 1982 quae
1454 1947 1556 1983 agenda
1569 1949 1632 1973 sint.
1647 1949 1670 1973 4.
1685 1948 1734 1973 1111-

939 1985 1024 2011 tioncs
1040 1986 1141 2016 Erotis,
1164 1985 1213 2011 etsi
1232 1986 1320 2019 ipsum
1337 1985 1455 2011 nondum
1474 1985 1543 2015 vidi,
1563 1990 1648 2011 tannen
1666 1990 1689 2011 et
1701 1994 1733 2011 ex

940 2022 1035 2048 litteris
1046 2023 1119 2053 eius,
1137 2027 1206 2048 etex
1217 2031 1261 2053 co,
1279 2022 1351 2057 quod
1364 2023 1425 2048 Tiro
1436 2023 1574 2057 cognovit,
1593 2031 1733 2056 propemo-

939 2059 1003 2085 dum
1020 2060 1141 2095 cognitas
1157 2059 1252 2086 haheo.
1295 2060 1436 2085 Versuram
1452 2060 1550 2085 scribis
1564 2068 1622 2085 esse
1635 2059 1733 2085 sacien-

938 2097 1000 2122 dam
1021 2097 1156 2123 mensium
1179 2097 1314 2131 quinque;
1348 2096 1375 2122 id
1396 2102 1449 2125 cst,
1471 2096 1504 2122 ad
1525 2096 1582 2123 Kal.
1601 2097 1731 2123 Nou-inb.

939 2133 1001 2159 u-S
1012 2142 1053 2160 cv.
1094 2135 1121 2160 111
1137 2143 1195 2160 enni
1207 2134 1278 2159 diem
1291 2133 1385 2160 cudere
1397 2142 1532 2163 nummos,
1550 2135 1597 2169 qui
1609 2143 1623 2160 11
1635 2135 1733 2165 Quinto

938 2171 1080 2197 debentur.
1103 2171 1189 2197 Velim
1203 2171 1294 2205 igitur,
1309 2171 1436 2205 quonium
1449 2171 1510 2196 Tiro
1525 2176 1602 2206 negant
1615 2171 1662 2197 tihi
1676 2171 1732 2205 pln-

938 2216 997 2233 cerc
1007 2229 1012 2239 ,
1036 2217 1078 2233 me
1093 2208 1153 2234 eius
1170 2209 1206 2234 rei
1223 2216 1317 2234 &iussu
1331 2208 1440 2233 111111111111
1454 2208 1557 2240 venin=;
1581 2209 1603 2234 si
1615 2217 1644 2234 en
1657 2214 1679 2234 u·
1692 2217 1732 2233 res

939 2245 1006 2271 nihil
1023 2245 1146 2273 offendet,
1165 2244 1267 2274 videus,
1287 2244 1357 2270 unde
1373 2245 1478 2270 nummi
1493 2245 1559 2273 sinu
1584 2245 1650 2271 mihi
1665 2245 1732 2270 surus

938 2291 1099 2316 expensum.
1131 2283 1182 2307 lloc
1195 2282 1273 2308 video
1285 2282 1311 2308 iu
1324 2283 1473 2316 praesentia
1484 2291 1552 2316 opus
1564 2291 1633 2308 esse.
1661 2282 1731 2307 111·Ιί-

937 2329 990 2354 quu
1001 2319 1160 2352 diligentius
1171 2328 1204 2345 cx
1216 2319 1264 2344 11111·
1278 2320 1336 2352 ipso
1347 2320 1501 2353 exquiram:
1520 2320 1545 2345 in
1559 2319 1608 2346 his.
1618 2319 1650 2345 dc
1663 2328 1732 2345 iuer-

937 2356 1051 2382 cedibus
1065 2356 1195 2382 dotalium
1208 2356 1392 2390 pruediorum,
1415 2365 1484 2390 qune
1496 2358 1518 2381 si
1532 2356 1645 2382 tidelm-r
1656 2357 1731 2382 Cis-c-

939 2395 994 2419 roui
1015 2393 1194 2421 curabuntur.
1217 2402 1382 2428 quamquam
1405 2393 1463 2419 volo
1481 2393 1580 2423 laxius,
1604 2399 1690 2419 turm-u
1707 2394 1730 2419 ci

938 2431 1131 2465 propemodum
1145 2430 1212 2456 nihil
1224 2430 1317 2457 decrit.
1350 2430 1482 2464 Equidem
1496 2430 1574 2456 video
1586 2431 1652 2456 mihi
1663 2440 1731 2465 quo-

937 2477 989 2503 que
1000 2476 1068 2502 opus
1080 2477 1138 2494 esse
1151 2468 1289 2494 viaticum.
1318 2467 1370 2493 Sed
1381 2468 1404 2493 ci
1417 2476 1449 2493 ex
1462 2467 1588 2502 praediis,
1603 2473 1630 2494 ut
1644 2468 1728 2498 cadet.

938 2506 971 2531 itu
988 2504 1120 2531 solvetur:
1154 2505 1220 2531 mihi
1237 2510 1324 2531 nutem
1340 2514 1408 2539 opus
1419 2510 1458 2530 est
1471 2506 1598 2531 universo
1607 2505 1729 2540 quidem.

937 2543 992 2568 Etsi
1010 2542 1077 2568 mihi
1090 2542 1196 2568 videtur
1209 2543 1270 2570 iste.
1289 2543 1335 2576 qui
1348 2541 1457 2568 umbras
1470 2543 1543 2568 ‹inu-1
1553 2563 1558 2572 .
1577 2542 1609 2568 1111
1621 2542 1729 2569 cut-deul

936 2585 1068 2613 spectare;
1102 2584 1203 2609 tamen,
1223 2580 1274 2605 nisi
1291 2579 1422 2613 explicatu
1437 2579 1583 2609 solutione,
1602 2589 1652 2606 non
1668 2589 1728 2606 sum

936 2616 1117 2642 discessurus.
1158 2616 1233 2642 sitm·
1254 2622 1342 2642 nutem
1363 2617 1503 2646 oxu-icum.
1522 2625 1619 2648 necne,
1641 2623 1727 2643 terum

935 2662 1104 2689 cognoscum.
1150 2654 1222 2680 1111111·
1246 2655 1338 2688 putuvi
1361 2663 1418 2680 meu
1441 2663 1520 2680 111111111
1541 2654 1725 2681 scribondmn:
