1941 3052
223 126 282 150 1236

217 194 349 222 ‹lit-ulum.
364 199 407 219 aut
419 201 524 221 severe,
542 191 670 217 maledice
681 191 928 225 contumelioseque
943 190 1013 216 dici-

218 238 269 257 tur.
314 233 367 257 4:152.
391 231 524 256 llnlwntur
540 234 627 254 nutem
644 228 804 263 pli-rumque
820 237 956 254 sermones
968 233 1013 254 aut
1034 223 1035 247 Ῐ

218 269 250 294 de
263 269 416 294 domesticis
425 267 547 299 negotiis,
557 271 601 291 aut
612 266 644 290 tlt*
656 266 803 299 republica,
813 270 858 291 aut
869 265 902 290 dc
914 267 1011 291 artium
1034 264 1035 270 ¹

217 306 315 332 studiis
332 311 410 339 utque
425 304 553 329 ‹lot-trinu.
596 302 683 328 Danda
702 303 783 337 igitur
797 311 876 336 opera
897 307 949 331 est,
974 307 1010 331 ut.

218 344 296 368 etium
314 343 336 367 si
352 342 472 366 nlierrnre
489 340 520 365 nd
533 340 584 365 alin
596 341 726 374 coeperit,
743 339 775 365 ad
793 340 857 365 llaec
875 344 1013 365 revocetur
1034 334 1035 367 l

217 380 311 406 ornum
336 378 396 407 sed,
417 382 562 412 utcumque
579 377 705 403 adr-runt:
730 386 816 411 neque
831 378 903 402 enirn
919 386 1012 403 omnes

219 416 313 442 iisdem
327 415 358 440 dc
372 415 462 443 rebus,
478 424 524 440 ne(-
535 415 608 440 omni
621 419 752 449 tempore,
770 423 817 440 nec
829 414 954 440 similiter
965 414 1011 440 de-

218 454 354 479 let-tamur.
398 451 672 477 Animadvertendum
694 456 734 477 est
758 452 853 481 etiam,
879 456 1012 486 quatenus

217 499 303 515 sermo
319 489 521 515 ‹lelectationcm
540 488 648 514 hubent:
672 493 710 518 et,
733 493 761 514 ut
779 489 925 523 incipiendi
948 490 1013 515 ratio
1034 513 1035 516 ,

218 527 305 557 fuerit,
324 527 356 552 itu
369 526 403 552 sit
413 526 555 552 desinendi
569 525 674 551 modus.
716 525 861 552 xxxvm.
887 528 942 552 ⁴36.
959 526 1011 551 Sed

215 563 349 598 quomodo
363 564 388 589 in
400 564 472 589 omni
487 564 538 589 vita
552 564 700 588 ret-tissime
712 564 888 598 praecipitur,
913 568 941 589 ut
952 572 1013 598 per-
1034 551 1035 585 l

216 601 380 627 turbationes
393 599 537 635 fugiamus.
556 600 582 626 id
597 605 637 626 est
648 605 734 626 motus
746 601 828 626 animi
842 601 948 629 nimios,
971 609 1013 626 ra-

216 639 280 664 tioni
293 647 344 664 non
356 637 581 672 obtemperantes,
597 638 636 663 sic
650 637 783 663 eiusmodi
797 638 915 663 motibus
925 646 1012 664 sermo

215 676 294 701 debet
307 684 408 704 vacare,
423 684 454 701 ne
465 680 510 701 aut
522 676 558 701 ira
570 676 690 705 exsistat,
703 680 747 701 aut
762 675 898 710 cupiditas
909 675 1009 710 aliqua,
1034 683 1042 701 i,

215 718 259 738 aut
276 713 398 748 pigritia,
416 716 461 738 aut
478 713 599 747 ignavia,
623 717 667 738 aut
683 712 733 738 tale
750 712 853 747 aliquid
870 718 1009 747 appareat:
1033 713 1042 744 ll

215 751 387 784 maximeque
399 749 547 775 curandum
560 754 608 780 est,
623 754 651 776 ut
665 758 719 780 eos,
733 749 898 784 quibuscum
910 758 1012 776 sermo·
1033 751 1041 780 ξ’

215 795 275 813 nem
287 787 465 817 conferemuS,
475 791 500 813 et
511 787 596 813 vereri
608 791 634 813 et
643 786 756 822 diligere
765 787 914 813 videamur.
955 787 1011 813 Ob·
1032 765 1042 817 il

216 825 379 860 iurgationcs
391 825 470 850 etiam
484 832 687 859 nonnumquam
700 824 823 850 incidunt
835 826 1008 854 necessariae,

215 862 241 888 in
262 861 364 896 quibus
386 861 515 888 utendum
532 866 572 887 est
588 861 697 887 sortasse
712 867 737 888 et
753 863 826 888 vocis
843 863 1010 888 contentione

216 900 330 928 maiore,
348 903 373 925 et
389 898 532 925 verborum
547 899 678 934 gravitate
694 900 807 931 acriore,
832 899 858 925 id
875 899 1009 934 agendum

214 937 304 967 etiam,
319 941 347 962 ut
358 944 387 962 ea
401 935 486 962 facere
499 935 640 962 videamur
652 937 721 962 irati.
763 936 829 967 Sed,
846 942 875 963 ut
886 936 918 962 ad
931 945 1011 962 uren·
1033 958 1034 961 ,

213 973 278 1000 (him
291 978 316 1000 et
327 973 483 1004 secandum,
502 974 541 999 sic
552 978 577 999 et
589 973 620 999 ad
634 973 683 1000 hoc
693 982 779 1009 genus
791 974 940 1009 castigandi
954 983 1011 1000 raro

214 1011 348 1046 invitique
361 1011 513 1043 veniemus,
528 1019 576 1037 nec
589 1019 732 1046 umquam,
746 1012 798 1037 nisi
811 1012 975 1041 necessario,
988 1012 1010 1037 si
1032 1020 1033 1030 ¹

214 1048 288 1075 nulla
303 1049 451 1083 reperietur
466 1047 517 1074 alia
534 1048 682 1074 medicina:
704 1048 751 1074 sed
768 1053 856 1075 tamen
869 1049 906 1075 ira
918 1048 1010 1083 procul

213 1085 297 1116 absit,
315 1094 376 1111 cum
388 1094 441 1119 qua
454 1085 521 1111 nihil
535 1090 604 1112 recte
617 1086 686 1115 fieri,
706 1085 773 1112 nihil
785 1086 950 1112 considerate
963 1095 1012 1120 po-

215 1128 274 1149 test.
318 1123 374 1148 ⁴37.
390 1123 512 1158 Magnam
525 1128 614 1149 autem
626 1128 727 1157 partem
736 1123 746 1134 ⁸
758 1122 883 1150 clementi
895 1124 1012 1159 castiga—

214 1161 284 1186 tione
298 1159 358 1186 licet
369 1161 420 1190 uti,
436 1161 566 1195 gravitate
578 1165 665 1186 tamen
678 1160 816 1191 adiuncta,
832 1165 862 1186 ut
873 1165 898 1187 et
909 1161 1011 1186 severi-
1040 1171 1041 1192 i

214 1203 253 1223 tas
268 1197 429 1223 adhibeatur
441 1202 466 1223 et
477 1197 638 1224 contumelia
651 1197 804 1232 repellatur.
831 1198 918 1232 Atque
930 1198 1010 1224 etiam

213 1234 281 1260 illud
294 1235 394 1269 ipsum,
408 1234 479 1269 quod
492 1234 644 1261 acerbitatis
657 1234 737 1261 habet
747 1234 909 1270 obiurgatio,
923 1235 1011 1271 signi-

213 1271 347 1297 ficandum
364 1276 416 1302 est,
435 1272 522 1306 ipsius
535 1271 561 1298 id
572 1280 681 1303 caussa,
698 1273 746 1307 qui
757 1272 929 1307 obiurgetur,
951 1281 1010 1299 esse

212 1314 379 1343 susceptum.
419 1309 529 1335 Rectum
541 1314 580 1335 est
592 1314 690 1340 autem,
703 1310 783 1336 etiam
795 1310 822 1336 in
834 1309 889 1336 illis
901 1315 1011 1336 conten-

212 1346 340 1377 tionibuS,
354 1354 422 1381 quae
434 1354 495 1372 cum
509 1347 708 1373 inimicissimis
721 1346 796 1378 fiunt,
805 1348 884 1374 etiam
897 1348 919 1373 si
932 1347 1010 1374 nobis

213 1383 323 1419 indigna
335 1383 487 1414 audiamus,
501 1388 588 1410 tamen
600 1385 759 1420 gravitatem
771 1385 1011 1415 retinere,iracun—

211 1420 283 1447 diam
296 1420 434 1455 repellere.
465 1420 538 1453 Quae
550 1422 622 1447 enim
634 1430 696 1448 cum
708 1421 798 1456 aliqua
810 1422 1010 1457 perturbatione

212 1458 288 1489 liunt,
302 1466 349 1484 nec
360 1463 512 1484 constanter
524 1458 580 1485 fieri
591 1463 713 1493 possunt,
723 1467 771 1485 nec
783 1459 827 1490 iis,
840 1460 888 1494 qui
900 1460 1007 1491 adsunt,

211 1495 329 1529 probari.
370 1495 491 1521 Deforme
502 1501 542 1522 est
553 1496 643 1526 etiam,
656 1496 688 1522 de
700 1505 729 1522 se
740 1497 831 1531 ipsum
842 1497 1007 1532 praedicare,

212 1532 276 1558 salsa
290 1533 459 1567 praesertim,
482 1538 579 1560 etcum
593 1534 716 1560 irrisione
728 1534 896 1560 audientium
909 1535 1009 1561 imitari

211 1571 314 1596 mititem
327 1572 473 1603 gloriosum.
514 1570 643 1597 XXXIX.
658 1573 715 1597 ⁴38.
733 1572 766 1598 Et
776 1572 905 1606 quoniam
919 1573 1009 1598 omnia

211 1608 414 1642 persequimur,
433 1607 560 1634 volumus
575 1608 687 1643 quidem
702 1613 786 1639 certe,
807 1609 954 1636 dicendum
969 1614 1010 1636 est

210 1645 304 1675 etiam,
324 1644 432 1679 qualem
450 1645 568 1671 hominis
584 1646 705 1672 honorati
721 1650 747 1673 et
760 1647 893 1681 principis
909 1649 1010 1673 domum
1031 1667 1033 1680 ,

210 1681 313 1716 placeat
323 1690 396 1708 esse:
409 1683 488 1708 cuius
501 1682 562 1709 finis
573 1687 614 1709 est
625 1692 700 1714 usus,
718 1683 751 1710 ad
762 1692 844 1718 quem
858 1692 1010 1711 accommo—

209 1718 297 1745 danda
312 1724 353 1745 est
367 1719 528 1746 aedificandi
547 1719 693 1755 descriptio
709 1725 735 1747 et
750 1725 838 1747 tamen
854 1721 1009 1748 adhibenda
1038 1748 1040 1757 7

209 1756 408 1783 commoditatis
419 1757 614 1792 dignitatisque
628 1757 780 1794 diligentia.
821 1758 870 1785 Cn.
886 1758 1006 1790 Octavio,

209 1794 257 1828 qui
273 1795 378 1828 primus
394 1803 428 1821 ex
445 1794 491 1821 illa
508 1794 610 1821 familia
625 1794 719 1822 consul
736 1795 822 1822 factus
840 1801 893 1827 est,
914 1796 1009 1823 honori

210 1830 294 1857 tuisse
305 1832 469 1866 accepimus,
482 1831 555 1867 quod
566 1832 731 1867 praeclaram
741 1832 910 1860 aedificasset
920 1833 948 1859 in
960 1834 1009 1859 Pa-

210 1867 272 1894 latio
283 1873 309 1895 et
319 1868 425 1903 plenam
437 1869 576 1905 dignitatis
591 1869 716 1896 domum:
738 1878 808 1904 quae
823 1879 909 1905 quum
925 1870 1008 1906 vulgo

210 1905 351 1936 viseretur,
365 1906 509 1942 suffragata
520 1906 639 1938 domino,
653 1915 722 1933 novo
734 1907 851 1938 homini,
865 1907 898 1933 ad
909 1916 1009 1934 consu·
1030 1908 1032 1934 ἶ

211 1942 292 1969 latum
308 1943 466 1976 putabatur:
490 1943 558 1970 hanc
576 1943 694 1970 Scaurus
714 1943 859 1971 demolitus
875 1946 1008 1971 accessio-

208 1988 270 2006 nem
286 1980 411 2006 adiunxit
425 1980 549 2007 aedibus.
590 1981 682 2015 ltaque
698 1980 744 2007 ille
759 1982 787 2007 in
803 1990 881 2008 suam
896 1981 1007 2009 domum

208 2016 377 2043 consulatum
389 2018 493 2051 primus
504 2017 604 2049 attulit,
629 2018 687 2049 hic,
705 2019 807 2045 summi
822 2024 848 2045 et
862 2019 1007 2046 clarissimi
1030 2025 1039 2047 Η

208 2054 261 2080 viri
273 2053 355 2085 filius,
372 2055 398 2080 in
410 2054 521 2081 domum
533 2054 737 2090 multiplicatam
750 2064 802 2082 non
815 2056 951 2091 repulsam
963 2066 1008 2084 so-
1037 2067 1038 2090 ,

209 2090 265 2117 lum
286 2091 389 2121 retulit,
413 2091 461 2118 sed
480 2092 658 2128 ignominiam
674 2097 700 2119 et
717 2092 906 2120 calamitatem.
949 2096 1006 2121 ⁴39.
1037 2093 1038 2096 ’

207 2128 333 2155 Ornanda
347 2134 388 2155 est
403 2130 476 2155 enim
491 2129 611 2165 dignitas
625 2130 719 2161 domo,
741 2139 794 2157 non
810 2139 845 2158 ex
859 2131 939 2158 domo
954 2137 1007 2158 tota

207 2166 374 2200 quaerenda:
398 2174 447 2192 nec
461 2166 540 2193 domo
555 2166 696 2198 dominus,
719 2167 767 2194 sed
785 2168 896 2195 domino
910 2169 1007 2195 domus

208 2203 374 2230 honestanda
385 2208 439 2230 est:
452 2208 486 2235 et,
500 2204 567 2231 utin
579 2205 674 2231 ceteris
686 2204 810 2232 habenda
821 2206 888 2232 ratio
899 2215 951 2233 non
963 2208 1006 2233 sui

207 2239 304 2271 solum,
321 2240 369 2267 sed
380 2241 460 2267 etiam
473 2240 600 2272 aliorum,
617 2242 657 2268 sic
669 2242 696 2269 in
707 2242 787 2269 domo
798 2242 863 2269 clari
875 2243 1004 2275 hominis,

206 2278 234 2303 in
246 2286 328 2313 quam
344 2283 370 2304 et
384 2277 504 2313 hospites
520 2278 598 2306 multi
615 2279 777 2314 recipiendi,
800 2285 826 2306 et
840 2280 1006 2308 admittenda

207 2314 348 2342 hominum
359 2316 493 2350 cuiusque
504 2315 577 2343 modi
588 2316 743 2348 multitudo,
751 2316 906 2344 adhibenda
912 2323 1007 2345 estou-

207 2361 234 2378 ra
247 2352 373 2379 laxitatis.
413 2352 499 2380 Aliter
513 2353 602 2388 ampla
617 2353 714 2381 domus
726 2354 851 2382 dedecori
866 2364 946 2391 saepe
957 2355 1006 2383 do-

207 2389 280 2416 mino
291 2390 328 2421 fit,
342 2391 365 2416 si
380 2394 420 2417 est
435 2391 463 2417 in
473 2399 504 2417 ea
515 2390 645 2423 solitudo,
669 2396 695 2418 et
706 2392 833 2423 maxime,
846 2393 870 2418 si
881 2392 1006 2428 aliquan·

206 2426 250 2456 do,
262 2427 314 2453 alio
324 2427 447 2459 domino,
465 2428 543 2455 solita
555 2432 595 2454 est
607 2427 782 2464 frequentari.
822 2429 953 2457 Odiosum
965 2435 1006 2457 est

206 2464 288 2494 enim,
301 2473 386 2499 quum
398 2473 412 2491 a
423 2465 656 2500 praetereuntibus
667 2465 780 2493 dicitur:

243 2515 279 2520 ——
289 2516 325 2521 —
335 2511 349 2527 o
358 2504 446 2528 domus
456 2505 573 2537 antiqua,
585 2504 641 2534 heu,
654 2512 731 2537 quam
741 2505 842 2537 dispari

243 2539 375 2564 dominare
385 2541 501 2566 domino!

205 2574 278 2609 quod
293 2574 404 2609 quidem
420 2576 463 2603 his
479 2577 647 2612 temporibus
663 2577 691 2604 in
706 2575 801 2604 multis
821 2576 883 2604 licet
902 2577 1002 2604 dicere.

208 2612 264 2638 tto.
286 2611 442 2639 Cavendum
452 2618 493 2640 est
503 2619 608 2646 autem,
630 2614 788 2649 praesertim
803 2615 827 2640 si
839 2615 897 2650 ipse
909 2615 1004 2642 aedifi-

205 2656 263 2680 ces,
286 2657 318 2675 ne
334 2655 407 2676 extra
423 2650 534 2678 modum
548 2656 660 2687 sumptu
673 2656 700 2679 et
719 2651 920 2688 magnificentia
939 2661 1003 2688 pro-

1039 1467 1040 1491 }
1061 1463 1151 1486 nitatis
1171 1462 1320 1486 idoneorum
1338 1463 1373 1486 acl
1391 1462 1517 1494 agendum
1535 1465 1684 1493 temporum.

1038 1493 1041 1531 ξ
1061 1501 1148 1531 potest
1161 1496 1255 1523 eadem
1266 1505 1326 1523 esse
1335 1500 1488 1530 prudentiae
1500 1500 1625 1531 definitio.
1647 1497 1680 1523 de
1694 1506 1747 1532 qua
1758 1498 1861 1532 princi-

788 120 843 147 ⁴313.
876 121 910 146 M.
942 121 972 146 T.
1007 119 1281 146 Cttltittsixts

1034 190 1043 221 ’ζ
1064 190 1141 216 deas:
1160 199 1214 225 quo
1231 191 1256 216 in
1273 199 1369 225 genere
1387 191 1501 217 multum
1519 191 1580 218 mali
1597 193 1677 218 ctiam
1693 194 1718 219 in
1738 194 1862 229 exemplo

1064 233 1113 254 est.
1145 227 1270 253 Studiose
1282 229 1354 254 enim
1367 228 1498 264 plerique,
1513 231 1668 263 praesertim
1682 231 1707 257 in
1722 232 1789 258 lianc
1801 241 1863 266 par-

1065 271 1126 294 tein,
1142 264 1208 290 tacta
1221 266 1375 300 principum
1393 267 1538 296 imitantur,
1554 272 1581 292 ut
1594 267 1621 293 1..
1632 268 1746 298 Luculli.
1760 270 1861 295 summi

1034 322 1043 331 ,.
1066 303 1312 331 vnn—virtutem.
1322 302 1403 337 quis‘?
1413 308 1524 338 atquam
1538 304 1614 330 multi
1624 305 1748 332 villarum
1757 307 1862 339 mapini-

1065 340 1197 365 [it-entiam
1211 340 1306 365 imitati
1319 341 1393 366 sunt!
1406 340 1524 371 Quarum
1536 341 1646 375 quidem
1659 349 1728 369 certe
1739 343 1863 370 estadhi-

1066 377 1170 402 bendus
1197 377 1306 405 modus,
1334 377 1366 402 ad
1396 377 1659 413 mediocritatemque
1684 381 1860 407 revocandus.

1066 414 1219 448 Eademque
1237 414 1406 440 mediocritas
1423 415 1454 440 ad
1473 424 1580 441 ornnem
1603 424 1682 442 usum
1703 418 1862 453 cultumque

1066 452 1134 476 vitae
1147 451 1328 477 transferenda
1341 456 1390 478 est.
1431 452 1483 478 Sed
1498 453 1561 478 haec
1574 452 1711 480 hactenus.
1756 457 1810 481 tu,
1834 456 1861 481 ln

1064 489 1136 514 omni
1157 493 1245 514 autern
1267 490 1370 515 actione
1393 490 1564 524 suscipienda
1586 491 1634 516 tria
1650 497 1713 517 sunt
1732 492 1859 518 tenenda:

1065 527 1197 560 primum,
1216 531 1244 552 ut
1256 527 1390 560 appetitus
1403 528 1497 552 rationi
1510 532 1613 561 pareat,
1630 536 1684 562 quo
1699 529 1765 555 nihil
1778 534 1817 555 est
1828 529 1862 555 ad

1063 562 1150 589 officia
1167 563 1349 589 conservanda
1366 564 1606 590 accommodatius:
1628 565 1739 595 deinde,
1758 571 1787 592 ut
1803 567 1862 593 ani-

1065 600 1254 629 madvertatur,
1263 606 1361 635 quanta
1371 601 1414 626 illa
1422 610 1464 627 res
1475 602 1518 631 sit,
1527 610 1607 636 quam
1620 602 1725 629 efficere
1733 603 1860 634 velimus,

1065 643 1093 664 ut
1105 646 1171 664 neve
1183 639 1279 668 maior,
1303 647 1369 664 neve
1385 639 1471 664 minor
1481 647 1543 665 cura
1556 644 1581 665 et
1591 648 1670 674 opera
1687 641 1860 676 suscipiatur.

1063 684 1144 710 quam
1157 684 1251 701 caussa
1265 675 1389 709 postulet.
1430 676 1549 702 Tertium
1561 681 1610 706 est,
1627 682 1655 703 ut
1667 686 1819 709 caveamus,
1833 683 1863 704 ut

1064 721 1103 743 ea,
1112 721 1181 747 quae
1194 713 1327 747 pertinent
1338 713 1370 739 ad
1385 713 1521 739 liberalem
1529 715 1646 748 speciem
1654 719 1679 740 et
1690 714 1860 751 dignitatem.

1065 750 1198 776 moderata
1219 751 1282 776 sint.
1323 750 1418 776 Modus
1439 756 1527 777 autem
1549 757 1589 778 est
1611 753 1745 786 optimus,
1777 752 1862 779 decus

1064 788 1153 821 ipsum
1167 792 1264 817 tenere,
1278 787 1310 813 de
1321 796 1376 823 quo
1390 793 1449 814 ante
1461 788 1592 818 diximus,
1606 797 1654 815 nec
1667 789 1791 825 progredi
1804 789 1862 816 lon-

1062 826 1134 860 gius.
1173 825 1272 850 llorum
1285 830 1372 851 tamen
1385 826 1465 851 trium
1478 827 1740 860 praestantissimum
1750 832 1799 857 est,
1813 835 1862 862 ap—

1063 862 1175 897 petitum
1187 862 1372 896 obtemperare
1385 863 1490 889 rationi.

1118 899 1174 925 XL.
1200 900 1254 925 ΗΞ.
1278 900 1408 934 Deinceps
1422 900 1455 926 de
1465 900 1559 926 ordine
1571 908 1659 927 rerum
1671 906 1697 927 et
1708 906 1858 936 temporum

1062 938 1259 971 opportunitate
1280 937 1426 963 dicendum
1450 943 1499 964 est.
1542 938 1609 963 llaec
1633 943 1722 964 autem
1748 939 1860 965 scientia

1062 975 1232 1000 continentur
1243 983 1287 1003 ea,
1306 983 1386 1009 quam
1399 975 1494 1001 Gracci
1507 974 1628 1005 εὐταξίαν
1643 977 1793 1005 nominant,
1808 985 1860 1003 non

1064 1011 1144 1042 lianc,
1166 1020 1247 1046 «fluam
1266 1013 1473 1046 interpretamur
1484 1015 1645 1044 modestiam,-
1663 1022 1718 1048 quo
1734 1014 1760 1039 in
1779 1013 1861 1040 verbo

1040 1063 1041 1072 η
1062 1051 1150 1075 modus
1166 1049 1247 1075 inest:
1272 1049 1319 1075 sed
1337 1049 1381 1075 illa
1397 1055 1437 1076 est
1452 1049 1571 1079 εὐταξία,
1588 1051 1614 1076 in
1631 1059 1683 1085 qua
1700 1050 1862 1086 intelligitur

1032 1089 1041 1106 ’ἶ
1061 1086 1165 1112 ordinis
1185 1087 1361 1113 conservatio.

1040 1140 1041 1146 ,
1061 1126 1137 1149 stiam
1149 1123 1330 1158 appellemus,
1348 1124 1388 1149 sic
1401 1124 1530 1150 definitur
1542 1132 1556 1150 a
1567 1123 1678 1154 Stoicis,
1695 1130 1724 1151 ut
1740 1127 1862 1151 modestia

1404 1087 1508 1121 ltaque,
1531 1092 1560 1113 ut
1575 1087 1697 1113 eamdem
1713 1096 1761 1114 nos
1778 1090 1862 1114 mode-

1061 1161 1096 1186 sit
1106 1162 1213 1186 scientia
1225 1170 1311 1186 rerum
1322 1170 1419 1190 earum,
1432 1170 1498 1195 quae
1508 1166 1616 1194 eryt-ntur
1627 1167 1671 1187 aut
1682 1164 1808 1191 dicentur,
1824 1164 1861 1188 Ιο-

1063 1207 1091 1223 co
1104 1206 1150 1223 suo
1162 1199 1380 1225 collocandorum.
1421 1199 1457 1225 lta
1475 1198 1582 1224 videtur
1596 1198 1690 1225 eadem
1707 1199 1748 1225 vis
1762 1202 1862 1226 ordinis

1062 1240 1088 1261 et
1109 1237 1284 1261 collocationis
1306 1234 1371 1262 sore.
1412 1236 1479 1262 Nam
1495 1240 1521 1262 et
1535 1238 1648 1262 ordinem
1663 1237 1703 1262 sic
1717 1236 1858 1268 definiunt,

1063 1275 1266 1306 compositionem
1277 1282 1362 1299 rerum
1372 1276 1440 1306 aptis
1451 1279 1473 1299 et
1483 1275 1680 1300 accommodatis
1691 1275 1767 1300 locis:
1779 1275 1862 1300 locum

1062 1315 1151 1336 autem
1167 1313 1289 1340 actionis,
1305 1313 1518 1344 opportunitatem
1537 1314 1656 1344 tempor-ia
1676 1319 1735 1337 esse
1755 1310 1859 1338 dicunt.

1066 1348 1171 1380 Tempus
1191 1352 1280 1373 autem
1303 1351 1412 1374 actionis
1432 1353 1600 1382 opportunum
1619 1348 1719 1375 Graece
1734 1347 1860 1384 εὐκαιρία,

1063 1385 1155 1411 Latine
1166 1384 1317 1420 appellatur
1332 1388 1442 1411 occasio.
1483 1385 1527 1411 Sic
1543 1384 1583 1416 fit,
1601 1390 1631 1412 ut
1646 1388 1767 1412 modestia
1783 1385 1858 1414 haec.

1062 1431 1143 1457 quam
1156 1423 1190 1448 ita
1204 1423 1423 1457 interpretamur,
1440 1427 1470 1449 ut
1479 1422 1552 1454 dixi,
1568 1425 1675 1449 scientia
1690 1424 1726 1449 sit
1739 1428 1861 1486 ἷρροέιυᾶ

1728 1462 1736 1486 t
1759 1462 1784 1486 3.
1826 1468 1840 1486 e

1062 1535 1106 1569 pio
1117 1534 1249 1561 diximus.
1284 1535 1337 1561 lloc
1349 1539 1437 1561 autem
1451 1534 1507 1561 loco
1519 1535 1552 1560 de
1564 1534 1744 1562 moderatione
1755 1540 1782 1561 et
1791 1540 1861 1561 tem-

1062 1573 1181 1606 perantia
1203 1576 1229 1598 et
1251 1580 1344 1598 earum
1364 1572 1503 1598 similibus
1524 1572 1670 1598 virtutibus
1690 1573 1858 1607 quaerimus.

1062 1610 1167 1644 ltaque,
1184 1617 1254 1644 quae
1265 1614 1340 1636 erant
1351 1609 1509 1644 prudentiae
1520 1610 1626 1644 propria
1635 1630 1641 1639 ,
1658 1618 1708 1636 suo
1723 1609 1779 1636 loco
1790 1609 1859 1636 dicta

1061 1651 1137 1673 sunt:
1153 1655 1222 1681 quae
1233 1651 1322 1673 autem
1335 1647 1430 1673 harum
1443 1648 1584 1676 virtutum,
1598 1646 1631 1673 de
1641 1647 1744 1682 quibus
1756 1646 1860 1673 iamdiu

1061 1683 1207 1719 loquimur,
1215 1692 1284 1719 quae
1296 1685 1430 1719 pertinent
1439 1684 1472 1710 ad
1484 1684 1675 1710 verecundiam
1686 1683 1755 1710 etad
1766 1692 1859 1710 eorum

1061 1721 1295 1755 approbationem,
1317 1721 1484 1756 quibuscum
1500 1722 1634 1751 vivimus,
1658 1729 1729 1747 nunc
1744 1721 1860 1747 dicenda

1061 1763 1133 1784 sunt.
1177 1759 1232 1785 ⁴44.
1255 1757 1328 1784 Talis
1342 1763 1383 1784 est
1398 1759 1482 1793 igitur
1495 1757 1560 1784 ordo
1575 1758 1710 1784 actionum
1726 1758 1861 1785 adhiben-

1060 1795 1126 1826 dus,
1144 1800 1185 1826 ut,
1203 1795 1434 1830 quemadmodum
1446 1796 1473 1821 in
1483 1796 1601 1822 oratione
1613 1796 1759 1827 constanti,
1777 1796 1817 1822 sic
1831 1796 1859 1822 in

1061 1833 1115 1859 vita
1131 1833 1221 1859 omnia
1237 1833 1291 1859 sint
1304 1837 1365 1867 apta
1376 1833 1446 1859 inter
1455 1841 1484 1859 se
1495 1837 1521 1859 et
1531 1833 1729 1859 convenientia.
1769 1833 1860 1867 Turpe

1060 1874 1100 1896 est
1111 1870 1183 1896 enim
1196 1869 1329 1905 valdeque
1342 1870 1484 1900 vitiosum,
1503 1871 1530 1896 in
1542 1878 1569 1896 re
1581 1878 1673 1896 severa
1686 1871 1805 1896 convivii
1816 1870 1860 1896 di-

1060 1912 1100 1933 cta
1116 1912 1162 1933 aut
1177 1906 1323 1933 delicatum
1337 1907 1456 1942 aliquem
1473 1906 1571 1933 inferre
1586 1916 1748 1934 sermonem.
1788 1907 1859 1934 Bene

1060 1943 1190 1974 Pericles,
1207 1953 1294 1979 quum
1311 1944 1422 1971 haberet
1436 1944 1566 1980 collegam
1581 1945 1608 1971 in
1621 1950 1744 1979 praetura
1755 1944 1860 1980 Sopho-

1059 1981 1127 2007 clem
1141 1987 1255 2016 poetam,
1270 1982 1353 2016 hique
1364 1981 1398 2008 de
1408 1982 1547 2008 communi
1557 1981 1646 2008 officio
1657 1983 1856 2013 convenissent,

1059 2023 1085 2045 et
1093 2027 1157 2045 casu
1169 2018 1302 2045 formosus
1316 2027 1385 2054 puer
1394 2019 1559 2053 praeteriret,
1572 2019 1742 2054 dixissetque
1753 2019 1859 2054 Sopho-

1059 2055 1127 2082 cles:
1150 2055 1190 2082 no
1206 2064 1321 2091 puerum
1336 2056 1482 2091 pulchrum
1491 2077 1497 2087 ,
1514 2056 1649 2083 Periclelu
1662 2058 1694 2083 At
1705 2060 1771 2083 enim
1778 2065 1859 2090 prae-

1059 2098 1146 2123 torem,
1154 2093 1285 2126 Sophocle,
1292 2096 1361 2120 decet
1373 2103 1423 2120 non
1432 2095 1515 2120 solum
1524 2102 1623 2121 manus.
1635 2096 1679 2120 sed
1686 2096 1763 2120 etiam
1771 2095 1859 2120 oculos

1058 2133 1210 2157 abstinentes
1225 2132 1326 2157 habere.
1365 2131 1454 2166 Atque
1469 2130 1520 2158 hoc
1534 2130 1607 2158 idem
1623 2130 1770 2166 Sophocles
1784 2131 1808 2157 si
1829 2131 1858 2158 in

1058 2167 1219 2194 athletarum
1238 2168 1395 2203 probatione
1410 2168 1538 2199 dixisset,
1561 2169 1631 2195 iusta
1649 2168 1857 2203 reprehensione

1058 2206 1198 2232 caruisset.
1239 2206 1321 2232 Tanta
1337 2206 1380 2231 vis
1394 2210 1435 2232 est
1449 2210 1475 2232 et
1489 2205 1540 2232 loci
1559 2210 1586 2232 et
1603 2206 1741 2240 temporis.
1781 2205 1816 2232 Ut
1832 2206 1857 2232 si

1058 2243 1120 2277 qui,
1136 2251 1223 2277 quum
1234 2251 1359 2269 caussam
1370 2243 1406 2269 sit
1416 2247 1524 2269 acturus
1532 2263 1538 2274 ,
1556 2243 1584 2269 in
1598 2243 1694 2269 itinere
1704 2243 1787 2269 autin
1798 2251 1857 2269 am-

1059 2279 1195 2306 bulatione
1210 2288 1303 2306 secum
1319 2281 1378 2315 ipse
1392 2280 1537 2307 meditetur
1550 2285 1596 2306 aut
1610 2281 1634 2306 si
1649 2279 1717 2315 quid
1731 2279 1805 2306 aliud
1816 2285 1857 2306 at·

1058 2318 1158 2343 tentius
1169 2317 1280 2352 cogitet,
1299 2326 1351 2344 non
1364 2317 1588 2352 reprehendatur:
1611 2321 1637 2344 at
1648 2317 1698 2343 hoc
1709 2316 1780 2343 idem
1791 2318 1815 2343 si
1827 2318 1856 2344 in

1057 2354 1183 2380 convivio
1198 2354 1290 2385 saciat,
1304 2355 1471 2381 inhumanus
1483 2354 1620 2385 videatur,
1633 2354 1739 2380 inscitia
1752 2358 1857 2389 tempo-

1057 2392 1105 2418 ris.
1134 2392 1190 2417 445.
1203 2391 1256 2418 Sed
1268 2400 1308 2423 ea,
1320 2401 1391 2427 quae
1403 2391 1519 2418 multum
1531 2391 1565 2418 ab
1577 2391 1742 2418 humanitate
1752 2390 1856 2418 discre-

1057 2433 1134 2463 pant,
1150 2433 1181 2455 ut
1194 2429 1218 2455 si
1228 2429 1291 2464 quis
1303 2429 1330 2455 in
1345 2429 1400 2456 foro
1411 2433 1511 2459 cantet,
1527 2433 1573 2455 aut
1582 2429 1607 2455 si
1617 2437 1670 2463 qua
1681 2433 1721 2454 est
1731 2427 1782 2454 alia
1797 2437 1856 2455 ma-

1055 2474 1108 2501 gna
1119 2467 1292 2500 perversitas,
1306 2466 1384 2492 facile
1395 2471 1533 2501 apparent,
1548 2474 1597 2492 nec
1608 2473 1705 2501 magno
1715 2473 1796 2500 opere
1807 2465 1856 2492 ad-

1056 2503 1232 2529 monitionem
1253 2508 1279 2530 et
1302 2509 1441 2539 praecepta
1467 2502 1630 2529 desiderant.
1669 2502 1743 2534 Quae
1763 2508 1854 2530 autem

1055 2548 1137 2574 parva
1154 2540 1282 2567 videntur
1296 2549 1356 2567 esse
1371 2540 1468 2567 delicta
1484 2548 1573 2574 neque
1587 2548 1602 2565 a
1622 2539 1716 2566 multis
1737 2539 1854 2575 intelligi

1055 2582 1177 2612 possunt,
1191 2577 1225 2604 ab
1236 2578 1271 2604 iis
1281 2583 1322 2604 est
1332 2578 1492 2614 diligentius
1504 2576 1706 2603 declinandum.
1738 2577 1772 2604 Ut
1782 2577 1810 2603 in
1822 2577 1854 2603 fi-

1054 2614 1137 2641 dibus
1147 2620 1193 2641 aut
1203 2615 1279 2641 tibiis
1287 2636 1293 2646 ,
1308 2616 1436 2651 quamvis
1446 2613 1568 2649 paullum
1579 2613 1746 2649 discrepent,
1764 2619 1853 2641 tamen

1055 2651 1083 2679 id
1094 2660 1108 2678 a
1119 2652 1220 2679 sciente
1231 2652 1411 2679 animadverti
1421 2651 1501 2679 solet:
1514 2652 1554 2678 sic
1565 2650 1715 2678 videndum
1725 2655 1766 2678 est
1777 2651 1855 2679 invi—
