1941 3052
363 155 547 182 ORATIO
577 155 666 182 PRO
699 155 825 182 LEGE
862 155 1096 182 MANILIO.
1132 155 1230 182 CAP.

56 231 166 253 trantur.

55 272 140 290 unum
153 264 240 289 virum
254 272 322 294 esse,
338 264 365 290 in
380 272 433 299 quo
447 273 552 290 summa
566 265 620 290 sint
634 265 731 295 omnia,
748 268 773 290 et
786 272 848 290 eum

55 309 136 335 prope
150 309 222 331 esse,
238 300 301 335 (quo
315 302 394 327 etiam
408 306 498 327 carent
511 302 643 337 aegriusz)
656 302 734 327 cuius
749 301 849 327 adven-

55 343 84 364 tu
98 339 157 372 ipso
170 342 249 372 atque
263 339 378 369 nomine,
395 339 499 365 tametsi
514 338 559 365 ille
573 339 605 365 ad
616 339 780 365 maritimum
791 338 849 364 bel-

55 376 111 402 lum
130 375 246 406 venerit,
265 379 353 402 tamen
372 376 489 410 impetus
508 376 626 402 hostium
640 384 776 411 repressos
790 384 849 402 esse

54 412 209 448 intelligunt
228 421 257 439 ac
280 413 434 440 retardatos.
475 414 506 439 Hi
530 422 590 445 vos,
616 414 743 448 quoniam
767 413 849 439 libere

55 450 129 485 loqui
147 458 199 476 non
222 449 296 480 licet,
325 451 402 477 tacite
424 455 530 485 rogant,
559 456 589 477 ut
606 460 635 477 se
652 459 761 486 quoque
779 451 849 476 sicut

53 492 200 514 ceterarum
219 488 417 522 provinciarum
436 489 536 519 socios,
561 488 657 523 dignos
676 488 846 518 existimetis,

53 533 169 560 quorum
187 525 301 551 salutem
321 525 366 552 tali
385 526 442 552 viro
461 526 669 552 commendetis:
697 530 777 560 atque
800 525 849 550 hoc

54 562 134 589 etiam
152 563 252 598 magis,
277 563 349 597 quod
368 568 468 590 ceteros
487 564 514 589 in
532 563 697 598 provinciam
715 561 848 588 eiusmodi

55 599 177 626 homines
191 608 253 626 cum
267 600 379 635 imperio
392 601 536 631 mittimus,
554 605 591 631 ut,
608 600 712 626 etiamsi
726 600 759 625 ab
775 600 848 625 hoste

53 636 210 668 defendant,
232 641 319 664 tamen
339 638 458 672 ipsorum
477 637 608 663 adventus
627 638 654 663 in
668 637 749 663 urbes
763 637 849 662 socio-

54 683 113 701 rum
132 683 184 701 non
203 674 319 701 multum
337 675 371 701 ab
390 674 479 701 hostili
497 675 694 710 expugnatione
715 674 846 700 differant.

54 712 130 738 Hunc
143 712 286 738 audiebant
300 716 388 742 antea,
405 721 476 738 nunc
490 716 656 746 praesentem
672 711 763 738 vident
778 716 847 737 tanta

54 750 241 784 temperantia,
262 754 333 775 tanta
347 749 565 781 mansuetudine,
588 753 658 775 tanta
672 749 844 779 humanitate,

54 791 83 813 ut
100 787 118 813 ii
137 787 286 813 beatissimi
305 795 363 812 esse
382 786 534 817 videantur,
555 786 627 822 apud
645 795 713 821 quos
727 786 772 812 ille
786 786 848 812 diu-

55 824 158 850 tissime
170 828 357 850 commoratur.
398 824 440 850 VI.
464 825 504 850 ⁴4.
526 824 625 856 Quare,
646 824 669 850 si
684 828 791 858 propter
804 832 848 849 so-

53 862 120 892 cios,
141 860 215 887 nulla
229 861 281 895 ipsi
295 861 393 887 iniuria
412 861 540 892 lacessiti,
561 862 674 888 maiores
690 861 770 887 vestri
785 869 847 887 cum

52 898 194 929 Antiocho,
213 907 276 925 cum
296 898 432 933 Philippo,
452 907 514 924 cum
533 898 646 930 Aetolis,
672 907 734 925 cum
753 898 847 924 Poenis

52 935 122 962 bella
135 940 290 971 gesserunt,
306 940 407 971 quanto
420 945 468 962 vos
482 936 572 963 studio
585 937 722 966 convenit.
739 936 846 962 iniuriis

52 977 215 1008 provocatos,
231 974 364 1000 sociorum
379 973 493 1000 salutem
508 982 561 1000 una
575 982 637 1000 cum
647 974 754 1008 imperii
765 973 846 999 vestri

51 1010 179 1046 dignitate
201 1010 355 1042 defendere,
381 1012 537 1046 praesertim
561 1019 646 1046 quum
669 1011 703 1037 de
721 1011 847 1037 maximis

52 1048 148 1074 vestris
164 1048 340 1084 vectigalibus
354 1048 466 1084 agatur?
490 1049 557 1075 Nam
576 1053 723 1075 ceterarum
737 1049 848 1083 provin-

51 1086 152 1112 ciarum
167 1085 316 1121 vectigalia,
332 1085 457 1118 Quirites,
474 1090 545 1112 tanta
556 1091 629 1118 sunt,
646 1091 676 1112 ut
685 1087 719 1112 iis
730 1086 763 1112 ad
773 1086 847 1120 ipsas

51 1123 201 1158 provincias
214 1123 338 1150 tutandas
351 1124 398 1150 vix
411 1125 527 1150 contenti
541 1132 600 1150 esse
614 1124 763 1158 possimus,
783 1123 846 1149 Asia

51 1169 113 1187 vero
127 1165 179 1186 tam
193 1161 283 1195 opima
296 1165 337 1187 est
349 1165 375 1188 et
389 1161 493 1192 fertilis,
510 1166 540 1188 ut
554 1166 578 1187 et
592 1162 711 1188 ubertate
722 1169 846 1197 agrorum

51 1203 76 1224 et
93 1198 218 1224 varietate
236 1198 373 1225 fructuum
396 1204 422 1226 et
443 1199 631 1236 magnitudine
654 1199 796 1235 pastionis,
821 1202 846 1224 et

50 1235 223 1262 multitudine
240 1244 331 1263 earum
349 1245 452 1270 rerum,
473 1247 542 1273 quae
560 1243 746 1273 exportentur,
770 1236 847 1264 facile

50 1273 177 1300 omnibus
191 1274 268 1300 terris
282 1275 429 1302 antecellat.
463 1276 554 1311 Itaque
568 1276 634 1302 haec
647 1276 723 1302 vobis
738 1276 847 1310 provin-

50 1311 98 1341 cia.
115 1310 240 1343 Quirites,
257 1312 281 1338 si
295 1316 321 1339 et
334 1312 397 1339 belli
411 1313 553 1340 utilitatem
568 1318 594 1339 et
603 1314 676 1348 pacis
688 1313 846 1349 dignitatem

50 1348 184 1375 sustinere
197 1349 294 1380 vultis,
311 1358 363 1376 non
377 1350 456 1377 modo
470 1359 483 1377 a
497 1350 660 1382 calamitate,
676 1351 723 1377 sed
738 1351 818 1377 etiam
832 1359 846 1376 a

50 1390 123 1412 metu
137 1385 295 1413 calamitatis
309 1392 350 1413 est
363 1387 539 1414 defendenda.
573 1390 613 1414 45.
629 1389 696 1414 Nam
709 1389 804 1414 ceteris
819 1388 846 1413 in

49 1423 139 1454 rebus,
155 1432 240 1459 quum
255 1425 329 1451 venit
342 1424 487 1456 calamitas,
504 1430 562 1452 tum
577 1425 766 1452 detrimentum
777 1425 847 1451 acci-

49 1461 134 1496 pitur:
163 1465 189 1487 at
205 1461 233 1488 in
253 1462 429 1497 vectigalibus
447 1472 498 1489 non
518 1463 606 1489 solum
625 1463 757 1489 adventus
770 1462 843 1493 mali,

48 1498 96 1525 sed
110 1499 190 1525 etiam
205 1503 292 1526 metus
306 1500 365 1534 ipse
378 1500 452 1526 affert
465 1500 652 1527 calamitatem.
679 1501 744 1527 Nam
759 1509 845 1536 quum
867 1511 868 1518 ³

48 1535 167 1562 hostium
185 1537 276 1571 copiae
294 1546 345 1563 non
365 1537 443 1573 longe
465 1538 576 1569 absunt,
604 1539 709 1564 etiamsi
733 1538 846 1572 irruptio
867 1546 868 1550 ¹

49 1572 115 1600 facta
130 1573 203 1600 nulla
217 1574 264 1605 sit,
286 1578 374 1601 tamen
393 1584 486 1609 pecora
505 1576 708 1610 relinquuntur,
729 1575 847 1611 agricul-

49 1616 106 1637 tura
120 1611 260 1642 deseritur,
276 1616 452 1638 mercatorum
468 1614 602 1649 navigatio
611 1614 786 1648 conquiescit.
809 1613 845 1639 lta

48 1657 135 1683 neque
149 1656 182 1675 ex
196 1653 273 1684 portu
287 1658 376 1684 neque
389 1658 422 1677 ex
436 1650 557 1677 decumis
572 1659 659 1686 neque
670 1659 703 1677 ex
713 1651 845 1685 scriptura

47 1685 159 1721 vectigal
179 1687 331 1713 conservari
351 1691 447 1722 potest.
488 1687 575 1720 Quare
593 1697 672 1723 saepe
687 1689 768 1715 totius
781 1688 845 1715 anni

48 1722 150 1750 fructus
169 1732 222 1750 uno
239 1732 346 1751 rumore
364 1725 477 1760 periculi
496 1730 576 1761 atque
596 1735 650 1752 uno
669 1726 732 1752 belli
747 1731 845 1752 terrore

47 1761 184 1787 amittitur.
225 1763 266 1788 16.
287 1761 346 1794 Quo
364 1762 470 1789 tandem
490 1764 578 1790 animo
601 1772 661 1790 esse
683 1764 844 1790 existimatis

47 1802 92 1824 aut
105 1806 163 1830 eos,
184 1799 231 1833 qui
246 1799 387 1835 vectigalia
402 1800 479 1827 nobis
494 1802 642 1836 pensitant,
662 1806 708 1828 aut
721 1810 779 1832 eos,
796 1802 844 1837 qui

47 1840 170 1862 exercent
183 1840 262 1871 atque
276 1838 401 1873 exigunt,
423 1846 509 1873 quum
523 1838 578 1865 duo
592 1847 667 1874 reges
681 1847 743 1865 cum
758 1840 845 1866 maxi-

47 1873 98 1899 mis
111 1873 195 1908 copiis
210 1882 292 1909 prope
306 1874 413 1901 adsint‘?
435 1884 520 1910 quum
535 1885 588 1902 una
602 1877 726 1903 excursio
739 1878 845 1912 equita-

45 1914 90 1937 tus
104 1911 226 1945 perbrevi
242 1916 358 1947 tempore
372 1913 453 1939 totius
467 1914 529 1940 anni
545 1913 657 1950 vectigal
667 1913 772 1941 auferre
782 1923 845 1950 pos-

45 1947 98 1974 sit?
111 1956 196 1983 quum
211 1949 347 1984 publicani
362 1949 477 1976 familias
493 1952 632 1983 maximas,
648 1960 717 1987 quas
730 1953 758 1979 in
769 1953 845 1979 salti-

45 1985 98 2012 bus
115 1985 227 2017 habent,
247 1995 316 2021 quas
334 1987 361 2013 in
380 1988 464 2023 agris,
484 1997 552 2023 quas
570 1989 598 2015 in
617 1990 749 2024 portubus
763 1995 844 2025 atque

45 2022 184 2053 custodiis,
201 2031 298 2058 magno
312 2025 431 2058 periculo
444 2034 473 2051 se
488 2026 585 2052 habere
598 2027 778 2054 arbitrentur?
791 2028 844 2054 Pu-

46 2060 143 2086 tatisne
157 2068 204 2086 vos
218 2060 273 2087 illis
287 2062 368 2088 rebus
383 2061 434 2088 frui
450 2071 541 2097 posse,
558 2064 611 2090 nisi
625 2072 682 2095 eos.
703 2065 750 2100 qui
766 2066 842 2092 vobis

47 2096 144 2123 fructui
159 2102 230 2128 sunt.
246 2100 467 2126 conservaveritis
478 2109 529 2126 non
541 2100 629 2127 solum
640 2101 680 2136 (ut
690 2107 766 2128 antea
776 2102 843 2138 dixi)

45 2134 203 2166 calamitate,
220 2134 267 2161 sed
281 2137 360 2162 etiam
374 2136 534 2164 calamitatis
546 2137 689 2165 formidine
701 2139 844 2167 liberatos?

45 2171 100 2198 vn.
123 2172 163 2198 ⁴7.
185 2172 223 2199 Ac
237 2181 270 2199 ne
282 2173 351 2200 illud
365 2174 475 2208 quidem
493 2175 568 2202 vobis
583 2175 776 2212 negligendum
791 2182 840 2209 est,

45 2208 117 2244 quod
132 2209 198 2236 mihi
212 2218 261 2246 ego
275 2215 424 2238 extremum
439 2220 638 2247 proposueram,
654 2222 739 2248 quum
754 2223 841 2242 essem

46 2247 78 2273 de
93 2246 155 2273 belli
169 2255 265 2283 genere
279 2248 413 2280 dicturus.
430 2250 502 2284 quod
515 2250 549 2276 ad
564 2250 708 2278 multorum
723 2252 790 2278 bona
804 2253 843 2279 ci-

46 2283 119 2310 vium
135 2285 314 2312 Romanorum
329 2286 456 2320 pertinet,
472 2295 587 2322 quorum
602 2288 678 2315 vobis
694 2298 741 2324 pro
754 2295 841 2316 vestra

45 2322 183 2356 sapientia,
195 2322 322 2354 Quirites,
340 2323 461 2350 habenda
472 2329 512 2351 est
522 2325 587 2351 ratio
597 2325 749 2361 diligenter.
775 2328 840 2353 Nam

45 2362 71 2385 et
84 2359 234 2394 publicani,
255 2360 377 2387 homines
391 2365 417 2387 et
431 2361 613 2389 honestissimi
628 2367 654 2389 et
666 2364 839 2396 ornatissimi,

45 2403 108 2422 suaa
127 2396 241 2423 rationes
259 2402 285 2424 et
303 2399 394 2433 copias
413 2399 440 2425 in
455 2398 527 2425 illam
543 2400 706 2434 provinciam
721 2401 842 2428 contule-

46 2438 121 2460 runt:
148 2443 263 2469 quorum
283 2435 404 2470 ipsorum
423 2444 470 2471 per
487 2445 516 2462 so
534 2445 576 2463 res
589 2442 615 2463 et
629 2437 748 2465 fortunae
761 2447 841 2465 curae

46 2470 122 2497 vobis
139 2479 198 2498 esse
215 2472 327 2499 debent:
352 2474 450 2500 etenim
469 2474 491 2500 si
510 2474 649 2510 vectigalia
668 2484 764 2502 nervos
781 2485 841 2502 essa

45 2507 207 2543 reipublicae
221 2518 328 2545 semper
340 2510 479 2542 duximus,
495 2519 557 2538 eum
567 2516 637 2538 certa
646 2512 776 2545 ordinem,
792 2515 840 2549 qui

46 2549 150 2572 exercet
166 2546 225 2578 illa,
246 2547 443 2575 firmamentum
462 2553 609 2576 ceterorum
627 2550 752 2577 ordinum
772 2556 841 2578 recto

46 2588 105 2609 ease
117 2582 252 2611 dicemus:
276 2587 316 2611 ⁴8.
332 2585 428 2612 deinde
442 2587 538 2613 ceteris
551 2595 584 2613 ex
598 2587 739 2614 ordinibus
753 2588 841 2615 homi-

46 2627 93 2646 nes
110 2621 190 2656 gnavi
208 2625 234 2648 et
252 2622 378 2649 industrii
398 2624 493 2658 partim
515 2624 566 2659 ipsi
585 2625 612 2650 in
628 2625 689 2651 Asia
704 2627 841 2662 negotian-

45 2658 97 2688 tur.
111 2658 213 2693 quibus
227 2667 275 2686 vos
289 2660 447 2687 absentibus
458 2661 598 2688 consulere
608 2662 726 2694 debetis,
744 2664 839 2698 partim

45 2699 108 2721 suaa
120 2699 147 2722 et
159 2703 270 2724 suorum
283 2697 311 2724 in
325 2705 354 2724 ea
369 2698 504 2732 provincia
519 2700 647 2734 pecunias
662 2709 772 2736 magnas
785 2700 841 2728 col-

203 228 242 253 43.
262 226 359 253 Vident
372 231 397 253 et
410 227 530 252 sentiunt
543 226 593 253 hoc
606 227 686 258 idem,
703 226 773 261 quod
789 235 845 257 νος,
869 226 872 246 l
902 226 997 252 locatas
1011 225 1119 253 habent.

1268 158 1276 182 l
1300 171 1335 175 —-
1357 158 1380 182 9.
1645 160 1694 184 367

1160 227 1217 253 Erit
1231 227 1311 262 igitur
1325 227 1499 253 humanitatis
1510 233 1622 258 vestrae,
1639 237 1696 254 ma-

899 272 983 299 gnum
998 272 1089 290 eorum
1104 264 1205 290 civium
1220 273 1362 291 numerum
1376 264 1524 291 calamitate
1539 266 1693 300 prohibere:

900 301 1059 335 sapientiae,
1088 301 1177 328 videre
1196 301 1342 328 multorum
1365 303 1465 328 civium
1484 302 1661 329 calamitatem
1682 312 1694 329 a

901 338 1036 373 republica
1056 340 1203 365 seiunctam
1223 347 1281 365 esse
1300 348 1351 366 non
1370 348 1459 375 posse.
1499 340 1605 366 Etenim
1628 339 1696 366 illud

901 377 1018 410 primum
1034 377 1108 411 parvi
1123 376 1213 406 refert,
1235 385 1282 403 vos
1301 377 1451 412 publicanis
1466 378 1565 403 amissa
1580 378 1697 413 vectiga-

902 414 934 439 lia
954 418 1044 448 postea
1063 415 1171 440 victoria
1191 422 1356 449 recuperare.
1397 416 1490 450 Neque
1508 415 1579 441 enim
1599 415 1695 441 iisdem

901 450 1048 477 redimendi
1068 451 1180 477 facultas
1199 452 1249 477 erit
1266 457 1374 486 propter
1392 452 1583 483 calamitatem,
1610 461 1696 487 neque

900 487 960 514 aliis
980 488 1102 515 voluntas
1122 494 1228 523 propter
1246 490 1377 516 timorem.
1422 492 1460 515 ¹9.
1483 490 1595 521 Deinde,
1624 489 1696 525 quod

900 534 948 551 nos
967 525 1058 552 eadem
1078 526 1140 552 Asia
1163 531 1243 561 atque
1266 527 1336 553 idem
1360 528 1410 553 iste
1433 527 1598 553 Mithridates
1621 528 1698 553 initio

900 562 964 588 belli
978 563 1087 589 Asiatici
1101 564 1200 594 docuit,
1217 568 1287 590 certe
1301 564 1328 591 id
1342 564 1451 599 quidem
1466 564 1615 591 calamitate
1626 565 1695 591 docti

900 602 1026 626 memoria
1041 601 1152 627 retinere
1166 601 1306 627 debemus.
1329 602 1395 628 Nam
1410 607 1476 633 tum,
1492 611 1578 637 quum
1592 603 1619 628 in
1633 602 1696 628 Asia

900 646 941 663 res
956 646 1066 673 magnas
1080 638 1206 673 permulti
1221 639 1377 670 amiserant,
1399 640 1500 665 scimus
1519 640 1629 670 Romae,
1653 648 1698 666 so-

901 674 1000 701 lutione
1011 675 1147 710 impedita.
1160 675 1240 702 fidem
1252 677 1410 702 concidisse.
1433 677 1490 703 Non
1501 677 1571 703 enim
1583 682 1698 712 possunt

901 721 951 738 una
966 713 993 738 in
1008 713 1115 739 civitate
1129 713 1206 739 multi
1222 722 1277 739 rem
1289 722 1318 739 ac
1329 713 1448 740 fortunas
1460 715 1588 745 amittere,
1604 719 1695 740 utnon

899 749 990 784 plures
1005 758 1096 776 secum
1111 751 1138 776 in
1152 750 1273 777 eamdem
1287 750 1464 777 calamitatem
1475 752 1588 778 trahant.
1611 753 1632 778 A
1642 761 1696 786 quo

899 787 1018 821 periculo
1032 787 1170 822 prohibete
1184 788 1393 822 rempublicam,
1414 793 1439 814 et
1458 789 1525 814 mihi
1544 789 1643 815 credite
1657 789 1693 819 id.

898 824 971 859 quod
989 825 1042 859 ipsi
1063 825 1174 852 videtis:
1199 825 1264 851 haec
1282 825 1348 852 fides
1362 831 1442 861 atque
1457 826 1520 852 haec
1535 827 1600 852 ratio
1614 835 1697 861 pecu—

899 862 1013 893 niarum,
1030 871 1099 897 quae
1113 863 1219 894 Romae,
1235 871 1305 898 quae
1316 864 1343 890 in
1354 863 1410 890 foro
1420 868 1549 894 versatur,
1566 864 1695 898 implicita

899 903 939 925 est
956 908 1019 925 cum
1037 900 1092 926 illis
1111 901 1234 935 pecuniis
1252 901 1377 927 Asiaticis
1395 905 1421 927 et
1438 901 1569 927 cohaeret.
1610 902 1696 927 Ruere

898 936 944 963 illa
958 946 1010 963 non
1025 943 1147 972 possunt,
1163 943 1194 964 ut
1207 938 1272 964 haec
1286 948 1338 965 non
1353 939 1445 965 eodem
1458 938 1611 965 labefactata
1622 944 1695 965 motu

898 975 1047 1001 concidant.
1087 975 1175 1007 Quare
1197 976 1298 1007 videte,
1327 985 1392 1002 num
1415 976 1594 1002 dubitandum
1618 977 1696 1002 vobis

898 1012 941 1043 sit,
958 1013 1031 1038 omni
1045 1013 1135 1039 studio
1148 1013 1182 1039 ad
1196 1013 1223 1039 id
1237 1013 1338 1040 bellum
1354 1014 1517 1044 incumbere,
1534 1014 1561 1040 in
1575 1022 1630 1048 quo
1638 1014 1696 1049 glo-

898 1050 936 1076 ria
951 1050 1068 1076 nominis
1082 1051 1178 1081 vestri,
1199 1051 1274 1078 salus
1288 1052 1435 1081 sociorum,
1456 1051 1594 1087 vectigalia
1610 1052 1696 1077 maxi-

899 1096 955 1122 ma,¹
966 1087 1087 1114 fortunae
1101 1087 1279 1123 plurimorum
1294 1089 1395 1115 civium
1409 1089 1565 1115 coniunctae
1579 1097 1639 1115 cum
1655 1098 1696 1115 rc-

898 1124 1005 1159 publica
1024 1125 1210 1152 defendantur.

954 1163 1019 1189 vlu.
1042 1164 1083 1189 20.
1105 1163 1236 1195 Quoniam
1250 1163 1283 1190 de
1296 1172 1394 1199 genere
1408 1163 1472 1190 belli
1486 1163 1556 1195 dixi,
1578 1172 1649 1190 nunc
1663 1163 1697 1190 de

898 1200 1085 1236 magnitudine
1109 1209 1190 1237 pauca
1215 1201 1313 1227 dicam.
1353 1201 1442 1228 Potest
1465 1202 1535 1228 enim
1559 1201 1608 1228 hoc
1626 1202 1693 1227 dici:

898 1237 961 1265 belli
980 1248 1066 1275 genus
1086 1249 1145 1266 esse
1163 1241 1199 1266 ita
1218 1240 1414 1270 necessarium,
1435 1243 1465 1265 ut
1483 1240 1519 1265 sit
1531 1239 1693 1276 gerendum:

897 1285 948 1303 non
964 1285 1023 1303 esse
1038 1278 1073 1303 ita
1084 1287 1222 1313 magnum,
1238 1282 1269 1304 ut
1279 1279 1314 1304 sit
1324 1276 1579 1313 pertimescendum.
1601 1278 1630 1304 ln
1642 1286 1696 1312 quo

897 1315 1014 1341 maxime
1030 1314 1205 1342 laborandum
1219 1320 1271 1347 est,
1289 1324 1321 1342 ne
1336 1316 1402 1342 forte
1415 1324 1445 1342 ea
1459 1316 1550 1345 vobis,
1571 1324 1640 1350 quae
1654 1315 1696 1341 di-

898 1351 1075 1388 ligentissime
1089 1353 1253 1388 providenda
1272 1358 1348 1384 sunt,
1369 1352 1562 1380 contemnenda
1581 1361 1640 1378 esse
1655 1354 1696 1378 vi-

897 1389 1019 1416 deantur.
1041 1390 1137 1425 Atque,
1154 1395 1183 1416 ut
1196 1399 1290 1417 omnes
1304 1390 1463 1426 intelligant,
1480 1399 1523 1417 me
1537 1391 1566 1416 L.
1583 1390 1695 1416 Lucullo

897 1431 1000 1453 tantum
1019 1427 1155 1462 impertire
1174 1428 1275 1459 laudis,
1303 1433 1434 1463 quantum
1455 1428 1515 1454 forti
1534 1428 1592 1454 viro
1609 1432 1635 1454 et
1652 1436 1695 1453 sa-

897 1465 1066 1498 pientissimo
1085 1465 1186 1492 homini
1208 1470 1234 1492 et
1256 1475 1354 1501 magno
1376 1466 1528 1500 imperatori
1551 1465 1692 1491 debeatur:

897 1501 964 1533 dico.
981 1503 1040 1528 eius
1054 1502 1171 1529 adventu
1185 1503 1316 1529 maximas
1328 1503 1489 1529 Mithridatis
1503 1503 1594 1538 copias
1608 1503 1695 1529 omni-

897 1539 948 1565 bus
967 1540 1048 1566 rebus
1067 1545 1171 1566 ornatas
1189 1545 1268 1575 atque
1288 1541 1431 1567 instructas
1446 1540 1530 1566 fuisse
1545 1540 1695 1575 urbemque

897 1577 975 1603 Asiae
994 1577 1172 1604 clarissimam
1194 1579 1325 1613 nobisque
1344 1578 1535 1604 amicissimam
1550 1578 1696 1613 Cyziceno-

897 1623 956 1640 rum
970 1615 1108 1641 obsessam
1123 1624 1182 1642 esse
1195 1616 1228 1641 ab
1242 1616 1302 1650 ipso
1316 1624 1376 1651 rege
1391 1616 1507 1642 maxima
1522 1615 1695 1641 multitudine

897 1657 922 1678 et
939 1657 1120 1688 oppugnatam
1140 1650 1390 1683 vehementissime.
1413 1661 1494 1688 quam
1514 1653 1543 1679 L.
1564 1652 1694 1679 Lucullus

898 1690 1004 1720 virtute,
1021 1690 1187 1721 assiduitate,
1203 1691 1314 1717 consilio
1329 1691 1446 1717 summis
1459 1690 1609 1717 obsidionis
1623 1690 1695 1725 peri-

896 1727 965 1754 culis
987 1727 1123 1754 liberavit:
1158 1729 1200 1754 2⁴.
1226 1728 1258 1754 ab
1282 1728 1374 1754 eodem
1398 1728 1556 1762 imperatore
1579 1727 1693 1753 classem

897 1773 1020 1801 magnam
1036 1770 1061 1792 et
1074 1770 1203 1797 ornatam,
1219 1774 1288 1800 quae
1302 1766 1417 1791 ducibus
1432 1766 1590 1791 Sertorianis
1602 1765 1634 1791 ad
1644 1765 1696 1791 lta-

897 1802 958 1829 liam
983 1803 1073 1829 studio
1097 1802 1260 1829 inflammato
1282 1808 1430 1837 raperetur,
1460 1807 1611 1837 superatam
1635 1811 1694 1828 esse

895 1845 975 1875 atque
989 1840 1158 1875 depressam:
1188 1849 1298 1876 magnas
1319 1841 1436 1866 hostium
1456 1845 1589 1875 praeterea
1604 1841 1693 1874 copias

895 1877 989 1904 multis
1008 1878 1116 1913 praeliis
1135 1886 1194 1904 esse
1218 1878 1332 1909 deletas,
1358 1877 1574 1913 patefactumque
1597 1878 1694 1904 nostris

896 1915 1047 1952 legionibus
1061 1924 1120 1942 esse
1134 1916 1261 1946 Pontum,
1281 1916 1328 1950 qui
1343 1920 1402 1942 ante
1417 1915 1517 1950 populo
1531 1916 1647 1941 Romano
1661 1923 1694 1941 ex

895 1953 967 1979 omni
982 1953 1056 1979 aditu
1070 1953 1180 1979 clausus
1195 1953 1303 1979 fuisset:
1332 1952 1450 1988 Sinopen
1465 1957 1544 1987 atque
1559 1953 1691 1982 Amisum.

895 1991 996 2026 quibus
1015 1991 1042 2017 in
1060 1991 1168 2026 oppidis
1185 1996 1260 2017 erant
1278 1990 1413 2017 domicilia
1428 1991 1498 2025 regis
1512 1990 1638 2016 omnibus
1653 1998 1693 2016 re-

895 2028 946 2055 bus
964 2033 1054 2055 ornata
1073 2033 1153 2063 atque
1171 2028 1279 2058 referta,
1300 2033 1455 2063 ceterasque
1476 2028 1555 2054 urbes
1575 2028 1649 2054 Ponti
1668 2032 1694 2053 ct

895 2066 1077 2101 Cappadociae
1092 2066 1239 2100 permultas
1254 2075 1307 2092 uno
1321 2066 1395 2092 aditu
1410 2070 1490 2100 atque
1503 2065 1619 2091 adventu
1634 2073 1693 2090 esse

894 2108 999 2138 captas:
1020 2112 1125 2139 regem,
1146 2103 1289 2138 spoliatum
1310 2112 1391 2138 regno
1410 2103 1495 2137 patrio
1513 2107 1592 2138 atque
1611 2103 1691 2133 avito,

894 2141 927 2167 ad
941 2141 1008 2167 alios
1023 2149 1052 2167 se
1066 2149 1140 2176 reges
1155 2145 1235 2176 atque
1246 2141 1277 2166 ad
1289 2140 1354 2167 alias
1363 2145 1456 2176 gentes
1467 2140 1618 2175 supplicem
1629 2148 1692 2166 con—

895 2178 1003 2205 tulisse:
1032 2183 1111 2213 atque
1127 2178 1191 2204 haec
1204 2178 1302 2208 omnia,
1318 2178 1401 2204 salvis
1417 2177 1508 2212 populi
1524 2177 1634 2204 Romani
1650 2186 1694 2203 so-

893 2217 943 2242 ciis
962 2220 1041 2250 atque
1065 2216 1174 2251 integris
1199 2215 1389 2249 vectigalibus,
1414 2223 1474 2241 esso
1496 2220 1581 2251 gesta.
1622 2214 1692 2240 Satis

894 2254 987 2288 opinor
1001 2252 1050 2279 boc
1064 2261 1123 2279 csse
1139 2252 1235 2283 laudis,
1251 2257 1330 2287 atque
1345 2253 1388 2283 ita,
1401 2252 1527 2285 Quirites.
1545 2257 1573 2278 ut
1586 2252 1634 2278 hoc
1646 2260 1691 2277 vos

894 2290 1064 2325 intelligatis,
1080 2299 1093 2316 a
1109 2289 1184 2316 nullo
1198 2290 1324 2320 istorum,
1340 2290 1387 2325 qui
1403 2289 1465 2316 huic
1478 2289 1626 2315 obtrectant
1641 2289 1691 2323 legi

893 2333 972 2362 atque
985 2335 1105 2357 caussae.
1119 2328 1148 2353 L.
1162 2327 1304 2353 Lucullum
1318 2327 1442 2353 similiter
1455 2335 1488 2353 ex
1504 2326 1552 2352 hoc
1567 2326 1623 2352 loco
1633 2334 1692 2352 esse

895 2365 1042 2391 laudatum.
1079 2364 1125 2390 lx.
1142 2366 1183 2391 22.
1201 2364 1359 2399 Requiretur
1374 2364 1484 2390 fortasse.
1500 2373 1578 2393 nunc,
1595 2372 1691 2398 quem-

893 2401 1051 2432 admodum.
1067 2410 1153 2436 quum
1169 2402 1233 2427 haec
1248 2403 1282 2427 ita
1297 2402 1364 2432 sint,
1385 2401 1519 2436 reliquum
1536 2402 1619 2435 possit
1635 2410 1691 2427 ma—

891 2448 976 2475 gnum
990 2447 1050 2465 esse
1064 2438 1176 2465 bellum.
1207 2439 1372 2473 Cognoscitc,
1388 2439 1514 2471 Quirites.
1547 2439 1604 2465 Non
1618 2439 1689 2464 enim

893 2478 942 2503 hoc
965 2477 1022 2503 sine
1045 2485 1139 2502 caussa
1162 2477 1255 2511 quaeri
1279 2476 1392 2502 videtur.
1435 2476 1554 2502 Primum
1581 2485 1614 2502 cx
1641 2484 1691 2502 suo

893 2522 974 2549 regno
991 2514 1031 2539 sic
1050 2513 1217 2540 Mithridates
1236 2513 1366 2548 profugit,
1393 2518 1421 2539 ut
1443 2522 1475 2539 ex
1497 2513 1589 2539 eodem
1610 2514 1690 2540 Ponto

892 2552 982 2578 Medea
997 2551 1042 2577 illa
1056 2551 1192 2586 quondam
1208 2551 1359 2586 profugisse
1373 2551 1485 2578 dicitur:
1513 2559 1594 2586 quam
1613 2559 1689 2586 prae-

891 2589 981 2615 dicant
995 2589 1021 2615 in
1037 2588 1098 2623 fuga
1115 2588 1202 2614 fratris
1217 2589 1259 2614 sui
1275 2588 1393 2614 membra
1409 2589 1434 2614 in
1451 2589 1483 2614 iis
1500 2588 1576 2618 locis.
1592 2597 1645 2623 qua
1661 2597 1688 2614 sc

892 2635 988 2661 parens
999 2630 1212 2661 persequeretur,
1229 2626 1413 2660 dissipuvisse,
1427 2630 1455 2652 ut
1465 2634 1558 2652 eorum
1568 2626 1689 2652 collectio

890 2664 1010 2699 dispersa
1030 2672 1185 2698 maerorque
1205 2664 1306 2698 patrius
1324 2663 1484 2690 celeritatem
1509 2663 1687 2698 persequendi

891 2701 1042 2728 retardaret.
1084 2701 1128 2727 Sic.
1148 2701 1313 2727 Mithridates
1332 2701 1451 2736 fugiens,
1472 2701 1616 2727 maximam
1633 2702 1685 2726 vim
