1941 3052
226 143 274 168 5⁸0
688 142 723 167 Η.
760 141 794 166 Μ.

829 140 859 166 Τ.
893 138 1168 166 CttzfittoNts
1201 139 1387 166 ottATto

223 213 302 239 ctimu
321 218 404 238 ventri·
420 213 445 238 in
458 221 498 238 m<-
509 215 604 237 nttontc
615 210 748 236 mulii-ndo
759 210 908 241 benignitas
921 218 1015 244 prove·
1035 213 1045 244 11
1066 209 1092 235 id
1104 214 1192 236 autem
1204 210 1272 236 scire
1283 214 1308 236 et
1321 209 1410 236 videre
1420 218 1521 240 omnes.
1535 218 1586 237 non
1598 209 1683 237 mitte
1694 209 1766 237 nlius
1778 210 1856 238 insti-

226 254 263 275 xtt
273 251 416 275 orationem
430 258 524 275 uicum.

565 248 617 273 Sed
634 248 682 273 hoc
696 247 875 281 compensabo
887 247 1014 272 brevitate
1035 255 1037 283 g
1066 251 1167 277 tumtur,
1179 246 1226 272 sed
1239 251 1267 272 ut
1277 255 1292 273 e

1338 247 1421 273 triciis
1430 252 1514 277 exeat,
1527 253 1552 273 ct
1564 247 1688 274 tribunus
1700 248 1786 283 plebis
1798 248 1854 275 lieri

223 287 281 312 cius
293 287 426 315 orationis,
439 294 506 320 qun(-
519 286 630 319 pertinet
640 285 671 310 ml
685 285 768 318 ipsam
780 284 956 318 cognitionem
970 292 1014 309 ve·
1035 305 1043 319 u
1066 283 1158 317 [masii.
1171 283 1270 310 idcirco
1279 292 1293 309 a
1313 283 1416 318 optari?
1426 292 1512 319 neque
1524 284 1550 311 id
1561 284 1682 311 obscure.
1714 285 1780 311 Nam
1791 284 1856 312 ndo-

223 328 318 349 strum:
340 332 408 357 quae
419 332 503 356 quum
515 323 549 347 sit
562 322 587 347 in
605 322 647 347 ius
663 321 812 355 religionis,
829 325 855 346 ct
870 321 896 346 in
909 320 951 346 ius
963 321 1014 346 rei·
1041 328 1043 345 1
1065 325 1166 355 ptatum
1178 321 1339 355 emancipari
1350 321 1454 351 statim,
1471 330 1504 348 ne
1514 322 1618 348 siteius
1629 322 1715 351 lilius.
1731 321 1855 356 qui-‹10-

224 360 346 395 puhlicao
356 360 509 388 distributa,
524 358 660 392 religionis
672 363 785 392 partem,
797 366 867 392 quac
878 357 962 383 multo
973 362 1012 383 est
1034 349 1043 409 ἰ

224 397 371 427 wrhosior,
390 396 612 430 prun-terminetis.
630 394 662 420 de
674 396 731 420 iure
742 394 903 429 reipublicae
914 394 1010 420 dicam.

223 437 262 459 33.
281 433 350 464 Quid
361 438 400 458 cst
411 433 480 458 cuim
492 437 536 458 aut
548 437 599 458 tam
612 441 749 467 arrogans,
767 440 847 466 quam
863 431 896 457 de
906 431 1013 466 religio-

223 480 268 500 ne,
285 470 318 495 «lo
335 470 414 496 rebus
429 469 542 499 divinis.
560 469 741 500 caerimoniis,
758 469 839 495 sacris
856 469 1010 504 pontilicum

1040 416 1042 482 i

1065 357 1152 391 ptarit.
1172 358 1226 384 Cur
1235 366 1298 393 ergo
1308 357 1464 392 adoptatur?
1475 358 1582 393 probate
1591 367 1678 394 genus
1688 358 1852 393 adoptionis:

1065 395 1116 420 iam
1132 395 1253 421 omnium
1268 403 1342 421 sacra
1359 395 1518 426 interierint.
1540 404 1655 431 quorum
1669 396 1794 423 custodes
1807 404 1854 422 vos

1063 439 1122 457 csse
1137 431 1254 462 debetis.
1276 432 1328 458 iam
1345 432 1472 467 patricius
1488 441 1566 459 nemo
1586 432 1760 468 relinquetur.
1801 434 1855 460 cur

1063 469 1133 495 enim
1149 470 1293 504 quisquam
1310 469 1401 499 vellet,
1426 469 1564 496 tribunum
1581 469 1667 504 plebis
1681 478 1711 496 se
1725 470 1781 497 lieri
1803 479 1854 497 non

221 507 362 541 collegium
379 507 472 532 docere
488 507 589 538 conari:
608 511 653 532 aut
668 511 719 532 tam
731 505 858 536 stultum,
876 514 970 541 quam,
988 506 1010 532 si
1040 507 1041 539 j
1064 505 1159 532 licere?
1178 507 1359 541 angustiorem
1374 507 1426 533 sibi
1441 515 1500 533 esso
1515 507 1668 541 petitionem
1683 506 1856 534 consulatu-⁴?

1039 543 1041 580 j
1063 543 1089 569 in
1100 543 1277 570 sacerdotium
1289 552 1374 578 quum
1386 544 1470 578 possit
1481 545 1585 574 venire,
1601 545 1665 579 quia
1681 544 1790 579 patricio
1802 553 1854 571 non

220 545 281 579 quis
293 544 358 578 quid
371 544 397 570 in
410 544 504 569 vestris
518 543 592 569 libris
605 544 748 573 invenerit,
765 543 791 569 id
804 552 908 569 narrare
920 543 1009 575 vobis3

220 586 265 607 aut
276 585 328 607 tum
339 581 484 611 curiosum,
497 589 578 615 quam
589 589 618 606 ea
630 581 698 607 scire
709 580 787 611 velle,
799 580 832 606 de
843 580 944 615 quibus
955 589 1011 606 ma·
1032 578 1040 603 l.

220 626 288 644 iores
313 618 394 644 nostri
416 627 462 644 vos
483 617 552 644 solos
567 622 593 644 et
606 617 709 644 consuli
725 622 751 644 et
765 618 832 644 scire
853 616 1012 643 voluerunt?
1032 615 1033 644 Ῐ

219 655 288 681 xm.
307 655 378 689 Nego
391 656 508 690 potuisse
521 655 576 681 iure
589 655 709 690 publico,
729 655 834 690 legibus
850 655 896 685 iis,
909 655 1010 689 quibus
1032 656 1033 667 ¹

220 692 283 718 hacc
298 692 392 718 civitas
408 693 506 723 utitur,
527 701 690 727 quemquam
705 693 791 718 civem
808 692 862 718 ulla
878 691 1009 718 eiusmodi
1032 695 1033 706 ¹

218 730 366 756 calamitate
377 729 645 760 affici‚sineiu‹1iei0;
659 729 707 756 boc
719 730 785 755 iuris
796 730 822 755 in
835 729 882 755 hac
893 729 1008 759 civitate,

218 767 297 792 etiam
310 771 375 797 tum,
388 775 473 801 quum
486 775 561 801 reges
572 771 670 797 essent,
683 767 742 793 dico
754 766 850 793 fuisse:
873 766 922 792 hoc
933 766 1010 792 nobis

1032 717 1040 733 ι
1062 729 1144 759 bebit,
1158 738 1204 756 nec
1214 738 1246 756 ex
1258 735 1330 764 parte
1340 730 1451 756 dimidia
1465 730 1582 765 reliquos
1592 729 1754 760 sacerdotes.
1767 738 1855 766 neque

1063 580 1085 606 is
1100 581 1135 607 sit
1151 581 1238 611 locus,
1255 590 1307 607 non
1324 581 1432 608 ventre?
1453 581 1485 608 Ut
1498 582 1596 616 cuique
1607 580 1710 616 aliquid
1719 580 1853 612 acciderit.

1061 626 1143 652 quare
1163 618 1330 644 commodius
1348 619 1383 645 sit
1402 627 1461 645 esse
1481 618 1629 654 plebeium.
1651 618 1735 645 simili
1755 618 1855 645 ratione

1038 678 1040 682 .
1061 654 1240 690 adoptabitur.
1274 657 1315 682 38.
1330 656 1364 682 lta
1376 655 1494 690 populus
1504 656 1640 682 Romanus
1651 655 1726 682 brevi
1737 660 1855 690 temporo

218 812 276 830 csse
287 813 301 830 a
313 804 459 830 maioribus
471 803 609 830 traditum:
624 804 672 830 hoc
682 812 740 830 esse
750 804 1009 838 deniqueproprium
1032 818 1040 841 l.

220 841 316 867 liberae
332 841 460 871 civitatis,
483 846 511 867 ut
527 841 592 867 nihil
609 841 642 867 (lc
657 842 742 875 capite
753 841 821 867 civis
832 845 878 867 aut
888 841 920 867 de
933 841 1010 867 bonis
1031 841 1033 858 ¹

217 879 276 904 sine
288 878 387 905 iudicio
397 883 504 904 senatus
516 883 560 904 aut
573 878 665 913 populi
677 883 722 904 aut
732 879 889 913 corum,qui
900 878 932 904 de
943 886 1010 913 qua-

217 923 271 949 que
282 924 308 942 re
319 917 454 942 constituti
468 915 569 941 iudices
580 916 647 946 sint,
661 915 762 942 detrahi
777 916 870 950 possit.
911 916 952 942 34.
965 915 1010 941 Vi-

211 953 312 983 ·desne,
327 961 368 979 mc
381 962 431 979 non
444 953 570 979 radicitus
581 952 693 979 evellere
704 961 796 980 omnes
806 953 922 979 actiones
935 952 1012 979 tuas?

218 998 304 1024 neque
316 989 383 1016 illud
394 999 484 1025 agere,
501 990 573 1024 quod
584 994 704 1024 apertum
716 994 768 1020 est.
786 994 811 1016 te
822 990 931 1016 omnino
943 989 1009 1016 nihil

217 1027 334 1062 gessisse
350 1028 420 1057 iure,
445 1036 495 1053 non
507 1027 591 1053 l'uissc
603 1028 739 1054 tribunum
753 1026 858 1062 plebis?
880 1027 929 1053 hoc
939 1027 1007 1058 dico,

216 1072 275 1090 esse
287 1065 438 1099 patricium.
455 1065 518 1091 Dico
527 1064 598 1099 apud
611 1065 761 1099 pontifices:
775 1073 889 1100 augures
901 1064 1008 1090 adsunt:
1032 1076 1033 1085 ι

218 1110 308 1128 versor
318 1102 345 1128 in
357 1102 444 1128 medio
455 1102 512 1128 iure
525 1102 641 1136 publico.
663 1101 738 1134 Quod
750 1107 798 1132 est,
808 1102 954 1136 pontifices,
967 1102 1010 1128 ius

216 1138 384 1173 adoptionis?
404 1148 499 1174 nempe
512 1145 539 1166 ut
551 1140 574 1166 is
585 1139 704 1174 adoptet,
717 1140 763 1174 qui
777 1148 863 1174 neque
874 1147 1010 1174 procreare
1032 1143 1033 1147 ’

216 1176 269 1202 iam
285 1175 382 1202 liberos
397 1177 493 1211 possit,
515 1181 553 1206 et,
576 1185 660 1211 quum
677 1177 805 1211 potuerit,
827 1177 862 1203 sit
873 1181 1008 1211 expertus.

216 1212 289 1245 Quae
306 1213 402 1240 deinde
418 1222 511 1240 caussa
526 1215 624 1249 cuique
639 1215 673 1240 sit
684 1214 847 1248 adoptionis,
865 1222 934 1248 quae
945 1214 1010 1240 ratio

215 1259 343 1286 generum
356 1259 384 1277 ac
396 1251 546 1286 dignitatis,
566 1260 635 1286 quae
647 1260 780 1278 sacrorum
789 1272 795 1282 ,
812 1252 906 1286 quaeri
918 1260 931 1277 a
943 1259 1011 1285 pon-

215 1288 318 1314 tificum
329 1287 441 1324 collegio
451 1288 528 1315 solet.
549 1288 619 1320 Quid
632 1293 672 1315 est
683 1289 776 1315 horum
790 1289 817 1315 in
829 1289 878 1315 ista
889 1288 1010 1323 adoptio·
1032 1294 1033 1325 g

215 1333 248 1351 ne
259 1325 430 1360 quaesitum?
441 1326 553 1360 Adoptat
564 1334 647 1352 annos
658 1327 755 1361 viginti
767 1331 854 1357 natus,
868 1326 947 1352 etiam
959 1326 1010 1352 mi-
1032 1342 1033 1351 i

480 1363 671 1389 Liberorumne
690 1363 802 1389 caussa?
821 1363 854 1390 At
874 1371 1010 1398 procreare
1032 1360 1033 1386 ἶ

215 1404 311 1434 potest.
338 1399 421 1426 Habet
432 1409 556 1427 uxorem:
570 1401 688 1435 suscepit
699 1401 778 1426 etiam
791 1400 898 1427 liberos.
919 1400 1010 1427 Exbe-
1032 1402 1033 1410 ¹

216 1371 264 1389 nor
282 1367 439 1388 senatoressl.

215 1437 317 1463 redabit
327 1437 409 1472 igitur
420 1442 493 1472 pater
503 1438 599 1464 filium.
621 1437 711 1470 Quid?
720 1447 793 1464 sacra
805 1438 911 1465 Clodiae
922 1438 1009 1474 gentis

213 1483 262 1501 cur
273 1474 418 1505 intereunt,
432 1475 504 1510 quod
516 1476 542 1501 in
555 1479 578 1501 te
590 1475 648 1502 est‘?
661 1484 730 1510 quae
742 1476 830 1502 omnis
841 1476 912 1502 notio
923 1475 1011 1510 ponti-

215 1512 304 1542 ficum,
317 1520 403 1546 quum
413 1512 642 1548 adoptarere,esse
652 1513 755 1539 debuit.
777 1515 818 1539 35.
831 1513 888 1539 Nisi
901 1512 966 1539 sorte
977 1521 1010 1539 ex

214 1553 239 1575 te
256 1549 291 1575 ita
306 1550 459 1584 quaesitum
479 1554 531 1581 est,
554 1559 619 1576 num
640 1550 795 1585 perturbare
815 1549 1009 1585 rempublicam

213 1585 393 1612 seditionibus
404 1586 488 1614 velles
496 1608 502 1618 ,
525 1592 550 1614 et
560 1588 594 1614 ob
605 1596 662 1614 eam
673 1596 795 1614 caussam
806 1587 934 1622 adoptari,
957 1595 1009 1614 non

214 1627 243 1650 ut
257 1624 316 1650 eius
331 1623 403 1650 lilius
418 1632 504 1655 esses,
527 1625 573 1651 sed
590 1629 619 1652 ut
634 1625 758 1651 tribunus
779 1625 866 1660 plebis
888 1624 965 1651 fieres
984 1628 1010 1651 et

214 1659 337 1687 funditus
348 1665 480 1688 everteres
493 1662 638 1688 civitatem.

213 1698 248 1724 ita
260 1697 340 1724 velle.
373 1698 547 1726 Pontificibus
559 1699 627 1726 bona
638 1707 732 1726 caussa
743 1700 800 1726 visa
811 1704 864 1725 est:
878 1698 1010 1734 approba-

213 1739 319 1761 verunt.
341 1735 398 1761 Non
411 1740 481 1762 aetas
493 1737 560 1767 eius,
572 1737 619 1771 qui
630 1736 779 1771 adoptabat,
792 1737 912 1771 quaesita
923 1741 971 1767 est,
980 1740 1010 1762 ut

214 1771 242 1798 in
253 1771 302 1798 Cn.
314 1772 429 1803 Aufidio,
444 1773 479 1799 M.
491 1773 590 1808 Pupio:
603 1782 718 1808 quorum
730 1778 842 1808 uterque
854 1778 942 1800 nostra
953 1781 1010 1799 me-

214 1809 306 1840 moria,
322 1818 427 1836 summa
438 1815 582 1841 senectute,
596 1811 661 1837 alter
671 1810 800 1841 Orestem,
814 1810 1008 1837 alterPisonem

213 1845 357 1880 adoptavit.
376 1846 447 1878 Quas
459 1847 622 1882 adoptiones
630 1848 700 1874 sicut
710 1847 776 1874 alias
786 1847 1005 1878 innumerabiles,

213 1882 374 1910 hereditates
386 1885 511 1916 nominis,
525 1886 662 1919 pecuniae,
671 1893 806 1911 sacrorum
817 1890 922 1911 secutae
933 1890 1007 1911 sunt.

213 1920 254 1946 Tu
264 1929 352 1956 neque
363 1921 488 1947 Fonteius
500 1930 537 1952 es,
551 1923 598 1957 qui
609 1930 667 1948 esse
678 1921 809 1948 debebas:
826 1931 913 1957 neque
925 1923 1008 1957 patris

214 1957 306 1984 heres:
324 1966 424 1993 neque,
438 1959 545 1985 amissis
556 1960 639 1985 sacris
650 1960 775 1994 paternis,
790 1960 816 1986 in
829 1960 892 1986 haec
903 1960 1008 1994 adopti-
1030 1972 1032 1988 ι

215 2003 246 2020 va
258 1995 366 2021 venisti.
396 1996 433 2022 lta
446 1997 607 2030 perturbatis
618 1997 710 2027 sacris,
723 1998 910 2023 contaminatis
920 1998 1008 2032 genti-

213 2031 274 2063 bus,
287 2037 313 2058 et
323 2041 404 2067 quam
415 2033 566 2064 deseruisti,
579 2038 603 2060 et
614 2042 694 2068 quam
707 2034 836 2068 polluisti,
849 2035 907 2061 iure
917 2035 1008 2066 Quiri—

213 2069 281 2095 tium
294 2069 413 2105 legitimo
423 2070 564 2097 tutelarum
576 2075 601 2097 et
612 2071 789 2097 hereditatum
800 2071 903 2102 relicto,
921 2071 1006 2098 factus

213 2114 242 2132 es
254 2107 312 2133 eius
323 2106 396 2133 tilius
406 2113 494 2134 contra
508 2108 559 2139 t'as,
576 2109 654 2134 cuius
671 2117 718 2143 per
732 2113 842 2135 aetatem
859 2113 934 2144 pater
947 2117 1007 2135 esse

214 2144 334 2178 potuisti.

213 2180 382 2215 adoptionem
394 2182 528 2216 pontificio
539 2184 596 2209 iure
606 2191 664 2208 esse
677 2183 785 2209 saetam:
800 2183 1007 2218 primum,quod

215 2225 259 2244 eae
271 2223 373 2245 vestrae
383 2220 436 2245 sint
447 2225 552 2251 aetates,
567 2225 595 2246 ut
606 2221 638 2250 is,
651 2221 698 2255 qui
710 2225 734 2246 te
746 2220 881 2255 adoptavit
893 2220 949 2247 loco
960 2230 1008 2256 pa—

214 2255 270 2286 tris,
284 2255 326 2282 vel
337 2256 384 2282 filii
396 2257 444 2283 tibi
457 2257 513 2284 loco
524 2266 570 2292 per
581 2262 692 2284 aetatem
703 2266 762 2284 esse
774 2258 897 2292 potuerit,
912 2258 953 2284 vel
964 2267 1004 2288 eo,

213 2300 267 2327 quo
282 2292 347 2319 suit:
369 2293 466 2321 deinde
481 2294 553 2329 quod
567 2303 660 2321 caussa
671 2295 763 2329 quaeri
774 2295 841 2322 solet
852 2295 1004 2330 adoptandi,

214 2334 243 2356 ut
254 2334 278 2356 et
289 2330 312 2356 is
323 2330 441 2365 adoptet,
455 2333 511 2366 qui,
524 2332 597 2367 quod
609 2337 702 2358 natura
712 2333 765 2358 iam
776 2333 884 2368 assequi
897 2341 947 2359 non
959 2341 1008 2367 po—

214 2371 276 2397 test,
295 2372 320 2393 ct
336 2367 456 2403 legitimo
466 2374 491 2395 et
503 2369 636 2404 pontificio
648 2369 705 2395 iure
715 2374 840 2404 quaerat:
861 2375 886 2396 et
897 2371 932 2396 ita
944 2370 1006 2396 ado-

215 2407 281 2437 ptet,
300 2409 329 2430 ut
344 2413 377 2431 ne
391 2406 458 2440 quid
472 2411 517 2432 aut
532 2406 565 2432 de
581 2406 710 2442 dignitate
723 2415 853 2442 generum
863 2411 909 2434 aut
920 2407 953 2434 de
963 2415 1008 2433 sa-

214 2448 319 2467 crorum
334 2441 461 2477 religione
477 2444 626 2470 minuatur:
648 2443 716 2470 illud
731 2445 758 2470 in
774 2445 881 2479 primis,
904 2453 938 2471 ne
952 2452 1006 2479 qua

214 2476 360 2509 calumnia,
374 2487 406 2505 ne
417 2488 470 2515 qua
481 2480 563 2511 fraus,
577 2489 609 2507 ne
621 2481 684 2516 quis
695 2480 773 2507 dolus
783 2481 955 2508 adhibeatur:
976 2485 1006 2507 ut

215 2513 279 2555 haec
299 2515 424 2543 simulata
443 2517 550 2552 adoptio
571 2518 619 2544 tilii
633 2526 715 2552 quam
733 2519 850 2545 maxime
867 2520 1005 2545 veritatem

214 2549 287 2576 illam
299 2553 531 2586 suscipiendorum
543 2554 686 2581 liberorum
697 2555 797 2581 imitata
808 2564 867 2582 esse
873 2556 1004 2582 videatur.

215 2587 256 2613 37.
272 2587 344 2619 Quae
355 2590 438 2616 maior
447 2591 579 2618 calumnia
590 2597 642 2622 est,
659 2600 740 2626 quam
756 2594 845 2619 venire
857 2593 1005 2619 imberbem

678 1662 862 1697 Respondisti,
879 1661 971 1692 credo,
985 1665 1009 1687 te
1030 1678 1033 1700 Ι

375 2144 444 2171 xlv.
462 2147 503 2171 36.
526 2145 670 2172 Dicoanid
700 2146 834 2172 ontilices:
850 2154 901 2172 netv
928 2147 1006 2172 istam
1029 2156 1031 2164 ι

615 2154 622 2180 ¹
682 2154 699 2179 p
883 2155 918 2182 ³⁰
1029 2166 1031 2195 μ’
1059 2183 1159 2219 ligioue
1184 2191 1301 2219 augures
1326 2188 1411 2210 totum
1435 2187 1559 2209 evertunt
1577 2182 1743 2209 tribunatum
1763 2186 1852 2212 tuum,

214 2623 456 2657 adolescentulum,
474 2628 541 2654 bene
556 2628 688 2655 valentem
703 2637 734 2655 ac
744 2631 884 2656 maritum:
906 2630 1002 2660 dicere,

216 2660 301 2688 lilium
316 2667 464 2691 senatorem
479 2665 571 2700 populi
587 2666 698 2692 Romani
713 2666 765 2692 sibi
781 2666 850 2693 velle
865 2666 1002 2702 adoptare:

1062 700 1148 727 neque
1159 701 1248 728 regem
1260 701 1404 723 sacrorum.
1418 701 1505 728 neque
1516 692 1645 723 flamines.
1658 701 1707 719 nec
1715 692 1796 720 salios
1807 692 1855 719 ba-

1061 771 1181 793 auctores
1206 767 1413 793 centuriatorum
1439 772 1464 794 et
1486 768 1648 794 curiatorum
1670 767 1853 794 comitiorum:

1061 804 1234 839 auspiciaque
1255 804 1346 839 populi
1367 805 1491 835 Romani,
1515 806 1538 831 si
1560 805 1731 841 magistratus
1751 805 1854 839 patricii

1061 842 1140 867 creati
1157 850 1208 868 non
1224 842 1291 872 sint.
1309 842 1437 868 intereant
1454 851 1562 869 necesse
1572 847 1626 873 est,
1642 850 1728 877 quum
1739 842 1855 868 interrex

1038 878 1040 883 ’
1062 878 1154 905 nullus
1165 879 1213 909 sit.
1226 878 1298 913 quod
1309 884 1335 905 et
1345 879 1434 914 ipsum
1446 880 1587 914 patricium
1598 888 1672 910 esse,
1684 884 1734 906 eta
1745 879 1856 914 patricio

1038 930 1040 935 ·
1062 915 1137 950 prodi
1154 924 1262 942 necesse
1277 921 1326 942 est.

1367 917 1426 943 Dixi
1442 917 1513 951 apud
1530 916 1681 951 pontifices.
1699 917 1776 943 istam
1790 916 1856 943 ado-

1062 954 1178 987 ptionem
1191 953 1265 979 nullo
1275 953 1380 980 decreto
1391 953 1472 980 huius
1482 954 1588 989 collegii
1600 954 1735 988 probatam
1743 974 1750 984 ,
1765 958 1854 980 contra

1061 999 1139 1016 omne
1155 990 1320 1025 pontificium
1337 992 1379 1017 ius
1394 990 1502 1022 factam,
1520 1000 1567 1026 pro
1583 991 1666 1018 nihilo
1680 999 1739 1017 esse
1754 990 1856 1017 baben-

1061 1027 1136 1054 dam:
1158 1036 1211 1062 qua
1223 1028 1340 1059 sublata,
1353 1029 1490 1064 intelligis.
1505 1033 1587 1055 totum
1601 1029 1765 1055 tribunatum
1777 1033 1854 1055 tuum

1061 1064 1219 1091 concidisse.
1250 1065 1307 1091 XV.
1320 1067 1360 1092 39.
1379 1065 1459 1092 Venio
1474 1066 1506 1092 ad
1521 1074 1645 1102 augures.
1675 1065 1795 1098 Quorum
1806 1074 1856 1100 ego

1062 1101 1156 1133 libros,
1170 1102 1193 1128 si
1205 1102 1251 1137 qui
1264 1107 1327 1129 sunt
1337 1103 1478 1133 reconditi.
1492 1112 1544 1130 non
1555 1108 1670 1130 scrutor:
1692 1112 1743 1130 non
1753 1111 1814 1129 sum
1827 1103 1853 1129 in

1061 1139 1228 1174 exquirendo
1238 1140 1296 1166 iure
1307 1149 1440 1176 augurum
1451 1141 1584 1167 curiosus.
1625 1141 1706 1171 llaec,
1722 1148 1791 1175 quae
1803 1148 1854 1166 una

1061 1185 1122 1203 cum
1134 1176 1234 1211 populo
1244 1177 1340 1208 didici,
1353 1186 1422 1212 quae
1432 1186 1510 1212 saepe
1521 1179 1548 1204 in
1559 1177 1734 1204 concionibus
1745 1185 1856 1212 respon-

1061 1223 1090 1241 sa
1100 1219 1172 1245 sunt,
1186 1214 1257 1240 novi.
1288 1215 1392 1250 Negant
1403 1215 1442 1241 tas
1453 1224 1511 1241 esse
1522 1216 1564 1251 agi
1576 1223 1637 1241 cum
1649 1214 1756 1249 populo.
1769 1223 1854 1249 quum

1061 1251 1094 1278 de
1104 1251 1178 1278 caelo
1187 1256 1323 1278 servatum
1335 1253 1380 1278 sit.
1419 1252 1478 1284 Quo
1491 1252 1535 1278 die
1550 1252 1583 1278 de
1599 1257 1623 1278 te
1640 1251 1683 1278 lex
1691 1252 1791 1278 curiata
1804 1251 1854 1277 lata

1061 1297 1121 1315 esse
1140 1289 1255 1319 dicatur,
1276 1289 1359 1315 audes
1380 1298 1476 1325 negare
1495 1290 1527 1315 de
1543 1289 1616 1316 caelo
1630 1297 1690 1315 esse
1701 1288 1856 1315 servatum?

1061 1326 1143 1353 Adest
1155 1334 1280 1361 praesens
1290 1327 1332 1352 vir
1342 1327 1472 1363 singulari
1484 1327 1591 1357 virtute,
1599 1327 1754 1355 constantia.
1766 1326 1856 1362 gravi-

1062 1368 1112 1390 tate
1123 1363 1274 1398 praeditus,
1291 1364 1326 1390 M.
1339 1364 1462 1390 Bibulus.
1503 1364 1579 1390 Hunc
1592 1363 1729 1390 consulem
1740 1363 1787 1390 illo
1796 1364 1856 1398 ipso

1061 1401 1104 1427 die
1119 1401 1249 1428 contendo
1264 1410 1386 1428 servasse
1400 1401 1433 1428 de
1449 1401 1529 1428 caclo.
1569 1401 1674 1428 lnlirma
1688 1406 1751 1427 sunt
1762 1401 1853 1436 igitur.

1062 1443 1105 1465 tua
1116 1439 1261 1469 sententia,
1278 1443 1334 1465 acta
1345 1439 1375 1466 C.
1388 1439 1522 1469 Caesaris,
1536 1439 1586 1465 viri
1599 1437 1757 1465 fortissimi?
1775 1438 1856 1464 Mini-

1062 1485 1114 1502 me.
1130 1476 1223 1510 Neque
1234 1476 1306 1502 enim
1317 1485 1374 1502 mea
1386 1477 1439 1502 iam
1450 1476 1599 1511 quidquam
1611 1477 1728 1505 interest.
1736 1475 1855 1510 exceptis

1062 1513 1104 1540 his
1120 1513 1194 1544 telis,
1216 1522 1286 1548 quae
1301 1522 1334 1540 ex
1349 1513 1423 1540 illius
1438 1513 1588 1540 actionibus
1603 1514 1630 1539 in
1646 1521 1737 1539 meum
1757 1520 1855 1547 corpus

1060 1551 1182 1577 immissa
1197 1555 1270 1577 sunt.
1311 1552 1352 1578 40.
1375 1551 1427 1578 Sed
1441 1551 1505 1577 haec
1517 1550 1550 1577 de
1565 1551 1708 1585 auspiciis,
1723 1558 1792 1585 quae
1807 1558 1856 1585 ego

1061 1596 1133 1614 nunc
1144 1588 1308 1622 perbreviter
1318 1589 1426 1623 attingo,
1441 1593 1496 1614 acta
1506 1593 1594 1614 sunta
1604 1592 1638 1614 te.
1660 1587 1710 1617 Tu,
1723 1592 1769 1614 tuo
1779 1595 1856 1622 prae—

1060 1626 1187 1660 cipitante
1197 1626 1250 1651 iam
1261 1630 1287 1651 et
1296 1625 1434 1652 debilitato
1449 1625 1599 1654 tribunatu,
1617 1625 1798 1659 auspiciorum
1808 1632 1855 1658 pa-

1061 1667 1153 1689 tronus
1163 1662 1254 1688 subito
1265 1662 1405 1688 exstitisti:
1426 1667 1454 1688 tu
1466 1662 1502 1688 M.
1514 1662 1640 1688 Bibulum
1652 1662 1679 1688 in
1689 1662 1852 1691 concionem,

1061 1705 1090 1726 tu
1104 1707 1219 1735 augures
1234 1699 1396 1734 produxisti.
1436 1699 1472 1725 Te
1487 1700 1664 1734 interrogante
1678 1706 1793 1734 augures
1814 1706 1855 1725 re-

1060 1737 1226 1771 sponderunt
1234 1757 1240 1767 ,
1252 1745 1337 1771 quum
1349 1736 1382 1763 de
1392 1737 1465 1763 caelo
1475 1741 1610 1762 servatum
1622 1736 1669 1765 sit,
1681 1744 1743 1762 cum
1755 1735 1856 1770 populo

1060 1774 1103 1809 agi
1114 1782 1166 1800 non
1178 1782 1267 1808 posse.
1298 1774 1358 1800 Tibi
1369 1774 1404 1800 M.
1416 1773 1530 1800 Bibulus
1539 1774 1687 1808 quaerenti,
1700 1781 1729 1799 se
1739 1772 1772 1798 de
1782 1772 1855 1799 caelo

1060 1819 1191 1841 servasse.
1214 1811 1365 1846 respondit:
1387 1810 1514 1846 idemque
1534 1811 1562 1837 in
1577 1811 1702 1837 concione
1717 1809 1798 1840 dixit,
1820 1810 1854 1836 ab

1059 1849 1159 1883 Appio,
1174 1848 1252 1874 fratre
1264 1853 1321 1879 tuo,
1335 1848 1495 1882 productus,
1508 1852 1533 1874 te
1544 1848 1666 1878 omnino,
1682 1846 1755 1882 quod
1764 1852 1853 1873 contra

1060 1886 1179 1920 auspicia
1191 1885 1331 1920 adoptatus
1342 1893 1428 1916 esses,
1445 1885 1583 1911 tribunum
1597 1884 1683 1919 plebis
1695 1893 1747 1911 non
1759 1883 1852 1910 tuisse.

1060 1923 1115 1949 Tua
1129 1922 1246 1957 denique
1256 1923 1344 1949 omnis
1355 1923 1422 1949 actio
1434 1922 1626 1957 posterioribus
1636 1922 1776 1948 mensibus
1787 1921 1851 1948 fuit:

1059 1960 1161 1991 omnia,
1178 1968 1248 1995 quae
1263 1960 1292 1987 C.
1305 1959 1401 1987 Caesar
1414 1960 1526 1995 egisset,
1544 1959 1617 1994 quod
1631 1963 1721 1985 contra
1735 1959 1855 1993 auspicia

1060 2002 1148 2024 essent
1163 2002 1232 2027 acta,
1255 2005 1302 2032 per
1317 2002 1440 2023 senatum
1455 1996 1570 2023 rescindi
1585 2001 1719 2031 oportere:
1741 1995 1814 2030 quod
1829 1995 1854 2022 si

1060 2035 1146 2065 lieret,
1160 2034 1280 2065 dicebas,
1299 2039 1324 2060 te
1335 2034 1389 2060 tuis
1401 2034 1522 2060 humeris
1533 2042 1575 2060 me
1585 2032 1724 2060 custodem
1736 2032 1815 2060 Urbis
1825 2033 1853 2059 in

1059 2072 1157 2098 Urbem
1167 2071 1326 2098 relaturum.
1351 2071 1444 2098 Videte
1456 2071 1572 2098 hominis
1583 2071 1735 2102 amentiam,
1748 2069 1796 2096 ubi
1806 2078 1854 2105 per

1059 2117 1140 2135 suum
1161 2109 1326 2135 tribunatum
1342 2108 1463 2136 Caesaris
1482 2109 1548 2135 actis
1568 2107 1689 2144 illigatus
1709 2112 1852 2134 teneretur.

1060 2147 1101 2173 tt.
1119 2146 1148 2173 Si
1159 2151 1184 2172 et
1194 2154 1330 2173 sacrorum
1342 2147 1400 2172 iure
1410 2145 1561 2181 pontifices.
1580 2149 1605 2172 et
1619 2145 1801 2179 auspiciorum
1811 2152 1854 2171 re-

1058 2220 1126 2256 quid
1139 2222 1246 2256 quaeris
1261 2220 1397 2255 amplius?
1415 2229 1448 2247 an
1463 2221 1543 2246 etiam
1557 2220 1676 2254 apertius
1691 2218 1800 2254 aliquod
1809 2219 1854 2245 ius

1059 2257 1151 2293 populi
1167 2262 1247 2292 atque
1264 2257 1373 2293 legum?
1400 2257 1470 2284 XVI.
1492 2258 1558 2284 Hora
1574 2256 1686 2283 fortasse
1705 2261 1780 2283 sexta
1798 2256 1854 2283 diei

1058 2299 1172 2330 questus
1181 2303 1243 2321 sum
1254 2295 1282 2321 in
1294 2294 1403 2325 iudicio,
1415 2303 1501 2329 quum
1513 2294 1542 2321 C.
1553 2294 1710 2324 Antonium,
1722 2293 1853 2329 collegam

1057 2341 1157 2363 meum,
1170 2331 1350 2362 defenderem,
1362 2332 1494 2367 quaedam
1504 2331 1538 2358 de
1547 2330 1693 2366 republica,
1705 2338 1775 2365 quae
1784 2329 1853 2357 mibi

1057 2370 1116 2396 visa
1127 2369 1236 2396 suntad
1246 2369 1321 2396 illius
1332 2369 1424 2395 miseri
1433 2377 1557 2395 caussam
1568 2369 1709 2403 pertinere.
1724 2368 1794 2394 Haec
1804 2367 1854 2394 bo-

1057 2407 1144 2433 mines
1159 2406 1276 2442 improbi
1291 2406 1324 2432 ad
1339 2406 1470 2441 quosdam
1486 2406 1558 2432 viros
1573 2404 1653 2431 fortes
1668 2404 1746 2440 longe
1764 2403 1850 2435 aliter,

1057 2448 1137 2479 atque
1156 2452 1172 2470 a
1191 2452 1234 2470 me
1248 2443 1318 2470 dicta
1333 2448 1415 2474 erant,
1436 2442 1599 2469 detulerunt.
1638 2442 1707 2468 Hora
1722 2450 1790 2468 nona
1805 2440 1853 2468 illo

1057 2481 1116 2516 ipso
1125 2481 1169 2508 die
1180 2485 1210 2507 tu
1219 2489 1248 2507 es
1259 2480 1409 2515 adoptatus.
1449 2479 1491 2511 Si.
1509 2479 1582 2514 quod
1595 2480 1623 2506 in
1638 2479 1732 2512 ceteris
1744 2478 1852 2514 legibus

1057 2519 1158 2545 trinum
1172 2517 1326 2544 nundinum
1340 2526 1400 2544 esse
1414 2521 1528 2552 oportet,
1545 2516 1574 2543 id
1589 2516 1616 2542 in
1630 2516 1771 2550 adoptione
1784 2515 1851 2542 satis

1057 2560 1104 2586 est,
1113 2556 1194 2582 trium
1205 2563 1264 2581 esse
1275 2555 1413 2581 horarum:
1426 2553 1493 2580 nihil
1504 2553 1679 2588 reprehendo.
1699 2552 1746 2579 Sin
1755 2552 1850 2579 eadem

1055 2592 1222 2619 observanda
1237 2596 1313 2618 sunt:
1335 2592 1360 2618 si
1373 2591 1491 2618 decrevit
1504 2595 1627 2621 senatus,
1645 2590 1681 2616 M.
1693 2590 1772 2616 Drusi
1782 2589 1850 2625 legi-

1056 2630 1121 2661 bus,
1139 2637 1208 2665 quae
1222 2633 1312 2656 contra
1327 2628 1413 2664 legem
1425 2627 1565 2655 Caeciliam
1580 2632 1605 2653 et
1615 2627 1718 2653 Didiam
1730 2626 1849 2653 lataees-
1893 2648 1899 2654 .

1033 2675 1036 2694 i
1055 2671 1123 2698 sent,
1135 2666 1268 2702 populum
1279 2674 1332 2693 non
1343 2665 1440 2692 teneri:
1455 2665 1556 2692 42.iam
1567 2663 1706 2700 intelligis,
1717 2664 1791 2691 omni
1799 2671 1850 2699 gt.b
