1941 3052
379 182 435 208 AD
466 181 764 207 HERENNIUM
797 181 883 206 LlB.
915 180 953 206 tv.

14 255 108 290 inquit,
125 253 148 280 si
163 253 239 281 hodie
253 253 294 278 vis
309 253 524 278 transnumerari.
554 252 619 288 Age,
635 252 733 287 inquit,
749 251 801 278 duc

13 297 101 319 tecum
115 291 245 317 Libanum
259 294 284 315 et
298 289 409 316 Sosiam.
432 289 509 315 Sane.
536 289 635 315 Deinde
649 298 712 315 casu
726 289 802 315 veni-
821 311 822 323 2

13 334 62 356 unt
75 328 192 363 hospites
205 327 316 358 homini,
332 327 379 361 qui
393 327 475 352 istum
489 326 637 361 splendide,
650 327 715 353 dum
727 334 802 361 pere-

13 367 140 403 grinatur,
156 365 307 391 invitarant.
328 364 370 390 Ex
383 372 412 390 ea
425 373 453 390 re
467 364 546 390 homo
559 364 648 390 hercle
662 373 725 390 sane
738 372 802 390 con-

15 404 147 434 turbatur,
163 401 209 428 sed
223 405 310 427 tamen
324 410 338 427 3
352 402 417 427 vitio
430 406 538 427 naturae
552 410 604 428 non
618 401 725 427 recedit.
752 401 802 427 Be-

14 449 55 472 ne,
71 440 167 475 inquit,
183 438 278 469 facitis,
294 447 379 473 quum
394 439 504 471 venitis,
520 439 567 465 sed
581 440 679 465 rectius
694 438 802 464 secisse-

14 478 56 509 115,
72 477 95 503 51
109 476 141 503 ad
154 484 196 502 me
209 475 320 502 domum
334 480 403 502 recta
417 476 559 502 abiissetis.
590 476 618 502 Id
633 476 799 506 fecissemus,

13 514 139 550 inquiunt
156 512 205 544 illi,
226 513 248 539 si
267 513 377 539 domum
396 514 575 540 novissemus.
608 514 642 539 At
655 513 727 539 istud
741 513 803 547 qui-

13 552 74 578 dem
87 550 162 577 facile
176 549 227 576 fuit
237 550 375 577 undelibet
387 551 516 577 invenire.
531 551 628 577 Verum
639 551 674 576 ite
685 559 800 576 mecum.

14 589 169 624 Sequuntur
193 587 244 614 illi.
286 587 378 614 Sermo
402 589 501 614 interea
528 588 610 614 huius
635 588 803 614 consumitur

13 625 99 653 omnis
122 626 149 651 in
167 625 349 651 ostentatione.
383 624 499 657 Quaerit,
520 625 547 651 in
565 626 636 661 agris
650 624 802 651 cuiusmodi

15 663 144 690 frumenta
161 662 228 694 sint,
256 666 335 697 negat
361 671 397 694 se,
418 663 482 697 quia
500 662 579 689 villae
596 663 720 689 incensae
738 663 800 693 sint,

15 700 135 727 accedere
157 707 244 734 posse,
269 708 317 725 nec
338 699 476 726 aedificare
498 701 578 726 etiam
600 709 672 726 nunc
690 699 800 731 andere,

15 737 117 765 tametsi
130 738 157 763 in
172 736 322 763 Tusculano
336 737 445 771 quidem
459 738 534 772 coepi
544 738 661 764 insanire
675 742 700 763 et
718 738 745 763 in
756 737 804 762 iis-

14 775 74 802 dem
88 773 268 801 fundamentis
281 774 428 801 aediflcare.
444 775 485 801 LI.
497 776 538 801 64.
554 776 622 801 Dum
637 775 701 801 haec
715 774 804 809 loqui-

16 817 65 844 tur,
89 812 163 838 venit
183 812 210 837 in
229 811 307 838 aedes
325 812 465 846 quasdam,
484 813 511 838 in
530 813 630 847 quibus
649 812 802 838 sodalitium

14 855 68 877 erat
84 849 176 876 eodem
190 848 233 875 die
248 848 382 882 futurum
406 858 459 884 quo
472 850 522 876 iste
536 859 583 884 pro
596 851 688 876 notitia
701 849 803 875 domini

13 887 118 913 aedium
132 886 281 922 ingreditur
293 895 355 913 cum
370 887 531 922 hospitibus.
566 888 621 918 llic,
641 888 738 922 inquit,
755 887 803 913 ha-

14 924 76 951 bito.
98 924 226 958 Perspicit
239 929 387 960 argentum,
402 925 474 959 quod
489 929 543 951 erat
556 925 723 959 expositum:
740 925 804 950 visit

14 961 159 988 triclinium
172 965 298 988 stratum:
314 962 416 996 probat.
450 961 558 988 Accedit
572 962 710 988 servulus:
739 962 804 987 dicit
824 957 826 985 ἶ

824 1005 833 1020 '1
855 998 995 1024 mulierem
1009 997 1108 1032 repulit
1118 998 1151 1023 ab
1165 1006 1193 1023 se
1204 997 1404 1027 lamentantem,
1434 995 1471 1021 illi
1484 996 1572 1021 nescio
1582 995 1648 1030 quid

12 999 114 1026 homini
128 998 205 1030 clam,
221 999 360 1025 dominum
374 999 427 1025 iam
441 1004 593 1031 venturum,
610 1000 633 1026 si
644 1000 709 1026 velit
719 1000 801 1025 exire.

13 1035 101 1063 Itane‘?
114 1037 214 1070 inquit3
230 1045 323 1062 eamus
336 1036 468 1071 hospites,
489 1037 568 1063 frater
582 1038 654 1063 venit
668 1046 701 1063 ex
715 1037 803 1063 Saler-
824 1047 833 1068 :3
1247 1068 1251 1069 .

824 1069 833 1102 '1
855 1079 879 1100 te
893 1078 970 1103 esset,
992 1073 1113 1108 gladium
1131 1073 1158 1098 in
1179 1072 1257 1098 latere
1276 1072 1378 1098 defixit.
1413 1071 1480 1096 Puto
1498 1071 1524 1096 in
1540 1070 1588 1096 hoc
1602 1079 1649 1096 ex—

824 1107 833 1141 [J
854 1111 943 1145 emplo
960 1111 1035 1136 datos
1049 1119 1107 1136 esse
1123 1111 1169 1136 uni
1183 1110 1282 1144 cuique
1296 1117 1431 1135 sermones
1446 1107 1478 1133 ad
1492 1108 1648 1143 dignitatem

12 1082 60 1100 no:
85 1082 133 1109 ego
146 1073 185 1100 illi
199 1074 305 1100 obviam
320 1082 443 1109 pergam3
468 1083 516 1100 vos
535 1074 587 1100 huc
601 1074 713 1101 decuma
728 1075 803 1100 veni-

13 1116 73 1138 tote.
95 1111 216 1145 Hospitcs
230 1111 380 1137 discedunt.
396 1112 447 1138 Iste
460 1120 488 1138 se
499 1113 595 1147 raptim
605 1112 715 1138 domum
726 1120 802 1138 suam

12 1149 130 1181 coniicit,
146 1148 185 1174 illi
199 1148 319 1180 decuma,
335 1157 389 1184 quo
399 1149 520 1181 iusserat,
530 1150 654 1176 veniunt:
671 1153 804 1184 quaerunt

13 1187 97 1218 hunc,
113 1187 258 1220 reperiunt,
274 1186 370 1213 domus
385 1187 443 1213 cuia
455 1187 502 1219 sit,
522 1188 550 1213 in
563 1187 742 1213 diversorium
756 1187 803 1212 de-

12 1223 59 1250 risi
79 1222 219 1249 conserunt
240 1232 308 1250 sese.
342 1224 438 1250 Vident
460 1224 596 1250 hominem
618 1229 722 1260 postera
743 1224 800 1256 die,

12 1265 126 1292 narrant,
142 1261 320 1296 expostulant,
337 1266 470 1288 accusant.
492 1262 535 1288 Ait
549 1263 608 1294 iste,
621 1271 665 1289 eos
675 1262 803 1288 similitu-

11 1298 74 1325 dine
92 1298 142 1324 loci
159 1298 282 1333 deceptos
300 1299 438 1335 angiporto
452 1303 504 1326 toto
517 1300 666 1333 deerrasse3
698 1308 726 1326 se
740 1308 804 1326 con-

11 1340 51 1362 tra
64 1335 244 1362 valetudinem
263 1345 340 1362 suam
359 1337 391 1363 ad
408 1341 510 1363 noctem
525 1337 636 1363 multam
651 1342 803 1372 exspectas-

11 1381 50 1399 se.
73 1372 200 1399 Sannioni
214 1382 297 1408 puero
311 1375 446 1409 negotium
461 1374 576 1406 dederat,
594 1379 623 1401 ut
637 1384 708 1405 vasa,
722 1375 804 1401 vesti—

12 1415 109 1441 menta,
133 1419 230 1445 pueros
253 1416 408 1447 corrogaret.
444 1411 574 1438 Sei-vuius
588 1420 639 1438 non
654 1413 803 1438 inurbanus

11 1448 76 1474 satis
91 1452 198 1474 strenue
212 1451 237 1474 et
250 1449 378 1475 concinne
392 1454 539 1484 eomparat;
559 1450 610 1475 iste
624 1450 742 1484 hospites
756 1450 804 1475 do-

11 1493 86 1512 mum
105 1485 222 1511 deducit.
257 1486 300 1512 Ait
318 1495 345 1512 se
363 1486 441 1512 aedes
456 1487 585 1513 maximas
599 1487 704 1513 cuidam
720 1487 804 1513 amico

12 1522 44 1549 ad
67 1523 173 1557 nuptias
199 1523 391 1549 commodasse.
426 1525 535 1550 Nuntiat
557 1532 635 1558 puer.
664 1529 803 1560 argentum

11 1560 94 1595 repeti
115 1559 297 1595 (pertimuerat
311 1561 390 1591 enim,
416 1562 463 1595 qui
482 1562 678 1596 commodarat).
714 1562 803 1597 Apage
826 1564 834 1595 ,ᾖ

12 1601 46 1629 te,
62 1597 158 1632 inquit,
175 1597 252 1623 aedes
266 1598 442 1629 commodavi,
464 1598 591 1625 familiam
606 1599 681 1625 dedi:
710 1608 805 1635 argen-

13 1639 69 1662 tum
91 1643 199 1670 quoque
220 1634 297 1661 vult‘?
322 1636 437 1662 Tametsi
460 1636 578 1671 hospites
598 1636 691 1668 habeo,
716 1641 803 1663 tamen

12 1676 102 1699 utatur
117 1672 185 1703 licet,
201 1681 249 1698 nos
264 1672 361 1699 Samiis
375 1673 576 1700 delectabimur.
588 1672 659 1705 Quid
669 1682 803 1709 ego,quae
825 1680 833 1696 «1

12 1709 107 1737 deinde
121 1709 224 1741 efficiat,
239 1710 360 1736 narrem?
373 1711 511 1737 Eiusmodi
522 1716 562 1737 est
573 1711 689 1738 hominis
699 1717 801 1743 natura,

10 1751 50 1778 ut,
65 1755 133 1783 quae
147 1747 263 1783 singulis
277 1748 374 1774 diebus
388 1748 485 1775 efficiat
497 1748 580 1784 gloria
595 1753 674 1783 atque
689 1754 804 1775 ostenta·
825 1743 827 1767 ¹,

13 1785 128 1816 tione,ea
142 1785 188 1811 vix
201 1793 290 1811 annuo
304 1794 425 1812 sermone
436 1794 556 1812 enarrare
567 1787 678 1821 possim.
695 1788 736 1813 65.
748 1787 804 1812 Hu-
824 1782 827 1813 5

11 1822 127 1849 iusmodi
146 1823 300 1854 notationes,
320 1831 389 1858 quae
403 1823 565 1855 describunt,
583 1823 650 1858 quid
665 1829 803 1850 consenta-
825 1842 826 1850 i

12 1867 92 1886 neum
106 1860 141 1886 sit
155 1860 236 1886 unius
250 1861 383 1896 cuiusque
397 1865 513 1893 naturae,
523 1862 694 1888 vehementer
706 1862 804 1887 habent

13 1905 135 1934 magnam
153 1897 363 1924 delectationem.
386 1899 476 1925 Totam
491 1899 561 1925 enim
577 1903 696 1925 naturam
711 1900 804 1926 cuius—

13 1934 83 1970 piam
101 1939 203 1970 ponunt
221 1939 280 1961 ante
298 1935 397 1967 oculos,
415 1941 460 1962 aut
473 1936 590 1972 gloriosi,
608 1940 637 1962 ut
651 1945 698 1963 nos
712 1946 803 1963 exem·
825 1962 826 1967 ,

13 1971 50 2008 pli
63 1980 157 1999 caussa
170 1981 351 2007 coeperamus,
368 1978 413 1999 aut
427 1974 511 2000 invidi
526 1978 570 2000 aut
585 1974 670 2000 timidi
685 1978 730 2000 aut
740 1983 803 2000 ava-
824 1973 826 1982 ⁴

13 2009 45 2042 ri,
60 2009 202 2041 ambitiosi,
219 2011 352 2042 amatoris,
370 2010 510 2042 luxuriosi,
528 2010 804 2046 suris,quadruplato-

13 2047 62 2080 ris·‚
77 2046 192 2082 denique
206 2047 327 2074 cuiusvis
341 2048 460 2074 studium
475 2048 592 2083 protrahi
607 2053 692 2083 potest
706 2049 732 2075 in
748 2058 804 2075 me-

13 2083 88 2111 dium
102 2084 147 2110 tali
161 2085 300 2111 notatione.

67 2122 119 2148 L11.
140 2121 330 2149 Sermocinatio
347 2129 396 2153 est,
412 2131 497 2157 quum
513 2122 591 2149 alicui
606 2131 733 2157 personae
747 2132 803 2149 ser-

14 2166 56 2186 mo
69 2159 230 2190 attribuitur,
246 2163 272 2186 ct
284 2160 308 2185 is
322 2160 463 2194 exponitur
473 2169 533 2186 cum
545 2160 644 2186 ratione
654 2160 800 2196 dignitatis,

14 2194 62 2224 hoc
75 2200 163 2231 pacto:
179 2196 268 2228 Quum
283 2197 414 2223 militibus
429 2197 493 2223 urbs
508 2197 667 2224 redundaret
677 2202 701 2224 et
711 2206 803 2225 omnes

13 2233 105 2261 timore
126 2234 246 2268 oppressi
269 2233 340 2260 domi
362 2235 566 2265 continerentur.
584 2235 656 2261 venit
675 2235 723 2261 iste
741 2244 803 2262 cum

13 2278 84 2307 sago,
107 2270 197 2307 gladio
218 2271 383 2302 succinctus,
408 2276 500 2298 tenens
523 2272 654 2305 iaculum;
682 2273 804 2308 quinque

14 2307 191 2335 adolescentes
213 2308 349 2335 hominem
371 2309 454 2335 simili
476 2313 569 2336 ornatu
588 2310 801 2344 subsequuntur.

13 2344 139 2380 Irrumpit
159 2346 187 2372 in
210 2345 287 2372 aedes
305 2346 408 2378 subito;
428 2346 525 2373 deinde
538 2355 633 2382 magna
647 2355 724 2373 voce:
753 2347 802 2373 Ubi

14 2386 54 2410 oet
66 2383 115 2410 iste
128 2383 231 2414 beatus,
256 2383 352 2418 inquit,
369 2383 476 2410 aedium
490 2383 634 2411 dominus‘?
655 2384 722 2419 quin
736 2385 802 2410 mihi
825 2389 826 2396 ¹

14 2424 117 2455 praesto
138 2419 184 2446 fit‘?
205 2420 271 2456 quid
286 2420 396 2447 tacetis?
426 2421 474 2447 Hic
487 2420 532 2447 alii
546 2429 638 2447 omnes
652 2421 754 2456 stupidi
769 2422 802 2448 ti-
825 2417 827 2441 ἶ

14 2464 85 2484 more
108 2457 308 2484 obmutuerunt.
348 2458 418 2485 Uxor
441 2457 515 2484 illius
539 2458 718 2485 infelicissimi
741 2467 802 2485 cum

14 2494 129 2521 maximo
142 2494 204 2521 ssetu
217 2495 250 2522 ad
265 2495 342 2522 istius
357 2495 438 2530 pedes
453 2495 548 2521 abiecit
561 2504 628 2522 sese.
657 2496 745 2527 Parce,
762 2496 803 2522 in-

13 2531 80 2566 quit,
96 2536 122 2558 et
135 2540 182 2567 per
195 2540 233 2563 ea,
249 2541 318 2568 quae
333 2533 380 2559 tihi
395 2532 551 2558 dulcissima
566 2537 629 2559 sunt
642 2533 670 2559 in
681 2533 743 2563 vita,
753 2534 804 2559 ini-

13 2575 99 2596 001010
113 2569 208 2602 nostri;
225 2569 278 2596 noli
293 2570 463 2605 exstinguere
476 2570 630 2596 exstinctos.
665 2570 714 2596 Fer
728 2579 803 2596 man-

13 2609 88 2633 sueto
101 2605 243 2633 fortunam.
274 2608 326 2634 Nos
340 2615 448 2642 quoque
463 2607 564 2633 fuimus
579 2607 661 2639 beati,
687 2615 764 2634 nosco
779 2612 803 2634 te

14 2649 72 2670 esse
91 2643 236 2671 hominem.
270 2645 303 2672 At
320 2644 377 2671 ille:
404 2644 473 2676 Quin
497 2644 574 2670 illum
594 2644 660 2671 mihi
679 2644 756 2676 datis,
774 2653 803 2671 ne

14 2687 61 2707 vos
74 2681 184 2708 auribus
198 2682 264 2709 meis
277 2681 415 2717 opplorare
429 2690 480 2708 non
492 2681 632 2708 desinitis?
647 2691 697 2708 non
707 2682 800 2708 abibit.

14 2716 55 2745 Illi
77 2719 215 2746 nuntiatur
227 2720 336 2751 interea,
353 2719 459 2746 venisse
473 2719 554 2746 istum
578 2723 603 2746 et
617 2719 731 2745 clamore
746 2728 802 2745 mn-

993 181 1011 206 C
1026 181 1044 205 A
1063 180 1091 205 P.
1127 180 1158 205 47
1179 194 1215 198 -—-
1235 179 1276 204 54.
1613 179 1645 203 35

852 251 925 277 ximo
939 254 1049 276 mortem
1064 250 1169 275 minari.
1199 248 1275 281 Quod
1290 247 1371 274 simul
1388 251 1416 273 ut
1429 247 1545 273 audivit:
1561 248 1643 277 Heus,

852 289 948 323 inquit,
965 288 1070 322 Gorgia,
1091 286 1237 321 pediseque
1255 294 1408 320 puerorum,
1429 284 1561 311 absconde
1579 294 1646 319 pue—

852 334 907 358 ros;
924 325 1051 357 desende;
1068 324 1116 354 fac,
1129 329 1158 350 ut
1168 323 1315 350 incolumes
1326 323 1359 348 ad
1370 322 1574 348 adolescentiam
1586 331 1646 357 per-

852 363 944 389 ducas.
978 363 1030 389 Vix
1052 362 1117 388 haec
1139 361 1250 392 dixerat,
1275 369 1361 395 quum
1385 368 1444 385 ecce
1462 360 1512 385 iste
1525 364 1643 394 praesto:

853 400 944 430 Sedes,
970 400 1066 434 inquit,
1091 398 1197 425 audax?
1222 407 1274 425 non
1289 407 1341 424 vox
1354 406 1413 423 mea
1426 397 1474 423 tibi
1488 397 1570 423 vitam
1585 397 1647 423 ade-

854 436 919 463 mit'?
942 437 1020 471 exple
1043 437 1198 462 inimicitias
1221 445 1302 466 meas,
1328 439 1353 461 et
1372 434 1536 461 iracundiam
1558 439 1647 460 satura

854 480 899 501 tuo
913 475 1052 509 sanguine.
1086 474 1132 500 Ille
1146 482 1207 499 cum
1222 482 1318 509 magno
1336 473 1446 507 spiritu:
1466 472 1589 502 Verebar,
1606 472 1647 497 in-

853 513 921 547 quit,
938 520 970 537 ne
985 511 1062 546 plane
1076 512 1163 537 victus
1178 520 1274 537 essem.
1308 511 1386 536 Nunc
1399 509 1489 541 videm
1506 510 1533 535 in
1547 509 1647 535 iudicio

830 561 832 579 i
854 558 959 575 mecum
979 548 1137 575 contendere
1160 557 1212 575 non
1238 549 1292 579 vis,
1318 548 1365 574 ubi
1384 547 1503 582 superari
1521 547 1645 581 turpissi-

830 580 832 617 ἓ
854 596 938 617 mum,
959 591 984 612 ct
998 594 1124 620 superare
1138 586 1350 620 pulcherrimum
1364 589 1416 617 est,
1444 583 1590 610 interficere
1605 592 1647 610 me

830 621 832 630 '
854 625 906 650 vis.
940 623 1051 650 Occidar
1073 623 1208 657 equidem,
1233 623 1280 649 sed
1295 623 1382 649 w'ctus
1405 631 1457 648 non
1479 622 1580 656 peribo.
1614 621 1648 647 At

854 662 918 687 iste:
943 662 973 687 In
991 665 1109 687 extremo
1128 661 1196 686 vitae
1211 665 1328 694 tempore
1343 660 1420 686 etiam
1435 659 1594 685 sententiose
1609 658 1648 685 lo-

854 697 964 734 queris?
989 707 1076 733 neque
1095 698 1128 728 ei,
1145 706 1226 732 quem
1240 697 1316 723 vides
1330 697 1469 727 dominari,
1486 697 1527 722 vis
1539 696 1647 731 suppli-

854 735 931 762 care‘?
951 737 1018 761 Tum
1038 734 1147 761 mulier:
1172 736 1256 761 Immo
1270 734 1379 769 quiden]
1398 734 1442 760 ille
1457 739 1530 769 rogat
1543 738 1567 760 et
1582 742 1648 768 sup-

855 774 947 808 plicat;
973 773 1020 799 sed
1034 777 1072 803 tu,
1088 781 1196 807 quaeso,
1213 780 1392 803 commovere,
1420 775 1445 796 et
1459 776 1496 801 tu,
1512 780 1559 805 per
1573 771 1645 802 deos,

854 812 950 846 inquit,
967 811 1038 836 bunc
1052 810 1247 844 examplexare.
1270 810 1398 835 Dominus
1412 813 1465 839 esu
1482 809 1544 834 vicit
1560 808 1644 839 111010,

855 850 931 875 vince
954 853 983 874 tu
1006 856 1077 873 nunc
1100 848 1231 873 animum,
1266 847 1320 873 Cur
1342 855 1394 872 non
1417 845 1527 876 desinis,
1548 847 1644 880 inquit,

831 892 833 910 z
855 895 930 916 uxor,
951 885 1034 920 loqui,
1050 894 1119 920 quae
1134 894 1175 911 me
1189 885 1271 920 digna
1285 893 1336 911 non
1350 882 1430 910 sunt‘?
1461 888 1515 908 tace
1530 888 1563 909 01.
1579 891 1648 917 quae

831 921 833 956 ζ
854 923 969 950 curanda
996 927 1068 953 sunt,
1096 931 1169 948 cura.
1204 923 1243 948 Tu
1269 931 1366 953 cessas,
1392 920 1459 946 mihi
1482 921 1572 948 vitain,
1600 921 1648 946 tibi

854 970 961 988 omnem
983 960 1051 986 bene
1069 960 1179 986 w‘vendi
1193 968 1269 994 spem
1284 968 1342 985 mea
1356 963 1439 985 morte
1453 957 1572 992 eripere?
1598 959 1648 983 1510

853 1036 992 1070 incipienti
1007 1035 1103 1066 dicere,
1123 1035 1195 1069 quod
1210 1035 1322 1069 dignum
1338 1033 1461 1060 videlicet
1474 1032 1549 1059 illius
1564 1033 1649 1058 virtu-

854 1148 1078 1179 accommodatos3
1101 1147 1129 1174 id
1143 1147 1215 1182 quod
1229 1152 1330 1181 oportet
1343 1148 1371 1173 in
1386 1147 1435 1172 hoc
1448 1154 1544 1181 genere
1558 1145 1649 1171 obser-

832 1186 833 1204 1
855 1195 925 1212 vare.
960 1186 1029 1211 Sunt
1051 1186 1114 1211 item
1137 1185 1371 1211 sermocinationes
1393 1187 1586 1217 consequentes
1600 1183 1649 1208 hoc

832 1223 833 1256 3
853 1232 954 1257 genus:
980 1223 1047 1248 Nam
1065 1222 1132 1257 quid
1148 1227 1274 1257 putamus
1289 1222 1349 1248 illos
1363 1222 1489 1251 dicturos,
1506 1221 1529 1246 si
1544 1220 1593 1246 1100
1607 1221 1649 1246 iu—

832 1258 833 1279 i
854 1258 1024 1287 dicaveritis?
1044 1268 1131 1286 nonne
1149 1269 1241 1286 omnes
1256 1259 1304 1285 hac
1322 1263 1430 1286 utentur
1444 1257 1578 1284 oratioue?
1603 1258 1650 1284 de-

832 1281 833 1325 1
854 1299 916 1325 inde
931 1299 1063 1324 subiicere
1078 1306 1237 1323 sermonem.

825 1328 834 1377 ,l
911 1337 976 1362 Llll.
992 1338 1033 1361 66.
1050 1334 1228 1361 Consormatio
1242 1339 1290 1365 est,
1306 1342 1391 1369 quum
1407 1333 1505 1368 aliqua,
1518 1341 1586 1367 quae
1598 1342 1648 1358 non

825 1380 833 1398 ‘i
855 1374 937 1404 adest,
959 1382 1071 1408 persona
1085 1372 1246 1408 confingitur
1263 1372 1341 1407 quasi
1355 1371 1432 1401 adsit,
1449 1375 1493 1396 aut
1508 1379 1593 1405 quum
1608 1379 1649 1396 res

832 1408 834 1450 'f
856 1416 928 1437 muta
943 1415 988 1436 aut
1006 1410 1128 1436 informis
1148 1410 1176 1436 sit
1191 1409 1303 1445 loquens
1317 1414 1342 1435 et
1356 1408 1474 1438 formata,
1492 1413 1515 1434 et
1530 1408 1553 1433 ei
1568 1408 1650 1434 oratio

825 1442 834 1479 fi
855 1448 1009 1474 attribuitur
1035 1448 1068 1473 ad
1094 1447 1251 1482 dignitatem
1279 1446 1487 1476 accommodata,
1512 1450 1557 1471 aut
1583 1446 1650 1471 actio

832 1484 834 1502 ²
855 1485 996 1520 quaedam,
1014 1485 1062 1511 hoc
1076 1490 1165 1519 pacto:
1181 1484 1283 1516 Quodsi
1297 1493 1369 1510 nunc
1379 1484 1443 1510 haec
1454 1483 1518 1509 urbs
1528 1483 1649 1509 invictis-

832 1518 834 1553 }
855 1524 923 1549 sima
946 1529 1039 1548 vocem
1061 1523 1172 1552 emittat,
1198 1531 1250 1548 non
1269 1522 1318 1548 hoc
1336 1526 1412 1556 pacto
1427 1519 1569 1555 loquatur?
1593 1521 1650 1555 Ego

856 1560 901 1587 1113
916 1560 1040 1595 plurimis
1055 1560 1168 1594 tropaeis
1183 1563 1281 1589 013313,
1299 1558 1443 1593 triumphis
1457 1558 1538 1583 ditata
1556 1558 1648 1583 certis—

832 1597 834 1630 4'
856 1599 941 1628 simis,
962 1597 1119 1623 clarissimis
1140 1596 1297 1631 locupletata
1316 1596 1442 1626 victoriis,
1465 1603 1535 1621 nunc
1554 1595 1648 1621 vestris

833 1633 834 1646 ³
856 1635 1043 1665 seditionibus,
1068 1643 1083 1660 0
1105 1635 1186 1665 cives,
1204 1633 1303 1660 vcxor‘?
1334 1633 1419 1665 Quam
1435 1632 1503 1658 dolis
1518 1632 1649 1658 malitiosa

856 1673 997 1707 Karthago,
1014 1672 1118 1698 viribus
1133 1672 1241 1706 probata
1256 1671 1407 1701 Numantia,
1423 1670 1574 1705 disciplinis
1589 1679 1650 1696 eru-

855 1711 910 1736 dita
929 1709 1073 1737 Corinthus
1092 1709 1248 1735 labefactare
1263 1717 1314 1735 non
1329 1709 1422 1743 potuit,
1439 1716 1496 1734 cam
1511 1708 1649 1742 patiemini

855 1756 927 1774 nunc
937 1747 970 1773 ab
985 1746 1157 1773 homunculis
1172 1746 1322 1773 deterrimis
1338 1746 1433 1780 proteri
1449 1750 1527 1780 atque
1541 1745 1650 1771 concul-

854 1784 926 1812 cari‘?
940 1786 1019 1811 item:
1039 1784 1116 1816 Quod
1130 1785 1153 1810 si
1168 1793 1240 1810 nune
1254 1784 1283 1810 L.
1299 1783 1344 1810 ille
1357 1784 1456 1809 Brutus
1471 1783 1611 1809 reviviscat
1625 1787 1649 1808 et

855 1823 898 1849 hic
912 1827 971 1849 ante
983 1822 1064 1857 pedes
1076 1826 1178 1848 vestros
1192 1821 1269 1853 adsit,
1287 1830 1338 1847 non
1353 1821 1401 1847 hac
1416 1825 1506 1846 utatur
1516 1819 1650 1846 oratione‘?

855 1861 911 1896 Ego
925 1868 1001 1896 reges
1015 1860 1089 1891 eieci,
1106 1868 1154 1886 vos
1168 1864 1294 1895 tyrannos
1308 1858 1490 1885 introducitis:
1506 1866 1555 1893 ego
1571 1857 1645 1884 libcr-

854 1903 943 1929 tatem,
960 1906 1029 1932 quae
1044 1906 1095 1924 non
1109 1901 1172 1927 erat,
1189 1897 1288 1932 peperi,
1306 1905 1353 1923 vos
1367 1900 1467 1930 partam
1482 1904 1586 1921 servare
1599 1904 1648 1921 1103

856 1935 952 1967 vultis,
969 1944 1018 1971 ego
1031 1935 1126 1969 capitis
1142 1935 1192 1960 11101
1208 1934 1327 1969 periculo
1341 1934 1451 1968 patriam
1468 1932 1587 1962 liberavi,
1603 1941 1648 1958 vos

855 1973 932 1999 liberi
947 1973 1004 1999 sine
1019 1972 1138 2007 periculo
1152 1981 1210 1998 csse
1225 1981 1276 1998 non
1290 1970 1407 1997 curatis‘?
1420 1971 1488 1996 Haec
1501 1970 1649 1996 conforma-

855 2011 900 2041 tio,
918 2010 978 2036 licct
991 2011 1018 2036 in
1034 2009 1125 2044 plures
1140 2018 1181 2035 rcs
1197 2014 1283 2035 mutas
1298 2014 1377 2044 atque
1391 2008 1549 2034 inanimatas
1564 2013 1649 2033 trans-

856 2047 961 2078 feratur,
987 2048 1089 2082 proficit
1113 2051 1198 2073 tamen
1224 2046 1372 2081 plurimum
1391 2046 1417 2072 in
1436 2045 1648 2080 amplificationis

855 2085 976 2120 partibus
990 2089 1015 2110 01
1029 2084 1267 2110 commiseratione.

911 2123 952 2148 (57.
981 2122 1145 2157 Signilicatio
1159 2126 1207 2152 cst,
1233 2130 1300 2156 quac
1319 2120 1380 2155 plus
1400 2121 1426 2146 in
1441 2120 1594 2155 suspicione
1608 2128 1648 2145 rc*

856 2159 962 2194 linquit,
978 2168 1058 2194 quam
1074 2160 1192 2194 positum
1207 2164 1247 2184 051
1261 2159 1287 2184 111
1301 2159 1426 2184 oratione.
1449 2158 1485 2183 Ea
1501 2157 1527 2183 tit
1543 2166 1588 2192 pcr
1602 2166 1648 2183 ex-

856 2197 1062 2232 superationem,
1079 2197 1247 2232 ambiguum.
1263 2196 1489 2230 consequentiam,
1506 2195 1648 2221 abscissio-

855 2242 925 2265 nem,
941 2234 1155 2260 similitudinem.
1172 2234 1220 2259 Per
1233 2233 1473 2268 exsuperationcm,
1490 2241 1574 2266 quum
1587 2231 1648 2266 plus

854 2276 894 2298 est
907 2272 1018 2302 dictum,
1035 2280 1116 2306 quam
1132 2271 1230 2305 patitur
1245 2271 1350 2300 veritas,
1367 2269 1502 2305 augendae
1517 2270 1648 2303 suspicio-

856 2310 897 2335 nis
911 2317 1015 2340 caussa,
1031 2309 1083 2334 sic:
1109 2309 1155 2334 llic
1173 2308 1206 2334 do
1221 2312 1291 2334 tanto
1306 2307 1463 2342 patrimonio
1478 2312 1529 2332 tam
1544 2307 1595 2332 cito
1609 2311 1647 2332 tc*

855 2351 931 2377 stam,
948 2355 1001 2381 qua
1016 2346 1068 2372 sibi
1083 2350 1153 2380 petat
1167 2346 1265 2381 ignem,
1282 2354 1332 2371 non
1349 2344 1465 2379 reliquit.
1501 2344 1548 2369 l'cr
1562 2344 1647 2370 ambi-

854 2392 948 2419 guum,
973 2392 1058 2418 quum
1078 2383 1190 2409 verbum
1210 2387 1293 2417 potest
1313 2383 1338 2408 in
1358 2382 1425 2407 duas
1444 2381 1568 2416 pluresve
1586 2390 1647 2407 sen-

856 2421 950 2447 tentias
964 2421 1058 2455 accipi,
1070 2420 1117 2446 scd
1131 2420 1259 2454 accipitur
1270 2420 1295 2445 in
1307 2428 1364 2445 03111
1377 2424 1485 2453 partem,
1497 2427 1578 2453 quam
1591 2418 1647 2445 vult

855 2458 886 2488 is,
903 2458 949 2492 qui
965 2458 1046 2488 dixit3
1073 2462 1101 2483 ut
1115 2457 1147 2483 do
1161 2466 1192 2483 eo
1205 2457 1227 2483 si
1242 2457 1323 2485 (licus,
1340 2457 1387 2491 qui
1403 2455 1500 2482 multas
1516 2456 1647 2482 heredita-

855 2499 893 2521 tes
908 2495 1015 2521 adierit:
1041 2495 1163 2529 Prospicc
1183 2499 1218 2524 tu,
1240 2494 1286 2528 qui
1303 2493 1449 2528 plurimum
1463 2494 1560 2520 cernis.
1584 2494 1644 2520 Liv.

854 2532 986 2567 Ambigua
1009 2531 1236 2567 quemadmodum
1257 2531 1362 2556 vitanda
1380 2535 1451 2560 sunt,
1467 2540 1535 2566 quac
1549 2531 1647 2557 ohscu-

855 2578 909 2596 ram
929 2569 1044 2595 reddunt
1062 2569 1215 2599 orationem,
1237 2569 1270 2594 itn
1290 2568 1352 2594 11300
1366 2568 1561 2603 conscqucnda,
1577 2577 1646 2604 quae

854 2606 996 2633 00311οἰ1131
1013 2606 1166 2632 huiusmodi
1182 2606 1411 2641 significationem.
1432 2605 1467 2631 lin
1483 2606 1647 2640 reperientur

856 2643 939 2675 130110,
961 2644 983 2669 si
1000 2644 1153 2669 noverimus
1171 2649 1195 2669 01
1210 2643 1329 2669 animum
1345 2643 1537 2669 adverterimus
1553 2643 1646 2669 verbo-

855 2690 913 2707 rum
928 2681 1057 2715 aucipites
1071 2686 1115 2706 aut
1130 2680 1292 2715 multiplices
1307 2685 1457 2715 potestates.
1489 2681 1536 2706 l'cr
1553 2689 1646 2707 consc-

830 2714 833 2753 ξ
853 2719 989 2754 quentiam
1008 2718 1167 2754 significatio
1186 2718 1222 2749 tit,
1242 2726 1327 2752 quum
1347 2727 1397 2746 ros.
1417 2726 1485 2752 quac
1500 2722 1646 2753 sequantui·

1396 2764 1436 2789 ᾗ*
