1941 3052
251 132 626 160 TUSCULANARUM
655 131 1038 159 DISPUTATIONUM
1069 133 1149 160 LIB.
1182 134 1228 160 tv.

59 204 158 231 tionem
169 208 267 234 autem,
283 212 365 238 quam
377 204 404 230 in
414 212 508 230 omnes
519 203 690 230 definitiones
701 205 854 239 superiores
873 205 876 217 ¹

58 240 230 271 inclusimus,
244 241 338 267 volunt
349 249 408 267 esse
420 241 585 267 imbecillam
597 243 792 268 assensionem.

116 280 155 305 46.
178 278 231 305 Sed
242 278 359 314 singulis
371 279 620 313 perturbationibus
632 284 720 314 partes
731 279 855 305 eiusdem
874 285 876 298 l

57 316 165 352 generis
176 315 268 350 plures
278 316 475 343 subiiciuntur:
489 319 682 350 utueyrituzlini
692 316 851 348 invidentia,
874 307 876 345 l

57 352 198 388 (utendum
210 358 250 380 est
261 354 343 384 enim,
357 353 471 380 docendi
482 362 586 385 caussa,
600 354 683 380 verbo
695 355 785 380 minus
797 355 855 380 usi-

57 395 123 417 tato:
141 391 270 425 quoniam
287 390 391 417 invidia
407 392 498 417 nonin
510 399 554 421 eo,
572 391 619 426 qui
632 391 748 421 invidet,
765 391 854 417 solum

56 427 165 459 dicitur,
174 428 222 454 sed
234 428 314 454 etiam
326 429 353 454 in
365 437 404 459 eo,
413 429 457 454 cui
469 428 627 463 invidetur,)
638 428 792 459 aemulatio,
805 428 855 454 ob-

56 465 189 495 trectatio,
202 465 400 496 misericordia,
414 474 509 501 angor,
524 465 626 496 luctus,
643 474 758 496 maeror,
776 474 855 491 aeru-

56 511 129 533 mna,
142 502 226 534 dolor,
241 502 403 533 lamentatio,
417 503 580 533 sollicitudo,
595 502 726 534 molestia,
743 502 855 529 afflicta-

56 541 102 571 tio,
116 539 276 575 desperatio,
289 545 314 566 et
325 541 348 566 si
359 549 428 575 quae
440 545 504 566 sunt
514 540 546 566 de
558 549 655 575 genere
667 540 772 567 eodem.
798 540 854 566 Sub

55 582 148 603 metum
159 582 248 604 autem
259 577 379 604 subiecta
395 582 458 603 sunt
469 578 591 613 pigritia,
604 577 700 612 pudor,
714 582 806 608 terror,
821 577 855 603 ti-

55 623 127 646 mor,
140 623 236 649 pavor,
249 615 426 645 exanimatio,
439 615 620 645 conturbatio,
635 614 762 647 formid0;
781 616 854 641 volu—
882 643 883 651 ἵ

54 654 122 685 ptati
136 652 338 683 malevolentia,
358 651 469 689 [laetans
486 652 556 678 malo
572 651 684 688 alieno,]
702 652 851 682 delectatio,
882 681 883 688 ἵ

56 690 176 720 iactatio.
203 694 229 716 et
253 690 368 722 similia,
411 691 513 716 libidini
540 690 592 720 ira,
619 689 851 719 excandescentia,

55 727 159 758 odium,
173 727 325 757 inimicitia,
338 726 483 757 discordia,
497 726 660 762 indigentia,
674 726 851 756 desiderium,
881 743 883 760 3

55 769 81 791 et
95 769 182 791 cetera
198 764 342 791 eiusmodi.
383 764 451 791 VIII.
476 765 514 790 ⁴7.
536 765 606 790 Haec
617 769 706 790 autem
720 763 854 790 definiunt

54 801 105 828 hoc
130 801 219 828 modo.
259 803 429 828 Invidentiam
453 810 513 827 esse
536 801 630 828 dicunt
655 801 852 837 aegritudinem

54 844 207 874 susceptam
222 843 330 874 propter
345 838 456 865 alterius
473 847 514 864 res
529 838 677 869 secundas,
699 847 767 873 quae
783 837 853 864 nihil

54 881 168 903 noceant
178 876 323 903 invidenti.
364 876 432 902 Nam
446 876 470 902 si
486 877 534 910 qui
549 876 637 902 doleat
647 877 706 902 eius
717 876 798 902 rebus
810 885 854 902 se-

53 913 161 944 cundis,
175 922 188 940 a
200 922 254 948 quo
265 914 323 948 ipse
335 912 468 944 laedatur,
485 922 537 939 non
550 918 619 939 recte
630 913 735 940 dicatur
746 913 853 940 invide-

54 959 95 983 τες
113 955 143 977 ut
153 951 177 977 si
188 951 292 977 Hectori
303 951 482 986 Agamemno:
501 951 548 985 qui
560 956 664 982 autem,
682 952 727 977 cui
742 951 852 977 alterius

53 987 193 1014 commoda
204 988 273 1014 nihil
285 993 406 1019 noceant,
420 992 508 1014 tamen
519 996 582 1014 eum
594 988 682 1015 doleat
693 988 736 1014 his
748 988 815 1019 frui,
829 989 852 1014 is

52 1025 158 1052 invidet
167 1025 296 1060 profecto.
319 1027 464 1052 Aemulatio
475 1030 564 1052 autem
576 1025 721 1060 dupliciter
731 1025 779 1052 illa
790 1026 853 1061 qui-

52 1062 114 1089 dem
125 1062 237 1094 dicitur,
260 1067 290 1090 ut
304 1067 330 1090 et
344 1063 372 1089 in
390 1062 468 1089 laude
482 1067 508 1089 et
518 1063 546 1089 in
558 1063 624 1090 vitio
636 1072 733 1090 nomen
745 1063 795 1090 hoc
806 1064 851 1090 sit.
873 1079 874 1086 κ

51 1100 120 1126 Nam
140 1104 166 1127 et
180 1101 295 1127 imitatio
316 1101 424 1127 virtutis
445 1100 589 1127 aemulatio
611 1100 724 1127 dicitur:
749 1100 807 1135 (sed
822 1109 852 1127 ea

51 1137 121 1164 nihil
136 1137 187 1164 hoc
201 1137 258 1164 loco
269 1138 384 1170 utimur;
401 1141 442 1164 est
456 1138 529 1164 enim
542 1137 656 1173 laudis:)
671 1143 697 1165 et
707 1143 747 1165 est
759 1147 853 1164 aemu-

52 1174 114 1202 latio
128 1175 277 1211 aegritudo,
291 1176 315 1202 si
326 1184 366 1206 eo,
374 1175 447 1210 quod
458 1176 634 1210 concupierit,
643 1175 712 1202 alius
724 1176 850 1210 potiatur,

51 1212 111 1247 ipse
124 1217 221 1239 careat.
265 1214 305 1240 48.
329 1213 485 1240 Obtrectatio
495 1217 585 1239 autem
597 1218 637 1239 est
649 1222 693 1244 ea,
711 1222 793 1248 quam
810 1214 852 1239 in—

51 1249 138 1286 telligi
154 1249 315 1286 zelotypiam
331 1249 405 1281 volo,
425 1250 566 1286 aegritudo
582 1259 615 1277 ex
630 1259 674 1281 eo,
697 1251 770 1285 quod
786 1250 852 1277 alter

50 1295 159 1322 quoque
170 1288 288 1322 potiatur
298 1296 342 1318 eo,
359 1287 433 1322 quod
444 1288 502 1322 ipse
511 1289 707 1323 concupiverit.
747 1289 853 1315 Miseri-

52 1327 142 1351 cordia
152 1329 193 1351 est
203 1325 343 1360 aegritudo
354 1333 389 1352 ex
399 1325 508 1351 miseria
519 1325 630 1352 alterius
638 1346 644 1356 ,
662 1326 761 1352 iniuria
777 1325 852 1352 labo-

50 1362 145 1388 rantis.
186 1363 270 1389 Nemo
285 1363 357 1389 enim
372 1362 521 1397 parricidae
532 1367 578 1389 aut
588 1362 733 1397 proditoris
744 1363 852 1398 suppli-

50 1399 92 1425 cio
104 1399 287 1426 misericordia
302 1404 497 1427 commovetur.
538 1401 625 1433 Angor
638 1400 779 1435 aegritudo
790 1409 852 1435 pre-

50 1445 138 1463 mens.
172 1437 268 1464 Luctus
279 1437 419 1473 aegritudo
429 1446 464 1464 ex
473 1438 542 1468 eius,
555 1438 604 1472 qui
615 1446 693 1464 carus
706 1437 794 1468 fuerit,
809 1438 852 1464 in-

50 1474 130 1500 teritu
151 1474 256 1501 acerbo.
297 1475 403 1502 Maeror
417 1474 557 1510 aegritudo
573 1474 681 1501 flebilis.
722 1476 851 1502 Aerumna

49 1511 190 1546 aegritudo
202 1511 344 1539 laboriosa.
385 1513 465 1538 Dolor
475 1512 616 1547 aegritudo
627 1513 761 1539 crucians.
799 1513 851 1539 La-

49 1552 171 1575 mentatio
182 1549 322 1585 aegritudo
335 1558 396 1576 cum
409 1549 522 1576 eiulatu.

49 1585 84 1612 do
99 1594 162 1612 cum
177 1587 348 1622 cogitatione.
389 1587 507 1613 Molestia
522 1587 663 1622 aegritudo
677 1596 848 1622 permanens

48 1623 189 1656 Afflictatio
200 1624 339 1660 aegritudo
349 1632 412 1650 cum
424 1624 565 1651 vexatione
580 1625 709 1660 corporis.
755 1626 851 1658 Despe-

47 1662 118 1686 ratio
133 1661 272 1696 aegritudo
291 1663 349 1688 sine
363 1661 418 1688 ulla
434 1670 522 1688 rerum
539 1663 738 1697 exspectatione
755 1662 851 1689 melio-

49 1705 120 1724 rum.
160 1697 234 1731 Quae
249 1703 339 1726 autem
354 1699 476 1726 subiecta
491 1704 555 1726 sunt
570 1699 622 1726 sub
635 1705 750 1730 metum.
768 1708 798 1726 ea
809 1700 850 1726 sic

48 1733 195 1762 definiunt:
209 1736 344 1770 I'iyritiam
358 1741 460 1763 metum
471 1738 662 1771 consequentis
675 1736 786 1764 laboris:
808 1738 847 1764 19.

48 1771 209 1799 Putarem*
220 1778 246 1800 et
256 1778 380 1800 terrorem
395 1778 496 1800 metum
512 1775 724 1805 concutientem.
745 1783 779 1802 ex
795 1783 849 1810 quo

48 1808 91 1840 Iit,
113 1813 143 1836 ut
163 1810 293 1845 pudorem
309 1811 404 1842 rubor,
427 1816 553 1838 terrorem
569 1811 655 1847 pallor
670 1817 696 1839 et
711 1817 809 1839 tremor
824 1816 850 1839 et

47 1845 170 1874 dentium
186 1849 305 1883 crepitus
322 1854 516 1884 consequatur:
539 1851 654 1876 timorem
668 1854 770 1876 metum
786 1849 850 1876 mali

47 1885 306 1920 appropinquantis:
328 1895 452 1920 pavorem
465 1890 567 1913 metum
585 1891 704 1914 mentem
720 1887 777 1914 loco
792 1896 851 1914 mo-

48 1925 166 1953 ventem,
179 1930 214 1949 ex
224 1931 278 1958 quo
288 1922 358 1950 illud
368 1923 460 1955 Ennii,

108 1958 170 1986 Tum
184 1968 268 1993 pavor
280 1962 434 1994 sapientiam
448 1969 545 1987 omnem
559 1963 595 1987 mi
608 1964 758 1988 exanimato
771 1965 850 1996 expe-'-

452 2002 549 2024 οἱον-αις

47 2033 274 2061 &animationem
287 2038 390 2061 metum
403 2034 616 2070 subsequentem
632 2039 659 2062 et
672 2036 751 2070 quasi
764 2037 850 2062 comi-

47 2075 102 2099 tem
116 2072 239 2106 pavoris:
264 2071 488 2099 Conturbationem
499 2077 599 2099 metum
611 2073 793 2100 excutientem
804 2082 850 2099 co-

47 2109 143 2144 gitata:
157 2109 330 2135 Formidinem
339 2114 440 2136 metum
448 2115 660 2144 permanentem.
681 2110 728 2137 tx.
741 2112 783 2137 20.
797 2111 850 2137 Vo—

47 2145 159 2181 luptatis
171 2151 260 2174 autem
272 2151 360 2181 partes
372 2146 422 2174 hoc
434 2146 512 2174 modo
523 2147 691 2179 describunt,
700 2149 849 2174 utMalero-

47 2184 127 2210 lentio
142 2184 178 2211 sit
190 2183 316 2219 voluptas
330 2192 364 2211 ex
380 2183 450 2211 malo
466 2184 577 2211 alterius
591 2186 651 2212 sine
666 2185 849 2212 emolumento

46 2229 110 2248 suo:
124 2221 265 2248 Delectatio
278 2220 403 2256 voluptas
413 2222 546 2248 suavitate
556 2222 666 2250 auditus
672 2223 793 2249 animum
800 2223 849 2249 de-

47 2256 165 2285 leniens:
178 2263 213 2289 et,
221 2258 311 2294 qualis
321 2259 434 2286 esthaec
440 2260 557 2290 aurium,
566 2259 631 2286 tales
638 2260 848 2288 suntoculorum

45 2299 72 2322 et
86 2296 233 2323 tactionum
249 2300 276 2323 et
289 2295 476 2323 odorationum
492 2301 518 2324 et
532 2306 674 2332 saporum:
696 2306 767 2333 quae
785 2303 849 2325 sunt

45 2340 140 2359 omnes
151 2333 233 2360 unius
244 2334 361 2369 generis,
370 2333 403 2361 ad
415 2333 634 2369 perfundendum
645 2336 767 2362 animum
779 2340 848 2363 tam-

45 2377 129 2405 quam
144 2370 325 2406 illiquet'actae
342 2371 504 2406 voluptates.
545 2373 656 2399 Iactatio
670 2378 711 2400 est
723 2373 847 2407 voluptas

563 1549 716 1576 Sollicitudo
731 1550 851 1586 aegritu-

64 2407 165 2434 estiens
180 2413 207 2436 et
221 2416 251 2435 se
265 2408 378 2435 efferens
395 2408 567 2436 insolentiae.
606 2411 648 2437 21.
670 2410 744 2442 Quae
755 2415 845 2437 autem

58 2443 156 2472 ibidini
167 2445 289 2472 subiecta
301 2450 373 2477 sunt.
386 2454 416 2472 ea
428 2447 468 2472 sic
479 2446 626 2478 deliniunt,
640 2452 669 2474 ut
682 2448 725 2473 Iro
736 2448 772 2474 sit
783 2447 847 2474 libi-

45 2480 80 2508 do
93 2482 239 2516 poeniendi
249 2483 323 2514 eius,
341 2484 390 2519 qui
402 2483 526 2510 videatur
537 2483 647 2510 laesisse
660 2484 773 2511 iniuria:
790 2485 846 2511 Ea·—

45 2521 224 2547 candeacentia
238 2525 328 2547 autem
342 2521 378 2548 sit
393 2521 431 2547 ira
446 2529 560 2548 nascens
571 2526 597 2548 et
608 2521 687 2549 modo
699 2523 842 2553 exsistens,

44 2563 115 2591 quae
129 2555 253 2592 θύμωσις
268 2558 369 2585 Graece
382 2557 496 2585 dicitur:
517 2558 610 2585 Ostium
626 2559 664 2585 ira
681 2559 842 2586 inveterata:

44 2593 186 2620 Inimicitia
197 2594 235 2622 ira
247 2594 398 2622 ulciscendi
410 2600 517 2630 tempus
527 2595 689 2622 observans:
709 2597 844 2623 Discordia

45 2630 84 2657 ira
95 2630 225 2664 acerbior,
238 2632 334 2660 intimo
344 2633 407 2660 odio
417 2638 444 2660 et
453 2633 685 2668 cordoconcepta:
700 2634 843 2667 Imliqentia

45 2666 132 2696 libido
142 2668 330 2705 inexplebilis:
354 2671 515 2698 Desiderium
531 2670 615 2698 libido
626 2671 699 2703 eius,
717 2672 765 2707 qui
778 2680 844 2699 uon-

1260 134 1352 161 CAP.
1376 137 1487 163 4—14.
1641 140 1704 164 ⁴079

905 203 971 229 dum
983 203 1066 235 adsit,
1086 204 1206 231 videndi.
1246 206 1421 241 Distinguunt
1433 206 1501 233 illud
1512 208 1607 239 etiam,
1627 214 1655 235 ut
1669 210 1704 236 sit

906 240 991 267 libido
1006 250 1098 268 earum
1115 251 1218 274 rerum,
1241 251 1310 278 quae
1325 243 1453 270 dicuntur
1471 244 1504 270 de
1522 245 1640 279 quodam
1659 251 1705 273 aut

905 278 1085 313 quibusdam:
1103 288 1172 314 quae
1188 280 1388 316 κατηγορήματα
1400 281 1536 309 Dialectici
1552 283 1701 317 appellant:

906 320 935 341 ut
946 315 1045 342 habere
1056 316 1175 347 divitias,
1189 326 1284 352 capere
1298 318 1421 345 honores.
1452 319 1602 355 Indigentia
1614 329 1702 347 rerum

907 353 1026 387 ipsarum
1039 358 1087 384 est,
1101 359 1130 380 ut
1142 354 1283 385 honorum,
1297 360 1325 382 ut
1336 356 1476 390 pecuniae.
1511 359 1552 384 227..
1574 357 1704 384 Omnium

882 384 883 413 l
906 394 995 416 autem
1007 391 1240 424 perturbationum
1253 392 1352 419 fontem
1363 393 1704 428 essedicuntlntemperan-

882 431 883 458 g
906 430 984 453 tiam:
1000 436 1068 462 quae
1084 433 1124 454 est
1135 437 1149 454 a
1161 433 1212 455 tota
1225 435 1313 456 mente
1325 435 1350 456 et
1360 439 1374 456 a
1386 436 1455 457 recta
1467 433 1567 458 ratione
1579 432 1702 463 defectio,

905 464 945 490 sic
956 472 1049 491 aversa
1061 473 1074 491 a
1086 467 1296 501 praescriptione
1307 468 1427 498 rationis,
1441 473 1469 494 ut
1481 469 1555 495 nullo
1567 469 1646 496 modo
1657 478 1706 504 ap—

905 502 1048 536 petitiones
1055 503 1139 528 animi
1151 512 1199 529 nec
1210 505 1267 539 regi
1279 513 1326 530 nec
1338 506 1468 532 contineri
1480 512 1588 541 queant.
1604 507 1706 539 Quem-

882 554 884 564 ι
906 538 1052 565 admodum
1070 540 1152 575 igitur
1173 543 1348 576 temperantia
1369 543 1444 569 sedat
1465 545 1656 578 appetitiones,
1679 550 1706 571 et

906 575 996 606 efficit,
1006 581 1035 602 ut
1046 585 1091 603 eae
1102 582 1188 604 rectae
1200 579 1295 605 rationi
1308 585 1425 614 pareant,
1433 587 1627 616 conservatque
1639 590 1704 608 con-

906 612 1022 639 siderata
1034 613 1134 640 iudicia
1147 617 1257 642 mentis:
1271 617 1310 642 sic
1323 617 1386 643 huic
1402 618 1510 644 inimica
1522 620 1705 654 intemperan-

906 650 941 676 tia
952 659 1060 676 omnem
1072 652 1155 678 animi
1167 657 1265 679 statum
1278 653 1433 685 inflammat,
1442 656 1591 687 conturbat,
1601 657 1703 683 incitat.

907 688 997 722 [taque
1011 693 1036 714 et
1047 689 1230 724 aegritudines
1255 696 1281 717 et
1295 697 1382 718 metus
1396 697 1422 718 et
1433 693 1552 728 reliquae
1564 694 1706 728 perturba-

905 725 991 751 tiones
1002 734 1096 752 omnes
1107 727 1257 762 gignuntur
1267 737 1302 755 ex
1316 737 1357 755 ea.
1398 729 1434 756 X.
1456 732 1498 756 23.
1522 730 1705 763 Quemadmo-

905 761 971 788 dum
979 782 985 792 ,
1007 771 1093 797 quum
1103 765 1216 799 sanguis
1227 771 1369 800 corruptus
1380 772 1420 793 est
1431 772 1476 794 aut
1491 769 1587 802 pituita
1604 769 1705 794 redun-

905 799 950 825 dat
965 805 1010 825 aut
1025 800 1102 831 bilis,
1122 801 1148 827 in
1165 810 1274 836 corpore
1289 803 1376 829 morbi
1391 806 1639 840 aegrotationesque
1657 815 1705 832 na-

904 841 1025 868 scuntur,
1038 838 1078 864 sic
1088 846 1232 872 pravarum
1244 841 1402 874 opinionum
1414 842 1582 870 conturbatio
1596 849 1620 870 et
1632 845 1705 878 ipsa-

905 882 965 899 rum
989 874 1059 901 inter
1081 884 1109 901 se
1130 878 1309 911 repugnantia
1334 879 1447 905 sanitate
1466 879 1565 914 spoliat
1582 882 1704 907 animum

904 911 1062 946 morbisque
1086 913 1234 947 perturbat.
1276 916 1317 941 Ex
1341 916 1590 950 perturbationibus
1614 923 1704 944 autem

904 949 1023 983 primum
1037 950 1123 976 morbi
1134 950 1326 983 conficiuntur,
1342 961 1412 988 quae
1427 960 1523 981 vocant
1538 955 1577 982 illi
1588 955 1706 990 νοσήμα-

904 997 945 1017 τα,
958 994 1056 1021 eaque,
1073 995 1144 1022 quae
1154 994 1218 1015 sunt
1229 990 1268 1015 eis
1279 990 1380 1016 morbis
1391 993 1532 1019 contraria.
1573 992 1645 1025 Quae
1657 993 1705 1019 ha-

904 1023 968 1050 bent
983 1024 1015 1050 ad
1033 1033 1075 1050 res
1091 1030 1176 1052 certas
1193 1027 1318 1053 vitiosam
1333 1028 1508 1055 offensionem
1530 1035 1609 1065 atque
1629 1030 1705 1057 fasti-

904 1061 995 1087 dium:
1013 1061 1112 1088 deinde
1123 1065 1331 1099 aegrotationeS,
1347 1074 1416 1100 quae
1428 1066 1598 1101 appellantur
1608 1077 1621 1094 a
1634 1068 1706 1094 Stoi-

904 1099 943 1124 cis
955 1097 1158 1135 ἀρρωστὴμαια,
1172 1102 1270 1136 hisque
1282 1102 1346 1128 item
1357 1105 1495 1138 oppositae
1504 1107 1652 1131 contrariae
1663 1104 1705 1132 os-

903 1136 1054 1163 sensiones.
1094 1138 1148 1164 Hoc
1169 1138 1226 1165 loco
1246 1139 1363 1166 nimium
1384 1150 1480 1175 operae
1500 1143 1670 1169 consumitur
1690 1151 1704 1168 a

904 1173 1001 1199 Stoicis
1009 1195 1015 1204 ,
1034 1175 1151 1201 maxime
1162 1185 1176 1202 a
1187 1176 1354 1212 Chrysippo,
1370 1178 1435 1204 dum
1448 1180 1549 1206 morbis
1560 1188 1704 1215 corporum

903 1216 1073 1246 comparatur
1083 1213 1239 1240 morborum
1250 1215 1335 1241 animi
1345 1216 1507 1244 similitudo.
1538 1217 1595 1250 Qua
1606 1218 1706 1244 oratio-

903 1257 936 1275 ne
947 1250 1136 1283 praetermissa
1149 1251 1261 1277 minime
1273 1254 1559 1289 necessaria,ea,quae
1574 1264 1629 1282 rem
1640 1264 1703 1282 con-

904 1286 998 1317 tinent,
1010 1291 1214 1321 pertractemus.
1248 1290 1291 1315 24.
1313 1290 1583 1327 Intelligaturigitur.
1598 1298 1704 1327 pertur-

903 1323 1052 1355 bationem,
1071 1325 1234 1352 iactantibus
1248 1334 1277 1352 se
1292 1327 1468 1361 opinionibus
1484 1329 1666 1356 inconstanter
1678 1335 1704 1356 et

903 1360 1020 1392 turbide,
1033 1362 1060 1387 in
1073 1367 1146 1389 motu
1158 1371 1217 1389 esse
1228 1372 1348 1399 semper:
1362 1374 1448 1400 quum
1459 1371 1548 1393 autem
1561 1367 1604 1393 hic
1617 1367 1705 1393 servor

902 1398 1099 1434 concitatioque
1110 1401 1194 1427 animi
1206 1401 1397 1429 inveteraverit
1407 1408 1431 1429 et
1443 1408 1580 1439 tamquam
1592 1405 1618 1431 in
1627 1405 1704 1430 venis

879 1454 880 1458 ,
904 1435 1087 1471 medullisque
1103 1438 1246 1469 insederit,
1266 1443 1323 1465 tum
1339 1441 1445 1467 exsistit
1461 1446 1486 1467 et
1501 1442 1610 1468 morbus
1622 1447 1647 1468 et
1659 1450 1704 1468 ae-

879 1496 880 1499 ,
902 1473 1015 1508 grotatio
1031 1478 1056 1500 et
1070 1474 1232 1502 offensiones
1247 1484 1308 1507 eae,
1325 1485 1394 1512 quae
1409 1483 1473 1505 sunt
1486 1479 1525 1505 eis
1542 1479 1643 1505 morbis
1659 1488 1705 1505 ae-

902 1511 1154 1547 grotationibusque
1170 1514 1328 1540 contrariae.
1377 1515 1422 1542 XI.
1446 1516 1526 1547 llaec.
1545 1525 1614 1551 quae
1631 1516 1701 1547 dico,

902 1548 1063 1583 cogitatione
1074 1549 1144 1576 inter
1154 1559 1182 1576 se
1193 1550 1329 1582 differunt,
1338 1560 1365 1578 re
1371 1553 1483 1587 quidem
1495 1554 1617 1588 copulata
1629 1559 1702 1585 sunt,

902 1594 987 1620 eaque
998 1586 1123 1613 oriuntur
1133 1596 1167 1614 ex
1179 1587 1292 1614 libidine
1304 1594 1330 1615 et
1342 1589 1451 1617 laetitia.
1488 1591 1554 1617 Nam
1566 1600 1650 1626 quum
1664 1596 1705 1618 est

902 1623 1044 1658 concupita
1057 1626 1186 1658 pecunia,
1199 1634 1247 1652 nec
1259 1626 1380 1653 adhibita
1392 1629 1519 1655 continuo
1531 1629 1610 1659 ratio,
1624 1629 1704 1664 quasi

902 1660 1036 1695 quaedam
1051 1662 1184 1689 Socratica
1201 1663 1350 1695 medicina,
1376 1674 1445 1700 quae
1461 1671 1536 1692 sanet
1551 1674 1609 1692 eam
1625 1667 1705 1701 cupi-

902 1698 1026 1724 ditatem:
1045 1705 1183 1733 permanat
1195 1701 1221 1726 in
1235 1710 1329 1732 venas,
1343 1707 1369 1729 et
1380 1703 1500 1730 inhaeret
1512 1704 1538 1730 in
1551 1704 1704 1730 visceribus

904 1735 971 1762 illud
988 1735 1103 1768 malum,
1122 1738 1284 1773 exsistitque
1300 1739 1411 1766 morbus
1421 1746 1447 1767 et
1458 1742 1615 1776 aegrotatio,
1633 1749 1703 1776 quae

902 1773 982 1800 evelli
995 1773 1141 1802 inveterata
1154 1784 1205 1802 non
1218 1781 1344 1810 possunt:
1358 1778 1438 1812 eique
1451 1778 1543 1805 morbo
1555 1787 1651 1805 nomen
1663 1783 1704 1805 est

901 1814 1027 1838 avaritia.
1068 1814 1110 1839 25.
1132 1813 1317 1849 Similiterque
1336 1815 1416 1841 ceteri
1433 1816 1533 1846 morbi,
1557 1821 1585 1842 ut
1604 1818 1704 1850 moriae

903 1851 1044 1882 cupiditas,
1064 1854 1093 1876 ut
1108 1853 1294 1882 mulierositas,
1310 1857 1339 1878 ut
1355 1853 1389 1879 ita
1401 1852 1534 1887 appellem
1547 1862 1619 1884 eam,
1633 1861 1703 1888 quae

902 1886 1003 1913 Graece
1021 1887 1174 1923 φιλογύνεια
1189 1888 1303 1920 dicitur,
1321 1890 1457 1925 ceterique
1473 1890 1599 1917 similiter
1615 1891 1702 1917 morbi

901 1925 1151 1961 aegrotationesque
1172 1931 1329 1954 nascuntur.
1370 1928 1443 1959 Quae
1464 1933 1553 1954 autem
1573 1933 1636 1955 sunt
1660 1928 1702 1955 his

901 1963 1045 1993 contraria,
1064 1971 1094 1989 ea
1110 1963 1184 1990 nasci
1200 1969 1353 1999 putantura
1365 1970 1451 1992 metu:
1475 1970 1505 1992 ut
1515 1968 1601 1992 odium
1612 1967 1702 1992 mulie-

901 2007 967 2029 rum,
978 1999 1059 2034 quale
1071 2001 1098 2026 in
1109 2002 1244 2037 μισογύνῳ
1254 2001 1339 2028 Attilii
1351 2007 1404 2034 cst3
1423 2007 1452 2029 ut
1467 2005 1493 2029 iu
1504 2005 1632 2029 hominum
1644 2007 1702 2030 uni-

900 2045 1002 2063 versum
1012 2046 1102 2070 yemis.
1115 2038 1188 2073 quod
1200 2040 1355 2074 accepimus
1366 2039 1399 2066 de
1409 2040 1534 2071 Timone,
1548 2042 1596 2075 qui
1607 2040 1702 2075 μισάν-

904 2076 1014 2109 θρωπος
1025 2075 1189 2109 appellatur;
1204 2081 1233 2102 ut
1244 2078 1435 2110 inhospitalitas
1446 2083 1495 2104 est.
1523 2078 1597 2110 Quae
1608 2086 1701 2104 omnes

900 2112 1095 2146 aegrotationes
1109 2113 1193 2139 animi
1213 2121 1247 2140 ex
1267 2113 1386 2148 quodam
1402 2120 1475 2141 metu
1492 2120 1638 2141 nascuntur
1657 2123 1701 2141 eu-

901 2156 960 2174 rum
973 2156 1077 2180 rerum,
1094 2158 1163 2184 quas
1179 2149 1288 2185 fugiunt
1301 2156 1327 2177 et
1337 2151 1461 2178 oderunt.
1502 2154 1544 2178 ⁴26.
1567 2152 1701 2178 Detiniuut

900 2190 989 2212 autem
1001 2187 1085 2212 animi
1099 2190 1298 2219 oeqrotutionem
1313 2189 1496 2222 opinationem
1512 2189 1700 2215 vehementem

900 2222 932 2248 de
950 2231 977 2249 re
994 2232 1046 2250 non
1061 2223 1225 2258 expetenda,
1249 2229 1386 2259 tamquam
1403 2225 1481 2252 valde
1492 2226 1641 2261 expetenda
1654 2227 1698 2256 sit,

901 2259 1085 2287 inhaerentem
1101 2266 1126 2287 et
1140 2262 1249 2295 penitus
1266 2262 1385 2290 insitam.
1419 2263 1495 2295 Quod
1510 2269 1598 2290 autem
1612 2265 1700 2290 nasci-

901 2303 943 2324 tur
953 2306 987 2325 ex
998 2297 1158 2328 offensione.
1175 2299 1210 2325 ita
1221 2298 1368 2330 deliniunt,
1384 2300 1539 2335 opinionem
1553 2300 1700 2326 vehemen-

900 2340 952 2362 tem
964 2335 997 2361 de
1011 2344 1037 2361 re
1050 2344 1102 2362 non
1116 2335 1253 2371 fugienda,
1269 2336 1462 2367 inhaerentem,
1475 2343 1499 2364 et
1513 2338 1619 2372 penitus
1632 2338 1700 2364 insi·

899 2377 962 2403 tam,
979 2377 1115 2407 tamquam
1129 2372 1266 2409 fugienda.
1295 2374 1362 2400 llaec
1373 2379 1461 2401 autem
1473 2375 1593 2408 opinatio
1604 2380 1643 2400 est
1657 2376 1698 2401 iu-

898 2410 1010 2440 dicatio,
1025 2419 1054 2435 se
1069 2410 1152 2441 seire,
1169 2411 1242 2445 quod
1259 2412 1370 2437 nesciat.
1411 2412 1592 2447 Aegmtutioui
1609 2417 1697 2438 autem

899 2447 959 2473 talia
971 2446 1104 2482 quaedam
1116 2447 1237 2474 subiecta
1248 2452 1321 2478 sunt.
1336 2451 1464 2479 amr-itin,
1475 2450 1593 2479 ιυηὶιέιίο,
1608 2451 1697 2475 mulii·-

898 2487 1000 2513 rositas.
1010 2487 1158 2517 pervicacia
1166 2505 1173 2516 ,
1184 2487 1329 2518 liqui-ritio.
1343 2487 1494 2515 vinolentia,
1507 2489 1626 2519 cupedia,
1638 2492 1663 2514 et
1674 2488 1697 2513 si

897 2530 950 2556 qua
965 2521 1077 2548 similia.
1119 2522 1165 2549 Est
1182 2527 1271 2549 autem
1290 2523 1402 2550 avaritia
1415 2524 1534 2557 opinatio
1550 2523 1696 2551 vehemens

897 2559 930 2585 de
947 2559 1075 2593 pecunia,
1091 2561 1170 2594 quusi
1188 2559 1266 2585 valde
1281 2560 1430 2594 expetenda
1446 2561 1494 2591 sit,
1514 2561 1656 2588 inhaerens
1671 2567 1697 2588 et

897 2597 1005 2630 penitus
1017 2596 1111 2623 insitu:
1127 2597 1282 2632 siuiilisque
1293 2602 1333 2623 est
1344 2597 1466 2624 eiusdem
1480 2599 1588 2633 generis
1599 2598 1697 2626 deuni-

897 2634 933 2659 tio
947 2633 1123 2668 reliquarum.
1166 2635 1206 2661 27.
1230 2636 1403 2668 offensionum
1419 2641 1509 2662 utitem
1524 2635 1696 2663 definitiones

895 2676 959 2698 sunt
973 2671 1121 2703 eiusmodi.
1141 2676 1169 2699 ut
1185 2673 1375 2705 inhospitalitas
1387 2673 1423 2700 sit
1433 2673 1526 2709 opinio
1538 2673 1694 2704 vehemens.
