1941 3052
773 139 828 163 ⁴¹5.
863 136 898 162 M.

210 211 303 247 pulum
318 211 397 245 cupio
412 220 424 235 11
449 215 472 236 te
492 209 634 235 abducere.
675 207 771 234 xxvi.
793 208 834 233 76.
857 207 925 233 Tum
948 206 1000 232 Lu-

209 250 281 275 cius:
306 249 369 274 Mihi
387 256 447 272 vero
465 248 511 272 istu
530 246 604 271 valde
621 245 729 280 probata
745 249 820 274 siunt,
844 243 915 278 quod
938 244 999 269 item

210 286 282 312 fratri
296 291 366 319 puto.
394 285 459 309 Tum
474 283 539 309 mibi
553 284 620 311 l'iso,
634 281 704 314 Quid
716 282 797 317 ergo‘!
809 281 904 315 inquit,
918 280 1000 306 «lasne

209 323 368 349 adolescenti
387 322 509 346 venium?
524 330 555 346 an
572 329 633 346 eum
651 320 753 345 ‹list-ere
769 328 798 344 ea
815 319 914 346 mavis,
932 326 1000 352 quae

208 369 292 395 quum
310 358 442 393 praeclare
458 357 595 386 didicerit,
614 356 681 382 nibil
699 356 782 382 sciat‘?
803 356 858 390 Ego
871 363 932 381 vero
945 355 998 384 isti,

211 399 332 431 inquam,
348 395 483 429 permitto;
502 394 548 420 sed
562 403 648 420 nonne
661 394 822 422 meministi,
841 391 907 418 mihi
922 392 1000 418 licere

209 434 319 469 probare
337 434 398 461 ista,
415 440 484 466 quac
499 437 562 457 sunt
577 440 590 456 n
608 436 630 457 te
645 431 734 456 ‹lic-tn‘?
752 431 819 462 Quis
831 431 902 456 enim
916 433 1001 463 potest

208 481 247 501 ea,
260 479 328 504 quae
341 469 488 504 probabilia
502 468 642 494 videantur
653 469 686 498 ei,
701 477 752 494 non
764 467 894 502 probare?
904 467 942 492 An
956 475 1001 491 ve-

209 518 244 537 ro,
260 507 507 541 inquit,quisquam
520 510 606 540 potest
616 505 736 540 probare,
750 504 820 539 quod
833 508 998 539 perceptum,

207 544 279 579 quod
291 543 524 578 comprehensum,
538 542 610 578 quod
621 543 758 578 cognitum
772 551 823 568 non
836 540 932 567 babet‘?
943 541 999 566 Non

207 587 247 608 est
261 582 323 610 ista,
344 582 467 615 inquam,
490 581 563 610 l‘iso.
582 588 676 615 magna
692 579 836 605 dissensio.
877 577 949 604 Nihil
962 582 1001 603 est

207 619 278 645 enim
295 618 382 647 aliud,
401 617 576 653 quamobrem
593 618 660 643 mihi
674 617 740 643 nihil
754 616 855 651 percipi
871 624 948 650 posse
961 615 1001 640 vi-

207 656 312 686 deatur,
332 655 383 681 nisi
399 655 472 689 quod
489 654 656 689 percipiendi
669 655 710 680 vis
722 655 755 680 ita
768 653 895 679 delinitur
905 661 918 678 a
931 652 1001 678 Stoi-

207 695 259 723 cis,
277 697 305 719 ut
321 697 418 725 negent
431 692 581 727 quidquam
599 700 677 727 posse
694 692 809 726 percipi,
829 691 880 717 nisi
893 689 943 716 tale
955 697 1001 715 ve-

207 739 280 759 rum,
293 729 371 764 quale
383 729 480 756 salsum
491 738 550 755 esse
563 738 613 756 non
626 730 719 764 possit.
760 729 850 762 ltaque
863 728 927 753 haec
938 735 999 753 cum

208 767 262 793 illis
273 772 313 793 est
324 767 467 798 dissensio,
482 775 544 793 cum
557 766 739 801 Peripateticis
750 765 822 792 nulla
838 773 908 791 sane.
947 763 1000 790 Sed

208 804 272 831 haec
283 805 450 836 omittamus,
470 804 569 830 habent
582 805 654 830 enim
671 809 696 830 et
712 803 780 830 bene
797 802 902 839 longam
918 806 943 828 et
957 810 1001 827 sa·

207 842 241 868 tis
254 841 396 876 litigiosam
411 841 630 876 disputationem.

262 879 304 905 77.
327 878 394 904 lllud
411 879 477 905 mihi
490 888 503 905 a
516 884 539 905 te
552 879 666 904 nimium
679 877 834 904 festinanter
845 876 946 903 dictum
960 877 1001 902 vi-

207 915 297 946 detur,
315 917 448 950 sapientes
459 924 553 942 omnes
569 924 627 942 esse
642 923 749 950 semper
765 915 864 941 beatos
906 914 1000 939 Nescio

206 961 261 988 quo
273 952 350 979 modo
366 953 571 987 praetervolavit
582 953 674 979 oratio.
715 952 791 984 Quod
805 952 856 977 nisi
870 951 903 977 ita
915 950 1001 977 eflici-

208 995 262 1022 tur;
277 998 345 1025 quae
356 990 555 1025 Theophrastus
567 990 599 1017 tle
611 990 724 1019 fortuna,
738 989 771 1015 dc
782 989 881 1018 dolore,
895 988 927 1014 de
939 997 1001 1014 cru-

207 1028 277 1053 ciatu
289 1029 408 1062 corporis
422 1028 504 1058 dixit,
517 1037 578 1054 cum
591 1027 692 1062 quibus
703 1027 830 1062 coniungi
843 1026 946 1052 beatam
959 1026 1001 1051 vi-

207 1069 260 1090 tam
277 1064 351 1091 nullo
366 1065 444 1091 modo
460 1074 538 1100 posse
559 1065 676 1100 putavit,
700 1072 792 1090 vereor
810 1072 842 1089 ne
858 1071 918 1088 vera
935 1063 998 1088 sint.

206 1101 273 1127 Nam
286 1101 353 1128 illud
366 1102 537 1128 vehementer
549 1106 692 1138 repugnat,
710 1101 835 1127 eumdem
851 1105 877 1126 et
893 1100 999 1126 beatum

206 1147 279 1170 esse,
302 1143 327 1165 et
347 1139 439 1166 multis
460 1139 538 1165 malis
557 1147 728 1174 oppressum.
769 1139 837 1164 Haec
853 1146 906 1172 quo
922 1136 1001 1163 modo

206 1177 375 1207 conveniant,
389 1186 440 1203 non
452 1185 516 1203 sane
528 1176 657 1211 intelligo.
690 1176 782 1202 Utrum
794 1176 877 1211 igitur
888 1174 936 1200 tibi
948 1182 1000 1200 non

207 1212 305 1247 placet,
327 1214 427 1248 inquit,
445 1214 552 1240 virtutis
568 1219 666 1240 tantam
682 1213 737 1238 vim
749 1221 820 1243 esse,
838 1217 868 1238 ut
880 1211 913 1237 ad
925 1211 1001 1238 beate

207 1250 354 1276 vivendum
370 1259 398 1276 se
415 1251 471 1285 ipsa
489 1255 611 1277 contenta
626 1250 679 1277 sit‘7
699 1259 745 1281 an,
763 1250 786 1276 si
798 1249 824 1276 id
836 1249 947 1284 probas,
965 1249 1001 1274 ita

207 1286 262 1313 fieri
279 1295 356 1322 posse
372 1296 467 1323 negaS,
485 1293 514 1314 ut
529 1288 562 1319 ii,
584 1288 631 1322 qui
653 1287 760 1313 virtutis
780 1292 916 1322 compotes
936 1286 998 1316 sint,

205 1325 285 1350 etiam
301 1324 379 1351 malis
394 1325 558 1360 quibusdam
575 1325 660 1351 affecti
677 1325 747 1351 beati
763 1324 834 1351 sint‘?
858 1325 915 1359 Ego
938 1331 1001 1349 vero

206 1361 266 1388 volo
278 1362 304 1388 in
317 1363 414 1389 virtute
426 1363 482 1388 vim
494 1371 552 1388 esse
564 1371 645 1397 quam
657 1363 817 1388 maximam:
831 1361 888 1392 sed,
901 1365 1001 1396 quanta

205 1399 253 1429 sit,
269 1398 348 1431 alias,
367 1408 437 1426 nunc
448 1404 564 1430 tantum,
578 1400 697 1434 possitne
709 1407 767 1425 esse
779 1404 863 1429 tanta,
881 1399 905 1425 si
919 1397 1002 1433 quid-

205 1444 287 1470 quam
302 1441 375 1463 extra
391 1437 517 1463 virtutem
534 1437 664 1464 habeatur
679 1437 706 1463 in
719 1436 806 1463 bonis.
842 1437 884 1462 78.
906 1436 998 1470 Atqui,

205 1474 302 1508 inquit,
316 1474 339 1500 si
351 1474 447 1500 Stoicis
458 1474 593 1505 concedis,
607 1479 636 1501 ut
647 1475 733 1500 virtus
744 1473 814 1503 sola,
827 1473 851 1499 si
862 1473 945 1503 adsit,
960 1473 1002 1498 vi·

206 1515 258 1536 tam
285 1510 383 1537 efficiat
406 1511 526 1543 beatam,
557 1511 683 1538 concedis
703 1511 784 1537 etiam
805 1510 999 1545 Peripateticis.

204 1547 277 1579 Quae
293 1549 364 1574 enim
377 1548 445 1574 mala
458 1548 497 1575 illi
510 1557 560 1575 non
573 1548 672 1575 audent
682 1547 831 1583 appellare,
847 1555 941 1582 aspera
953 1555 1002 1573 au-

205 1589 258 1611 tem
273 1590 298 1611 et
313 1585 481 1612 incommoda
495 1591 520 1612 et
534 1585 679 1613 reiicienda
689 1590 715 1612 et
725 1585 810 1612 aliena
821 1589 930 1612 naturae
942 1592 1000 1611 esse

205 1621 369 1653 concedunt,
387 1631 417 1649 ea
427 1631 475 1649 nos
487 1623 555 1650 mala
567 1623 685 1649 dicimus
693 1644 699 1653 ,
717 1623 765 1649 sed
776 1623 875 1658 exigua
886 1627 912 1649 et
923 1630 1000 1657 porro

206 1660 327 1686 minima.
367 1659 454 1692 Quare
469 1661 493 1686 si
509 1665 595 1695 potest
610 1669 669 1687 esse
685 1660 779 1686 beatus
795 1661 831 1691 is,
854 1660 902 1694 qui
917 1664 958 1686 est
972 1659 1000 1685 in

206 1697 308 1731 asperis
324 1697 533 1732 reiiciendisque
549 1697 644 1728 rebus,
666 1702 753 1732 potest
768 1698 791 1723 is
806 1705 915 1732 quoque
929 1704 997 1727 esse,

205 1734 253 1768 qui
263 1738 303 1760 est
316 1734 343 1760 in
355 1735 446 1769 parvis
457 1734 546 1761 malis.
586 1735 619 1761 Et
629 1743 692 1771 ego,
705 1735 776 1765 Piso,
789 1735 911 1769 inquam,
925 1734 949 1760 si
960 1737 1001 1760 est

205 1771 360 1805 quisquam,
373 1772 421 1806 qui
433 1776 508 1798 acute
520 1773 547 1798 in
559 1773 663 1798 caussis
675 1771 766 1798 videre
777 1771 869 1802 soleat,
877 1779 947 1806 quae
958 1779 1000 1797 res

205 1813 311 1843 agatur,
334 1809 358 1834 is
378 1816 406 1835 es
427 1808 544 1843 profecto
564 1814 603 1836 tu.
643 1809 730 1841 Quare
745 1808 865 1838 attende,
887 1816 998 1842 quaeso.

206 1845 273 1871 Nam
288 1845 390 1876 adhuc,
407 1854 467 1872 meo
483 1845 592 1872 fortasse
608 1847 689 1876 vitio,
711 1845 779 1881 quid
795 1853 844 1881 ego
860 1853 997 1880 quaeram,

205 1891 257 1908 non
269 1883 410 1917 perspiciS.
450 1884 512 1909 Istic
523 1892 598 1913 sum,
612 1883 712 1918 inquit,
726 1887 919 1917 exspectoque,
933 1882 1000 1917 quid

206 1918 238 1945 ad
250 1919 286 1949 id,
300 1919 371 1953 quod
383 1928 523 1954 quaeram,
541 1920 712 1955 respondeas.
753 1920 862 1945 xxvii.
884 1920 926 1945 79.
950 1920 1000 1945 Re—

205 1956 356 1990 spondebo,
379 1964 422 1982 me
437 1965 488 1983 non
504 1965 645 1991 quaerere,
663 1958 788 1992 inquam,
807 1956 856 1983 hoc
869 1961 997 1991 tempore,

205 1993 272 2028 quid
289 1994 375 2020 virtus
391 1994 476 2028 possit
490 1993 609 2024 efficere.
625 1993 672 2020 sed
686 1994 753 2029 quid
764 1998 916 2020 constanter
926 1993 1000 2020 dica-

205 2035 261 2060 tur,
279 2030 346 2064 quid
362 2031 451 2065 ipsum
463 2039 477 2057 a
488 2040 516 2057 se
526 2031 676 2057 dissentiat.
716 2031 775 2063 Quo
786 2031 881 2067 igitur,
900 2032 997 2066 inquit,

206 2066 302 2093 modo‘?
315 2066 392 2099 Quia,
406 2076 490 2102 quum
502 2077 515 2094 a
527 2069 640 2099 Zenone,
654 2068 834 2103 inquan1,hoe
845 2068 997 2104 magnifice,

206 2109 343 2139 tamquam
361 2112 394 2131 ex
409 2105 528 2135 oraculo,
546 2105 647 2136 editur,
666 2106 756 2132 Virtus
771 2105 805 2132 ad
816 2105 892 2132 beate
904 2106 1000 2131 viven-

205 2141 270 2167 dum
282 2150 311 2167 se
323 2142 380 2176 ipsa
391 2147 511 2168 contenta
522 2147 561 2169 est
569 2153 574 2168 :
582 2142 725 2178 —quare‘?
735 2143 824 2178 inquit
832 2153 837 2168 :
845 2151 999 2178 —respon-

205 2178 262 2205 det:
285 2178 367 2210 Quia,
386 2180 438 2205 nisi
449 2179 521 2214 quod
534 2180 675 2206 honestum
686 2185 739 2211 est,
756 2179 862 2206 nullum
873 2185 914 2206 est
924 2179 998 2206 aliud

205 2216 316 2242 bonum.
358 2216 415 2242 Non
431 2225 530 2251 quaero
545 2218 613 2247 iam,
631 2225 761 2244 verumne
776 2218 824 2244 sit:
842 2217 911 2244 illud
926 2217 996 2247 dico,

205 2261 244 2283 ea,
258 2261 326 2288 quae
338 2252 417 2284 dicat,
434 2253 568 2288 praeclare
579 2255 648 2281 inter
658 2263 686 2280 se
697 2255 849 2281 cohaerere.
889 2256 931 2281 80.
952 2255 999 2280 Di-

205 2291 274 2316 xerit
285 2290 334 2316 hoc
346 2290 417 2316 idem
429 2291 571 2325 Epicurus,
580 2291 691 2326 Semper
701 2292 809 2318 beatum
820 2300 879 2318 esse
889 2292 999 2327 sapien-

205 2332 271 2353 tem:
285 2327 356 2362 quod
368 2328 478 2362 quidem
490 2328 675 2355 soletebullire
682 2337 896 2364 nonnumquam.
911 2330 997 2361 Quem

205 2364 328 2398 quidem,
345 2373 430 2399 quum
441 2367 556 2392 summis
567 2365 706 2393 doloribus
717 2366 886 2398 conficiatur,
904 2367 941 2394 ait
955 2366 999 2392 di—

204 2406 323 2432 cturum,
340 2402 426 2434 Quam
440 2412 522 2429 suave
533 2404 586 2430 est!
603 2412 686 2439 quam
698 2403 766 2430 nihil
777 2405 854 2430 curo!
877 2404 935 2430 Non
945 2412 999 2438 pu-

204 2446 283 2472 gnem
295 2448 356 2465 curn
369 2439 542 2471 homine,cur
552 2445 654 2467 tantum
666 2440 762 2467 habeat
773 2441 800 2467 in
813 2446 906 2467 natura
918 2441 995 2467 boni:

205 2474 273 2500 illud
289 2484 412 2511 urgeam,
430 2486 482 2504 non
498 2477 647 2513 intelligere
662 2486 738 2508 eum,
755 2478 823 2512 quid
838 2478 892 2504 sibi
904 2478 998 2504 dicen—

205 2511 270 2537 dum
282 2513 325 2543 sit,
333 2521 417 2547 quum
429 2514 547 2541 dolorem
558 2523 697 2541 summum
708 2515 809 2541 malum
821 2523 880 2541 esse
886 2515 996 2542 dixerit.

205 2547 305 2574 Eadem
321 2558 391 2576 nunc
405 2560 463 2578 mea
479 2551 623 2578 adversum
640 2557 664 2578 te
678 2553 762 2578 oratio
775 2557 825 2578 est.
863 2553 936 2579 Dicis
951 2561 998 2579 ea-

205 2584 267 2610 dem
278 2586 366 2612 omnia
377 2592 403 2613 et
413 2588 481 2615 bona
492 2593 518 2615 et
529 2589 597 2615 mala
605 2610 611 2620 ,
625 2597 693 2624 quae
704 2589 816 2624 quidem
827 2589 934 2620 dieunt,
947 2590 996 2624 qui

205 2630 354 2664 numquam
366 2624 557 2660 philosophum
568 2627 684 2661 pictum,
697 2631 727 2652 ut
737 2625 844 2657 dicitur,
858 2627 994 2658 viderunt,

207 2658 402 2692 valetudinem,
416 2662 501 2694 vires,
514 2668 655 2695 staturam,
671 2663 799 2696 formam,
815 2663 995 2700 integritatem

213 142 272 168 wil

931 135 962 162 T.
997 134 1273 162 CICERONIS

1053 205 1261 239 unguiculorum
1277 206 1398 232 omnium
1416 205 1482 232 bona
1496 206 1519 231 ’ς
1541 205 1750 232 deformitatem.
1774 215 1844 232 mor-

1053 245 1131 272 bum,
1148 243 1313 268 debilitatem
1331 243 1409 268 mala.
1450 245 1491 269 8⁴.
1514 243 1566 269 lam
1583 243 1626 268 illa
1643 250 1750 270 externa
1766 252 1844 278 parce

1053 287 1079 308 tu
1091 280 1216 315 quidem:
1231 280 1277 306 sed
1291 281 1363 309 lim-v,
1380 288 1464 314 qtmm
1476 281 1594 314 corporis
1607 281 1674 307 bona
1688 282 1740 307 sint
1751 289 1843 306 eorum

1052 318 1233 345 ‹-0nti‹·i‹·ntin.
1251 322 1320 343 certe
1337 318 1362 343 in
1379 317 1456 343 bonis
1473 317 1755 348 numerabismniros.
1778 317 1846 343 libe-

1053 364 1103 382 ros,
1118 355 1292 389 propinquos,
1306 354 1425 382 divitias,
1440 355 1561 383 bonores.
1574 364 1648 389 opes,
1673 357 1767 381 Contra
1781 355 1846 380 baec

1052 392 1157 419 attende
1170 400 1211 417 me
1223 391 1290 418 nihil
1302 391 1404 417 «liceret
1419 392 1441 417 si
1455 393 1502 417 ista
1516 391 1583 417 mala
1595 397 1665 421 nunt,
1680 393 1705 418 in
1717 401 1786 427 1111111·
1798 401 1846 426 po-

1053 435 1101 456 test
1115 428 1231 455 incidere
1244 429 1360 463 sapiens,
1370 429 1516 463 sapientem
1528 438 1595 457 esse,
1605 438 1656 455 non
1668 438 1726 455 esse
1737 429 1769 455 ad
1783 429 1846 455 bea-

1053 473 1076 494 te
1089 465 1235 493 vivendum
1248 467 1322 492 satis.
1355 466 1438 492 immo
1450 475 1519 494 vero.
1535 467 1630 500 inquit,
1646 466 1678 492 ad
1691 467 1846 492 beatissime

1053 504 1199 530 vivendum
1213 512 1306 538 parum
1321 507 1374 529 est:
1396 503 1427 528 ad
1441 503 1515 529 beate
1529 512 1591 529 vero
1601 504 1676 529 satis.
1717 503 1846 529 Animad-

1054 542 1129 569 verti.
1140 542 1258 575 inquam,
1269 545 1292 566 te
1306 541 1355 566 isto
1366 540 1444 566 modo
1456 540 1611 575 paulloante
1618 548 1729 575 ponere:
1742 545 1768 566 et
1778 541 1843 570 scio,

1052 579 1085 605 ab
1098 578 1228 605 Antiocho
1244 583 1333 603 nostro
1348 577 1402 603 «tici
1419 579 1457 603 sic
1472 578 1567 604 solere.
1607 577 1659 603 Sed
1676 577 1742 612 quid
1755 578 1846 603 minus

1053 615 1235 651 probandum,
1258 624 1339 649 quam
1355 624 1414 640 esse
1434 614 1552 650 aliquem
1574 615 1694 643 beatum,
1718 623 1766 641 nec
1781 615 1846 640 satis

1053 652 1179 679 beatum?
1198 652 1273 684 Quod
1290 658 1378 678 autem
1391 653 1456 678 satis
1467 657 1519 681 est,
1537 660 1568 678 eo
1579 651 1714 687 quidquid
1726 660 1847 677 accesse-

1053 692 1098 719 rit,
1117 690 1230 716 nimium
1242 694 1294 720 est,
1312 694 1337 715 et
1353 698 1431 716 nemo
1446 691 1560 715 nimium
1578 690 1671 715 beatus
1682 694 1756 715 estet
1769 697 1847 715 nemo

1052 728 1128 754 beato
1149 727 1258 753 beatior.
1300 728 1340 753 82.
1364 727 1445 761 Ery-fo,
1470 728 1569 762 inquit,
1593 727 1642 753 tibi
1657 728 1688 758 Q.
1712 726 1844 754 Metellus,

1051 766 1098 800 qui
1111 770 1163 791 tres
1179 764 1247 790 lilios
1257 764 1382 791 consules
1394 764 1474 795 vidit,
1496 773 1510 790 e
1521 764 1622 799 quibus
1634 772 1718 790 unum
1729 764 1809 790 etiam
1821 767 1848 789 et

1052 811 1188 829 censorem
1205 807 1230 828 et
1246 802 1470 836 triumphantem,
1492 807 1618 836 quartum
1637 806 1725 827 autem
1742 805 1847 835 praeto-

1053 848 1117 870 rem,
1127 848 1226 874 eosque
1237 839 1326 865 salvos
1338 838 1456 873 reliquit,
1465 844 1489 865 et
1501 844 1553 865 tres
1565 839 1633 864 silias
1646 844 1846 873 nuptas.quum

1053 878 1110 912 ipse
1121 876 1225 907 consul,
1234 885 1336 906 censor,
1350 885 1437 911 augur
1448 876 1551 906 suisset,
1560 882 1585 902 et
1597 876 1802 910 triumphasset:
1817 879 1847 901 ut

1052 915 1161 949 sapiens
1173 913 1266 945 fuerit,
1285 922 1371 940 nonne
1384 914 1497 943 beatior,
1513 922 1608 948 quam,
1623 918 1651 939 ut
1664 914 1726 939 item
1738 913 1847 947 sapiens

1053 951 1145 982 suerit,
1163 952 1210 986 qui
1227 952 1253 977 in
1272 956 1398 985 potestate
1415 951 1532 977 hostium
1548 950 1651 986 vigiliis
1663 955 1688 976 et
1700 950 1787 976 inedia
1800 958 1847 975 ne—

1051 995 1126 1016 catus
1139 994 1192 1018 est,
1210 988 1346 1023 Regulus?
1378 988 1497 1015 xxvnt.
1521 990 1562 1014 83.
1584 987 1654 1020 Quid
1667 996 1709 1013 me
1721 987 1792 1014 istud
1805 995 1847 1012 ro-

1052 1035 1108 1062 gas,
1122 1026 1252 1061 inquam?
1262 1026 1362 1052 Stoicos
1374 1035 1446 1061 roga.
1486 1025 1557 1058 Quid
1571 1026 1665 1061 igitur,
1684 1025 1784 1059 inquit,
1801 1032 1847 1050 eos

1053 1072 1228 1098 responsuros
1244 1063 1340 1097 putas'?
1358 1063 1448 1089 Nihilo
1464 1063 1607 1089 beatiorem
1624 1071 1682 1087 esse
1698 1061 1845 1091 Metellum,

1052 1110 1133 1135 quam
1147 1100 1288 1136 Regulum.
1329 1100 1392 1126 Inde
1405 1101 1495 1135 igitur,
1510 1101 1606 1134 inquit,
1619 1099 1783 1125 audiendum
1795 1103 1846 1124 est.

1052 1139 1151 1164 Tamen
1164 1146 1176 1163 a
1188 1138 1332 1172 proposito,
1348 1138 1472 1172 inquam,
1485 1137 1650 1163 aberramus.
1691 1137 1747 1162 Non
1762 1136 1845 1165 enim,

1053 1176 1173 1210 inquam,
1186 1183 1294 1210 quaero,
1308 1174 1375 1209 quid
1387 1183 1480 1200 verum
1489 1195 1495 1205 ,
1508 1174 1555 1200 sed
1567 1174 1633 1209 quid
1644 1174 1743 1208 cuique
1754 1172 1848 1199 dicen-

1052 1213 1118 1239 dum
1129 1213 1174 1238 sit.
1215 1212 1320 1238 Utinam
1335 1211 1447 1246 quidem
1458 1211 1577 1238 dicerent
1588 1212 1671 1237 aliurn
1683 1210 1848 1236 alio-beatio-

1053 1250 1122 1276 rem!
1143 1250 1196 1275 iam
1209 1250 1300 1276 ruinas
1312 1249 1429 1275 videres.
1468 1250 1497 1275 In
1513 1250 1610 1275 virtute
1626 1249 1698 1274 enim
1713 1247 1768 1274 sola
1780 1252 1805 1274 et
1820 1247 1846 1273 in

1053 1288 1112 1322 ipso
1123 1286 1234 1313 honesto
1244 1295 1329 1321 quum
1341 1287 1376 1313 sit
1388 1287 1488 1312 bonum
1501 1287 1633 1321 positum,
1647 1293 1787 1320 quumque
1799 1292 1848 1310 nec

1053 1326 1148 1355 virtus,
1161 1329 1191 1350 ut
1200 1323 1286 1359 placet
1297 1323 1360 1354 illis,
1375 1332 1423 1350 nec
1435 1324 1576 1350 honestum
1587 1328 1696 1352 crescat,
1706 1322 1788 1357 idque
1799 1321 1848 1348 bo-

1053 1371 1117 1388 num
1133 1361 1222 1388 solum
1237 1361 1285 1391 sit,
1302 1369 1357 1396 quo
1370 1362 1417 1396 qui
1433 1361 1561 1396 potiatur,
1579 1368 1688 1387 necesse
1702 1365 1742 1386 est
1753 1359 1848 1386 beatus

1052 1400 1095 1429 sit,
1109 1408 1193 1434 quum
1205 1399 1298 1435 augeri
1311 1398 1337 1425 id
1349 1407 1400 1425 non
1413 1399 1505 1433 possit.
1515 1399 1603 1433 inquo
1614 1406 1668 1424 uno
1679 1397 1795 1432 positum
1807 1400 1848 1422 est

1053 1437 1160 1463 beatum
1173 1445 1246 1462 esse:
1258 1436 1306 1471 qui
1318 1440 1404 1471 potest
1413 1444 1472 1462 esse
1483 1436 1629 1470 quisquam
1641 1434 1710 1461 alius
1721 1434 1773 1460 alio
1784 1433 1848 1460 bea—

1053 1473 1121 1500 tior‘?
1134 1473 1266 1504 Videsne,
1284 1478 1314 1499 ut
1330 1473 1395 1499 haec
1408 1472 1568 1499 concinant?
1586 1471 1741 1498 Ethercule
1752 1470 1848 1505 (saten-

1052 1511 1118 1537 dum
1129 1516 1169 1537 est
1184 1511 1270 1542 enim,
1284 1510 1355 1545 quod
1373 1510 1480 1544 sentio,)
1495 1509 1628 1536 mirabilis
1644 1514 1684 1536 est
1699 1508 1770 1543 apud
1786 1507 1848 1534 illos

1052 1553 1193 1575 contextus
1209 1556 1308 1574 rerum.
1349 1547 1520 1582 Respondent
1531 1552 1649 1573 extrema
1664 1546 1773 1581 primis,
1790 1552 1848 1571 me-

1052 1586 1096 1612 dia
1112 1586 1248 1620 utrisque,
1264 1585 1355 1611 omnia
1370 1585 1511 1612 omnibus:
1533 1584 1600 1619 quid
1615 1588 1757 1619 sequatur,
1779 1581 1847 1617 quid

1052 1627 1196 1658 repugnet,
1219 1622 1322 1649 vident.
1362 1623 1391 1649 In
1411 1622 1556 1658 geometria
1577 1622 1664 1656 prima
1684 1621 1708 1647 si
1728 1619 1845 1649 dederis,

1051 1660 1139 1686 danda
1151 1660 1323 1686 suntomnia.
1364 1659 1499 1688 Concede.
1515 1658 1583 1685 nihil
1596 1667 1656 1685 esse
1666 1658 1776 1687 bonum,
1793 1656 1847 1683 nisi

1051 1696 1124 1732 quod
1135 1696 1278 1723 honestum
1290 1697 1338 1723 sit:
1355 1695 1557 1723 concedendum
1567 1700 1620 1725 est,
1638 1696 1666 1722 in
1682 1695 1780 1720 virtute
1791 1692 1846 1720 sola

1051 1735 1166 1769 positam
1177 1742 1236 1759 esse
1247 1733 1351 1760 beatam
1364 1734 1456 1760 vitam.
1490 1733 1557 1759 Vide
1568 1741 1662 1758 rursus
1676 1736 1754 1758 retro.
1783 1731 1848 1757 Dato

1052 1772 1111 1802 hoc,
1127 1770 1246 1797 dandum
1261 1771 1311 1797 erit
1322 1770 1400 1797 illud.
1440 1769 1518 1802 Quod
1529 1770 1611 1796 vestri
1623 1777 1675 1796 non
1689 1769 1766 1795 item:
1803 1769 1845 1794 84.

1051 1809 1129 1834 »Tria
1140 1816 1238 1844 genera
1250 1807 1411 1834 bonorum«
1430 1807 1547 1833 Proclivi
1560 1807 1644 1833 currit
1653 1806 1750 1833 oratio:
1773 1806 1848 1832 venit

1051 1845 1084 1872 ad
1100 1850 1265 1872 extremum:
1283 1845 1374 1871 haeret
1388 1845 1415 1871 in
1431 1844 1550 1870 salebra:
1567 1845 1643 1878 cupit
1658 1844 1730 1870 enim
1745 1843 1844 1874 dicere,

1051 1882 1125 1909 Nihil
1141 1891 1220 1917 posse
1234 1882 1267 1909 ad
1279 1882 1382 1908 beatam
1395 1883 1478 1908 vitam
1489 1881 1582 1908 deesse
1593 1881 1719 1916 sapienti.
1759 1880 1848 1907 Hone-

1050 1925 1089 1946 sta
1105 1921 1201 1951 oratio,
1219 1919 1365 1950 Socratica,
1382 1919 1498 1945 Platonis
1512 1919 1602 1945 etiam.
1643 1918 1736 1945 Audeo
1745 1917 1845 1949 dicere,

1051 1958 1149 1992 inquit.
1190 1957 1247 1984 Non
1259 1961 1358 1991 potest,
1370 1957 1424 1983 nisi
1435 1957 1584 1982 retexueris
1594 1954 1654 1981 illa:
1667 1960 1811 1990 paupertas
1821 1955 1847 1982 si

1051 1994 1152 2020 malum
1164 1999 1213 2024 est,
1226 1994 1368 2020 mendicus
1379 1993 1475 2020 beatus
1486 2001 1544 2019 esse
1557 2001 1636 2019 nemo
1646 1997 1741 2028 potest,
1749 2001 1848 2028 quam-

1051 2032 1093 2058 vis
1102 2032 1138 2058 sit
1148 2032 1266 2066 sapiens.
1306 2031 1340 2058 At
1352 2032 1422 2058 Zeno
1433 2039 1496 2057 eum
1506 2039 1558 2057 non
1570 2029 1678 2056 beatum
1690 2029 1768 2056 modo
1776 2050 1782 2060 ,
1797 2029 1846 2056 sed

1051 2069 1131 2095 etiam
1147 2068 1260 2095 divitem
1275 2068 1365 2095 dicere
1380 2076 1464 2094 ausus
1477 2072 1528 2094 est.
1568 2067 1661 2094 Dolere
1681 2066 1797 2093 malum:
1817 2068 1846 2093 in

1050 2114 1158 2132 crucem
1173 2107 1222 2141 qui
1238 2107 1340 2142 agitur,
1359 2105 1453 2132 beatus
1469 2113 1528 2131 esse
1542 2113 1595 2131 non
1606 2109 1702 2139 potest.
1741 2104 1846 2131 Bonum

1051 2142 1142 2175 liberi:
1156 2144 1287 2169 miserum
1298 2143 1412 2169 orbitas:
1429 2142 1531 2169 bonum
1542 2142 1640 2176 patria;
1657 2142 1786 2168 miserum
1796 2149 1846 2168 ex-

1050 2180 1158 2207 silium:
1180 2180 1282 2207 bonum
1296 2179 1435 2211 valetudo:
1454 2180 1583 2206 miserum
1599 2178 1724 2205 morbus:
1743 2178 1845 2205 bonum

1050 2218 1189 2253 integritas
1203 2218 1336 2252 corporis:
1355 2218 1485 2244 miserum
1499 2216 1640 2243 debilitas:
1658 2215 1758 2242 bonum
1769 2215 1845 2242 ineo-

1051 2254 1132 2282 lumis
1143 2255 1227 2287 acies;
1244 2255 1375 2281 miserum
1386 2254 1510 2281 caecitas.
1535 2253 1609 2286 Quae
1619 2253 1642 2279 si
1653 2257 1739 2287 potest
1748 2253 1844 2288 singu-

1050 2291 1074 2318 la
1085 2291 1248 2318 consolando
1265 2292 1366 2323 levare,
1383 2292 1511 2318 universa
1525 2299 1579 2326 quo
1593 2290 1672 2317 modo
1682 2289 1844 2316 sustinebit?

1049 2328 1090 2356 Sit
1100 2330 1173 2356 enim
1185 2329 1257 2356 idem
1268 2338 1373 2360 caecus,
1387 2328 1496 2359 debilis,
1504 2328 1597 2354 morbo
1607 2327 1769 2363 gravissimo
1779 2326 1844 2352 affe-

1048 2370 1116 2397 ctus,
1130 2366 1221 2397 exsul,
1234 2366 1330 2398 orbus,
1343 2375 1439 2402 egens,
1452 2369 1606 2400 torqueatur
1615 2363 1742 2399 equule03
1761 2371 1843 2398 quem

1049 2403 1122 2430 hunc
1133 2403 1262 2438 appellas,
1275 2403 1362 2430 Zeno‘?
1373 2404 1493 2434 Beatum,
1507 2402 1605 2437 inquit.
1644 2401 1731 2427 Etiam
1743 2400 1844 2427 beatis—

1049 2440 1167 2467 simum‘?
1180 2440 1296 2476 Quippe,
1305 2441 1419 2476 inquiet,
1426 2448 1513 2476 quum
1522 2444 1576 2466 tam
1586 2438 1733 2468 docuerim,
1741 2437 1842 2473 gradus

1048 2479 1127 2504 istam
1146 2486 1202 2504 rem
1222 2487 1274 2505 non
1295 2478 1407 2509 habere,
1429 2485 1511 2512 quam
1530 2477 1670 2505 virtutem,
1692 2475 1720 2500 in
1738 2483 1791 2509 qua
1807 2476 1844 2501 sit

1047 2516 1139 2550 ipsum
1149 2515 1230 2542 etiam
1240 2515 1359 2542 beatum.
1399 2516 1441 2541 85.
1462 2513 1524 2540 Tibi
1535 2513 1584 2539 hoc
1594 2511 1764 2542 incredibile,
1776 2512 1841 2546 quia

1047 2552 1246 2579 beatissimum.
1281 2551 1372 2585 Quid?
1381 2556 1458 2578 tuum
1468 2548 1616 2576 credibile?
1625 2548 1653 2575 Si
1664 2550 1736 2575 enim
1748 2548 1781 2575 ad
1792 2557 1842 2583 po-

1046 2589 1143 2624 pulum
1157 2598 1200 2616 me
1215 2598 1308 2616 vocas:
1331 2597 1406 2619 eum,
1424 2588 1472 2623 qui
1487 2587 1523 2613 ita
1536 2587 1572 2613 sit
1586 2585 1708 2616 affectus,
1732 2585 1840 2612 beatum

1047 2635 1196 2662 numquam
1219 2626 1360 2662 probabis:
1382 2626 1406 2652 si
1421 2624 1455 2652 ad
1474 2623 1634 2659 prudentes:
1656 2622 1770 2650 alterum
1785 2622 1841 2649 for-

1046 2668 1115 2691 tasse
1126 2663 1304 2696 dubitabunt,
1320 2663 1390 2690 sitne
1400 2667 1504 2690 tantum
1514 2662 1543 2688 in
1553 2661 1652 2688 virtute
1659 2680 1666 2692 ,
1683 2664 1713 2688 ut
1722 2668 1752 2686 ea
1761 2667 1840 2695 prae-
