1941 3052
362 124 691 150 EPISTULARUM
721 124 774 149 AD
804 123 1007 149 ATTICUM
1038 123 1119 148 LIB.
1152 123 1229 148 XVI.

90 204 249 232 responsum
261 199 313 227 est:
337 204 408 221 nunc
422 195 495 225 audi,
509 194 590 229 quod,
604 195 654 221 etsi
666 193 788 229 intelligo
800 194 883 220 scribi

91 242 199 261 necesse
219 241 272 259 non
287 241 359 262 esse,
377 232 466 258 scribo
484 237 582 258 tamen.
623 231 705 257 Multa
722 240 764 257 me
777 235 884 257 movent

91 274 118 298 in
134 271 270 299 discessu,
292 270 319 295 in
335 270 431 303 primis
448 269 614 299 mehercule,
628 268 701 303 quod
713 268 856 303 disiungor
870 277 883 294 a

90 314 125 336 te.
166 308 254 334 Movet
269 307 349 333 etiam
365 307 546 342 navigationis
563 306 650 337 labor,
669 306 773 332 alienus
785 315 837 332 non
849 305 882 331 ab

90 349 173 372 aetate
188 344 277 370 solum
293 348 394 374 nostra,
418 353 512 370 verum
528 345 607 370 etiam
625 353 638 369 a
650 343 793 378 dignitate3
817 348 885 369 tem-

91 390 196 418 pusque
208 381 345 407 discessus
356 381 569 407 subabsurdum.
610 381 801 415 Belinquimus
812 381 884 406 enim

90 428 193 455 pacem,
208 423 236 445 ut
247 418 280 444 ad
292 418 393 444 bellum
406 423 583 444 revertamur:
619 417 746 452 quodque
757 418 885 452 temporis

91 458 119 484 in
131 456 276 492 praediolis
288 457 395 486 nostris,
409 461 434 482 et
445 455 515 482 helle
526 455 673 482 aedificans
685 460 711 481 et
720 455 785 481 satis
796 463 885 481 amoe-

92 495 148 525 nis,
165 494 289 519 consumi
304 493 404 527 potuit,
422 494 449 519 in
462 493 676 528 peregrinatione
687 493 883 518 consumimus.

91 531 270 558 Consolantur
281 530 359 556 haec:
382 530 435 557 Aut
450 530 620 565 proderimus
636 529 739 564 aliquid
751 530 882 559 Ciceroni,

91 573 146 600 aut,
160 573 291 603 quantum
303 567 395 602 profici
406 568 500 602 possit,
509 567 703 593 iudicabimus.
744 566 844 592 Deinde
857 571 884 592 tu

92 607 160 637 iam,
178 610 208 632 ut
222 614 300 640 spero
315 610 340 631 et
350 611 379 632 ut
390 605 532 640 promittis,
547 604 645 630 aderis.
686 603 763 636 Quod
774 604 885 638 quidem

92 645 117 670 si
137 643 273 674 acciderit,
296 643 386 669 omnia
407 642 486 669 nobis
502 646 580 668 erunt
595 641 716 668 meliora.
756 643 781 667 5.
799 641 886 667 Maxi-

93 689 136 707 me
152 686 241 706 autem
257 688 299 706 me
315 681 390 715 angit
401 680 466 706 ratio
477 679 643 714 reliquorum
655 687 791 705 meorum:
817 686 886 712 quae

93 726 259 753 quamquam
275 717 407 752 explicata
418 721 494 750 sunt,
527 721 629 747 tamen,
643 716 715 751 quod
727 721 752 742 et
762 715 887 742 Dolabel-

94 755 134 782 lae
155 764 252 782 nomen
273 755 300 780 in
321 755 354 780 iis
376 759 424 784 est,
448 758 473 780 et
492 754 664 780 attributione
685 753 753 779 mihi
777 754 887 779 nomina

94 794 197 829 ignota,
219 791 375 819 conturbor:
407 800 456 817 nec
474 800 517 817 me
532 790 587 817 ulla
603 799 645 817 res
661 791 748 826 magis
764 791 839 826 angit
854 799 888 816 ex

92 830 229 857 omnibus.
270 830 361 863 Itaque
377 837 428 854 non
445 829 513 854 mihi
528 828 622 854 videor
637 836 752 858 errasse,
770 827 843 862 quod
854 827 887 853 ad

93 867 206 894 Balbum
227 867 323 900 scripsi
339 866 470 900 apertius,
489 870 531 896 ut,
549 866 572 891 si
589 865 655 900 quid
670 865 721 891 tale
732 865 885 896 accidisset,

94 910 122 931 ut
138 913 190 931 non
201 907 389 930 concurrerent
399 903 520 933 nomina,
534 902 704 929 subveniret:
728 910 825 937 meque
837 902 886 928 tibi

93 943 173 968 etiam
185 940 335 970 mandasse,
349 945 387 971 ut,
400 941 424 966 si
435 940 502 975 quid
513 940 647 966 eiusmodi
659 940 810 970 accidisset,
824 948 887 965 cum

93 989 124 1005 eo
134 979 362 1005 communicares:
390 978 462 1012 quod
475 977 569 1008 facies,
584 978 607 1003 si
618 977 669 1004 tibi
681 977 828 1006 videbitur,
842 985 888 1004 eo-

93 1026 145 1052 que
157 1017 253 1051 magis,
270 1016 293 1041 si
304 1014 483 1050 proficisceris
496 1016 523 1041 in
534 1015 658 1049 Epirum.

113 1054 190 1088 (Hinc
203 1054 327 1080 Graetero
338 1055 422 1079 iudice
434 1061 514 1079 novae
524 1054 646 1085 epistolae
657 1054 760 1078 initium
768 1053 788 1086 .·)

93 1093 118 1118 6.
134 1091 204 1118 Haec
223 1099 273 1126 ego
291 1089 475 1116 conscendens
490 1098 504 1116 e
519 1090 682 1124 Pompeiano
698 1089 785 1115 tribus
797 1094 889 1116 aetua-

92 1128 181 1160 riolis,
199 1128 293 1154 decem
308 1127 427 1154 scalmis.
466 1127 565 1154 Brutus
581 1131 636 1153 erat
650 1128 677 1153 in
693 1127 792 1153 Neside
808 1127 886 1154 etiarn

93 1175 178 1195 nunc,
197 1164 309 1200 Neapoli
323 1165 443 1192 Cassius.
484 1164 588 1199 Ecquid
602 1173 674 1191 amas
686 1165 849 1196 Deiotarum,
864 1170 889 1191 et

93 1249 179 1276 quum
194 1241 218 1267 ei
235 1240 432 1275 praescriptum
448 1244 531 1270 esset,
550 1248 582 1265 ne
598 1239 664 1274 quid
681 1240 739 1265 sine
755 1239 829 1266 Sexti
841 1248 890 1266 no-

93 1279 141 1304 stri
153 1278 284 1304 sententia
299 1282 401 1313 ageret,
424 1286 510 1312 neque
522 1276 649 1307 adillum,
659 1286 747 1312 neque
754 1277 785 1303 ad
793 1286 890 1311 quein-

93 1324 175 1350 quam
196 1320 317 1341 nostrum
337 1313 437 1341 retulit.
478 1315 592 1341 Atticam
614 1319 730 1341 nostram
746 1315 827 1349 cupio
842 1315 890 1341 ab-

93 1357 196 1379 sentem
208 1353 341 1378 suaviari:
365 1353 399 1378 ita
412 1351 479 1378 mihi
491 1351 578 1378 dulcis
590 1351 664 1378 salus
676 1352 734 1377 visa
745 1357 794 1382 est,
808 1360 855 1386 per
866 1356 890 1378 te

95 1391 176 1416 missa
192 1390 225 1416 ab
244 1389 300 1416 illa.
341 1389 450 1415 Referes
462 1390 544 1424 igitur
555 1389 578 1415 ei
591 1389 752 1424 plurimam,
771 1390 890 1424 itemque

94 1427 175 1454 Piliae
186 1427 261 1454 dicas
273 1426 365 1453 velim.

218 1496 249 1519 (ln
259 1499 370 1517 pannii-11..
381 1498 472 1518 nnumin,
483 1498 583 1515 nuruunn
594 1504 641 1515 ms».
653 1499 708 1520 710.)

280 1539 447 1566 CICERO
477 1540 644 1567 ATTICO
673 1540 700 1566 S.

150 1582 173 1606 4.
196 1575 245 1611 Ita,
269 1586 298 1607 ut
318 1581 375 1607 lieri
397 1581 445 1607 tibi
467 1582 586 1612 narravi,
610 1582 651 1607 vel
677 1581 888 1612 sortasseliodie,

93 1617 219 1652 (Quintus
241 1618 313 1644 enim
334 1618 416 1644 altero
436 1618 480 1644 die
501 1627 529 1644 se
545 1619 653 1653 aiebam
670 1619 697 1645 in
717 1618 815 1644 Nesida
833 1627 888 1644 vui.

93 1655 167 1681 lilus.
189 1655 229 1681 Ibi
244 1656 352 1682 Brutus.
392 1655 479 1687 Quam
496 1655 541 1682 ille
557 1656 643 1683 doluit
658 1656 691 1682 de
704 1657 787 1682 Nonis
798 1655 887 1682 Iuliis!

93 1692 205 1719 Mirifice
219 1697 259 1719 est
269 1692 454 1719 conturbatus.
481 1694 572 1728 ltaque
587 1702 646 1719 sese
657 1694 822 1728 scripturum
835 1694 891 1719 aie-

93 1730 152 1761 bat,
169 1734 198 1756 ut
208 1731 378 1756 venationem
389 1738 461 1761 eam,
475 1739 544 1765 qnae
556 1730 684 1765 postridie
698 1730 775 1757 ludos
787 1730 890 1765 Apolli—

94 1775 171 1793 nares
187 1766 275 1794 sutura
291 1772 345 1798 est,
367 1768 566 1802 proscriberent
582 1776 619 1794 ιιι.
642 1778 679 1794 ιι).
701 1778 798 1798 Quinr.
823 1768 889 1794 Libo

92 1805 248 1831 intervenit.
290 1805 482 1836 ls,Pliil0nem,
497 1806 616 1839 Pompeii
630 1805 765 1836 libertum,
779 1810 804 1832 et
816 1805 890 1831 llila-

92 1850 167 1873 rum,
181 1850 276 1873 suum,
290 1842 397 1868 venisse
409 1851 422 1868 a
435 1842 515 1869 Sexto
526 1851 589 1868 cum
602 1842 696 1869 litteris
708 1843 740 1868 ad
752 1843 887 1873 consules,

92 1879 151 1905 sive
167 1887 221 1914 quo
234 1879 286 1905 alio
298 1880 405 1905 nomine
417 1884 489 1906 sunt.
530 1880 630 1906 Earum
642 1880 797 1915 exemplum
812 1880 889 1906 nobis

94 1915 167 1951 legit,
181 1916 204 1942 si
215 1916 283 1950 quid
295 1916 441 1943 videretur.
483 1917 569 1943 Pauca
580 1917 653 1951 παρὰ
665 1918 740 1947 λέξιν,
753 1918 888 1951 ceteroqui

93 1958 119 1979 et
134 1953 199 1979 satis
213 1954 343 1989 graviter,
357 1958 382 1979 et
393 1962 445 1980 non
457 1954 658 1980 contumaciter.
699 1955 814 1981 Tantum
826 1954 889 1981 addi

93 1990 205 2025 placuit,
230 1990 302 2025 quod
323 1995 379 2016 erat
398 1999 475 2017 coss.
497 1991 595 2022 solum,
622 1996 650 2017 ut
669 1996 748 2022 esset,
767 2000 887 2018 ruitaria

93 2037 186 2054 τιιιιιυ.
210 2036 290 2053 etan.
313 2037 451 2060 sexum,
485 2036 517 2054 ne
539 2027 578 2054 illi
600 2037 650 2054 non
669 2028 818 2062 proferrent
833 2038 886 2059 eas,

93 2073 162 2100 quae
174 2064 207 2090 ad
220 2065 293 2099 ipsos
305 2065 403 2090 missae
415 2069 513 2091 essent.
554 2067 579 2091 2.
595 2066 705 2091 Sextum
718 2070 807 2092 autem
820 2075 890 2092 nun-

93 2103 160 2129 tiant
175 2110 237 2128 cum
256 2110 308 2128 una
323 2102 411 2128 solum
429 2101 532 2137 legione
551 2102 633 2128 ruisse
650 2103 827 2138 Karthagine:
850 2104 890 2129 ei-

92 2148 155 2175 que,
169 2148 199 2165 eo
212 2139 270 2174 ipso
280 2139 334 2170 die,
350 2147 404 2174 quo
415 2139 546 2174 oppidum
558 2140 667 2166 Boream
679 2141 805 2174 cepisset,
820 2149 890 2166 nun-

93 2177 188 2204 tiatum
205 2185 264 2203 esse
279 2176 313 2202 de
329 2177 454 2209 Caesare,
481 2181 558 2211 capto
569 2177 682 2211 oppido,
705 2178 800 2203 miram
814 2177 890 2204 lacti-

92 2215 157 2241 tiam
173 2215 465 2248 commutationcmqne
482 2214 633 2240 animorum
647 2235 653 2245 ,
671 2223 889 2249 concursumque

93 2251 228 2286 undique;
251 2251 298 2277 sed
311 2251 387 2277 illuni
399 2251 431 2277 ad
443 2260 491 2277 sex
503 2250 630 2287 legiones,
645 2260 712 2286 quas
725 2252 751 2278 in
765 2251 889 2278 ulteriore

93 2288 262 2323 reliquisset,
286 2289 438 2315 revertisse.
480 2288 519 2314 Ad
543 2289 632 2323 ipsum
652 2294 740 2315 autem
759 2289 888 2315 Libonem

92 2327 210 2361 scripsit,
228 2326 296 2353 nillil
308 2335 377 2356 esse,
392 2326 444 2352 nisi
456 2325 488 2351 ad
501 2325 582 2351 larem
595 2326 784 2352 suumliceret.
807 2327 889 2352 Suni-

93 2371 135 2389 ma
155 2363 365 2398 postulatorum,
391 2368 419 2390 ut
437 2371 531 2389 omnes
551 2363 687 2390 exereitus
707 2363 886 2394 dimittantur,

92 2401 140 2436 qui
162 2400 264 2436 ubique
285 2401 349 2427 sint.
390 2401 460 2426 llaec
481 2400 534 2426 sere
548 2400 581 2425 dc
597 2401 688 2427 Sexto.
729 2403 753 2427 3.
780 2401 814 2427 De
836 2401 889 2427 Bn-

93 2438 199 2465 throtiis
215 2437 338 2473 undique
353 2446 500 2473 quaerens,
519 2437 587 2463 niliil
605 2438 782 2472 reperiebam.
823 2438 886 2469 Alii,

91 2475 214 2502 concisos
234 2476 382 2511 agripetas:
406 2475 461 2503 alii.
479 2474 606 2501 l'laneum
623 2476 739 2509 acceptis
756 2475 885 2505 nummis,

92 2512 193 2539 relictis
214 2512 283 2543 illis,
301 2512 451 2548 aufugisse.
493 2513 582 2546 ltaque
599 2520 650 2538 non
665 2512 741 2538 video
755 2512 886 2538 sciturum

93 2557 144 2580 me,
158 2549 225 2584 quid
237 2551 297 2576 eius
307 2550 351 2581 sit,
366 2551 393 2576 ni
405 2550 494 2576 statim
507 2549 610 2583 aliquid
620 2549 777 2575 litterarum.
801 2550 824 2575 4.
839 2550 888 2575 lter

91 2586 160 2612 illud
171 2587 356 2618 Brundisium,
370 2587 403 2613 de
414 2595 468 2622 quo
479 2586 647 2617 dubitabam,
661 2585 798 2612 sublatum
812 2586 888 2612 vide-

92 2628 144 2650 tur.
186 2624 318 2659 Legiones
337 2625 410 2650 euim
422 2624 565 2651 adventare
578 2624 715 2650 dicuntur.
756 2623 825 2649 llaec
839 2632 888 2649 an-

91 2666 144 2687 tem
169 2662 304 2696 navigatio
325 2661 403 2688 habet
424 2661 555 2695 quasdam
576 2661 745 2695 suspiciones
762 2660 885 2694 periculi.

145 1497 184 1517 lv.

913 418 914 429 ³
937 418 1034 444 Brutus
1050 426 1192 452 properare
1209 417 1325 443 videtur.

915 804 916 812 ι
939 793 1000 819 dem
1016 802 1065 828 ego
1082 802 1134 819 non
1150 802 1250 819 novum
1266 793 1406 819 attuleram
1422 793 1454 818 de
1465 793 1546 819 Tereo
1562 793 1646 819 Accii.

919 1555 920 1558 ι
942 1542 1011 1569 Duxi
1027 1542 1099 1568 enim
1117 1550 1222 1567 mecum
1239 1540 1435 1567 adolescentem
1451 1539 1484 1566 ad
1495 1540 1617 1565 Brutum.

1264 124 1283 148 E
1298 124 1324 149 Ρ,
1350 125 1362 148 ’2.
1383 138 1419 142 —
1439 134 1453 148 ι)
1684 126 1731 150 927

935 195 1026 228 Itaque
1052 194 1249 220 constituebam
1270 194 1310 220 uti
1330 193 1469 228 ὁμοπλοίᾳ.
1510 194 1671 220 Paratiorem
1692 195 1733 220 ot'-

937 231 1009 257 fendi
1021 232 1145 261 Brutum,
1166 240 1247 265 quam
1263 231 1417 257 audiebam.
1458 231 1525 256 Nam
1537 231 1631 265 etipse
1642 232 1733 258 Domi-

937 269 990 294 tius
1003 269 1071 295 bona
1082 268 1161 302 plane
1173 268 1254 294 habet
1265 268 1382 302 Oz'uaom:
1406 272 1523 302 suntque
1535 268 1644 304 navigia
1655 277 1733 303 prae-

937 310 1007 331 terea
1030 305 1166 331 luculenta
1187 305 1282 336 Sestii,
1300 305 1446 336 Buciliani,
1465 309 1624 331 ceterorum.
1666 307 1733 332 Nam

937 343 1023 369 Cassii
1038 343 1166 373 classem,
1180 351 1248 377 quae
1260 342 1338 377 plane
1349 342 1420 368 bella
1435 347 1488 374 est,
1505 351 1556 369 non
1568 351 1679 369 numero
1691 343 1734 369 ul-

937 385 975 406 tra
988 380 1097 406 fretum.
1119 379 1190 406 Illud
1201 385 1242 406 est
1253 380 1321 405 mihi
1332 379 1539 410 submolestum,
1553 380 1625 414 quod
1638 389 1734 415 parum

1366 417 1487 443 Primum
1499 417 1680 444 confectorum
1693 417 1735 444 lu-

937 455 1033 481 dorum
1046 455 1153 480 nuntios
1164 459 1314 489 exspectat:
1337 454 1444 485 deinde,
1458 459 1589 489 quantum
1601 455 1731 490 intelligo,

939 492 1011 519 tarde
1032 497 1072 518 est
1092 493 1284 527 navigaturus,
1302 492 1452 518 consistens
1469 492 1496 518 in
1514 491 1578 518 locis
1596 492 1732 526 pluribus.

937 530 1037 556 Tamen
1062 529 1175 556 arbitror
1199 537 1259 555 esse
1283 528 1465 560 commodius,
1503 529 1575 555 tarde
1596 530 1732 565 navigare,

938 576 1018 601 quam
1030 568 1140 593 omnino
1153 575 1205 592 non
1217 567 1357 602 navigare:
1390 571 1415 592 et
1426 567 1458 597 si,
1472 575 1557 601 quum
1570 567 1733 601 processeri-

939 613 1008 635 mus,
1023 604 1158 638 explorata
1171 603 1345 634 videbuntur,
1359 604 1456 629 Etesiis
1469 608 1584 630 utemur.

992 678 1018 697 V.
1049 679 1062 694 ll
1072 686 1076 695 ι
1087 678 1100 695 l'
1110 678 1198 697 molano,
1210 678 1299 698 Antonio,
1310 678 1410 695 Dolabella
1420 685 1466 695 iuss.
1478 680 1532 698 710.)

1126 718 1293 745 CICERO
1326 718 1492 745 ATTICO
1522 718 1550 744 S.

997 758 1019 782 1.
1043 751 1121 782 Tuas
1134 757 1186 782 ian]
1200 756 1299 782 litteras
1310 756 1407 782 Brutus
1421 755 1605 790 exspectabat:
1622 756 1735 790 cuiqui-

1687 792 1733 818 Ille

938 831 1050 856 Brutum
1071 830 1191 865 putabat.
1241 830 1292 856 Sed
1314 835 1401 856 tamen
1422 830 1537 856 rumoris
1559 830 1649 856 nescio
1669 830 1735 864 quid

939 867 1084 898 afflaverat,
1103 868 1294 893 commissione
1306 868 1479 897 Graecorum,
1493 867 1670 902 frequentiam
1684 876 1735 893 non

939 905 1038 931 fuisse:
1055 904 1128 939 quod
1143 905 1255 939 quidem
1268 913 1310 930 me
1322 905 1434 931 minime
1447 904 1551 930 fefellit.
1581 904 1640 930 Scis
1652 905 1733 931 enim.

938 942 1006 978 quid
1017 951 1067 977 ego
1078 942 1111 968 de
1124 942 1233 969 Graecis
1246 942 1318 968 ludis
1330 942 1494 968 existimem.
1526 943 1551 968 2.
1574 942 1650 967 Nunc
1661 941 1733 968 audi.

939 980 1012 1015 quod
1028 980 1115 1014 pluris
1131 984 1183 1011 est,
1201 988 1283 1014 quam
1299 980 1399 1005 omnia.
1439 979 1556 1011 Quintus
1568 978 1618 1005 fuit
1631 987 1736 1004 meeum

915 1042 917 1046 ,
939 1018 997 1044 dies
1018 1017 1186 1052 complures:
1219 1022 1257 1047 et,
1275 1018 1299 1043 si
1315 1025 1364 1052 ego
1375 1025 1516 1051 cuperem,
1535 1015 1580 1042 ille
1593 1015 1633 1041 vel
1646 1016 1736 1050 plures

940 1055 1049 1082 suisset:
1072 1054 1128 1085 sed,
1147 1059 1279 1089 quantum
1291 1053 1350 1085 fuit,
1369 1053 1528 1080 incredibile
1539 1058 1588 1083 cst,
1601 1062 1683 1088 quam
1695 1061 1737 1079 me.

940 1094 967 1120 in
982 1093 1054 1119 omni
1067 1101 1164 1128 genere
1175 1092 1327 1119 delectarit:
1360 1093 1388 1118 in
1398 1100 1483 1126 eoque
1496 1091 1627 1121 maxime,
1646 1091 1672 1117 in
1684 1099 1737 1125 quo

940 1131 1052 1157 minime
1069 1129 1260 1156 satisfaciebat.
1303 1129 1348 1156 Sic
1363 1130 1436 1155 enim
1451 1133 1631 1155 commutatus
1647 1134 1687 1154 est
1699 1133 1738 1154 to-

917 1190 918 1193 .
941 1173 983 1195 tus
999 1173 1024 1194 et
1038 1168 1146 1202 scriptis
1161 1168 1229 1193 meis
1240 1166 1416 1202 quibusdam,
1432 1174 1501 1201 quae
1513 1167 1540 1192 in
1553 1166 1678 1191 manibus
1691 1165 1738 1191 lia-

93 1212 146 1230 non
165 1212 239 1230 amas
255 1202 381 1228 Hieram?
405 1203 466 1237 qui,
485 1207 514 1229 ut
529 1202 679 1228 Blesamius
696 1203 769 1228 venit
784 1202 816 1228 ad
835 1211 886 1233 me,
917 1208 918 1214 ¹

941 1206 1051 1237 bebam,
1070 1210 1095 1231 et
1110 1205 1268 1231 assiduitate
1283 1204 1411 1231 orationis
1427 1208 1453 1230 et
1467 1203 1631 1238 praeceptis,
1650 1208 1678 1229 ut
1693 1202 1737 1229 tali

941 1244 1030 1269 animo
1051 1243 1077 1268 in
1095 1242 1304 1277 rempublicam,
1322 1241 1397 1277 quali
1412 1250 1459 1267 nos
1472 1240 1611 1271 volumus,
1631 1240 1738 1267 futurus

941 1281 985 1307 sit.
1027 1281 1079 1306 lloc
1100 1288 1185 1315 quum
1210 1279 1278 1305 milii
1299 1288 1351 1305 non
1373 1278 1452 1305 modo
1471 1278 1668 1308 confirmasset,
1690 1277 1737 1303 sed

941 1319 1021 1344 etiam
1034 1318 1224 1352 persuasisset:
1251 1317 1306 1352 egit
1320 1325 1426 1342 mecum
1441 1321 1562 1342 accurate
1574 1314 1666 1341 multis
1678 1324 1738 1341 ver-

942 1356 994 1386 bis,
1013 1355 1062 1381 tibi
1077 1359 1106 1381 ut
1117 1354 1287 1389 sponderem,
1301 1363 1329 1380 se
1341 1353 1455 1389 dignum
1467 1358 1492 1379 ct
1504 1357 1527 1379 te
1539 1358 1564 1378 et
1576 1352 1653 1378 nobis
1665 1352 1738 1378 sutu-

942 1401 1016 1419 rum:
1047 1401 1135 1427 neque
1150 1401 1177 1417 se
1193 1391 1342 1426 postulare,
1360 1396 1388 1417 ut
1403 1391 1492 1417 statim
1509 1389 1645 1422 crederes3
1679 1389 1736 1416 scd.

942 1438 1028 1465 quum
1049 1430 1106 1464 ipse
1122 1429 1322 1464 perspexisses,
1346 1434 1403 1455 tum
1419 1433 1447 1454 ut
1463 1436 1491 1453 se
1507 1436 1620 1453 amareS.
1661 1426 1738 1458 Quod

942 1468 995 1494 nisi
1012 1467 1092 1493 sulem
1108 1467 1175 1492 milii
1188 1466 1294 1492 fecisset
1307 1466 1524 1500 indieassemque
1537 1464 1594 1495 lioc,
1612 1464 1685 1499 quod
1695 1463 1739 1489 di-

942 1514 981 1535 co,
996 1505 1104 1531 lirinum
1117 1504 1183 1536 sore:
1203 1513 1254 1529 non
1269 1504 1391 1529 fecissem
1408 1502 1525 1537 id,quod
1536 1502 1736 1528 dicturussuni.

1659 1538 1702 1564 Sic
1713 1539 1739 1565 ei

942 1580 1084 1615 probatum
1105 1583 1153 1609 est,
1171 1578 1244 1613 quod
1261 1578 1293 1604 ad
1310 1583 1334 1605 tc
1349 1577 1451 1608 scribo,
1470 1582 1497 1603 ut
1514 1577 1571 1611 ipse
1582 1575 1736 1605 crediderit,

942 1626 984 1643 me
1005 1625 1162 1651 sponsorem
1182 1616 1303 1650 accipere
1325 1615 1453 1646 noluerit,
1477 1622 1594 1649 eumque
1615 1613 1736 1643 laudans,

941 1655 1107 1681 amicissime
1129 1654 1291 1680 mentionem
1309 1654 1347 1679 tui
1364 1653 1467 1682 fecerit,
1485 1651 1644 1686 complexus
1659 1659 1740 1677 oscu-

943 1693 1066 1726 latusque
1082 1691 1225 1717 dimiserit.
1252 1690 1432 1723 Quamobrem
1445 1690 1494 1716 ctsi
1507 1689 1593 1724 magis
1605 1693 1653 1718 est,
1666 1688 1738 1723 quod

942 1729 1060 1766 gratuler
1072 1729 1134 1759 tibi,
1158 1738 1240 1764 quam
1252 1727 1324 1763 quod
1338 1733 1361 1754 te
1373 1736 1478 1762 rogem:
1506 1732 1593 1752 tamen
1605 1726 1684 1751 etiam
1697 1734 1739 1751 ro-

941 1776 984 1803 go,
1002 1773 1039 1798 ut,
1057 1767 1162 1801 siquae
1178 1767 1269 1792 minus
1281 1770 1366 1795 antea,
1381 1770 1488 1799 propter
1501 1764 1682 1790 iulii-mitatem
1694 1771 1739 1788 ae-

942 1805 1002 1831 tatis
1012 1825 1017 1835 ,
1040 1809 1191 1830 constanter
1206 1803 1240 1829 ab
1251 1812 1282 1829 co
1294 1803 1350 1828 lieri
1363 1802 1533 1831 videbantur,
1547 1810 1576 1827 ca
1589 1800 1693 1826 iudices
1706 1799 1738 1825 il-

943 1842 998 1868 lum
1020 1842 1165 1871 abiecisse,
1191 1841 1313 1875 miliique
1329 1840 1435 1868 credas,
1455 1838 1570 1865 multum
1586 1838 1736 1864 allaturam.

942 1879 984 1906 vel
1002 1879 1151 1914 plurimum
1168 1879 1272 1913 potinS,
1296 1877 1328 1903 ad
1347 1877 1420 1903 illius
1435 1876 1565 1903 iudicium
1577 1875 1740 1901 contirman—

941 1917 1006 1943 (lum
1045 1917 1228 1943 auctoritatem
1240 1920 1323 1942 tuam.
1365 1917 1389 1940 3.
1416 1915 1494 1940 Bruto
1506 1922 1590 1948 quum
1606 1921 1685 1947 saepe
1698 1913 1739 1938 in-

942 1955 1067 1980 iecissem
1083 1954 1116 1979 de
1133 1954 1276 1989 apertioni,
1299 1961 1350 1979 non
1362 1951 1486 1987 perinde,
1505 1956 1584 1985 atque
1596 1959 1645 1985 ego
1661 1955 1738 1984 puta-

942 2000 1007 2023 ram,
1026 1992 1143 2026 arripere
1160 1991 1236 2017 visus
1247 1995 1297 2016 est.
1337 1988 1535 2016 Existimabam
1546 1987 1738 2022 μειεωριὶιερυν

941 2037 1013 2060 esse;
1036 2033 1062 2055 et
1079 2028 1187 2054 hercule
1198 2032 1261 2058 crat,
1280 2027 1433 2053 etmaxinie
1445 2026 1477 2052 de
1492 2025 1574 2051 ludis.
1616 2026 1646 2050 :n
1660 2024 1735 2050 milii.

941 2075 1027 2101 quum
1039 2065 1072 2092 ad
1085 2065 1177 2091 villam
1190 2065 1331 2095 redissem,
1345 2064 1392 2090 Cn.
1408 2063 1548 2091 Lucceius,
1561 2063 1610 2097 qui
1623 2062 1736 2088 multum

941 2104 1027 2130 utitur
1042 2104 1130 2132 Bruto,
1150 2102 1276 2132 narravit,
1291 2101 1368 2127 illuni
1381 2101 1458 2127 valde
1471 2100 1578 2128 morari,
1593 2109 1643 2125 uon
1657 2100 1737 2133 tergi-

942 2145 1103 2171 versantem,
1116 2139 1163 2165 scd
1175 2144 1384 2174 exspectantem,
1399 2138 1480 2172 siqui
1495 2137 1558 2163 sorte
1570 2145 1659 2162 casus.
1688 2137 1737 2161 lta—

941 2186 994 2212 que
1015 2177 1124 2207 dubito,
1146 2186 1178 2203 an
1197 2176 1341 2202 Venusiam
1363 2175 1469 2201 tendam
1486 2180 1511 2200 ct
1528 2174 1564 2200 ibi
1585 2178 1736 2208 exspectem

941 2215 974 2240 de
999 2214 1165 2249 legionibus:
1194 2215 1217 2239 si
1238 2213 1364 2240 aberunt,
1389 2217 1415 2238 ut
1434 2212 1545 2247 quidum
1562 2211 1733 2236 arbitrantur.

942 2251 1122 2287 llydrunteni:
1146 2251 1169 2276 si
1186 2256 1310 2276 neutrum
1328 2250 1376 2275 crit
1393 2250 1522 2283 ιὲινιμιλές,
1541 2248 1633 2274 eodeni
1648 2256 1736 2273 rever-

942 2295 989 2315 tar.
1032 2289 1112 2314 locari
1130 2297 1170 2313 nie
1186 2287 1282 2322 putas?
1303 2287 1407 2317 Moriar,
1421 2287 1443 2311 si
1455 2287 1600 2321 quisquam
1613 2294 1654 2310 nie
1667 2290 1734 2310 tenet

942 2331 1044 2360 praeter
1057 2331 1090 2351 te.
1118 2325 1222 2351 Etenim
1235 2324 1428 2358 circumspice:
1452 2323 1499 2349 std
1511 2328 1569 2348 ann·
1581 2331 1662 2356 quam
1675 2330 1735 2347 cru-

941 2364 1030 2389 besco.
1057 2364 1077 2388 l.
1090 2362 1112 2388 0
1122 2362 1181 2388 dics
1194 2363 1219 2387 in
1232 2361 1362 2395 auspiciis
1376 2360 1468 2395 Lepidi
1483 2359 1733 2394 lepidedescriptus.

940 2406 965 2427 ct
981 2406 1040 2434 apte
1057 2399 1089 2425 ad
1105 2399 1250 2425 consilium
1269 2398 1371 2424 reditus
1388 2398 1483 2423 nostri!
1518 2397 1611 2428 Magna
1625 2396 1690 2430 ξιιμ-ιι)
1703 2396 1734 2421 nd

941 2437 1165 2472 proficiscendum
1183 2437 1236 2462 tuis
1256 2436 1360 2461 litteris.
1402 2436 1488 2469 ⁴itque
1506 2434 1606 2459 utinum
1624 2439 1647 2459 tc
1665 2433 1732 2459 illicY

940 2474 992 2501 Sed
1010 2479 1039 2501 ut
1051 2474 1201 2500 comluccre
1214 2473 1332 2508 putabis.
1373 2473 1397 2497 ὕ.
1417 2471 1524 2506 Nepotis
1535 2471 1675 2505 epistolarii
1688 2479 1735 2496 cx-

939 2517 1039 2546 spi-eto.
1081 2511 1204 2546 Cupidus
1227 2511 1270 2536 illc
1287 2510 1425 2536 incorum?
1445 2510 1492 2543 qui
1504 2518 1548 2538 ea.
1564 2508 1666 2543 quibus
1679 2517 1732 2533 nui-

941 2550 1012 2576 ximo
1029 2551 1138 2585 γαινριώ,
1158 2548 1268 2583 legenda
1287 2556 1337 2573 non
1351 2547 1442 2581 putet?
1463 2547 1493 2572 Et
1505 2547 1553 2576 nis,
1565 2545 1618 2581 μετ’
1631 2546 1734 2580 «ἐμιμη-

940 2598 978 2613 νιῐ.
1018 2586 1057 2611 Ἰἰι
1071 2594 1132 2611 voro
1146 2585 1264 2620 ιὶμιιμιιιν.
1305 2584 1350 2610 lllc
1362 2583 1473 2618 quidem
1485 2583 1622 2618 ιῗμῑήιυιυς.
1664 2583 1733 2608 Meu-

940 2632 998 2649 rum
1015 2623 1189 2658 epistolarum
1207 2622 1278 2648 nullu
1294 2627 1332 2647 est
1345 2621 1499 2657 irivrnymfujz
1522 2620 1569 2646 sed
1583 2620 1661 2646 lialict
1674 2620 1734 2645 'l‘irn

941 2662 1022 2687 instar
1034 2660 1213 2695 septuaginta.
1242 2660 1271 2685 lit
1283 2659 1393 2693 quidem
1408 2663 1469 2684 sunt
1482 2667 1495 2684 ιι
1508 2663 1532 2684 te
1543 2657 1675 2693 quaedam
1688 2665 1733 2682 su-

1457 2707 1500 2731 119
1519 2706 1527 2713 “
