1941 3052
238 111 296 136 1275
804 109 857 133 ΜΟ.
894 107 926 132 Μ.
962 107 991 132 Τ,

232 182 333 206 dictum
355 180 481 207 erede-ret.
505 179 550 212 qui
576 180 682 212 sapien·-
708 177 814 202 babitus
838 182 909 202 esset
924 185 993 201 uuus
1009 185 1023 202 e
1044 181 1046 207 ζ

233 223 347 252 septi-¹113
382 216 448 251 [st-il!
473 217 569 249 impuri
589 214 744 242 cuiusdam,
768 219 813 239 aut
828 213 963 239 ambitiosi
980 219 1025 240 aut

233 257 320 281 uiuum
333 255 364 280 ud
380 263 455 279 suum
469 253 610 287 potentiam
624 251 771 277 revoc-antis
782 260 841 276 esse
853 252 1022 276 sententiam.
1045 245 1047 282 ἰ

233 294 352 324 Quonam
375 300 445 316 euun
467 289 544 315 inodo
559 290 703 323 quisquam
720 289 823 314 amicus
843 297 901 314 esse
919 290 1022 322 poterit,
1045 289 1047 296 ¹

233 331 276 355 eui
293 339 320 354 se
337 328 439 363 putabit
457 327 596 352 mimirum
613 335 671 352 esse
689 325 784 360 posse?
803 326 873 357 Quin
887 327 965 351 etiam
978 335 1025 351 ue—

233 376 306 391 vesse
317 367 366 391 erit
377 373 474 398 cupere
485 368 510 389 et
521 368 619 398 optare.
635 368 663 389 ut
673 372 753 397 quam
766 364 924 398 saepissime
935 367 1025 397 peccet

233 404 348 431 amicus,
366 411 419 435 quo
431 401 521 435 plures
533 401 577 427 det
588 401 640 426 sibi
654 406 788 435 tamquam
802 409 879 426 ausas
890 400 922 426 ad
936 409 1025 435 repre-

234 439 418 466 liendemluui:
436 447 542 464 rursum
555 443 642 464 autem
655 443 724 464 recte
737 437 812 464 factis
822 437 1025 472 commodisque

232 478 377 503 anm-orum
391 476 553 501 necesseerit
564 476 635 511 angi,
649 475 747 505 dolere,
757 475 887 501 invidere.
900 477 941 501 fio.
954 476 1026 507 Qua-

233 524 258 540 re
272 514 320 539 boc
331 513 440 548 quidem
454 517 639 547 praeceptum,
653 514 850 547 cuiuscumque
863 518 915 541 est,
932 512 963 538 ad
977 512 1026 538 tol-

234 551 337 577 lendam
350 551 495 576 amicitiam
510 550 587 576 valet.
623 549 690 576 lllud
703 551 792 584 potius
804 549 1024 585 praecipiendum

233 588 294 618 fuit,
319 592 346 614 ut
367 596 424 613 eam
446 587 614 622 diligentiam
637 587 828 613 adhiberemus
849 588 876 613 in
898 587 1024 613 amb-iliis

230 625 430 660 comparandis,
450 630 478 651 ut
494 634 525 650 ne
539 624 648 659 quando
658 633 746 651 amare
759 626 940 659 inciperemus
950 633 1022 654 eum,

230 671 310 697 quem
323 661 468 697 aliquando
477 662 567 688 odisse
579 670 730 696 possemus.
763 662 833 694 Quin
846 662 924 688 etiarn
937 662 960 687 si
974 662 1025 687 mi-

232 709 282 726 nus
295 700 386 725 felices
398 701 423 725 in
435 699 580 735 deligendo
593 699 752 729 fuissemus,
771 699 910 726 ferendum
929 699 954 725 id
966 699 1025 724 ¹<ci—

231 738 274 772 pio
287 738 388 772 potius,
407 745 487 771 quam
505 737 708 763 inimicitiarum
730 742 836 772 tempus
850 736 1023 772 cogitandum

231 775 349 809 putabat.
391 774 472 800 xvii.
494 776 536 800 6⁴.
559 775 604 800 llis
621 775 703 810 igitur
719 774 818 800 linibus
835 774 965 800 utendum
981 782 1024 799 ar—

231 812 321 843 bitror,
335 816 372 842 ut,
385 820 470 846 quum
483 811 616 838 emendati
628 820 714 838 mores
727 813 872 838 amicorum
884 812 950 841 sint,
968 815 1023 837 tum

229 851 264 876 sit
276 851 343 876 inter
353 858 398 875 eos
409 849 530 875 omnium
543 857 642 880 rerum,
657 849 839 880 consiliorum,
858 849 1023 875 voluntatum

229 887 287 913 sine
300 886 353 912 ulla
365 888 720 921 exceptionecommunitas:
734 887 859 917 ut,etiam
872 887 895 913 si
907 895 959 921 qua
972 885 1024 911 for-

231 929 292 950 tuna
309 923 448 954 acciderit,
471 928 499 950 ut
515 925 605 950 minus
621 925 705 950 iustae
716 925 863 950 amicorum
875 924 1024 950 voluntates

228 961 398 990 adiuvandae
409 961 471 992 sint,
482 961 507 987 in
515 961 616 996 quibus
627 970 718 988 eorum
730 966 775 988 aut
785 965 866 996 caput
875 966 968 996 agatur
979 965 1024 987 aut

231 998 309 1029 fama,
323 998 514 1025 declinandum
526 999 561 1025 sit
572 999 604 1025 de
617 1000 672 1029 viag
688 999 766 1025 modo
778 1007 809 1025 ne
820 1007 925 1024 summa
938 999 1024 1033 turpi-

230 1036 293 1062 tudo
303 1041 445 1070 sequatur:
468 1040 508 1062 est
521 1037 603 1067 enim,
619 1041 752 1071 quatenus
763 1037 896 1062 amicitiae
908 1036 965 1062 dari
978 1044 1025 1061 vc-

230 1074 272 1099 nia
287 1073 381 1107 possit.
423 1073 476 1099 Nee
493 1082 554 1100 vero
570 1073 730 1109 negligenda
746 1079 785 1100 est
803 1073 884 1105 fama;
904 1081 952 1099 nec
968 1082 1024 1099 me-

229 1110 318 1136 diocre
331 1109 412 1136 telum
425 1110 457 1136 ad
470 1119 511 1137 res
522 1111 653 1146 gerendas
664 1112 818 1137 existimare
829 1115 931 1145 oportet
943 1111 1025 1136 bene-

232 1147 374 1174 volentiam
386 1148 502 1174 civium:
519 1156 600 1182 quam
613 1148 752 1174 blanditiis
764 1153 789 1174 et
799 1147 958 1174 assentando
969 1147 1025 1173 col—

231 1184 312 1219 ligere
325 1189 400 1219 turpe
412 1190 461 1211 est.
502 1186 606 1216 Virtus,
619 1194 700 1220 quam
712 1186 835 1220 sequitur
845 1186 956 1216 caritas,
972 1185 1024 1211 mi—

230 1223 301 1248 nime
313 1222 478 1257 repudianda
493 1227 542 1249 est.

284 1261 325 1285 (52.
347 1259 400 1285 Sed
415 1268 493 1294 saepe
509 1259 617 1294 (etenim
630 1259 708 1286 redeo
720 1259 752 1286 ad
764 1259 931 1294 Scipionem,
945 1260 1024 1285 cuius

228 1297 315 1323 omnis
332 1304 420 1323 sermo
434 1302 489 1323 erat
505 1296 538 1323 dc
550 1297 676 1331 amicitia)
688 1297 864 1332 querebatur,
882 1296 954 1332 quod
965 1305 1024 1323 om-

229 1334 309 1360 nibus
326 1334 352 1360 in
369 1334 449 1360 rebus
466 1334 588 1360 homines
604 1334 788 1370 diligentiores
804 1339 906 1360 essent:
929 1343 1023 1368 capras

227 1377 252 1397 et
266 1380 329 1397 oves
344 1376 409 1405 quot
424 1372 541 1407 quisquc
561 1372 683 1402 haberet,
702 1371 790 1398 dicere
807 1380 900 1406 posse:
923 1372 1023 1397 amicos

227 1413 291 1443 quot
303 1408 420 1439 haberet,
435 1418 485 1435 non
498 1417 576 1443 posse
587 1409 689 1435 dicere!
712 1410 776 1435 etin
788 1409 844 1435 illis
857 1408 968 1444 quidem
977 1417 1024 1443 pa-

228 1445 318 1471 randis
334 1445 462 1472 adhibere
474 1454 579 1478 curam,
593 1447 619 1473 in
632 1447 726 1472 amicis
737 1446 870 1482 eligendis
882 1446 1024 1482 negligen-

227 1488 265 1509 tes
286 1491 345 1509 esse
366 1491 414 1509 nec
434 1483 531 1510 habere
551 1484 630 1519 quasi
649 1485 726 1519 signa
745 1484 877 1518 quaedam
897 1489 922 1510 et
938 1488 1021 1514 notaS,

226 1520 328 1554 quibus
339 1529 393 1551 eos,
406 1521 454 1556 qui
466 1521 497 1548 ad
505 1522 651 1548 amicitiam
658 1521 852 1553 essentidoneb
861 1521 1022 1549 iudicarent.

226 1557 294 1584 ¹<unt
313 1558 398 1593 igitur
416 1558 487 1585 firmi
507 1564 533 1585 et
553 1559 664 1586 stabiles
680 1564 706 1586 et
722 1564 873 1586 constantes
887 1560 1020 1595 eligendi;

226 1596 304 1621 cuius
315 1596 422 1630 generis
435 1601 475 1623 est
485 1604 582 1632 magna
593 1598 720 1632 penuria:
743 1602 768 1624 et
779 1597 899 1624 iudicare
911 1597 1023 1623 difficile

225 1637 265 1658 est
280 1641 357 1663 sane,
375 1634 427 1659 nisi
444 1639 599 1668 expertum3
623 1635 819 1669 experiendum
832 1640 872 1661 est
890 1639 978 1661 autem
995 1636 1023 1660 in

227 1670 283 1703 ipsa
295 1670 423 1696 amicitia.
449 1672 484 1697 Ita
497 1672 644 1706 praecurrit
655 1673 772 1698 amicitia
785 1672 928 1703 iudicium,
941 1672 1024 1698 tollit-

226 1715 278 1740 que
294 1707 451 1741 experiendi
467 1713 635 1742 potestatem.
662 1711 704 1735 63.
724 1710 772 1736 Est
787 1710 871 1745 igitur
881 1710 1024 1744 prudentis

225 1744 368 1774 sustinere,
381 1749 410 1771 ut
420 1753 539 1777 currum,
553 1747 592 1772 sic
601 1747 733 1781 impetum
745 1746 957 1778 benevolentiae,
970 1755 1024 1782 quo

227 1785 341 1812 utamur,
354 1783 433 1816 quasi
444 1784 522 1817 equis
534 1784 650 1815 tentatis,
664 1784 703 1810 sic
715 1785 851 1815 amicitiis,
864 1784 954 1819 aliqua
962 1793 1024 1819 par-

227 1823 249 1843 te
266 1818 423 1852 periclitatis
439 1820 560 1847 moribus
577 1821 735 1848 amicorum.
776 1821 893 1853 Quidam
904 1830 983 1856 saepe
995 1822 1022 1847 in

227 1863 307 1888 parva
323 1857 436 1890 pecunia
453 1858 667 1892 perspiciuntur,
686 1867 768 1893 quam
785 1859 839 1884 sint
851 1858 937 1891 leves3
959 1859 1024 1893 qui-

225 1892 300 1922 dam,
318 1902 386 1927 quos
398 1902 479 1928 parva
491 1903 598 1921 movere
610 1903 662 1921 non
673 1897 773 1930 potuit⁷
786 1900 985 1931 cognoscuntur
995 1896 1022 1921 in

226 1937 331 1965 magna.
360 1930 408 1956 Sin
420 1939 482 1957 vero
497 1936 575 1958 erunt
586 1931 672 1966 aliqui
683 1933 791 1967 reperti,
803 1933 861 1967 qui,
879 1934 1022 1967 pecuniam

225 1966 358 2000 praeferre
374 1968 521 2000 amicitiae,
547 1968 688 1995 sordidum
705 1970 873 2001 existiment3
900 1970 949 1996 ubi
977 1979 1022 1996 eos

225 2004 410 2035 inveniemus,
427 2006 476 2039 qui
489 2005 615 2036 honores
634 2007 819 2042 magistratus,
834 2008 961 2041 imperia,
973 2016 1020 2042 po-

224 2045 344 2071 testatos,
360 2050 425 2076 opes
441 2043 574 2069 amicitiae
586 2051 637 2070 non
649 2048 824 2078 anteponant,
840 2049 878 2075 ut,
890 2053 976 2080 quum
988 2053 1022 2071 ex

225 2077 304 2104 altera
320 2083 394 2113 parte
409 2080 544 2114 proposita
561 2080 625 2106 haec
637 2082 704 2111 sint,
722 2089 756 2108 ex
771 2081 851 2107 altera
868 2082 910 2108 ius
926 2082 1022 2108 amici-

225 2116 288 2146 tiae,
307 2124 359 2142 non
374 2116 458 2143 multo
470 2116 515 2143 illa
526 2117 638 2144 malint?
658 2117 794 2145 Imbecilla
809 2124 849 2145 est
860 2120 932 2145 enim
943 2124 1022 2145 natu-

224 2161 250 2178 ra
263 2152 295 2178 ad
307 2153 529 2180 contemnendam
541 2156 700 2189 potentiam:
713 2164 795 2190 quam
806 2157 888 2182 etiam
898 2156 1022 2192 sinegle-

223 2194 263 2216 vta
278 2191 395 2217 amicitia
415 2193 551 2218 consecuti
563 2197 639 2223 sunt,
655 2193 829 2220 obscuratum
841 2194 874 2219 iri
888 2193 1021 2221 arbitran—

223 2232 274 2258 tur,
290 2228 354 2262 quia
366 2236 418 2254 non
429 2229 487 2255 sine
499 2237 595 2265 magna
606 2238 701 2257 caussa
713 2231 748 2256 sit
759 2230 879 2266 neglecta
891 2232 1018 2258 amicitia.

223 2265 264 2290 64.
284 2265 375 2300 Itaque
391 2274 468 2292 verae
484 2267 617 2293 amicitiae
633 2267 795 2294 difficillime
810 2269 982 2302 reperiuntur
992 2269 1020 2295 in

224 2301 270 2331 iis,
288 2302 336 2337 qui
351 2303 379 2328 in
395 2302 543 2330 honoribus
562 2313 644 2339 reque
655 2305 764 2340 publica
776 2311 927 2332 versantur.
968 2306 1019 2332 Ubi

223 2339 294 2365 enim
316 2340 398 2366 istum
413 2340 550 2372 invenias,
573 2342 620 2376 qui
638 2342 766 2369 honorem
780 2343 860 2369 amici
878 2347 1021 2378 anteponat

222 2375 288 2401 =suo‘?
312 2376 401 2408 Quid?
430 2377 495 2404 haec
511 2383 540 2405 ut
555 2379 690 2411 omittam,
714 2388 796 2414 quam
808 2388 919 2415 graves,
936 2389 1018 2415 quam

223 2412 349 2439 difficiles
368 2414 506 2450 plerisque
521 2415 648 2443 videntur
663 2416 847 2443 calamitatum
863 2418 1016 2444 societates!

222 2449 254 2475 ad
266 2458 333 2484 quas
346 2460 397 2478 non
409 2457 449 2478 est
462 2452 540 2479 facile
552 2454 663 2480 inventu
673 2455 723 2489 qui
734 2454 889 2481 descendat.
915 2454 1018 2487 Quam·

221 2494 303 2520 quam
314 2488 417 2515 Ennius
429 2494 513 2517 recte:

276 2525 378 2551 Amicus
389 2532 472 2553 certus
481 2529 509 2554 in
519 2536 546 2553 re
558 2530 655 2554 incerta
666 2531 780 2554 cernitur
787 2539 794 2553 :

223 2565 310 2601 tamen
324 2561 389 2588 haec
399 2563 453 2590 duo
464 2563 581 2591 levitatis
592 2569 618 2591 et
630 2564 794 2592 infirmitatis
805 2565 948 2600 plerosque
954 2574 1018 2593 con-

224 2603 336 2624 vincunt
351 2604 396 2625 aut
406 2601 429 2626 si
440 2601 468 2627 in
479 2601 558 2628 bonis
569 2602 650 2628 rebus
661 2607 849 2634 contemnunt,
862 2604 947 2630 autin
961 2612 1019 2630 ma-

225 2633 258 2659 lis
278 2634 414 2663 deserunt.
454 2638 548 2665 xvtlt.
572 2639 624 2671 Qui
645 2640 728 2675 igitur
742 2645 856 2675 utraque
871 2641 898 2666 in
916 2649 942 2667 re
956 2650 1019 2677 gra-

1026 106 1301 132 ‹HCERONtS

1079 185 1153 205 vein,
1171 182 1351 207 ‘'ssttsmnwm,
1370 176 1493 202 stabilem
1510 185 1538 203 se
1555 178 1581 203 in
1597 178 1714 204 amicitia
1731 180 1870 212 praa-stite—

1078 215 1123 243 rit,
1143 214 1213 239 bunt:
1229 223 1262 240 ex
1279 215 1395 239 maxime
1412 223 1470 239 raro
1488 214 1627 241 bominum
1643 224 1740 250 genere
1752 216 1871 242 iudicare

1077 251 1207 277 debvmus
1219 256 1243 277 et
1256 259 1338 285 paene
1349 251 1453 277 divino.

1131 290 1172 313 055.
1196 288 1406 314 Firmamentum
1424 293 1513 314 autem
1529 289 1682 315 stabilitatis
1693 291 1870 316 constantiae-

1076 335 1129 360 que
1140 326 1212 354 eius,
1229 334 1311 360 quani
1325 326 1350 351 in
1366 326 1482 351 amicitia
1493 334 1658 360 (macrinius,
1676 326 1741 352 fides
1753 333 1802 352 est.
1826 328 1872 353 Ni-

1079 363 1115 388 bil
1132 363 1204 388 enim
1222 363 1318 389 stabile
1333 367 1386 392 cst.
1404 363 1476 397 quod
1494 362 1606 389 infidum
1622 368 1673 390 est.
1713 364 1870 398 Simplicem

1052 414 1054 419 ·
1078 405 1211 434 praeterea
1235 405 1261 426 et
1281 408 1452 426 communem
1473 404 1499 426 et
1518 401 1742 431 consentientem,
1764 403 1812 436 qui
1831 411 1871 427 rt*

1079 438 1128 463 bus
1142 437 1237 463 iisdem
1253 442 1403 467 moveatur,
1417 436 1481 472 eligi
1497 446 1544 472 par
1555 443 1607 463 est:
1630 446 1699 472 quae
1710 439 1799 464 omnia
1811 447 1872 473 per—

1078 476 1163 501 tinent
1177 475 1208 500 ad
1226 474 1390 501 fidelitatem.
1432 475 1525 509 Neque
1536 476 1607 500 enim
1620 475 1703 501 fidum
1717 480 1872 509 potestesse

1078 512 1219 546 multiplex
1238 513 1376 547 ingenium
1392 516 1417 537 et
1435 517 1596 542 tortuosum;
1626 521 1714 546 neque
1731 521 1806 542 vero,
1823 514 1870 547 qui

1078 558 1128 575 non
1145 549 1247 575 eisdem
1268 549 1348 575 rebus
1365 554 1488 575 movetur
1498 554 1523 575 et
1534 554 1626 575 natura
1637 550 1783 579 consentit,
1801 550 1873 576 fidus

1077 591 1122 612 aut
1133 587 1238 612 stabilis
1254 591 1419 621 potestesse.
1459 586 1620 612 Addendum
1631 586 1725 613 eodem
1736 592 1785 616 est.
1800 592 1872 613 utne

1077 624 1238 650 criminibus
1250 629 1295 650 aut
1307 623 1455 650 inferendis
1465 623 1620 654 delectetur.
1635 629 1679 650 aut
1693 623 1782 650 credat
1796 624 1873 650 oble-

1077 662 1124 687 tis:
1147 670 1215 696 quae
1231 662 1320 688 omnia
1337 663 1470 696 pertinent
1481 661 1514 687 ad
1529 670 1600 691 eain,
1618 669 1699 696 quarn
1713 661 1871 687 iamdudum

1077 703 1171 727 tracto.
1187 700 1374 725 constantiam.
1416 699 1451 724 lta
1467 698 1495 724 lit
1507 707 1600 724 verum
1612 698 1694 728 illud,
1711 698 1782 733 quod
1796 699 1872 725 initio

1076 736 1143 767 dixi,
1157 737 1317 766 amicitiam,
1331 736 1383 762 nisi
1397 736 1465 762 inter
1476 735 1568 765 bonos.
1581 744 1640 762 esse
1652 745 1703 762 non
1716 744 1804 770 posse.
1826 736 1873 762 Est

1076 774 1148 800 enim
1162 774 1223 800 boni
1237 774 1296 803 viri,
1309 782 1390 808 quem
1402 772 1527 799 eumdem
1539 773 1688 807 sapientem
1700 773 1760 799 licet
1771 773 1869 803 dicere,

1077 810 1141 837 baec
1152 811 1206 837 duo
1221 816 1308 837 tenere
1321 812 1347 837 in
1359 811 1491 836 amicitia:
1515 811 1643 845 primum,
1658 819 1690 836 ne
1700 810 1766 845 quid
1780 810 1871 836 fictum

1076 849 1111 874 sit
1127 857 1193 874 neve
1209 848 1469 882 simulatum3aperte
1480 849 1552 874 enim
1565 847 1606 874 vel
1618 847 1717 877 odisse,
1732 849 1818 882 magis
1830 848 1873 874 in-

1075 887 1158 921 genui
1169 891 1222 916 est,
1237 894 1319 921 quani
1333 885 1416 911 fronto
1429 884 1562 911 occultare
1573 886 1746 911 sententiam:
1762 884 1870 916 deinde,

1077 932 1127 949 non
1146 923 1233 949 solum
1249 923 1282 949 ab
1298 922 1389 958 aliquo
1407 922 1499 948 allatas
1513 923 1715 949 criminationes
1731 922 1871 957 repellere,

1076 960 1123 986 sed
1141 969 1172 986 ne
1189 961 1279 995 ipsum
1295 960 1406 995 quidem
1421 968 1480 986 esse
1492 960 1688 994 suspiciosum,
1705 968 1812 994 semper
1822 959 1873 985 ati-

1075 997 1142 1032 quid
1161 999 1359 1024 existimantem
1375 997 1409 1023 ab
1424 998 1510 1023 amico
1525 1006 1583 1023 esse
1600 996 1739 1023 violatum.
1767 999 1808 1022 66.
1821 998 1872 1023 Ac—

1075 1035 1152 1061 cedat
1167 1035 1219 1061 buc
1234 1035 1355 1061 suavitas
1369 1034 1502 1069 quaedam
1513 1039 1615 1068 oportet
1626 1043 1780 1061 sermonum
1793 1039 1872 1068 atque

1076 1081 1190 1101 morum,
1205 1072 1415 1107 haudquaquam
1428 1071 1873 1098 mediocrecondimentumamici-

1076 1111 1137 1136 tiae.
1179 1110 1297 1135 Tristitia
1313 1114 1401 1135 autem
1417 1113 1443 1135 et
1458 1109 1484 1135 in
1503 1109 1576 1134 omni
1593 1117 1620 1134 re
1631 1109 1773 1137 severitas,
1793 1108 1873 1134 habet

1077 1147 1120 1173 illa
1137 1146 1248 1181 quidem
1266 1147 1438 1181 gravitatem;
1463 1145 1510 1172 sed
1527 1146 1645 1171 amicitia
1661 1146 1799 1172 remissior
1813 1154 1872 1172 esse

1076 1184 1155 1210 debet
1174 1189 1200 1210 et
1221 1184 1330 1210 liberior
1349 1188 1375 1209 et
1389 1182 1494 1209 dulcior
1512 1188 1538 1209 et
1553 1182 1586 1209 ad
1597 1191 1705 1209 omnem
1720 1183 1871 1209 comitatem

1077 1221 1287 1256 facilitatemque
1303 1220 1456 1255 proclivior.
1497 1219 1571 1246 XIX.
1594 1221 1636 1246 67.
1655 1220 1769 1246 Exsistit
1783 1225 1871 1246 autem

1077 1259 1126 1285 boc
1140 1258 1196 1285 loco
1207 1258 1341 1294 quaedam
1352 1258 1475 1293 quaestio
1485 1257 1674 1284 subdifficilis:
1689 1266 1753 1284 num
1765 1257 1873 1292 quando

1076 1297 1155 1323 amici
1169 1297 1245 1326 novi,
1262 1296 1339 1331 digni
1351 1295 1482 1326 amicitia,
1496 1295 1633 1321 veteribus
1644 1295 1699 1321 sint
1709 1299 1874 1330 anteponen—

1075 1334 1118 1365 di,
1136 1338 1165 1360 ut
1175 1334 1253 1369 equis
1265 1333 1365 1360 vetulis
1375 1338 1479 1359 teneros
1491 1337 1650 1367 anteponere
1661 1331 1790 1359 solemus.
1830 1333 1874 1358 In-

1076 1371 1158 1407 digna
1174 1371 1283 1397 homine
1302 1370 1447 1397 dubitatio!
1477 1370 1534 1396 Non
1550 1370 1622 1396 enim
1634 1370 1814 1396 amicitiarum
1825 1369 1874 1396 de-

1076 1409 1139 1435 bent
1158 1416 1231 1439 esse,
1253 1409 1322 1435 sicut
1337 1407 1450 1434 aliarum
1467 1416 1556 1434 rerum
1572 1408 1716 1434 satietates.
1756 1407 1874 1433 Veterri-

1076 1454 1135 1472 mae
1155 1454 1289 1481 quaeque,
1311 1450 1341 1471 ut
1361 1454 1392 1471 ea
1412 1445 1489 1475 vina,
1511 1453 1580 1480 quae
1596 1449 1757 1471 vetustatem
1773 1443 1871 1474 ferunt.

1075 1492 1134 1509 esse
1154 1483 1253 1510 debent
1272 1483 1450 1509 suavissima:
1476 1490 1625 1518 verumque
1645 1481 1714 1508 illud
1729 1487 1782 1512 est,
1799 1481 1872 1516 quod

1052 1515 1053 1523 ¹
1075 1521 1187 1553 dieitur,
1202 1523 1293 1548 multos
1303 1522 1399 1548 modios
1409 1522 1472 1548 salis
1481 1522 1558 1547 simul
1569 1522 1676 1547 edendos
1685 1528 1750 1551 esse,
1762 1523 1792 1546 ut
1805 1520 1874 1546 ami-

1075 1561 1153 1586 citiae
1165 1568 1265 1586 munus
1283 1558 1420 1594 expletum
1432 1559 1476 1585 sit.
1517 1560 1559 1585 68.
1579 1559 1716 1585 Novitates
1730 1563 1833 1589 autem,
1849 1558 1873 1583 si

1075 1606 1151 1632 spem
1163 1597 1288 1627 afferunt,
1306 1602 1348 1627 ut,
1362 1601 1500 1631 tamquam
1512 1597 1539 1622 in
1552 1596 1643 1622 herbis
1655 1604 1707 1622 non
1719 1595 1870 1625 fallacibus,

1076 1635 1179 1661 fructus
1190 1639 1325 1669 appareat,
1338 1642 1390 1660 non
1402 1639 1465 1660 sunt
1477 1633 1538 1660 illae
1549 1633 1661 1668 quidem
1673 1632 1870 1667 repudiandae;

1076 1677 1194 1698 vetustas
1214 1676 1303 1698 tamen
1325 1679 1374 1697 suo
1396 1670 1452 1697 loco
1467 1670 1650 1697 conservanda
1666 1675 1716 1696 est.
1756 1670 1872 1696 Maxima

1075 1714 1115 1736 est
1130 1710 1202 1735 enim
1219 1710 1261 1735 vis
1280 1709 1421 1735 vetustatis
1437 1713 1462 1734 et
1475 1707 1690 1734 consuetudinis.
1730 1706 1801 1738 Quin
1813 1707 1873 1741 ipso

1075 1755 1158 1781 equo,
1175 1747 1254 1772 cuius
1273 1745 1352 1772 modo
1363 1746 1527 1772 mentionem
1539 1744 1598 1775 feci,
1611 1745 1635 1770 si
1647 1743 1720 1770 nulla
1732 1752 1774 1770 res
1786 1744 1873 1778 impe-

1075 1783 1143 1814 diat,
1163 1791 1241 1809 nemo
1252 1787 1305 1813 est,
1322 1782 1434 1817 quinon
1445 1791 1490 1813 eo,
1507 1790 1561 1817 quo
1571 1781 1725 1811 consuevit,
1744 1781 1873 1807 libentius

1075 1825 1178 1851 utatur,
1201 1828 1283 1855 quam
1304 1820 1442 1846 intractato
1458 1825 1485 1846 et
1500 1827 1581 1846 novo:
1608 1827 1657 1845 nec
1672 1818 1751 1844 modo
1766 1819 1794 1844 in
1811 1818 1869 1849 hoc,

1074 1857 1147 1893 quod
1158 1862 1199 1884 est
1210 1857 1323 1887 animal,
1337 1856 1385 1883 sed
1397 1857 1424 1884 in
1437 1858 1471 1883 iis
1482 1857 1572 1887 etiam,
1585 1864 1654 1891 quae
1665 1860 1729 1882 sunt
1740 1855 1873 1882 inanima—-

1075 1900 1112 1923 ta,
1131 1894 1297 1921 consuetudo
1314 1894 1396 1926 valet;
1429 1903 1515 1929 quum
1531 1893 1597 1920 locis
1612 1894 1680 1928 ipsis
1696 1892 1870 1923 delectemur,

1075 1933 1224 1959 montuosis
1245 1933 1325 1958 etiam
1345 1936 1372 1958 et
1390 1931 1579 1961 silvestribus,
1601 1931 1630 1957 in
1649 1930 1752 1966 quibus
1767 1929 1871 1956 diutius

1073 1970 1229 1996 commorati
1241 1977 1347 1995 sumus,

1129 2009 1171 2033 69.
1187 2006 1240 2033 Sed
1253 2007 1402 2033 maximum
1415 2011 1455 2032 est
1466 2007 1492 2032 in
1505 2005 1633 2035 amicitia,
1646 2005 1813 2039 superiorem
1824 2012 1872 2038 pa-

1074 2053 1130 2070 rem
1147 2053 1203 2070 esse
1219 2043 1354 2070 inferiori:
1377 2052 1457 2078 saepe
1467 2044 1540 2069 enim
1551 2041 1726 2069 excellentiae
1737 2041 1871 2076 quaedam

1073 2087 1145 2112 sunt,
1167 2081 1258 2117 qualis
1277 2086 1333 2108 erat
1353 2081 1487 2116 Scipionis
1503 2081 1531 2106 in
1547 2085 1649 2109 nostro,
1671 2084 1701 2105 ut
1716 2079 1752 2105 ita
1770 2078 1868 2108 dicam,

1071 2127 1164 2155 grege.
1205 2120 1360 2153 Numquam
1375 2127 1404 2144 se
1419 2118 1465 2144 ille
1481 2117 1570 2148 Philo,
1589 2125 1739 2151 numquam
1750 2115 1868 2150 Rupilio,

1073 2165 1222 2192 numquam
1237 2156 1368 2182 Mummio
1384 2155 1549 2190 anteposuit,
1570 2162 1720 2189 numquam
1735 2152 1870 2180 inferioris

1072 2194 1176 2220 ordinis
1187 2194 1293 2220 amicis.
1313 2193 1346 2225 Q.
1358 2201 1422 2219 vero
1432 2192 1582 2219 Maximum
1593 2191 1701 2218 fratrem
1709 2211 1716 2222 ,
1729 2190 1869 2226 egregium

1073 2232 1177 2262 virum,
1194 2231 1305 2257 omnino
1320 2230 1375 2257 sibi
1393 2238 1566 2265 nequaquam
1580 2237 1686 2264 parem,
1703 2227 1776 2263 quod
1787 2228 1811 2254 is
1821 2235 1871 2253 an-

1072 2268 1154 2295 teibat
1174 2273 1272 2299 aetate,
1296 2272 1436 2302 tamquam
1450 2267 1618 2302 superiorem
1632 2265 1736 2292 colebat
1750 2272 1869 2298 suosque

1071 2314 1165 2332 omnes
1184 2314 1231 2340 per
1245 2313 1274 2331 se
1288 2313 1347 2331 esse
1363 2304 1507 2339 ampliores
1522 2303 1638 2330 volebat.
1677 2303 1722 2328 70.
1736 2301 1814 2334 Quod
1829 2300 1869 2327 fa—

1071 2343 1199 2369 ciendum
1220 2342 1437 2377 imitandumque
1457 2346 1498 2368 est
1516 2341 1658 2368 omnibus:
1681 2344 1719 2370 ut,
1741 2339 1765 2365 si
1784 2346 1867 2373 quam

1071 2381 1261 2415 praestantiam
1272 2380 1391 2410 virtutis,
1398 2379 1510 2415 ingenii,
1524 2378 1645 2405 fortunae
1650 2376 1787 2403 consecuti
1793 2380 1865 2406 sunt,

1071 2418 1227 2452 impertiant
1245 2426 1275 2443 ea
1298 2417 1356 2443 suis
1372 2416 1626 2450 communicentque
1641 2422 1702 2440 cum
1718 2413 1864 2447 pmximis;

1071 2459 1113 2485 ut,
1138 2455 1162 2481 si
1180 2454 1338 2490 parentibus
1353 2454 1408 2480 nati
1424 2454 1478 2480 sint
1489 2452 1653 2481 humilibus,
1665 2451 1690 2476 si
1700 2450 1867 2484 propinquos

1071 2492 1187 2519 habeant
1207 2491 1399 2518 imbecilliores
1414 2490 1457 2516 vel
1472 2491 1562 2516 animo
1575 2488 1618 2515 vel
1634 2487 1752 2515 fortuna,
1773 2495 1866 2513 eorum

1071 2534 1187 2564 augeant
1195 2537 1270 2564 opes,
1282 2529 1377 2564 eisque
1388 2528 1483 2555 honori
1493 2528 1548 2554 sint
1556 2531 1582 2553 et
1591 2525 1730 2560 dignitati:
1753 2529 1782 2550 ut
1793 2523 1867 2550 infa-

1070 2566 1144 2593 bulis
1152 2587 1158 2597 ,
1175 2567 1224 2601 qui
1235 2565 1405 2601 aliquamdiu
1416 2569 1523 2600 pmpter
1532 2563 1727 2599 ignorationem
1737 2561 1831 2596 stirpis
1841 2566 1867 2587 et

1070 2605 1177 2639 generis
1187 2605 1215 2631 in
1227 2603 1358 2630 famulatu
1368 2602 1477 2633 fuerint,
1492 2609 1578 2636 quum
1588 2599 1690 2635 cogniti
1700 2604 1772 2628 sunt,
1785 2603 1812 2624 et
1821 2603 1867 2624 aut

1070 2641 1182 2668 deorum
1199 2645 1245 2668 aut
1261 2649 1356 2676 regum
1373 2639 1422 2666 filii
1437 2638 1554 2670 inventi,
1572 2637 1688 2664 retinent
1697 2641 1786 2663 tamen
1797 2635 1866 2662 cari-
