1941 3052
222 132 270 157 546
794 131 835 154 50.
871 129 905 155 M.

278 197 445 236 t.‹1)l'ro‹lii
459 200 628 230 immortales.
643 199 690 234 qui
704 199 745 225 hic
757 198 845 225 illuxit
856 199 923 226 (lies.
933 200 941 210 '
951 200 960 211 ⁶

466 238 597 272 (Qm'nrli'l.
615 238 663 267 IX.
678 238 700 267 -ί,
713 237 767 271 76.)

1034 269 1035 280 l

445 293 468 324 b)
482 292 556 316 (Ἔτι-ιι
572 300 636 316 vers.
649 300 665 316 a
675 291 786 324 primo'.
1034 283 1035 287 .

1034 323 1035 332 1

276 337 367 370 'Quod
391 337 532 363 minimum
549 336 684 370 sper-imon
701 334 726 361 in
743 339 766 362 te
783 336 890 368 ingenii.
935 336 1012 371 lnge·
1033 336 1041 364 f*

221 375 256 401 nii
273 373 380 401 nutem?
399 374 480 399 immo
496 373 605 406 ingenui
619 372 741 402 bominis,
756 381 784 397 nc
798 372 886 405 liin-rig
909 374 955 408 qui
968 382 1011 399 ro-

222 412 273 438 lore
289 413 347 446 ipso
359 411 467 445 patriam
483 410 642 444 aspernaris,
655 410 771 436 orationi·
781 419 878 445 genus.
893 411 1012 437 moribus

221 457 325 475 nomen.
334 448 359 461 ”
373 446 484 483 (fiscon.)
1034 467 1035 480 ἵ

218 627 309 648 natura
322 621 383 648 fert:
417 630 463 648 nec
479 622 628 656 municipii.
647 623 800 656 praesertim
816 622 849 648 «le
861 631 902 648 me
912 623 1011 656 optimo

218 660 313 690 meriti.
326 659 442 693 dignitas
455 660 562 694 patitur.
571 659 594 671 ”
606 659 717 694 (Aaron.)

217 751 239 776 is
250 759 335 785 quum
352 751 460 777 Romam
472 759 532 777 cum
547 750 598 776 tilia
615 751 740 781 venisset.
755 749 950 777 adolescentem
963 760 1011 777 no-

217 787 297 814 bilem
319 788 488 819 Caesonium.
511 788 626 814 bominis
644 787 805 814 furacissimi
819 788 913 818 filium.
927 797 1009 814 ntisus

216 829 256 852 est
276 825 423 860 appellare:
457 825 537 852 filiam
549 824 696 852 collocavit.
722 846 727 851 .
744 846 749 851 .
765 824 974 862 .(.›is‹·on.)quae
985 830 1010 852 te
1032 828 1033 843 l

216 861 331 889 belluam
344 871 376 889 ex
388 867 470 893 utero.
485 871 534 889 non
548 862 682 889 bominem
695 862 772 889 fudit.
797 862 880 898 (Serv.
893 865 927 889 ud
939 863 1008 900 ⁴Vir-9.
1039 874 1041 878 ·

216 900 274 926 Aen.
296 900 364 931 l'III.
382 899 449 935 439.)
470 900 522 927 Hoc
536 900 621 926 Servii
636 899 859 935 ἀποσπασμιὶῐιω·
877 902 907 926 (Ie
919 900 1010 927 Oreun'
1032 903 1033 916 ¹

209 940 362 975 lroiiiectura
373 938 517 964 Asconiano
526 939 716 964 subiunximus.
1031 951 1034 963 ι

512 991 534 1026 e)
553 991 632 1017 Paulo
646 996 711 1025 posl.

358 1036 416 1064 (De
443 1044 503 1060 avo
530 1036 667 1061 Pisonis
693 1041 861 1068 paterno.)

270 1075 317 1101 Hic
331 1083 416 1110 quum
433 1074 465 1100 ad
477 1074 577 1100 Padum
590 1074 737 1100 Placentiae
755 1074 819 1101 forte
834 1075 1007 1105 consedisset.
1030 1086 1033 1108 f

215 1113 307 1147 paucis
328 1117 386 1147 post
402 1113 478 1138 annis
495 1112 521 1138 in
537 1121 594 1138 eam
609 1112 742 1138 civitatem
755 1112 825 1147 (nam
839 1117 894 1139 tum
907 1118 961 1139 erat
971 1113 1010 1138 ci-
1030 1124 1039 1145 μ
1072 1143 1076 1148 ¹
1115 1134 1120 1139 .
1240 1135 1244 1139 .
1381 1135 1386 1139 .
1405 1135 1409 1139 .
1577 1136 1581 1140 .
1622 1136 1627 1140 .
1754 1131 1759 1137 ι
1832 1135 1837 1140 .

1031 1148 1033 1152 >
1061 1142 1132 1160 tavi.
1171 1133 1228 1169 Ego
1238 1143 1265 1160 in
1276 1134 1305 1161 C.
1322 1134 1437 1165 Rabirio.
1451 1134 1644 1170 perduellionis
1656 1144 1708 1165 reo.
1720 1143 1763 1161 xi.
1775 1143 1854 1162 annis

215 1150 291 1183 vitas)
312 1149 440 1176 ascendit.
481 1149 558 1175 Prius
569 1150 639 1175 enim
651 1149 754 1180 Gallus.
768 1149 829 1175 dein
843 1150 1006 1179 Gallicanus

213 1191 332 1213 extremo
347 1186 588 1221 Semiplacentinus
605 1186 696 1213 haberi
707 1191 817 1222 coeptus
829 1192 878 1214 est.
898 1187 1009 1223 (Ascon.)

267 1243 454 1279 s)“Mai0rem
471 1245 523 1271 sibi
545 1244 657 1271 Insuber
672 1244 717 1271 ille
742 1254 808 1271 avus
828 1245 1007 1280 adoptavit.“

213 1283 255 1315 (ως
267 1283 396 1309 Aru-siano
405 1283 489 1309 Messe
496 1291 525 1316 p.
538 1284 597 1309 250.
610 1285 647 1309 ed.
665 1282 840 1318 Lindemann.)

437 1336 467 1371 9)
483 1335 559 1362 Circa
570 1346 634 1363 vers.
646 1346 662 1362 a
672 1336 784 1369 primo*.

269 1377 452 1404 ”Lautiorem
469 1383 543 1412 pater
558 1383 621 1404 tuus
633 1386 763 1409 socerum.
777 1387 858 1413 quam
871 1379 899 1405 C.
912 1379 1007 1405 Piso‘*

212 1415 238 1441 in
250 1415 297 1441 illo
309 1414 396 1441 luctu:
418 1423 469 1441 non
481 1416 504 1441 ei
518 1415 598 1441 filiam
611 1423 696 1441 meam
709 1416 933 1451 collocavi‚quem
946 1425 1004 1452 ego,

212 1457 327 1486 potestas
337 1461 421 1487 quum
434 1453 554 1478 omnium
566 1452 670 1483 fuisset.
679 1461 762 1480 unum
777 1455 948 1488 potissimum
960 1454 1007 1480 de-

213 1489 379 1525 legissem.**
390 1489 503 1525 (Ascon.)

266 1552 290 1587 Ιι)
310 1551 400 1584 Quum
425 1552 474 1578 tibi
500 1557 551 1578 tota
576 1553 698 1589 cognatio
723 1561 826 1580 sarraco
846 1553 1003 1581 advehatur.

210 1590 345 1623 (Quinctil.
362 1590 429 1619 VIII,
443 1591 466 1620 3,
481 1589 534 1624 2¹.)

266 1651 284 1687 i)
306 1650 401 1688 [Caput
412 1652 536 1686 opponis,
549 1661 612 1678 eum
632 1661 662 1678 eo
673 1651 833 1688 coniscans.]
853 1653 932 1686 (Alibi
943 1654 1004 1678 haec

213 1688 357 1715 Ciceronem
368 1691 465 1715 dioeisse
476 1692 513 1716 (cit
527 1690 648 1722 Quincto‘l.
660 1689 704 1724 ib.)

267 1745 291 1780 k)
311 1746 432 1773 Proxime
444 1747 600 1781 Pompeium
612 1747 736 1773 sedebam
747 1747 873 1782 (Diomed.
888 1748 922 1782 4.)

268 1805 290 1830 4.
303 1802 438 1830 ***1amne
460 1804 544 1835 vides,
564 1804 662 1835 bellua.
681 1805 768 1831 iamne
784 1805 876 1835 sentis.
890 1813 959 1840 quae
970 1806 1005 1832 sit

210 1840 350 1867 hominum
374 1840 481 1876 querela
498 1841 593 1868 frontis
609 1841 686 1868 tuae‘?
706 1842 789 1868 Nemo
803 1842 937 1877 queritur.
955 1842 1005 1878 Sy-

209 1887 278 1910 rum,
301 1879 391 1905 nescio
405 1887 496 1913 quem.
513 1878 547 1905 de
561 1887 642 1915 grege
659 1879 823 1912 noviciorum
837 1879 935 1906 factum
945 1888 1005 1907 esse

208 1915 356 1942 consulem.
397 1916 455 1942 Non
471 1916 543 1942 enim
560 1924 608 1942 nos
628 1916 759 1943 coloriste
770 1916 885 1947 servilis.
900 1926 951 1943 non
963 1917 1003 1952 pi-

209 1951 279 1979 losae
290 1961 381 1987 genae,
395 1961 446 1979 non
457 1952 550 1979 dentes
562 1953 662 1988 putridi
673 1953 847 1988 deceperunt:
864 1953 944 1989 oculi,
957 1964 1004 1981 su-

208 1989 325 2024 percilia.
350 1989 430 2021 frons.
454 1990 546 2016 vultus
560 1990 677 2025 denique
693 1995 771 2022 totus,
785 1992 832 2026 qui
844 1999 932 2018 sermo
943 1992 1004 2027 qui-

396 501 419 536 c)
433 501 509 528 Circa
520 509 585 527 vers.
598 510 615 527 ιι
627 503 711 534 primu
721 501 834 528 Luxus.
1033 490 1042 557 {¹3

274 548 298 561 υ
306 548 358 574 Hoc
373 556 423 573 non
439 546 472 573 ad
483 546 702 573 contemnendam
717 546 874 573 placenti-..m
888 547 1010 581 pertinet·
1034 548 1042 586 Mi
1063 537 1131 562 sime
1142 536 1288 567 disiuncta.
1304 537 1538 572 comprehendam.
1560 539 1600 565 Tu
1609 538 1702 566 consul
1713 548 1743 566 es
1756 548 1855 567 renun-

219 585 288 611 unde
307 593 336 611 so
352 585 375 610 is
386 589 472 610 ortum
483 584 589 619 gloriari
602 584 682 610 solet:
706 593 791 619 neque
802 585 873 611 enim
890 585 938 610 boc
955 593 1010 610 mea
1034 600 1035 607 η

207 2027 267 2053 ‹lam
290 2027 385 2053 tacitus
402 2028 498 2053 mentis
514 2032 563 2058 est,
582 2028 624 2054 bic
640 2029 666 2054 in
684 2027 803 2054 fraudem
819 2028 941 2055 homines
953 2030 1003 2055 im-

207 2063 291 2098 pulit;
324 2064 366 2090 hic
382 2073 436 2095 eos.
453 2065 555 2099 quibus
571 2069 625 2091 erat
636 2065 752 2100 ignotus,
771 2065 883 2101 decepit,
898 2065 1000 2098 fefellit.

207 2101 323 2128 induxit.
363 2102 443 2128 Pauci
464 2102 513 2128 ista
534 2107 579 2128 tua
595 2102 725 2129 lutulenta
747 2103 810 2129 vitia
828 2112 1001 2137 noveramus;

207 2139 284 2173 pauci
305 2138 453 2165 tarditatem
474 2139 589 2175 ingenii.
611 2144 747 2174 stuporem
783 2139 1002 2177 debilitatemque

207 2175 324 2212 linguae.
365 2176 519 2211 Numquam
541 2181 595 2203 erat
614 2177 704 2204 audita
721 2186 773 2204 vox
788 2178 815 2204 in
832 2177 900 2205 foro:
923 2187 1002 2205 nuni-

206 2221 288 2248 quam
308 2213 459 2248 periculum
473 2213 569 2240 factum
582 2214 702 2247 consilii3
725 2214 840 2247 nullum,
855 2224 907 2242 non
924 2216 1002 2243 modo

205 2250 319 2282 illustre.
337 2250 383 2277 sed
395 2259 427 2277 ne
440 2256 531 2278 notum
543 2251 655 2286 quidem
665 2251 764 2279 factum
777 2257 823 2279 aut
833 2252 945 2279 militiae
956 2258 1002 2280 aut

206 2287 288 2314 domi.
329 2287 479 2323 obrepsisti
495 2289 527 2315 ad
544 2289 656 2315 honores
667 2298 754 2316 errore
765 2289 915 2322 hominum,
928 2299 1002 2317 com-

1033 2047 1035 2055 2
1055 2037 1113 2055 cam
1133 2038 1257 2056 coronam
1271 2029 1362 2056 deberi
1378 2039 1392 2056 a
1407 2029 1544 2064 republica
1558 2029 1637 2055 dixit.

207 2325 373 2352 mendatione
384 2325 550 2352 fumosarum
562 2326 720 2362 imaginum,
732 2335 848 2362 quarum
859 2328 948 2354 simile
954 2328 1002 2354 ha-

205 2361 253 2388 bes
269 2362 345 2394 nihil,
363 2368 466 2398 praeter
475 2363 601 2390 colorem.
628 2365 653 2391 2.
666 2365 692 2390 Is
703 2365 770 2391 mihi
783 2365 862 2391 etiam
873 2365 1002 2401 gloriabi-

207 2403 261 2430 tur,
283 2408 312 2426 se
327 2409 420 2426 omnes
437 2401 608 2437 magistratus
628 2402 686 2428 sine
701 2401 809 2437 repulsa
830 2402 1002 2429 assecutum?

206 2436 271 2462 Mihi
295 2437 345 2463 ista
370 2437 431 2464 lieet
453 2438 487 2464 de
506 2447 549 2464 me
567 2447 629 2464 vera
649 2447 711 2465 cum
732 2439 815 2475 gloria
838 2439 998 2474 praedicare.

205 2472 304 2499 Omnes
315 2474 386 2500 enim
398 2475 510 2501 honores
522 2475 640 2510 populus
652 2476 786 2502 Romanus
798 2477 865 2503 mihi
877 2477 939 2512 ipsi,
953 2477 1002 2503 ho-

207 2509 271 2535 mini
293 2518 369 2542 novo,
387 2511 492 2538 detulit.
533 2513 608 2544 Nam.
627 2517 655 2539 tu
671 2521 755 2548 quum
771 2518 897 2548 quaestor
911 2521 944 2540 es·
961 2513 1001 2540 fa-

205 2549 273 2577 ctus.
296 2547 374 2573 etiam
395 2549 441 2583 qui
462 2554 487 2575 te
497 2558 646 2584 numquam
666 2550 800 2581 viderant.
818 2555 906 2577 tamen
922 2551 999 2577 illum

206 2582 331 2609 honorem
348 2586 448 2611 nomini
466 2587 627 2613 mandabant
642 2591 696 2613 tuo.
741 2587 843 2613 Aedilis
858 2597 887 2614 es
902 2587 998 2615 faetus.

205 2619 267 2646 Piso
282 2625 322 2646 est
333 2630 346 2646 a
357 2622 456 2656 populo
467 2623 584 2650 Romano
596 2623 691 2655 factus,
705 2633 757 2651 non
768 2625 817 2651 iste
827 2625 898 2651 Piso.
920 2625 1000 2652 Prae-

206 2662 263 2683 tura
283 2657 346 2684 item
367 2659 511 2686 maioribus
531 2660 618 2687 delata
633 2666 673 2688 est
689 2662 752 2688 tuis.
793 2662 853 2688 Noti
871 2667 945 2689 erant
959 2661 998 2690 illi

940 130 969 155 T.
1004 129 1277 159 Citlsstioxts

1064 202 1174 227 nim-tui:
1202 206 1226 228 te
1248 203 1339 228 vivum
1361 202 1480 230 nondum
1495 210 1603 232 noverat
1616 206 1773 240 quisquam.
1814 207 1855 233 Me

1040 235 1041 240 ¹
1063 246 1147 272 quum
1169 244 1335 273 quaestorem
1352 240 1378 266 in
1394 240 1497 275 primis.
1513 242 1626 269 aedilem
1643 243 1766 277 priorem.
1780 251 1855 277 proe-

1034 302 1035 309 Ὶ
1065 280 1146 301 terem
1158 276 1275 310 primum
1286 277 1391 303 cunctis
1402 277 1536 314 suffragiis
1547 279 1664 314 populus
1671 280 1805 306 Romanus
1817 279 1855 306 fa-

1063 312 1162 339 ciebat:
1186 313 1285 340 bomini
1307 313 1352 340 ille
1373 314 1512 346 honorem.
1530 325 1581 343 non
1596 318 1701 350 generi.
1723 317 1853 348 moribus,

1065 358 1115 375 uon
1132 350 1277 376 maioribus
1293 351 1374 382 meis.
1398 352 1488 379 virtuti
1505 350 1670 388 perspectae.
1688 363 1739 381 non
1750 354 1856 381 auditne

1065 386 1193 414 nobilitati
1219 387 1363 415 deferebat.
1409 389 1474 416 Nam
1500 389 1565 424 quid
1592 399 1642 426 ego
1661 390 1694 417 de
1714 391 1855 418 consulatu

1066 423 1292 459 leiwan—parto
1304 425 1352 456 vin.
1365 434 1434 452 anne
1444 426 1537 460 nesto?
1548 429 1572 453 3.
1585 428 1712 454 Miserum
1723 430 1780 455 mel
1793 437 1854 455 cum

1065 461 1112 487 bac
1125 470 1166 487 me
1179 470 1249 488 nunc
1261 467 1333 497 pente
1344 468 1423 498 atque
1431 462 1489 490 labe
1498 463 1619 490 confero!
1639 464 1692 491 Sed
1703 465 1770 492 nibil
1782 473 1855 492 com-

1065 498 1174 533 parandi
1185 508 1280 526 caussa
1293 499 1397 535 loquar:
1420 506 1446 527 at
1458 506 1543 528 tamen
1555 510 1670 537 ea.quae
1681 507 1744 529 nunt
1755 502 1856 538 longin-

1065 573 1259 600 tiatus-nibil
1271 574 1571 610 dicamgravius.quam
1583 575 1655 610 quod
1666 585 1758 603 omnes
1770 576 1854 604 faun-

1065 611 1292 646 tur—impeditis
1302 612 1467 647 reipublicae
1478 613 1652 648 temporibus,
1660 613 1855 641 dissidentibus

1033 651 1041 684 3}
1063 648 1221 675 consulibus
1228 649 1338 676 Caesare
1349 649 1633 685 etBibulo.quumboc
1645 659 1695 678 non
1707 659 1853 682 recusares.

270 713 296 749 d)
307 712 452 740 ”Insuber
461 713 571 748 quidam
585 712 633 739 fuit
649 712 718 739 idem
732 717 859 739 mercator
870 717 893 739 et
902 722 1007 748 praeco:
1032 689 1041 725 l
1063 694 1128 720 qum
1141 695 1172 716 κ’
1186 695 1199 711 ³
1211 686 1312 721 ‘imbus
1323 686 1445 714 dmebare
1455 687 1559 717 wasuh
1574 693 1598 714 ω
1610 687 1668 714 ¹⁰oe
1678 687 1791 724 mgnum
1803 697 1855 716 ΜΠ

1064 727 1200 757 putarent,
1218 724 1268 750 nisi
1290 724 1414 759 nequior.
1431 733 1513 760 quam
1530 725 1676 756 Gabinius.
1693 725 1853 752 exstitisses.

1040 781 1041 790 .
1062 760 1104 786 Me
1114 766 1208 787 cimcta
1221 761 1302 791 ltalia.
1316 770 1358 788 nie
1368 771 1461 788 omnes
1471 762 1587 793 ordines.
1601 771 1643 789 me
1654 763 1778 789 universa
1788 763 1856 790 eivi-

1063 802 1101 824 tas
1122 807 1172 824 non
1194 799 1268 832 prius
1285 798 1394 830 tabella.
1411 808 1494 834 quam
1512 808 1576 826 voce
1592 800 1705 834 priorem
1716 799 1854 827 consulem

1061 834 1214 862 declaravit.
1254 836 1285 862 ll.
1308 835 1361 862 Sed
1375 836 1480 868 omitto.
1499 842 1528 863 ut
1542 837 1577 863 sit
1588 837 1673 864 factus
1684 842 1796 872 uterque
1807 846 1855 864 nc>

1061 877 1158 899 strum.
1199 872 1239 900 Sit
1249 882 1312 900 sane
1324 873 1388 900 Fors
1398 873 1505 900 domina
1517 875 1614 909 campi.
1641 874 1855 910 Magnificentius

1061 914 1101 936 est
1120 909 1221 941 dicere.
1243 910 1469 945 quemadmodum
1495 912 1661 947 gesserimus
1673 912 1852 941 consulatum.

1061 956 1152 982 quam,
1165 947 1392 982 quemadmodum
1404 949 1566 983 ceperimus.

1117 985 1141 1011 4.
1164 985 1220 1020 Ego
1236 985 1361 1011 Kalendis
1378 986 1431 1012 lan.
1449 990 1570 1012 senatum
1583 991 1608 1012 et
1619 986 1702 1013 bonos
1711 994 1806 1013 omnes
1816 985 1856 1013 Ιο-

1060 1022 1102 1057 gis
1122 1023 1239 1057 agrariae
1260 1023 1491 1058 maximarumque
1513 1022 1683 1059 largitionum
1700 1028 1772 1050 metu
1789 1023 1856 1050 libe-

1038 1056 1039 1063 ’
1061 1059 1127 1085 ravi.
1167 1059 1224 1095 Ego
1237 1068 1330 1095 agrum
1343 1059 1518 1094 Campanum.
1531 1061 1555 1087 si
1567 1060 1654 1087 dividi
1666 1069 1716 1087 non
1727 1061 1853 1096 oportuit.

1060 1105 1229 1123 conservavi:
1252 1097 1274 1123 si
1291 1098 1420 1132 oportuit.
1438 1097 1594 1124 melioribus
1605 1098 1759 1124 auctoribus
1770 1106 1856 1124 reser-

1061 1176 1120 1197 ante
1136 1180 1178 1197 me
1193 1171 1330 1198 consulem
1351 1172 1534 1207 interpositam
1549 1177 1658 1199 senatus
1672 1173 1854 1199 auctoritatem

1060 1209 1178 1235 sustinui
1193 1214 1283 1235 contra
1299 1209 1429 1236 invidiam
1445 1214 1525 1244 atque
1540 1209 1658 1236 defendi.
1698 1209 1754 1273 Ego
1765 1209 1855 1236 adole—

1060 1250 1164 1273 scentes
1176 1246 1259 1273 bonos
1270 1251 1295 1272 et
1302 1245 1390 1277 sortes,
1398 1246 1445 1273 sed
1454 1255 1516 1273 usos
1525 1255 1555 1273 ea
1565 1246 1716 1273 conditione
1733 1252 1852 1278 ortunae.

1060 1288 1101 1314 ut.
1125 1283 1148 1309 si
1163 1288 1253 1310 essent
1268 1284 1440 1319 magistratus
1455 1283 1557 1318 adepti,
1578 1283 1740 1318 reipublicae
1754 1288 1854 1311 statum

1058 1320 1215 1347 convulsuri
1231 1320 1397 1352 viderentur.
1411 1322 1479 1348 meis
1491 1321 1648 1352 inimicitiis.
1661 1321 1734 1348 nulla
1745 1325 1855 1348 senatus

1059 1357 1127 1384 mala
1138 1358 1235 1394 gratia.
1251 1359 1419 1385 comitiorum
1435 1359 1534 1386 ratione
1549 1359 1663 1394 privavi.
1695 1360 1720 1385 5.
1733 1359 1790 1395 Ego
1800 1359 1855 1386 An-

1059 1396 1160 1423 tonium
1173 1395 1311 1432 collegam.
1325 1395 1454 1431 cupidum
1466 1397 1628 1432 provinciae,
1641 1395 1724 1423 multa
1735 1397 1762 1422 in
1773 1404 1855 1431 repu-

1059 1432 1127 1459 blica
1143 1432 1312 1464 molientem,
1329 1434 1455 1468 patientia
1470 1438 1549 1468 atque
1563 1433 1695 1469 obsequio
1712 1441 1771 1460 meo
1782 1434 1855 1460 miti-

1057 1470 1129 1506 gavi.
1170 1471 1228 1506 Ego
1243 1471 1407 1505 provinciam
1422 1470 1552 1502 Galliam.
1568 1476 1678 1497 senatus
1688 1471 1852 1501 auctoritate.

1058 1508 1176 1534 exercitu
1192 1512 1218 1534 et
1229 1509 1341 1543 pecunia
1353 1509 1510 1535 instructam
1521 1513 1546 1534 et
1556 1513 1685 1539 ornatam,
1698 1517 1780 1543 quam
1791 1516 1853 1534 cum

1056 1544 1172 1572 Antonio
1191 1546 1369 1577 commutavi,
1391 1546 1463 1580 quod
1484 1546 1518 1572 ita
1533 1545 1719 1572 existimabam
1736 1550 1854 1580 tempora

1057 1582 1220 1617 reipublicae
1233 1582 1313 1614 ferre.
1327 1583 1353 1609 in
1365 1583 1490 1609 concione
1501 1582 1623 1617 deposui,
1637 1582 1795 1609 reclamante
1806 1591 1855 1618 po-

1057 1620 1121 1654 pulo
1132 1620 1257 1646 Romano.
1287 1620 1344 1656 Ego
1355 1620 1384 1646 L.
1398 1620 1548 1651 Catilinam,
1561 1619 1668 1646 caedem
1680 1624 1798 1651 senatus,
1812 1620 1854 1646 in-

1057 1657 1164 1683 teritum
1186 1656 1264 1683 Urbis
1301 1666 1352 1683 non
1373 1657 1499 1688 obscure,
1521 1656 1569 1683 sed
1583 1656 1671 1692 palam
1688 1656 1851 1688 molientem,

1056 1693 1147 1729 egredi
1158 1702 1190 1720 ex
1202 1694 1271 1720 Urbe
1282 1694 1364 1720 iussi:
1378 1699 1415 1725 ut.
1423 1703 1437 1720 a
1448 1703 1503 1729 quo
1514 1693 1619 1730 legibus
1631 1702 1682 1720 non
1689 1698 1850 1729 poteramus.

1034 1734 1036 1744 '
1057 1731 1198 1757 moenibus
1210 1731 1259 1757 tuti
1271 1739 1486 1766 essepossemus.
1508 1731 1564 1766 Ego
1571 1730 1620 1757 tela
1631 1735 1750 1757 extremo
1761 1739 1853 1758 mense

1056 1768 1212 1794 consulatus
1228 1769 1280 1794 mei
1295 1769 1396 1795 intenta
1407 1768 1509 1804 iugulis
1519 1769 1645 1799 civitatis,
1657 1767 1691 1794 de
1701 1769 1852 1795 coniurato-

1057 1814 1116 1831 rum
1129 1804 1236 1832 nefariis
1248 1805 1374 1832 manibus
1385 1806 1492 1832 extorsi.
1514 1805 1570 1841 Ego
1582 1805 1651 1832 faces
1663 1806 1715 1832 iam
1726 1814 1851 1832 accensas

1057 1842 1089 1868 ad
1106 1842 1188 1869 buius
1204 1843 1279 1869 urbis
1296 1843 1450 1870 incendium
1461 1842 1666 1878 comprehendi,
1680 1843 1791 1878 protuli.
1805 1851 1852 1870 ex-

1056 1879 1149 1906 stinxi.
1180 1880 1223 1907 111.
1246 1882 1271 1906 6.
1284 1880 1326 1907 Me
1337 1879 1368 1913 Q.
1385 1880 1506 1912 Catulus,
1520 1881 1644 1915 princeps
1656 1880 1738 1907 huius
1749 1879 1851 1907 ordinis

1056 1921 1081 1943 et
1096 1921 1186 1944 auctor
1199 1917 1302 1952 publici
1317 1918 1436 1949 consilii,
1454 1917 1674 1952 frequentissimo
1684 1922 1792 1949 senatu,
1804 1925 1852 1953 pa-

1056 1959 1157 1980 rentem
1173 1955 1272 1989 patriae
1289 1955 1446 1981 nominavit.
1487 1955 1553 1981 Mihi
1568 1955 1611 1981 bic
1621 1955 1663 1981 vir
1672 1954 1849 1985 clarissimus.

1055 1991 1103 2026 qui
1114 1997 1222 2027 propter
1232 1996 1257 2018 te
1268 1992 1351 2023 sedet.
1364 1993 1394 2018 L.
1407 1991 1520 2023 Gellius,
1535 1992 1578 2018 his
1588 1992 1771 2023 audientibus,
1783 1992 1852 2018 civi-

1677 2029 1744 2055 Mihi
1765 2033 1852 2065 togato

1055 2070 1176 2097 senatus.
1195 2075 1260 2098 non,
1277 2071 1307 2093 ut
1322 2067 1424 2098 multis,
1438 2067 1505 2094 bene
1515 2071 1614 2102 gestae.
1627 2066 1683 2098 sed¹
1698 2071 1727 2093 ut
1738 2066 1849 2097 nemini.

1054 2109 1224 2130 conservatae
1235 2103 1397 2139 reipublicae
1408 2103 1850 2140 singularigeneresupplicationis

1054 2140 1166 2168 deorum
1181 2141 1373 2168 immortalium
1386 2141 1483 2176 templa
1495 2141 1628 2176 patefecit.
1659 2140 1716 2177 Ego
1725 2149 1811 2176 quum
1822 2140 1849 2167 in

1054 2178 1180 2205 concione
1190 2178 1284 2205 abiens
1296 2179 1453 2215 magistratu
1463 2178 1551 2205 dicere
1561 2187 1575 2205 a
1583 2177 1783 2213 tribunoplebis
1789 2186 1851 2213 pro-

1054 2215 1175 2246 hiberer.
1197 2224 1266 2251 quae
1286 2216 1491 2247 constitueram,
1512 2223 1653 2251 quumque
1669 2215 1692 2242 is
1708 2215 1776 2242 mihi
1792 2220 1851 2242 tan-

1054 2252 1206 2284 tummodo.
1223 2258 1254 2280 ut
1264 2253 1393 2285 iurarem,
1407 2253 1583 2288 permitteret:
1605 2253 1664 2279 sine
1676 2252 1731 2279 ulla
1741 2251 1850 2279 dubita-

1053 2290 1125 2317 tione
1144 2290 1246 2322 iuravi.
1269 2290 1464 2326 rempublicam
1485 2295 1566 2325 atque
1585 2289 1654 2316 banc
1674 2289 1770 2317 urbem
1789 2297 1849 2316 mea

1055 2328 1135 2354 unius
1151 2336 1229 2362 opera
1246 2337 1304 2354 esse
1319 2327 1432 2354 salvam.
1463 2329 1488 2354 7.
1505 2327 1572 2354 Mihi
1583 2325 1700 2361 populus
1712 2326 1848 2353 Romanus

1053 2365 1197 2391 universus
1206 2364 1418 2392 illainconcione
1428 2373 1480 2391 non
1488 2363 1846 2399 uniusdieigratulationem,

1052 2401 1100 2428 sed
1120 2403 1301 2429 aeternitatem
1321 2401 1601 2436 immortalitatemque
1620 2400 1743 2432 donavit.
1759 2409 1847 2436 quum

1053 2447 1143 2465 meum
1154 2439 1343 2466 iusiurandum
1350 2439 1402 2466 tale
1410 2444 1490 2474 atque
1501 2443 1603 2465 tantum
1615 2438 1718 2464 iuratus
1725 2438 1784 2476 ipse
1793 2446 1847 2464 una

1052 2485 1116 2503 voce
1131 2481 1157 2503 et
1171 2485 1304 2504 consensu
1319 2476 1487 2512 approbavit.
1528 2475 1588 2508 Quo
1603 2475 1714 2510 quidem
1728 2479 1848 2510 tempore

1051 2515 1075 2540 is
1090 2522 1167 2540 meus
1182 2514 1292 2541 domum
1309 2513 1360 2541 fuit
1374 2523 1388 2540 e
1403 2513 1459 2540 foro
1469 2512 1580 2544 reditus.
1594 2517 1623 2539 ut
1634 2520 1721 2544 nemo,
1734 2512 1787 2538 nisi
1797 2512 1846 2547 qui

1051 2559 1158 2577 mecum
1169 2556 1248 2583 esset.
1261 2552 1363 2578 civium
1374 2559 1434 2577 esse
1443 2550 1470 2576 in
1482 2558 1594 2576 numero
1601 2549 1745 2576 videretur.
1758 2549 1846 2584 Atque

1051 2589 1086 2614 ita
1101 2593 1141 2615 est
1152 2597 1166 2614 a
1177 2597 1220 2615 me
1234 2588 1390 2615 consulatus
1400 2592 1532 2623 peractus,
1546 2592 1575 2614 ut
1586 2586 1653 2614 nihil
1664 2587 1723 2613 siue
1733 2585 1845 2613 consilio

1050 2630 1168 2657 senatus.
1181 2625 1249 2652 nihil
1260 2634 1313 2653 non
1322 2625 1485 2661 approbante
1495 2624 1718 2660 populoRomano
1726 2623 1842 2659 egerim.

1051 2667 1080 2690 ut
1090 2671 1196 2698 semper
1207 2663 1235 2690 in
1245 2663 1338 2690 rostris
1349 2662 1461 2695 curiam.
1469 2661 1498 2689 in
1507 2666 1601 2689 senatu
1607 2660 1740 2698 populum
1750 2659 1844 2688 defen-
