1941 3052
730 133 1059 161 FRAGMENTA.

71 204 131 235 ille,
153 204 201 239 qui
218 204 267 230 ista
285 203 373 229 iunxit
384 208 409 229 et
420 203 552 234 condidit,
572 205 662 238 ipsum
673 213 701 230 se
713 210 868 231 contentum

71 251 131 269 esse
145 241 287 272 mundum,
302 250 389 276 neque
401 250 478 276 egere
489 241 581 268 altero.
612 242 703 276 Itaque
714 251 762 268 nec
774 243 799 268 ei
811 252 868 268 ma-

72 289 124 307 nus
135 278 253 310 affinxit,
265 280 330 313 quia
342 287 390 305 nee
404 279 565 314 capiendum
575 279 726 314 quidquam
738 285 805 311 erat.
819 288 868 306 nec

72 317 272 352 repellendum:
289 325 337 342 nec
348 315 439 350 pedes,
448 325 497 342 nec
508 316 559 342 alia
571 317 699 347 membra,
711 318 814 352 quibus
826 318 868 344 in-

70 363 195 391 gressum
210 362 319 388 corpore
330 355 484 380 sustineret.
524 354 624 380 Motum
639 355 711 380 enim
723 355 797 381 dedit
808 364 868 381 cae-

73 392 97 419 lo
108 401 180 423 eum,
193 392 240 426 qui
254 391 355 427 figurae
366 391 425 417 eius
436 396 507 417 esset
517 392 684 425 aptissimus,
693 393 741 426 qui
753 401 823 418 unus
835 401 868 419 ex

71 434 174 464 septem
195 429 313 456 motibus
334 433 450 454 mentem
465 433 544 463 atque
561 428 766 464 intelligentiam
787 430 868 456 cieret

71 468 200 493 maxime.
239 467 332 501 ltaque
348 474 401 492 una
416 466 592 492 conversione
609 471 687 501 atque
704 467 796 493 eadem
810 468 867 502 ipse

70 505 173 530 circum
190 512 219 530 se
235 508 374 538 torquetur
385 508 411 530 et
422 504 545 530 vertitur.
584 503 637 530 Sex
648 509 736 530 autem
749 504 867 539 reliquos

71 546 159 568 motus
171 541 204 568 ab
216 550 247 567 eo
261 542 405 576 separavit.
446 541 537 576 Itaque
549 549 611 567 eum
623 541 656 567 ab
672 542 745 568 omni
758 542 868 568 erratio-

71 587 104 605 ne
117 578 250 605 liberavit.
285 578 326 604 Ad
338 578 406 604 hanc
417 579 501 613 igitur
511 580 723 609 conversionem,
739 587 808 613 quae
820 587 868 613 pe-

70 616 153 642 dibus
164 621 190 642 et
202 616 288 651 gradu
300 624 352 642 non
367 620 469 651 egeret,
491 616 663 651 ingrediendi
679 616 799 642 membra
814 625 867 642 non

69 653 154 680 dedit.
194 654 264 679 Haec
275 653 342 679 deus
357 654 394 684 is,
411 654 460 688 qui
472 658 540 683 erat,
559 653 591 679 de
607 653 752 688 aliquando
763 654 812 680 deo
825 653 868 679 fu-

70 696 129 718 turo
142 691 276 726 cogitans,
294 690 381 717 levem
397 699 459 716 eum
471 690 557 717 effecit
568 696 593 717 et
604 691 726 725 undique
738 690 868 725 aequabi-

71 727 133 759 lem,
141 733 186 754 eta
198 728 287 754 medio
298 728 331 754 ad
342 737 479 754 summum
492 737 583 762 parem
591 733 616 754 et
627 728 775 763 perfectum
787 733 867 763 atque

68 765 223 792 absolutum
234 774 268 792 ex
279 765 410 792 absolutis
422 770 501 800 atque
512 765 647 800 perfectis.
678 766 807 792 Animum
819 774 868 791 au-

69 807 122 830 tem
135 807 164 829 ut
178 803 205 829 in
221 811 252 829 eo
267 803 356 829 medio
367 802 520 834 collocavit,
539 804 574 829 ita
586 811 633 837 per
644 807 727 829 totum
740 803 865 829 tetendit:

68 840 167 867 deinde
182 849 244 866 eum
260 840 440 867 circumdedit
455 849 564 875 corpore
578 845 603 867 et
614 841 724 867 vestivit
735 841 868 867 extrinse-

68 886 131 904 cus:
146 877 275 913 caeloque
289 877 411 913 solivago
426 882 452 904 et
468 877 582 904 volubili
594 883 619 904 et
630 879 656 904 in
668 878 760 904 orbem
772 878 867 904 incita-

68 920 94 942 to
104 915 263 949 complexus
274 915 402 950 est,quod
415 924 508 942 secum
520 916 610 950 ipsum
622 921 729 950 propter
741 916 866 941 virtutem

68 952 147 979 facile
160 961 220 979 esse
231 957 334 987 posset,
352 961 401 979 nec
414 952 579 979 desideraret
590 952 717 983 alterum,
736 953 801 979 satis
812 952 866 978 sibi

68 991 160 1025 ipsum
168 995 260 1016 notum
272 995 298 1017 et
309 989 451 1016 familiare.
468 990 513 1016 Sic
524 990 591 1016 deus
603 990 648 1016 ille
659 995 783 1016 aeternus
795 990 867 1016 hunc

67 1026 184 1063 perfecte
196 1027 305 1054 beatum
317 1027 399 1054 deum
411 1029 570 1062 procreavit.
597 1027 648 1054 Sed
659 1028 781 1054 animum
794 1027 866 1053 haud

67 1066 112 1096 ita,
121 1070 151 1091 ut
161 1064 240 1092 modo
252 1064 334 1092 locuti
345 1074 450 1096 sumus,
459 1070 516 1091 tum
528 1065 655 1100 denique,
668 1074 754 1100 quum
769 1073 866 1100 corpus

67 1103 92 1129 ei
107 1102 252 1133 effecisset,
274 1102 422 1129 inchoavit.
462 1103 555 1137 Neque
573 1103 646 1128 enim
662 1108 732 1128 esset
752 1107 864 1132 rectum,

66 1140 165 1166 minori
176 1148 269 1174 parere
283 1140 422 1166 maiorem.
463 1139 517 1166 Sed
529 1148 576 1166 nos
588 1140 671 1166 multa
684 1139 867 1166 inconsidera-

67 1182 92 1204 te
115 1185 145 1204 ac
165 1182 264 1204 temere
284 1177 412 1204 dicimus.
452 1178 508 1204 V11.
529 1178 599 1204 Deus
617 1182 705 1203 autem
722 1182 747 1203 et
762 1182 820 1203 ortu
842 1182 867 1203 et

67 1215 166 1241 virtute
178 1215 357 1250 antiquiorem
369 1215 464 1250 genuit
474 1215 606 1246 animum,
615 1223 732 1249 eumque
739 1219 768 1241 ut
778 1214 867 1241 domi-

66 1260 133 1278 num
149 1257 229 1287 atque
248 1253 426 1286 imperantem
442 1252 578 1279 obedienti
598 1251 726 1287 praefecit
745 1253 863 1287 corpori:

66 1289 149 1324 idque
161 1289 271 1316 molitus
283 1289 328 1316 tali
341 1290 458 1325 quodam
470 1295 510 1316 est
522 1289 610 1316 modo.
650 1290 691 1316 Ex
702 1298 731 1316 ea
745 1290 864 1320 materia.

65 1335 135 1362 quae
151 1327 293 1353 individua
305 1332 345 1353 est
356 1332 381 1354 et
391 1336 460 1362 quae
472 1336 579 1362 semper
590 1327 672 1353 unius
684 1327 755 1353 modi
767 1328 866 1362 suique

65 1364 179 1395 similis,
201 1369 227 1391 et
242 1373 276 1390 ex
291 1373 334 1395 ea,
352 1373 422 1399 quae
437 1364 596 1399 corporibus
609 1364 721 1390 dividua
732 1365 862 1400 gignitur,

65 1402 174 1428 tertium
191 1402 317 1428 materiae
332 1410 420 1437 genus
434 1411 467 1429 ex
482 1402 590 1428 duobus
602 1402 628 1428 in
641 1401 761 1428 medium
779 1402 866 1428 admi-

65 1440 150 1470 scuit,
165 1439 238 1474 quod
250 1444 321 1465 esset
331 1439 454 1466 eiusdem
469 1444 592 1470 naturae,
609 1444 635 1466 et
648 1439 721 1474 quod
738 1439 862 1466 alterius:

65 1476 148 1512 idque
160 1477 294 1503 interiecit
305 1477 374 1503 inter
386 1476 561 1503 individuum
572 1481 652 1512 atque
664 1477 701 1508 id,
714 1477 866 1512 quoddivi-

65 1513 151 1540 duum
170 1518 242 1540 esset
262 1514 290 1540 in
311 1522 430 1548 corpore.
472 1515 508 1541 Ea
530 1523 615 1549 quutn
632 1515 680 1541 tria
691 1515 863 1549 sumpsisset,

65 1559 147 1578 unam
160 1551 313 1586 inspeciem
322 1552 495 1587 temperavit:
509 1551 865 1587 naturamqueillam,quam

64 1589 177 1617 alterius
188 1589 319 1618 diximus,
334 1589 434 1614 vicum
446 1588 538 1614 eadem
545 1588 694 1618 coniunxit,
710 1587 866 1622 fugientem,

62 1633 88 1655 et
102 1628 162 1654 eius
177 1625 358 1662 copulationis
367 1625 498 1657 alienam,
516 1624 605 1661 quae*
619 1625 787 1660 permiscens
803 1634 865 1652 cum

64 1665 184 1694 materia,
198 1672 284 1698 quum
296 1673 330 1691 ex
341 1665 428 1690 tribus
438 1664 570 1691 effecisset
581 1672 680 1695 unum,
694 1663 722 1690 id
734 1664 824 1699 ipsum
837 1665 864 1691 in

63 1709 104 1730 ea.
117 1709 186 1736 quae
197 1701 297 1733 decuit.
312 1702 432 1728 membra
445 1702 558 1737 partitus
569 1706 618 1728 est.
642 1702 695 1728 lam
707 1707 796 1736 partes
807 1702 865 1728 sin-

63 1737 142 1774 gulas
157 1747 192 1765 ex
207 1739 302 1766 eodem
313 1744 340 1766 et
349 1748 383 1766 ex
394 1739 476 1766 altero
486 1744 512 1766 et
523 1747 557 1766 ex
568 1739 678 1765 materia
694 1741 862 1774 temperavit.

63 1776 126 1802 Fuit
137 1780 226 1803 autem
238 1776 299 1803 talis
311 1776 356 1803 illa
367 1777 484 1812 partitio.
519 1776 603 1803 Unam
616 1777 750 1811 principio
761 1782 863 1811 partem

63 1812 181 1840 detraxit
194 1822 228 1840 ex
245 1818 311 1841 toto:
334 1813 482 1841 secundam
498 1818 586 1840 autem
604 1815 706 1848 primae
718 1815 801 1848 partis
812 1814 864 1840 du-

62 1850 150 1886 plam:
173 1850 273 1878 deinde
284 1852 389 1878 tertiam
398 1872 404 1883 ,
422 1860 491 1887 quae
502 1856 573 1878 esset
583 1851 718 1878 secundae
729 1851 848 1887 ses-quial
856 1867 864 1871 -

62 1892 130 1918 tera.
149 1888 252 1923 primae
263 1888 356 1923 tripla:
379 1889 477 1915 deinde
488 1893 625 1924 quartam,
648 1897 717 1923 quae
729 1889 863 1916 secundae

62 1924 146 1960 dupla
156 1930 240 1952 esset:
263 1926 385 1961 quintam
402 1926 479 1958 inde,
496 1934 567 1961 quae
582 1926 674 1952 tertiae
690 1926 782 1961 tripla.-
806 1931 862 1953 tum

63 1967 167 1990 sextam
178 1962 314 1998 octuplam
329 1964 446 1998 primae,
468 1968 603 1999 postremo
618 1964 775 1998 septimam.
793 1972 862 1999 quae

62 2004 166 2035 septem
177 2005 204 2027 et
214 2001 312 2036 viginti
324 2001 447 2036 partibus
458 2000 627 2028 antecederet
636 2001 749 2035 primae.
783 2002 862 2028 Dein-

62 2037 96 2064 de
107 2037 225 2065 instituit
235 2037 318 2073 dupla
334 2043 360 2065 et
375 2037 454 2073 tripla
473 2037 613 2064 intervalla
629 2037 751 2072 explere,
775 2043 862 2073 partes

63 2083 158 2102 rursus
169 2084 203 2102 ex
215 2079 267 2102 toto
280 2075 423 2102 desecans:
446 2084 514 2111 quas
530 2075 680 2102 intervallis
698 2076 731 2102 ita
750 2075 860 2106 locabat,

62 2113 130 2139 utin
141 2112 260 2148 singulis
271 2117 361 2140 essent
373 2113 435 2140 bina
448 2113 550 2139 media:
567 2113 625 2148 (vix
636 2113 708 2139 enim
724 2112 809 2139 audeo
820 2113 864 2139 di-

62 2157 122 2176 cere
134 2150 301 2181 medietates,
313 2159 382 2186 quas
389 2150 484 2178 Graeci
651 2150 800 2185 appellant
814 2150 862 2176 sed

61 2187 141 2222 quasi
160 2187 195 2214 ita
213 2187 345 2219 dixerim,
369 2187 550 2224 intelligatur
573 2188 623 2214 erit
643 2196 715 2214 emm
732 2187 862 2223 planius.)

61 2224 162 2251 Earum
178 2223 302 2256 alteram,
324 2224 418 2252 eadem
438 2229 511 2260 parte
533 2229 712 2260 praestantem
733 2226 862 2251 extremis

61 2261 211 2296 eademque
222 2266 390 2297 superatam:
408 2261 518 2289 alteram
531 2262 588 2297 pari
601 2271 713 2288 numero
725 2267 862 2296 praestan-

61 2303 115 2326 tem
127 2299 264 2330 extremis,
278 2300 391 2334 parique
403 2307 516 2326 numero
526 2304 690 2334 superatam.
722 2299 862 2334 Sesquial-

61 2337 125 2364 teris
137 2341 227 2363 autem
239 2336 389 2363 intervallis
400 2341 426 2363 et
434 2337 615 2371 sesquitertiis
629 2342 655 2363 et
665 2337 861 2372 sesquioctavis

61 2373 179 2409 sumptis
196 2382 230 2400 ex
247 2373 289 2400 his
304 2373 524 2409 colligationibus
541 2374 567 2400 in
585 2374 681 2408 primis
701 2374 858 2405 intervallis,

60 2411 249 2446 sesquioctavo
270 2410 412 2438 intervallo
431 2411 602 2446 sesquitertia
617 2411 707 2437 omnia
724 2411 858 2446 explebat,

60 2456 146 2483 quum
158 2448 318 2483 particulam
332 2447 504 2484 singulorum
521 2447 693 2482 relinqueret.
734 2449 801 2474 Eius
812 2457 861 2474 au-

61 2490 114 2513 tem
131 2485 278 2520 particulae
295 2485 436 2512 intervallo
451 2484 543 2511 relicto
559 2484 675 2511 habebat
687 2494 816 2512 numerus
827 2485 859 2511 ad

59 2531 205 2549 numerum
220 2523 343 2550 eamdem
360 2522 558 2558 proportionem
578 2524 860 2557 comparationemque

61 2559 88 2586 in
103 2561 247 2591 extremis,
264 2569 347 2596 quam
364 2560 463 2587 habent
478 2567 555 2585 cccvi
569 2567 631 2585 cum
648 2568 761 2590 ccxmu,
779 2565 859 2594 atque

60 2597 95 2624 ita
107 2598 272 2632 permixtum
288 2597 370 2628 illud.
393 2606 427 2624 ex
441 2605 496 2632 quo
512 2596 576 2623 baec
591 2596 692 2626 secuit.
712 2597 764 2623 iam
780 2605 859 2623 omne

59 2640 273 2670 consumpserat.
315 2635 387 2662 llanc
404 2635 485 2671 igitur
502 2642 610 2660 omnem
631 2634 856 2664 coniunctionem.

59 2670 198 2707 duplicem
210 2673 238 2700 in
250 2672 448 2710 longitudinem
459 2670 573 2698 diffidit:
588 2670 747 2707 mediaeque
753 2679 860 2698 accom-

1649 143 1712 167 4315

921 204 1032 231 modans
1048 205 1164 233 mediam
1180 208 1259 242 quasi
1274 207 1442 235 decussavit:
1464 209 1561 235 deinde
1578 211 1604 236 in
1620 211 1710 237 orbem

920 243 1004 272 torsit,
1026 248 1053 270 ut
1068 248 1093 270 et
1108 244 1181 278 ipsae
1197 253 1288 271 secum
1305 250 1329 272 et
1346 247 1414 272 inter
1429 254 1457 272 se
1473 255 1505 273 ex
1523 248 1709 275 commissura.

920 288 988 314 quae
999 289 1012 305 e
1025 281 1132 316 regione
1144 287 1222 312 essct,
1237 283 1423 317 iungerentur3
1437 292 1521 319 eoque
1534 289 1620 313 motu,
1634 286 1712 311 cuius

919 317 992 343 orbis
1003 326 1109 352 semper
1123 319 1150 344 in
1162 319 1255 345 eodem
1267 325 1321 346 erat
1333 320 1480 355 eodemque
1493 321 1570 348 modo
1581 322 1710 350 ciebatur.

921 354 1040 389 undique
1052 361 1091 381 est
1101 364 1145 382 eas
1157 356 1367 391 circumplexus.
1408 358 1494 393 Atque
1507 359 1540 385 ita
1552 368 1637 393 quum
1648 359 1713 385 alte-

921 400 979 417 rum
991 397 1060 418 esset
1071 393 1229 419 exteriorem
1245 394 1386 428 amplexus
1401 395 1506 422 orbem:
1531 396 1621 427 illum,
1639 397 1713 422 eius-

920 428 981 454 dem
992 434 1114 462 naturae,
1130 430 1210 461 hunc,
1219 430 1327 457 alterius
1338 433 1500 458 nominavit:
1513 441 1635 468 eamque,
1644 442 1713 468 quae

920 470 975 492 erat
995 466 1126 497 eiusdem,
1149 467 1259 494 detorsit
1279 477 1292 494 a
1315 468 1394 495 latere
1410 470 1435 495 in
1452 469 1572 496 dextram
1594 476 1709 505 partem:

921 503 988 529 hanc
999 509 1087 530 autem
1098 505 1216 531 citimam
1232 515 1244 531 a
1258 506 1344 531 media
1358 506 1426 532 linea
1438 507 1535 534 direxit
1547 507 1579 533 ad
1593 508 1710 534 laevam:

919 540 966 566 sed
978 542 1159 576 principatum
1170 542 1245 568 dedit
1256 544 1401 577 superiori,
1423 553 1505 579 quam
1516 545 1599 571 solam
1613 545 1713 571 indivi-

919 577 1000 604 duam
1013 578 1130 614 reliquit.
1165 580 1319 606 Interiorem
1331 586 1418 607 autem
1431 590 1514 616 quum
1528 583 1554 608 in
1566 590 1613 608 sex
1624 588 1712 617 partes

919 615 1066 646 divisisset,
1075 621 1177 650 septem
1188 617 1266 643 orbes
1278 617 1399 652 dispares
1410 618 1492 653 duplo
1504 624 1528 645 et
1539 620 1619 654 triplo
1630 621 1713 645 inter-

920 652 990 679 vallo
1002 654 1103 679 moveri
1116 654 1202 683 iussit,
1216 656 1354 681 contrariis
1368 656 1435 681 inter
1446 665 1474 682 se
1485 656 1620 682 cursibus.
1662 657 1713 683 Eo-

894 691 897 700 '
920 698 978 715 rum
991 695 1079 716 autem
1092 691 1172 717 trium
1185 690 1246 718 fecit
1258 700 1334 726 pares
1345 692 1506 724 celeritates,
1529 693 1575 719 sed
1587 699 1712 729 quattuor

919 728 1022 753 etinter
1041 736 1069 754 se
1084 727 1206 763 dispares
1221 733 1246 755 et
1267 729 1414 756 dissimiles
1436 732 1515 756 trium
1535 731 1710 766 reliquorum.

919 764 985 790 vul.
998 765 1126 791 Animum
1138 766 1220 801 igitur
1231 775 1316 801 quum
1329 766 1373 793 ille
1384 773 1533 802 procreator
1540 768 1634 794 mundi
1645 768 1712 794 deus

919 810 952 828 ex
967 810 1015 828 sua
1036 807 1123 829 mente
1143 808 1168 829 et
1186 803 1321 830 voluntate
1340 805 1492 839 genuisset:
1518 810 1574 831 tum
1595 804 1712 840 denique

918 847 1010 869 omne,
1031 839 1104 874 quod
1122 845 1177 866 erat
1191 846 1343 867 concretum
1359 846 1438 876 atque
1452 851 1622 876 corporeum,
1647 842 1712 868 sub-

919 876 1056 908 sternebat
1064 877 1162 907 animo,
1172 879 1338 912 interiusque
1351 878 1476 905 faciebat:
1491 884 1570 914 atque
1582 880 1616 905 ita
1624 879 1712 905 medio

920 913 1039 940 medium
1051 914 1254 941 accommodans
1265 915 1415 950 copulabat.
1457 916 1500 942 Sic
1513 917 1619 943 animus
1631 926 1644 943 a
1656 924 1713 942 me-

919 950 963 977 dio
979 951 1114 986 profectus
1135 953 1329 978 extremitatem
1350 952 1416 979 caeli
1435 962 1449 979 a
1465 962 1589 988 suprema
1606 955 1713 989 regione

919 989 1032 1015 rotundo
1043 989 1145 1015 ambitu
1158 990 1332 1021 circumiecit,
1345 999 1458 1025 seseque
1470 992 1527 1025 ipse
1540 1000 1658 1019 versans.
1671 991 1713 1016 di-

919 1026 1011 1057 vinae,
1034 1027 1212 1061 sempiternae
1229 1027 1412 1062 sapientisque
1430 1029 1498 1054 vitae
1515 1028 1621 1054 induxit
1637 1036 1714 1054 exor-

918 1063 1005 1090 dium.
1046 1064 1078 1090 Et
1093 1072 1191 1098 corpus
1207 1064 1317 1099 quidem
1333 1064 1399 1091 caeli
1415 1065 1576 1100 aspectabile
1591 1065 1713 1091 effectum

918 1105 971 1132 est,
995 1101 1102 1127 animus
1123 1106 1211 1127 autem
1232 1101 1371 1128 oculorum
1387 1102 1480 1137 effugit
1494 1103 1627 1128 obtutum.
1668 1103 1714 1128 Est

918 1143 1006 1164 autem
1018 1147 1090 1164 unus
1101 1147 1134 1165 ex
1145 1138 1272 1165 omnibus
1285 1140 1395 1166 rationis
1406 1140 1642 1174 concentionisque
1658 1139 1713 1174 (-

1030 1176 1140 1210 Graece)
1158 1177 1383 1210 sempiternarum
1399 1186 1487 1203 rerum
1503 1182 1528 1204 et
1542 1177 1594 1203 sub
1616 1176 1714 1203 intelli-

917 1213 1036 1248 gentiam
1048 1213 1201 1239 cadentium
1213 1222 1321 1248 compos
1333 1219 1357 1240 et
1369 1215 1516 1249 particeps
1533 1223 1587 1249 quo
1599 1213 1666 1240 niliil
1682 1214 1715 1239 ab

917 1251 1019 1285 optimo
1038 1255 1064 1276 et
1085 1251 1314 1285 praestantissimo
1335 1252 1454 1287 genitore
1475 1251 1571 1277 melius
1593 1259 1715 1286 procrea-

918 1292 989 1313 tum:
1006 1289 1107 1322 quippe
1120 1288 1211 1322 quiex
1222 1288 1314 1314 eadem
1328 1289 1447 1318 vinctus,
1462 1288 1597 1323 alteraque
1610 1294 1711 1314 natura.

918 1325 1042 1351 adiuncta
1058 1326 1180 1356 materia,
1200 1327 1390 1360 temperatione
1408 1327 1488 1352 trium
1505 1327 1634 1360 partium,
1653 1334 1715 1360 pro-

918 1367 1037 1397 portione
1049 1367 1216 1397 compactus,
1231 1371 1259 1388 se
1272 1363 1329 1397 ipse
1339 1371 1502 1389 conversans
1511 1384 1516 1393 ,
1533 1372 1618 1398 quum
1632 1368 1714 1389 mate-

918 1401 984 1426 riam
997 1400 1154 1426 mutabilem
1167 1401 1339 1434 arripuisset.
1361 1405 1387 1426 et
1402 1409 1486 1435 quum
1504 1409 1596 1427 rursus
1614 1400 1714 1426 indivi-

917 1438 997 1463 duam
1011 1442 1090 1472 atque
1102 1437 1264 1472 simplicem.
1274 1446 1320 1472 pcr
1331 1445 1359 1463 se
1370 1438 1457 1463 omnis
1469 1443 1599 1466 movetur.
1612 1437 1714 1463 discer-

918 1476 1019 1509 nitque,
1033 1475 1099 1509 quid
1111 1475 1146 1501 sit
1156 1474 1278 1500 eiusdem
1290 1475 1406 1510 generis.
1420 1480 1445 1501 ct
1456 1475 1579 1503 alterius.
1592 1479 1616 1500 et
1628 1479 1713 1500 cetera

916 1511 1061 1543 diiudicat,
1083 1511 1149 1547 quid
1168 1513 1267 1547 cuique
1283 1513 1319 1538 rei
1335 1513 1370 1538 sit
1386 1513 1502 1538 maxime
1518 1517 1624 1547 aptum,
1647 1511 1713 1546 quid

916 1558 1024 1584 quoque
1037 1549 1093 1575 loco
1105 1554 1150 1575 aut
1161 1549 1239 1575 modo
1249 1554 1293 1575 aut
1306 1554 1422 1584 tempore
1429 1551 1577 1585 contingat:
1590 1557 1713 1584 quaeque

916 1587 1054 1613 distinctio
1065 1587 1100 1613 sit
1111 1588 1178 1612 inter
1189 1595 1228 1616 ea.
1241 1595 1311 1621 quae
1322 1588 1476 1622 gignantur.
1490 1591 1515 1613 ct
1526 1595 1566 1616 ea,
1579 1594 1648 1621 quac
1659 1587 1714 1612 sint

916 1632 1023 1659 semper
1033 1624 1137 1650 eadem.
1179 1624 1254 1650 Ratio
1270 1629 1358 1650 autem
1376 1632 1450 1654 vera,
1473 1632 1542 1659 quae
1554 1629 1675 1649 versatur
1686 1624 1713 1650 in

917 1662 959 1692 iis,
969 1670 1037 1696 quae
1049 1666 1112 1687 sunt
1123 1669 1230 1696 semper
1241 1661 1344 1691 eadem.
1357 1666 1382 1687 et
1395 1662 1420 1687 in
1434 1662 1553 1696 iis,qune
1566 1666 1712 1688 mutantur.

915 1707 1000 1734 quum
1014 1699 1040 1725 in
1052 1698 1146 1725 eodem
1158 1704 1183 1725 et
1195 1700 1221 1725 in
1233 1699 1315 1724 altero
1327 1704 1450 1725 movetur
1461 1699 1518 1733 ipsa
1530 1707 1576 1733 per
1587 1707 1646 1724 sese
1653 1699 1712 1724 sine

917 1745 980 1762 voce
997 1740 1023 1762 et
1037 1737 1095 1762 sine
1113 1735 1168 1762 ullo
1182 1744 1261 1766 sono,
1284 1744 1368 1770 quum
1384 1736 1461 1762 enm
1478 1741 1579 1771 partem
1595 1736 1711 1770 attingit.

915 1782 968 1808 qua
984 1782 1080 1799 sensus
1096 1774 1160 1799 cieri
1176 1778 1274 1808 potest:
1298 1773 1370 1799 orbis
1389 1773 1462 1799 illius
1477 1774 1584 1809 generis
1605 1773 1713 1799 alterius

917 1812 1074 1837 immutatus
1094 1815 1119 1836 et
1135 1817 1221 1837 rectus
1238 1811 1326 1836 onmia
1343 1811 1432 1837 animo
1451 1811 1588 1845 mentique
1607 1810 1713 1836 denun-

916 1849 975 1875 tiat.-
1002 1853 1058 1874 tum
1074 1848 1216 1883 opiniones
1231 1848 1454 1883 assensionesque
1471 1848 1562 1873 tirmue
1581 1855 1712 1881 veraeque

914 1887 1074 1921 gignuntur.
1115 1885 1203 1917 Quum
1215 1890 1303 1911 antem
1317 1886 1342 1911 in
1356 1884 1408 1911 illis
1420 1885 1500 1911 rebus
1513 1885 1712 1919 vertitur.qune

916 1928 1054 1950 manentes
1065 1930 1172 1957 semper
1182 1922 1290 1948 eaedem
1303 1931 1354 1948 non
1366 1931 1461 1953 sensu,
1477 1922 1524 1947 sed
1537 1921 1712 1957 intelligentia

914 1961 1098 1987 continentur:
1117 1958 1184 1996 [tum
1197 1959 1373 1995 intelligentia
1385 1960 1551 1995 scientiaque
1564 1959 1713 1985 necessario

914 1995 1051 2034 efficitur]

1220 2039 1231 2051 t

965 2081 1059 2104 (Excidit
1068 2082 1150 2099 tnntum
1161 2081 1203 2100 fero
1213 2081 1313 2099 ornuonts
1324 2081 1449 2101 Platonicae.
1460 2082 1560 2103 quantum
1572 2085 1612 2097 uun
1622 2079 1711 2101 compte>

915 2108 978 2125 emur
988 2107 1064 2129 pugium
1074 2106 1107 2124 ed.
1121 2106 1193 2129 Sti-ph.
1205 2106 1240 2124 utu
1252 2106 1324 2124 utumn
1335 2109 1382 2124 nnte
1393 2106 1445 2123 tuim-
1457 2106 1551 2123 tin-uuam
1563 2105 1625 2123 verba
1639 2105 1710 2125 leflmn-

915 2135 949 2151 tur
959 2137 978 2155 p.
988 2132 1020 2150 7.
1031 2131 1055 2149 C.
1066 2134 1095 2153 (p.
1108 2133 1139 2149 35.
1150 2131 1182 2149 ent.
1195 2131 1294 2153 Bekkcr.)
1309 2133 1354 2154 vti-1<
1369 2131 1471 2154 imur-jum
1551 2130 1637 2152 :mir-<
1648 2131 1678 2147 i...

1014 2157 1063 2174 Post
1083 2156 1177 2174 eumdum
1192 2157 1258 2179 prium
1273 2162 1291 2179 p.
1308 2157 1337 2174 213.
1354 2156 1377 2174 C.
1392 2156 1425 2174 cd.
1440 2156 1468 2174 St,
1484 2161 1513 2179 ,fn
1528 2155 1557 2172 57.
1569 2154 1600 2172 eil.
1661 2155 1710 2171 imo--

914 2184 974 2201 sunt:
1129 2183 1163 2200 )
1274 2182 1326 2201 fluas*
1492 2183 1541 2204 10*
1549 2189 1560 2196 -
1626 2188 1649 2198 1
1661 2181 1709 2197 etr.

969 2224 1015 2250 lx.
1038 2224 1161 2249 Ratione
1174 2223 1256 2257 igitur
1270 2228 1294 2249 ct
1309 2228 1396 2249 mente
1408 2222 1516 2251 livine.
1535 2222 1566 2248 nd
1578 2222 1709 2255 originem

914 2261 1057 2296 temporis
1077 2259 1243 2286 curriculum
1267 2261 1405 2286 inventum
1426 2265 1465 2286 cst
1485 2259 1550 2285 solis
1565 2264 1589 2284 et
1607 2259 1708 2284 tunm-m

992 2297 1117 2335 [Corpora
1129 2302 1216 2323 nutem
1229 2306 1320 2323 corum
1333 2296 1501 2332 singulorum
1513 2305 1596 2331 quum
1607 2295 1710 2320 effecis

913 2341 953 2362 set
964 2335 1041 2365 deus.
1054 2344 1084 2361 ca
1096 2335 1128 2361 nd
1140 2344 1184 2361 cas
1196 2335 1385 2360 conversiones
1396 2333 1548 2360 collocavit.
1565 2341 1632 2367 luris
1645 2332 1710 2357 alte-

914 2374 970 2399 rius
981 2373 1112 2399 circuitus
1123 2371 1289 2401 conficiebat,
1303 2379 1372 2406 quae
1384 2376 1445 2397 sunt
1458 2375 1568 2405 septem.
1587 2375 1614 2395 ut
1628 2374 1652 2395 et
1665 2368 1708 2394 illa

913 2416 1029 2445 septem:
1045 2410 1079 2436 itu
1093 2410 1147 2435 vim
1159 2418 1235 2435 stium
1249 2414 1340 2435 nutura
1352 2406 1504 2442 convenia]
1518 2412 1545 2433 ut
1561 2412 1654 2432 terram
1668 2405 1709 2431 lu-

914 2456 961 2474 nae
973 2456 1069 2473 cursus
1082 2447 1203 2481 proxime
1215 2446 1328 2471 ambiret
1344 2446 1423 2479 eique
1440 2453 1520 2479 supra
1536 2449 1631 2470 terram
1648 2452 1709 2478 pru-

914 2485 984 2511 ximn
996 2484 1061 2510 solis
1071 2484 1261 2510 circumvectio
1273 2488 1351 2508 esset.
1385 2481 1489 2508 Lucifer
1501 2480 1598 2507 deinde
1610 2486 1635 2506 ct
1647 2489 1709 2506 sun

911 2527 951 2548 ctu
965 2522 1089 2548 Mercurii
1106 2521 1181 2547 stelin
1196 2528 1306 2546 uirsum
1324 2519 1421 2545 linirent
1437 2517 1502 2544 solis
1516 2517 1644 2544 celeritati
1661 2526 1708 2552 pn-

913 2568 981 2589 rem,
1001 2558 1048 2585 sed
1065 2558 1118 2584 vim
1135 2558 1280 2593 qunmdnm
1299 2557 1472 2583 contrariom:
1496 2563 1580 2590 enque
1595 2564 1709 2581 concur-

911 2595 1014 2626 sione.
1028 2604 1110 2631 quem
1123 2596 1191 2621 inter
1202 2604 1229 2620 sc
1243 2594 1341 2620 liabent
1354 2592 1467 2622 Lucifer.
1483 2593 1638 2621 Mercurius.
1653 2591 1707 2619 Sol.

911 2633 957 2660 alii
978 2632 1045 2660 alios
1062 2633 1174 2659 vincunt
1191 2632 1365 2666 vicissimque
1385 2631 1538 2657 vincuntur.
1581 2629 1707 2664 llcliquo-

912 2679 972 2698 rum
983 2670 1104 2698 siderum
1116 2678 1185 2705 quae
1198 2677 1292 2695 caussa
1309 2667 1456 2695 collocandi
1474 2666 1566 2698 suerit,
1584 2675 1707 2702 quaeque

1430 2716 1477 2741 65
1491 2715 1502 2725 '
