1941 3052
755 782 790 810 M.
829 781 1006 811 TULLII

521 933 577 981 M.

1025 711 1070 736 69.

1050 782 1342 813 CICERONIS

1023 866 1064 887 {x

691 933 1561 986 ANTONIUM

680 1035 973 1073 PHILIPPICA
1007 1036 1406 1075 TERTIADECIMA.

275 1210 292 1230 Α
302 1212 318 1230 lt
325 1211 350 1231 G.
367 1211 452 1236 Cicero,
464 1211 575 1232 sententia
585 1212 612 1232 de
621 1211 735 1232 mitten-lin
745 1211 824 1232 iterum
836 1211 916 1237 legatia
925 1212 968 1232 inm
979 1213 1017 1233 ol»-

221 1244 290 1269 icem.
306 1253 379 1272 pncem
394 1246 480 1271 laudnt,
501 1247 537 1267 sed
555 1250 619 1271 negat
634 1254 700 1274 posse
713 1246 780 1268 ullam
792 1254 841 1268 ene
851 1255 897 1268 tum
910 1247 1015 1268 Antonio.

221 1280 307 1300 Ilm-ituit
319 1284 339 1301 et
349 1281 609 1308 interpretaturAntonii
619 1282 708 1302 litteras
719 1283 744 1302 ml
753 1282 849 1303 Hirtium
857 1283 1016 1309 Caesaremque

221 1315 307 1336 missos.
336 1316 428 1337 Servilii
444 1318 521 1343 proluit
536 1317 667 1337 sententiam
683 1317 710 1338 «le
724 1318 833 1338 mandatis
848 1317 975 1345 litterisque
985 1319 1014 1338 M.

220 1350 310 1377 Lepidi,
331 1352 356 1371 nul
373 1358 446 1378 pacem
460 1352 606 1372 cohortantis.
636 1352 688 1373 Sex.
699 1353 840 1380 Pompeium,
856 1353 912 1380 quod
928 1360 1014 1380 opernm

219 1392 279 1405 sunm
291 1386 378 1406 senatui
390 1386 514 1413 populoque
525 1388 622 1407 Romano
633 1387 750 1415 pollicitus
760 1391 832 1413 essct,
848 1389 907 1410 scm
923 1388 1014 1409 laudan-

218 1420 267 1440 (lum
279 1427 328 1441 esse
338 1425 419 1442 censet.
444 1423 499 1442 Post
511 1422 565 1443 hane
576 1422 698 1443 orationem
708 1424 784 1444 Pansa
793 1431 868 1444 mense
878 1423 953 1451 Aprili
964 1431 1013 1451 pro—

219 1454 290 1475 fectus
305 1459 339 1477 est
354 1457 380 1477 ad
395 1457 476 1477 bellum
491 1465 538 1478 cum
552 1458 581 1478 M.
594 1457 704 1483 Antonio,
719 1459 756 1485 qui
767 1459 874 1480 Mutinam
890 1459 1013 1483 obsidebat.

217 1491 341 1513 uerendum.

270 1545 290 1570 I.
315 1549 337 1571 t.
360 1541 384 1571 Α
404 1547 535 1581 principio
555 1546 637 1573 huius
653 1547 730 1579 belli,
756 1552 843 1583 patres
859 1549 1011 1583 conscripti,

216 1582 287 1616 quod
308 1591 370 1608 cum
391 1583 482 1618 impiis
503 1584 609 1610 civibus
631 1585 872 1621 consceleratisque
891 1587 1014 1621 suscepi—

218 1627 286 1649 mus,
301 1620 387 1651 timui,
402 1630 434 1647 nc
444 1621 562 1647 conditio
572 1622 700 1648 insidiosa
713 1623 784 1656 pacis
797 1623 925 1650 libertatis
937 1632 1013 1650 recu-

216 1657 346 1690 perandae
362 1658 450 1684 studia
466 1659 652 1694 restingueret.
692 1659 774 1686 Dulce
788 1661 859 1687 enim
875 1661 954 1688 etiam
966 1669 1013 1687 no—

216 1702 276 1719 men
288 1698 328 1720 cst
340 1696 427 1728 pacis:
441 1704 482 1721 res
495 1704 556 1722 vero
567 1697 626 1731 ipsa
637 1705 722 1731 quum
734 1697 860 1728 iucunda,
870 1703 926 1724 tum
939 1698 1013 1724 salu-

215 1731 287 1757 taris.
329 1733 394 1758 Nam
407 1741 454 1758 nec
466 1734 583 1767 privatos
596 1733 680 1765 focos,
695 1742 742 1760 nec
753 1734 875 1769 publicas
888 1735 959 1768 leges
972 1735 1011 1761 vi-

214 1767 291 1794 detur
303 1777 350 1795 nec
363 1769 492 1796 libertatis
504 1771 562 1797 iura
572 1780 631 1797 cara
643 1771 747 1802 babere,
761 1780 841 1807 quem
852 1772 1008 1803 discordiae,

214 1813 295 1840 quem
316 1806 409 1832 caedes
430 1808 544 1839 civium,
566 1816 647 1842 quem
668 1808 769 1835 bellum
789 1809 868 1835 civile
882 1809 1007 1836 delectat:

214 1850 330 1877 eumque
346 1851 379 1870 ex
395 1853 505 1871 numero
521 1845 660 1871 hominum
672 1846 847 1877 eiiciendum,
864 1855 897 1873 ex
909 1847 1009 1873 tinibus

214 1879 346 1906 humanae
362 1886 470 1907 naturae
485 1882 717 1909 exterminandum
733 1888 806 1917 puto.
847 1885 937 1918 Itaque
951 1885 1009 1910 sive

214 1916 288 1943 Sulla
300 1918 357 1944 sive
369 1918 468 1944 Marius
483 1919 540 1944 sive
550 1923 663 1954 uterque
673 1921 730 1946 sive
742 1920 867 1947 Octavius
878 1922 935 1947 sive
946 1921 1009 1948 Cin-

213 1991 274 2025 quis
286 1991 355 2017 alius
367 1992 445 2018 civile
457 1993 557 2019 bellum
570 1996 683 2027 optavit,
701 2003 761 2020 eum
774 1995 958 2022 detestabilem
970 1997 1008 2022 ci-

212 2037 272 2054 vem
289 2029 450 2063 reipublicae
467 2035 557 2056 natum
574 2031 672 2057 iudico.
713 2033 737 2057 2.
760 2032 826 2058 Nam
838 2032 905 2067 quid
916 2042 964 2067 ego
975 2033 1007 2059 de

211 2066 333 2099 proximo
353 2066 454 2097 dicam,
481 2067 559 2093 cuius
582 2073 638 2094 acta
662 2067 846 2100 defendimus,
873 2075 1006 2096 auctorem

210 2103 301 2137 ipsum
324 2103 380 2129 iure
401 2112 508 2130 caesum
528 2104 659 2131 fatemur?
689 2105 760 2132 Nihil
776 2107 859 2142 igitur
875 2107 923 2133 hoc
938 2108 1004 2138 cive,

211 2139 278 2165 nibil
295 2140 344 2166 hoc
361 2140 468 2167 bomine
485 2142 607 2169 taetrius:
630 2143 653 2168 si
669 2148 714 2169 aut
729 2144 797 2169 civis
812 2149 858 2170 aut
869 2144 948 2171 bomo
960 2145 1007 2170 ba-

210 2176 315 2203 bendus
331 2182 383 2208 est,
407 2179 453 2213 qui
469 2179 548 2205 civile
565 2179 665 2205 bellum
677 2181 851 2215 concupiscit.
893 2181 946 2207 Sed
958 2182 1007 2208 hoc

210 2215 328 2248 primum
344 2215 491 2242 videndum
504 2221 556 2246 est,
574 2222 661 2251 patres
673 2218 829 2252 conscripti,
847 2227 908 2245 cum
920 2220 1007 2245 omni-

209 2251 296 2278 busne
307 2261 359 2286 pax
370 2261 428 2279 esse
444 2254 540 2287 possit,
557 2263 588 2280 an
605 2255 639 2280 sit
651 2254 758 2288 aliquod
771 2255 873 2282 bellum
884 2256 1006 2291 inexpia-

209 2288 271 2320 bile,
285 2289 312 2315 in
323 2298 377 2324 quo
389 2291 473 2324 pactio
485 2292 556 2325 pacis
571 2291 611 2317 lex
622 2292 656 2317 sit
667 2292 815 2318 servitutis.
837 2293 931 2319 Pacem
943 2303 1004 2320 cum

209 2325 333 2360 Scipione
349 2326 423 2353 Sulla
438 2328 495 2354 sive
511 2327 623 2355 faciebat
637 2329 694 2355 sive
709 2329 866 2362 si1nulabat;
885 2339 936 2357 non
951 2336 1006 2357 erat

208 2362 415 2397 desperandum,
423 2365 446 2391 si
457 2367 634 2396 convenisset,
645 2365 698 2392 sore
710 2366 827 2401 aliquem
840 2367 1004 2394 tolerabilem

208 2404 306 2426 statum
322 2402 448 2428 civitatis.
489 2402 572 2429 Cinna
587 2404 610 2429 si
631 2403 798 2430 concordiam
818 2413 880 2430 cum
895 2404 1004 2432 Octavio

208 2437 363 2464 confirmare
379 2439 520 2471 voluisset,
545 2440 683 2467 hominum
700 2441 727 2466 in
749 2441 885 2475 republica
904 2443 1003 2469 sanitas

211 2481 345 2500 remanere
357 2477 494 2509 potuisset.
521 2477 644 2504 Proximo
655 2477 724 2503 bello
736 2479 758 2503 si
770 2478 873 2512 aliquid
883 2479 916 2505 de
927 2488 1003 2506 sum-

210 2517 252 2535 ma
263 2513 391 2545 gravitate
401 2513 557 2548 Pompeius,
575 2514 690 2541 multum
707 2514 739 2540 de
750 2515 896 2549 cupiditate
908 2516 1003 2543 Caesar

208 2547 367 2578 remisisset,
388 2554 413 2575 et
429 2559 519 2584 pacem
536 2551 659 2578 stabilem
679 2556 704 2577 et
720 2551 837 2586 aliquam
853 2553 1003 2588 rempubli-

207 2591 264 2609 cam
281 2584 357 2610 nobis
374 2585 470 2613 habere
487 2587 614 2615 licuisset.
655 2589 686 2615 II.
708 2588 761 2614 Hoc
777 2597 839 2615 vero
858 2590 925 2624 quid
945 2590 1003 2617 est?

207 2628 269 2661 cum
280 2621 402 2647 Antoniis
414 2631 465 2656 pax
476 2630 561 2657 potest
572 2625 648 2652 esse?
664 2634 725 2651 cum
738 2625 896 2656 Censorino,
910 2628 1002 2654 Venti-

207 2656 260 2688 dio,
277 2658 416 2690 Trebellio,
430 2660 528 2693 Bestia,
543 2662 655 2695 Nucula,
667 2663 799 2694 Munatio,
814 2663 940 2696 Lentone,
953 2664 1002 2691 Sa-

1069 1212 1121 1240 xa?
1139 1213 1264 1248 Exempli
1279 1222 1373 1240 caussa
1390 1222 1488 1249 paucos
1504 1214 1654 1240 nominati:
1675 1222 1761 1250 genus
1773 1213 1863 1241 infim-

1069 1255 1139 1281 tum,
1162 1251 1410 1286 immanitatemque
1431 1252 1481 1286 ipsi
1502 1252 1610 1277 cernitis
1630 1251 1804 1286 reliquorum.
1836 1253 1861 1278 3.

1067 1288 1162 1314 Addite
1175 1288 1218 1314 illa
1231 1288 1366 1324 naufragia
1378 1288 1496 1315 Caesaris
1513 1289 1657 1315 amicorum
1667 1310 1673 1319 ,
1690 1289 1787 1315 Barbas
1799 1288 1860 1315 Cas-

1067 1326 1130 1356 sios,
1146 1325 1284 1356 Barbatos,
1302 1325 1447 1352 Polliones:
1464 1325 1552 1352 addite
1563 1326 1670 1352 Antonii
1681 1326 1826 1352 collusores
1836 1330 1864 1352 et

1067 1362 1180 1394 sodales,
1194 1363 1378 1398 Eutrapelum,
1392 1362 1862 1393 Melam,Caelium,Ponnum,Cras-

1066 1400 1178 1431 sicium,
1197 1401 1333 1431 Tironem,
1351 1401 1505 1431 Mustelam,
1523 1401 1681 1426 Petissium:
1706 1401 1861 1427 comitatum

1066 1437 1202 1472 relinquo,
1220 1438 1302 1464 duces
1318 1438 1436 1464 nomino.
1476 1438 1533 1464 unc
1547 1437 1676 1464 accedunt
1687 1437 1805 1464 Alaudae
1818 1446 1862 1464 ce-

1065 1476 1168 1510 terique
1176 1475 1610 1506 veterani,seminariumiudicum
1625 1476 1716 1501 tertiae
1726 1475 1859 1505 decuriae,

1064 1513 1126 1547 qui,
1139 1513 1196 1538 suis
1208 1513 1288 1539 rebus
1302 1512 1454 1544 exhaustis,
1473 1512 1608 1539 beneficiis
1620 1512 1738 1539 Caesaris
1749 1511 1861 1538 devora-

1065 1550 1108 1581 tis,
1122 1549 1240 1576 fortunas
1252 1555 1354 1576 nostras
1364 1551 1584 1584 concupiverunt.
1625 1551 1649 1576 4.
1671 1549 1693 1576 Ο
1704 1549 1783 1576 fidam
1795 1549 1862 1576 dex-

1065 1591 1146 1613 teram
1164 1588 1285 1618 Antonii,
1303 1595 1355 1621 qua
1371 1587 1416 1614 ille
1433 1587 1563 1622 plurimos
1579 1587 1652 1613 cives
1667 1586 1823 1613 trucidavit!
1845 1594 1861 1612 ο

1065 1629 1150 1650 ratum
1163 1624 1374 1660 religiosumque
1387 1624 1489 1655 foedus,
1502 1623 1575 1659 quod
1585 1633 1646 1650 cum
1657 1625 1779 1650 Antoniis
1791 1623 1860 1649 fec&

1067 1662 1165 1687 rimus!
1189 1662 1242 1688 Hoc
1261 1662 1284 1687 si
1302 1662 1407 1688 Marcus
1422 1661 1521 1688 violare
1535 1661 1687 1691 conabitur,
1710 1661 1785 1687 Lucii
1797 1669 1858 1687 eum

1063 1699 1189 1725 sanctitas
1201 1708 1213 1724 a
1226 1698 1325 1725 scelere
1337 1698 1479 1726 revocabit.
1507 1698 1562 1724 Illis
1575 1698 1648 1724 locus
1659 1698 1682 1724 si
1694 1698 1721 1724 in
1733 1697 1782 1724 hac
1794 1697 1858 1724 urbe

1064 1735 1156 1767 suerit,
1170 1736 1233 1762 Urbi
1246 1736 1298 1770 ipsi
1311 1736 1383 1763 locus
1396 1745 1447 1762 non
1458 1736 1516 1762 erit.
1556 1735 1607 1762 Ora
1620 1735 1695 1761 vobis
1707 1743 1799 1761 corum
1811 1743 1859 1769 po-

1063 1774 1129 1803 nite,
1148 1778 1235 1807 patres
1246 1774 1402 1807 conscripti,
1421 1777 1480 1799 ante
1493 1772 1598 1803 oculos,
1615 1778 1640 1798 et
1651 1772 1767 1798 maxime
1777 1773 1859 1799 Auto-

1062 1811 1177 1840 niorum,
1190 1811 1335 1841 incessum,
1347 1815 1494 1845 aspectum,
1508 1809 1623 1840 vultum,
1636 1810 1760 1844 spiritum
1774 1820 1780 1836 :
1794 1809 1858 1836 late-

1062 1856 1088 1873 ra
1101 1852 1219 1883 tegentes
1230 1847 1304 1878 alios,
1318 1852 1460 1883 sequentes
1471 1847 1549 1877 alios,
1566 1846 1632 1873 alios
1643 1846 1857 1882 praegredientes

1061 1885 1170 1911 amicos.
1201 1884 1285 1916 Quem
1299 1885 1353 1911 vini
1364 1884 1522 1915 anhelitum,
1535 1893 1603 1919 quas
1614 1884 1789 1910 contumelias
1802 1883 1856 1911 fore

1060 1923 1174 1948 censetis
1189 1922 1329 1957 minasque
1346 1922 1503 1948 verborum!
1526 1922 1583 1948 Nisi
1600 1921 1665 1948 sorte
1681 1929 1725 1948 eos
1736 1930 1789 1956 pax
1799 1921 1856 1956 ipsa

214 1962 259 1984 na,
278 1954 336 1980 sive
352 1955 448 1981 iterum
461 1955 535 1982 Sulla
552 1957 609 1982 sive
625 1956 689 1983 alter
701 1957 800 1984 Marius
816 1963 841 1984 et
853 1958 936 1985 Carbo
951 1960 1008 1984 sive
1037 1957 1039 1990 ,¹
1062 1959 1154 1989 leniet,
1172 1960 1356 1994 maximeque,
1374 1968 1458 1994 quum
1471 1960 1498 1985 in
1511 1958 1582 1985 bunc
1592 1958 1712 1985 ordinem
1725 1959 1853 1989 venerint,

1037 1997 1038 2000 ’
1060 1997 1214 2023 salutabunt
1226 1996 1468 2031 benigne,con1iter
1478 1996 1651 2031 appellabunt
1665 2005 1749 2022 unum
1760 2004 1855 2031 quem-

1059 2042 1112 2068 que
1124 2040 1254 2060 nostrum.
1294 2034 1337 2060 111.
1359 2035 1384 2060 5.
1406 2034 1463 2060 Non
1475 2033 1657 2063 recordamini,
1671 2041 1718 2068 per
1727 2033 1792 2059 deos
1804 2033 1856 2059 im-

1060 2071 1198 2097 mortales!
1220 2080 1288 2105 quas
1304 2072 1331 2097 in
1346 2080 1391 2097 eos
1406 2071 1552 2097 sententias
1567 2070 1707 2096 dixeritis?
1726 2071 1788 2096 Acta
1800 2070 1856 2096 An-

1060 2108 1124 2134 tonii
1145 2108 1307 2135 rescidistis:
1331 2108 1402 2144 leges
1418 2108 1558 2134 refixistis:
1581 2116 1628 2142 per
1642 2108 1697 2133 vim
1717 2112 1743 2134 et
1765 2112 1854 2134 contra

1059 2146 1177 2180 auspicia
1190 2145 1254 2171 latas
1266 2145 1437 2171 decrevistis:
1460 2146 1541 2171 totius
1552 2144 1641 2171 Italiae
1651 2144 1770 2171 delectus
1781 2145 1854 2171 exci-

1059 2183 1149 2209 tastis:
1171 2182 1301 2218 collegam
1313 2187 1338 2208 et
1348 2182 1480 2209 scelerum
1490 2182 1592 2208 socium
1602 2182 1736 2212 omnium,
1751 2181 1852 2208 bostem

1058 2219 1235 2246 iudicavistis.
1271 2219 1338 2246 Cum
1351 2220 1400 2246 hoc
1409 2228 1478 2254 quae
1491 2227 1543 2254 pax
1553 2223 1639 2253 potest
1650 2218 1727 2245 esse?
1744 2218 1772 2244 Si
1783 2223 1854 2244 esset

1058 2261 1183 2283 externus
1201 2257 1296 2287 hostis,
1320 2262 1407 2283 tamen
1423 2256 1450 2283 id
1465 2257 1556 2291 ipsum
1572 2256 1631 2286 vix,
1650 2255 1748 2282 talibus
1765 2255 1850 2286 sactis,

1058 2299 1147 2328 posset
1163 2293 1254 2328 aliquo
1269 2293 1357 2320 modo.
1398 2294 1492 2324 Maria,
1508 2298 1623 2324 montes,
1641 2293 1780 2328 regionum
1795 2301 1852 2318 ma-

1056 2331 1212 2366 gnitudines
1228 2332 1398 2357 interessent:
1420 2331 1544 2357 odissetis
1559 2338 1634 2359 eum,
1650 2338 1731 2364 quem
1748 2338 1799 2356 non
1811 2331 1852 2356 vi-

1056 2368 1164 2394 deretis.
1204 2369 1235 2394 Hi
1247 2368 1274 2394 in
1285 2367 1370 2394 oeulis
1382 2368 1541 2398 haerebunt,
1558 2371 1597 2397 et,
1610 2375 1695 2401 quum
1708 2366 1810 2398 licebit,
1823 2367 1850 2393 in

1057 2405 1187 2432 faucibus.
1227 2405 1332 2437 Quibus
1347 2406 1419 2431 enim
1433 2405 1516 2440 septis
1532 2409 1583 2430 tam
1600 2404 1730 2430 immanes
1746 2403 1850 2430 belluas

1055 2441 1270 2469 continebimus‘?
1282 2442 1315 2468 At
1325 2443 1443 2468 incertus
1453 2442 1541 2468 exitus
1551 2440 1615 2467 belli
1626 2446 1675 2467 est.
1705 2441 1753 2467 Est
1763 2441 1851 2468 omni-

1056 2488 1089 2506 no
1100 2479 1208 2506 sortium
1220 2479 1351 2510 virorum,
1367 2479 1460 2514 quales
1472 2487 1518 2505 vos
1529 2486 1587 2504 esse
1597 2477 1709 2509 debetis,
1723 2479 1849 2504 virtutem

1055 2522 1200 2551 praestare:
1214 2521 1316 2543 tantum
1327 2517 1399 2542 enim
1410 2519 1535 2550 possunt:
1549 2514 1668 2541 fortunae
1678 2514 1784 2550 culpam
1796 2524 1848 2542 non

1054 2554 1236 2580 extimescere.
1277 2555 1301 2580 6.
1323 2553 1374 2579 Sed
1387 2553 1513 2588 quoniam
1525 2552 1558 2578 ab
1570 2552 1618 2578 hoc
1628 2552 1720 2578 ordine
1731 2561 1783 2579 non
1795 2551 1848 2579 for-

1055 2591 1139 2617 titudo
1145 2590 1242 2621 solum,
1251 2599 1344 2616 verum
1351 2589 1564 2624 etiamsapientia
1571 2589 1734 2623 postulatur:
1742 2590 1848 2624 (quam—

1053 2636 1134 2662 quam
1151 2628 1197 2654 vix
1212 2627 1336 2653 videntur
1351 2627 1414 2653 haec
1432 2634 1510 2661 posse
1531 2627 1651 2662 seiungi,
1673 2627 1847 2662 seiungamus

1054 2664 1168 2699 tamem)
1188 2663 1314 2692 fortitudo
1328 2663 1454 2690 dimicare
1472 2663 1559 2694 iubet,
1582 2664 1684 2690 iustum
1698 2663 1791 2690 odium
1804 2663 1847 2690 in—
