1941 3052
252 134 299 158 8⁰⁴

305 200 396 236 'llpun'
411 201 537 236 ὀπωρινῷ,
550 201 591 225 lira
606 199 764 234 λαβρότατον
773 201 825 233 χέει
836 199 906 234 ὕδωρ

307 239 375 267 κοπὶς,
387 239 428 264 ὀμ,
441 238 469 270 ὀι)
481 238 503 272 7'
517 237 638 270 ἄνδρεσσι
650 236 995 271 κυιοσσάμονυςχαλιπαίνῃ,

251 275 328 303 Cadit
338 276 408 301 enim
422 275 446 300 in
459 273 651 299 absolutionem
663 273 772 299 Gabinii

317 313 345 338 oi¹
353 314 393 346 (HJJ
406 312 442 337 εἰν
453 312 537 346 ἀγορῇ
557 311 661 339 σκυλυὶς
671 311 775 345 κρίνωσι
788 311 923 344 θέμιστας,

318 352 343 374 ἐκ
355 349 380 373 uli
396 349 464 381 δίκην
475 348 597 376 ἐλάσωσι,
609 350 681 373 θεῶν
693 347 752 374 ὄπιν
764 347 809 374 οὐκ
821 347 963 382 ἀλέγοντες·

252 385 304 411 Sed
322 386 385 411 baec
402 394 451 410 non
468 393 560 409 curare
576 384 692 410 decrevi.
733 386 757 410 2.
774 385 882 410 Romam
894 392 979 418 quum
993 391 1038 409 ve-

252 431 324 452 nero.
343 430 410 456 quac
427 430 598 455 perspexero.
616 421 731 447 scribam
743 421 774 447 ad
788 426 825 451 te,
842 426 867 447 et
879 421 994 447 maxime
1005 420 1038 446 de

250 459 388 488 dictatura.
402 458 469 484 etad
483 458 844 492 LalucnumetndLigurium
854 458 1037 484 litterasdabo.
1058 469 1060 497 ἦ

251 497 322 522 llanc
336 496 432 530 scripsi
449 500 507 521 ante
524 495 624 526 lucem,
642 496 674 521 ad
688 496 868 531 lychnuchum
882 495 1036 530 ligncolum.
1059 508 1060 517 π

250 534 297 568 qui
320 533 386 559 mibi
408 537 462 558 crat
483 533 679 567 periucundus.
701 533 773 568 quod
794 541 854 558 eum
877 538 900 559 te
921 532 1035 562 aiebant.

250 579 334 605 quum
351 579 422 596 esses
435 570 516 599 Sami.
530 579 637 596 curasse
650 569 814 596 laciendum.
838 569 914 601 Vale,
929 570 964 596 mi
976 578 1039 595 sua-

252 608 362 633 vissime
373 612 399 634 et
408 608 508 642 optime
521 606 608 633 frater.

302 684 363 705 vm.
391 684 467 705 ΑΚΘ.
486 684 518 705 De
533 683 669 711 perferendi·
680 684 775 705 militiae
785 684 894 705 mole-tii-
906 689 925 704 et
937 683 1039 704 cautione

251 719 272 739 in
284 719 366 740 tim-ri·
381 719 459 739 «taniti-
473 719 608 743 arll·iben‹la;
632 720 658 739 de
672 719 767 740 camnine
781 720 806 739 ad
821 721 936 740 (Tnenr‘m
952 726 1038 746 compu-

251 755 336 777 nendw,
360 755 387 774 de
398 762 436 781 ape
445 754 608 775 emundatorum
620 754 761 779 con-ulatua;
779 755 806 775 ile
815 755 937 775 dicutur-e
948 754 1037 778 timnre5

250 789 276 809 de
287 788 376 809 Serrani
388 789 471 813 suut-re.
483 790 539 809 etde
549 789 640 810 Miloni·
651 789 717 810 ludin.

412 826 498 849 (Roman.
510 826 599 846 llnniitiu.
609 827 659 850 App.
671 826 754 844 Pultbro
765 833 810 844 cun.
823 829 878 847 700>

348 869 382 903 M.
405 869 571 895 CICERO
591 869 619 895 S.
641 870 670 895 D.
693 869 724 901 Q.
747 870 923 896 FRATRI.

306 908 328 932 l.
350 903 491 941 Superiori
502 906 628 940 epistolae
639 907 710 941 quod
723 907 905 941 respondeam,
914 906 1036 937 nihilest.

209 963 213 970 .
251 952 319 978 quae
335 943 412 978 plena
429 944 559 969 stomachi
574 948 599 970 et
614 944 783 978 querelarum
799 949 852 970 est:
879 953 932 979 quo
949 945 975 970 in
991 952 1039 979 ge-

250 989 313 1007 nere
329 980 438 1007 alteram
454 989 562 1015 quoque
578 986 602 1007 te
617 981 714 1007 scribis
726 981 812 1015 pridie
825 981 1038 1007 Labienodedis-

250 1026 292 1050 se;
320 1018 367 1052 qui
384 1017 471 1043 adbuc
483 1026 533 1043 non
546 1023 662 1044 venerat.
706 1019 807 1045 Delevit
818 1019 889 1045 enim
902 1019 969 1044 mibi
979 1027 1038 1044 om-

251 1063 311 1080 nem
327 1054 475 1081 molestiam
493 1056 622 1081 recentior
632 1055 753 1090 epistola.
785 1056 897 1082 Tantum
910 1060 933 1082 te
945 1060 970 1081 et
981 1064 1038 1081 mo-

250 1100 300 1117 neo
311 1096 337 1118 et
347 1100 418 1127 rogO,
432 1096 461 1118 ut
473 1092 499 1118 in
513 1093 570 1118 istis
582 1092 711 1119 molestiis
721 1097 746 1119 et
759 1092 894 1119 laboribus
901 1092 1038 1119 etdeside-

250 1129 297 1155 riis
315 1129 465 1159 recordere.
483 1129 627 1155 consilium
644 1134 763 1156 nostrum
776 1130 847 1165 quod
860 1129 939 1156 suerit
950 1129 1039 1164 profe-

249 1166 345 1192 ctionis
362 1171 430 1192 tuae.
463 1167 519 1192 Non
531 1167 602 1192 enim
613 1166 751 1193 commoda
763 1167 894 1201 quaedam
906 1166 1039 1201 sequeba-

250 1211 311 1229 mur
326 1211 407 1237 parva
422 1212 451 1229 ac
467 1203 620 1230 mediocria.
655 1204 727 1236 Quid
738 1205 810 1230 enim
821 1209 884 1235 erat.
898 1203 970 1238 quod
982 1204 1039 1230 dis-

249 1248 328 1266 cessu
344 1245 433 1266 nostro
448 1240 591 1266 emendum
608 1241 781 1275 putaremus?
810 1241 977 1268 Praesidium
994 1240 1039 1267 sir-

250 1277 404 1303 missimum
425 1277 581 1311 petebamus
601 1282 627 1304 et
641 1279 736 1312 optimi
751 1283 777 1305 et
791 1279 971 1313 potentissimi
987 1278 1038 1304 viri

250 1314 435 1340 benevolentia
460 1314 493 1340 ad
517 1323 623 1341 omnem
645 1319 742 1341 statum
764 1320 867 1342 nostrae
887 1315 1037 1351 dignitatis.

248 1351 328 1377 Plura
342 1356 477 1386 ponuntur
494 1352 519 1378 in
531 1361 587 1387 spe,
601 1361 682 1387 quam
695 1353 720 1379 in
732 1353 869 1387 pecuniis:
892 1353 994 1387 reliqua
1005 1352 1039 1378 ad

249 1389 377 1415 iacturam
390 1393 535 1415 struantur.
561 1389 648 1421 Quare
659 1390 682 1416 si
694 1390 787 1416 crebro
803 1389 902 1416 reseres
917 1390 1038 1416 animum

248 1430 325 1452 tuum
344 1426 377 1452 ad
397 1427 524 1453 rationem
540 1431 565 1452 et
581 1427 677 1453 veteris
693 1427 799 1453 consilii
814 1428 911 1458 nostri.
929 1432 955 1453 et
969 1428 1037 1462 spei,

249 1462 355 1489 facilius
376 1464 440 1489 istos
456 1463 567 1490 militiae
585 1463 688 1490 labores
702 1469 856 1499 ceteraque.
874 1473 942 1499 quae
959 1469 983 1491 te
998 1463 1040 1490 of-

249 1499 371 1531 fendunt,
384 1500 466 1527 feres:
488 1505 514 1527 et
525 1506 621 1532 tamen.
635 1510 720 1536 quum
732 1501 814 1532 voles.
828 1501 956 1536 depones.
987 1501 1038 1527 Sed

248 1538 307 1563 eius
323 1538 361 1563 rei
377 1538 516 1564 maturitas
527 1538 681 1573 nequedum
692 1539 778 1570 venit.
791 1543 817 1565 et
827 1544 915 1565 tamen
928 1540 980 1565 iam
991 1547 1040 1573 ap-

249 1575 420 1609 propinquat.
460 1577 486 1601 2.
505 1575 591 1601 Etiam
608 1575 677 1602 illud
688 1581 712 1602 te
723 1576 861 1607 admoneo.
875 1584 908 1602 ne
918 1575 985 1610 quid
997 1575 1040 1602 ul-

249 1611 282 1638 lis
298 1611 393 1638 litteris
408 1613 572 1644 committas,
589 1613 670 1648 quod.
689 1614 713 1640 si
729 1613 861 1648 prolatum
872 1614 916 1644 sit,
929 1612 1039 1639 moleste

248 1647 376 1675 feramus.
416 1649 498 1676 Multa
513 1655 588 1680 sunt,
605 1659 674 1684 quae
685 1659 734 1686 ego
746 1651 849 1677 nescire
860 1650 943 1681 malo.
956 1658 1039 1685 quam

248 1694 310 1712 cum
326 1685 417 1721 aliquo
431 1686 551 1721 periculo
566 1686 623 1713 fieri
639 1688 744 1714 certior.
780 1687 858 1713 Plura
873 1687 906 1713 ad
918 1692 942 1713 te
954 1695 1039 1714 vacuo

249 1723 338 1748 animo
353 1723 483 1755 scribam,
501 1732 586 1758 quum
602 1723 641 1758 (ut
652 1725 739 1759 spero)
750 1733 778 1751 se
789 1724 881 1751 Cicero
892 1733 969 1750 meus
980 1724 1039 1751 bel-

250 1759 273 1785 le
286 1760 404 1786 habebit.
431 1761 470 1787 Tu
481 1761 563 1787 velim
573 1769 660 1791 cures.
674 1766 703 1787 ut
714 1762 807 1792 sciam,
820 1761 921 1796 quihus
933 1770 980 1788 nos
991 1761 1039 1787 da-

249 1804 276 1822 re
290 1801 409 1831 oporteat
423 1806 480 1829 eas.
498 1806 565 1832 quas
581 1798 615 1824 ad
630 1803 654 1824 te
665 1798 763 1825 deinde
774 1798 874 1825 litteras
886 1799 1036 1824 mittemus:

248 1834 404 1860 Caesarisne
416 1834 574 1866 tabellariis,
592 1840 621 1862 ut
632 1836 655 1861 is
671 1835 704 1861 ad
719 1841 743 1862 te
758 1836 881 1870 protinus
892 1836 991 1866 mittat.
1005 1844 1038 1861 an

249 1871 371 1897 Labieni.
410 1871 462 1898 Ubi
482 1873 554 1898 enim
570 1873 614 1898 isti
629 1873 683 1899 sint
698 1873 805 1904 Nervii,
823 1877 849 1899 et
863 1881 945 1907 quam
961 1872 1038 1908 longe

248 1907 350 1938 absint.
373 1909 473 1935 nescio.
513 1911 538 1935 3.
557 1909 593 1935 De
609 1910 706 1936 virtute
721 1914 747 1936 et
761 1911 890 1945 gravitate
905 1910 1036 1940 Caesaris,

248 1952 329 1979 quam
345 1945 372 1971 in
384 1954 490 1972 summo
501 1946 589 1972 dolore
600 1946 782 1978 adhibuisset,
801 1956 924 1982 magnam
935 1956 970 1974 ex
980 1948 1039 1981 epi-

247 1982 314 2008 stola
336 1987 379 2008 tua
400 1983 490 2017 accepi
511 1982 684 2017 voluptatem.
724 1984 801 2016 Quod
822 1993 863 2010 me
885 1985 1038 2011 institutum

248 2018 282 2045 ad
298 2018 374 2045 illum
386 2027 480 2053 poema
493 2019 569 2046 iubes
580 2020 720 2055 perficere3
747 2022 798 2048 etsi
808 2021 942 2048 distentus
952 2030 1038 2056 quum

247 2064 337 2090 opera.
351 2061 408 2082 tum
419 2057 508 2083 animo
519 2066 580 2083 sum
592 2057 676 2084 multo
688 2059 787 2094 magis;
811 2059 937 2093 quoniam
950 2063 1037 2085 tamen

247 2101 282 2119 ex
301 2093 426 2128 epistola,
448 2102 529 2128 quam
545 2094 577 2120 ad
594 2099 617 2121 te
633 2095 768 2126 miseram,
789 2097 915 2131 cognovit
930 2096 1035 2126 Caesar,

249 2138 290 2156 me
306 2130 409 2165 aliquid
420 2139 478 2157 esse
490 2140 624 2163 exorsum,
638 2137 756 2158 revertar
765 2132 798 2159 ad
811 2133 977 2164 institutum,
996 2133 1038 2159 id-

247 2175 300 2202 que
310 2167 447 2202 perficiam
458 2167 501 2194 his
512 2168 739 2203 supplicationum
749 2170 958 2197 otiosisdiebus:
975 2170 1038 2206 qui-

247 2204 300 2230 bus
314 2204 466 2231 Messallam
483 2206 535 2232 iam
551 2211 670 2232 nostrum
682 2206 855 2242 reliquosque
867 2207 987 2235 molestia
999 2207 1038 2234 le-

248 2245 335 2273 vatos,
363 2241 535 2269 vehementer
554 2243 672 2279 gaudeo:
705 2252 822 2279 eumque
842 2244 914 2279 quod
934 2249 1037 2271 certum

247 2278 385 2305 consulem
401 2288 462 2306 cum
476 2280 590 2307 Domitio
601 2282 760 2312 numeratis,
774 2281 842 2308 nihil
854 2291 868 2308 a
879 2286 968 2309 nostra
978 2282 1038 2317 opi-
1058 2309 1059 2319 γ

247 2316 326 2342 nione
342 2316 501 2344 dissentitis.
534 2317 591 2353 Ego
605 2318 755 2344 Messallam
768 2319 874 2346 Caesari
884 2320 1035 2354 praestabo.

247 2352 300 2379 Sed
316 2353 460 2380 Memmius
475 2354 503 2381 in
518 2354 635 2381 adventu
654 2355 775 2382 Caesaris
790 2356 871 2383 habet
886 2365 976 2391 spem:
1009 2357 1037 2383 in

247 2398 300 2424 quo
315 2389 393 2416 illum
405 2395 469 2425 puto
480 2400 580 2418 errare:
603 2392 647 2418 hic
658 2393 768 2428 quidem
781 2393 870 2429 friget.
905 2393 1036 2420 Scaurum

247 2431 335 2452 autem
347 2428 506 2462 iampridem
517 2429 660 2463 Pompeius
671 2430 778 2456 abiecit.
810 2432 833 2457 4.
847 2431 898 2457 Res
909 2431 1035 2465 prolatae.

247 2463 288 2488 Ad
309 2464 491 2500 interregnum
512 2467 619 2492 comitia
630 2466 754 2493 adducta.
786 2467 885 2494 Rumor
899 2468 1036 2494 dictatoris

247 2500 412 2527 iniucundus
428 2502 520 2528 bonis:
547 2503 615 2529 mihi
631 2504 711 2529 etiam
722 2505 822 2539 magis.
840 2513 909 2539 quae
921 2504 1037 2540 loquun-

247 2540 300 2562 tur.
331 2536 385 2563 Sed
396 2543 446 2564 tota
458 2548 500 2565 res
511 2545 537 2566 et
546 2540 656 2566 timetur
666 2545 692 2567 et
702 2541 861 2576 refrigescit.
892 2542 1036 2577 Pompeius

248 2572 326 2606 plane
342 2582 371 2599 se
386 2580 465 2610 negat
484 2576 567 2603 velle:
603 2582 679 2604 antea
694 2578 753 2612 ipse
770 2578 837 2604 mihi
848 2587 900 2605 non
912 2579 1035 2614 negabat.

246 2610 341 2636 Hirrus
361 2616 452 2637 auctor
472 2612 526 2639 fore
544 2614 662 2640 videtur.
699 2614 721 2641 O
741 2614 789 2646 dii,
811 2623 893 2650 quam
913 2616 1034 2651 ineptusl

248 2654 329 2681 quam
340 2655 368 2673 se
381 2648 438 2683 ipse
449 2657 541 2676 amans
552 2651 610 2677 sine
622 2650 713 2678 rivali!
745 2651 871 2679 Crassum
883 2653 1034 2684 Iunianum.

1065 2434 1066 2454 ἰ
1087 2436 1185 2457 ctatore
1200 2436 1290 2457 tamen
1305 2435 1394 2457 actum
1406 2430 1494 2457 adhuc
1504 2428 1573 2456 nihil
1584 2433 1634 2455 est.

447 134 487 157 κθ,
511 132 544 157 Μ.
567 131 596 156 Τ.
618 129 826 156 ClCERONlS
848 129 1093 155 EplsToL.A1›
1112 130 1143 160 Q.
1167 129 1350 156 FRATREM
1374 130 1442 156 mn,
1468 130 1499 156 ΙΙΙ
1533 130 1586 156 ΕΡ.
1609 133 1633 156 8.
1655 133 1680 156 9.

1091 198 1225 224 bominem
1239 199 1305 225 mibi
1317 199 1447 230 deditum,
1461 208 1507 234 per
1518 209 1559 226 me
1571 200 1707 227 deterruit.
1740 201 1816 230 Velit.
1831 210 1878 229 no-

1091 235 1133 265 lit.
1157 236 1224 261 scire
1239 235 1350 261 difficile
1365 241 1414 262 est.
1456 237 1530 263 llirro
1546 243 1631 264 tamen
1643 244 1749 273 agente.
1769 239 1838 266 nolle
1849 247 1878 265 §a

1090 281 1140 298 non
1158 272 1290 306 probabit.
1327 272 1407 299 Aliud
1425 273 1473 299 boc
1488 279 1604 308 tempore
1615 275 1648 301 de
1660 275 1797 310 republica
1810 275 1878 302 nibil

1091 309 1277 343 loquebantur.
1314 310 1449 343 Agebatur
1459 311 1569 345 quidem
1581 317 1650 338 certe
1662 312 1740 339 nibil.
1776 315 1801 339 5.
1817 314 1880 339 Ser-

1091 347 1146 372 rani
1160 347 1300 372 Domestici
1318 346 1365 373 tilii
1378 347 1459 373 sunus
1470 348 1669 382 perluctuosum
1681 349 1732 376 fuit
1743 359 1766 376 a.
1779 350 1807 376 d.
1821 358 1876 376 viii.

1092 383 1203 410 Kalend.
1212 384 1336 410 Decemb.
1350 384 1479 410 Laudavit
1491 390 1564 419 pater
1574 386 1674 420 scripto
1685 395 1752 413 meo.
1765 390 1790 414 6.
1804 388 1880 413 Nunc

1090 421 1122 446 de
1140 421 1246 447 Milone.
1280 422 1422 456 Pompeius
1437 422 1461 447 ei
1478 422 1544 448 nibil
1561 422 1663 453 tribuit.
1677 428 1702 449 et
1711 425 1800 450 omnia
1811 425 1880 451 Gut-

1091 462 1144 487 tae.
1158 458 1277 493 dicitque
1288 467 1317 484 se
1329 458 1518 493 perfecturum.
1534 464 1561 485 ut
1573 460 1598 485 in
1612 459 1657 486 illo
1669 460 1764 487 Caesar
1775 462 1881 488 incum-

1091 495 1143 521 bat.
1179 496 1231 521 lloc
1247 495 1334 522 horret
1350 496 1426 526 Milo.
1446 505 1494 522 nec
1507 497 1613 526 iniuria.
1627 502 1666 527 et.
1679 498 1701 523 si
1715 497 1759 523 ille
1769 498 1882 525 dictator

1091 532 1175 558 factus
1187 533 1229 563 sit.
1248 541 1331 567 paene
1342 532 1451 559 diffidit.
1487 534 1688 560 intercessorem
1700 533 1845 562 dictaturae
1856 536 1881 562 ni

1091 570 1274 596 iuveritmanu
1282 575 1307 596 et
1318 570 1516 604 praesidiosuo.
1525 571 1680 605 Pompeium
1689 573 1881 599 metuitinimi-

1089 615 1164 637 cum;
1179 608 1200 633 si
1209 616 1259 633 non
1268 608 1373 637 iuverit.
1383 608 1465 637 timet.
1475 617 1506 634 ne
1513 616 1560 642 per
1567 609 1621 634 vim
1628 607 1784 642 perferatur.
1792 609 1880 636 Ludos

1090 649 1199 678 apparat
1224 644 1519 679 magnificentissimos:
1545 646 1593 675 sic.
1617 646 1741 680 inquam.
1755 651 1784 672 ut
1803 655 1881 673 nemo

1090 682 1315 715 sumptuosiores:
1346 681 1426 708 stulte
1448 682 1490 708 bis
1510 687 1616 717 terque.
1639 691 1690 709 non
1711 683 1874 717 postulatus:

1091 718 1131 744 vel
1147 719 1211 753 quia
1228 727 1327 745 munus
1344 719 1517 754 magnifieum
1532 719 1649 749 dederat,
1664 719 1704 746 vel
1716 721 1780 755 quia
1791 719 1875 747 facul-

1091 760 1156 782 tatas
1169 765 1219 782 non
1232 761 1315 786 erant,
1332 755 1383 792 [vel
1395 757 1458 791 quia
1471 755 1618 792 maginem]
1632 756 1672 782 vel
1685 758 1748 792 quia
1760 762 1880 792 potuerat

1091 794 1249 828 magistrum
1262 802 1304 823 se.
1322 802 1372 819 non
1384 793 1498 820 aedilem
1511 799 1614 828 putare.
1640 793 1736 821 Omnia
1748 794 1802 821 fere
1813 795 1880 821 seri-

1091 830 1143 864 psi.
1175 830 1253 861 Cura.
1267 831 1304 856 mi
1315 831 1453 857 carissime
1466 830 1554 862 frater,
1569 835 1598 857 ut
1609 830 1707 857 valeas.

1143 902 1183 922 ΙΧ.
1201 903 1277 923 Aac.
1294 904 1326 924 De
1337 903 1432 923 Gabinia
1444 910 1455 923 ι
1467 910 1490 923 ιε
1501 910 1542 922 non
1552 903 1656 927 nereum.
1675 904 1701 924 de
1712 903 1803 924 Mite-i·
1814 903 1837 924 in
1847 903 1879 924 lu-

1090 937 1124 957 di·
1135 937 1279 958 innituemtin
1289 937 1430 965 profu-ione,
1449 938 1475 957 de
1486 937 1536 957 anni
1547 937 1770 962 “airammum-uu.
1789 939 1816 958 de
1822 945 1880 959 nan-

1089 972 1156 999 eipiia
1167 973 1272 996 enituisti..
1283 972 1402 993 devninii
1413 972 1515 999 epi-tuln.
1523 972 1549 992 de
1559 980 1590 1000 pu
1598 980 1633 992 em
1641 977 1684 993 ate
1695 973 1724 993 nd
1736 974 1880 993 Catu-rem

1090 1007 1202 1032 abauluto,
1221 1008 1248 1028 de
1259 1007 1337 1032 Quinti
1347 1007 1466 1030 adificiis.
1484 1008 1511 1027 de
1522 1007 1603 1028 Felici·
1614 1012 1755 1031 tutamento,
1774 1008 1800 1028 de
1811 1007 1881 1032 Quiu-

1089 1042 1107 1062 ti
1117 1042 1171 1062 filio.
1201 1044 1288 1067 (nom-e,
1298 1044 1389 1063 nomino,
1399 1045 1450 1067 App,
1460 1044 1542 1061 runcino
1552 1051 1597 1062 «οη.
1609 1046 1664 1064 roo.)

1223 1086 1422 1114 M.C1CERO
1443 1086 1470 1113 S.
1492 1087 1521 1112 D.
1544 1086 1575 1118 Q.
1598 1086 1750 1113 FRATRI.

1148 1133 1170 1157 l.
1188 1126 1232 1157 De
1243 1131 1359 1157 Gabinio
1371 1129 1438 1156 nibil
1451 1130 1501 1156 l'uit
1513 1129 1665 1156 faciendum
1678 1131 1799 1161 istorum,
1812 1139 1881 1165 quae

1090 1169 1273 1194 amantissime
1299 1168 1412 1203 cogitata
1437 1172 1509 1194 sunt.
1562 1166 1624 1194 Τότε
1643 1178 1688 1202 μοι
1704 1167 1788 1201 χάνοι.
1819 1167 1880 1194 Feci

1089 1214 1195 1231 summa
1209 1214 1271 1231 cum
1287 1205 1429 1240 gravitate.
1447 1209 1475 1230 ut
1485 1213 1578 1231 omnes
1589 1205 1721 1234 sentiunt,
1739 1209 1764 1231 et
1775 1213 1880 1231 summa

1090 1251 1152 1268 cum
1169 1242 1288 1272 lenitate.
1306 1250 1374 1276 quae
1390 1241 1450 1268 feci.
1485 1241 1562 1268 Illum
1576 1250 1662 1276 neque
1675 1242 1730 1268 ursi
1742 1250 1829 1277 neque
1841 1241 1878 1268 le-

1091 1280 1163 1306 vavi.
1202 1280 1289 1305 Testis
1306 1278 1451 1305 vehemens
1463 1278 1515 1309 fui.
1529 1283 1663 1313 praeterea
1673 1279 1777 1313 quievi.
1814 1279 1881 1305 Exi-

1090 1321 1147 1343 tum
1169 1316 1264 1343 iudicii
1285 1315 1393 1342 foedum
1414 1320 1439 1342 et
1459 1316 1639 1350 perniciosum
1661 1315 1799 1342 levissime
1819 1315 1879 1343 tuli.

1090 1354 1166 1386 Quod
1187 1353 1299 1388 quidem
1315 1353 1415 1380 bonum
1434 1353 1502 1379 mihi
1519 1361 1590 1379 nunc
1605 1353 1723 1388 denique
1737 1352 1877 1384 redundat,

1091 1396 1119 1418 ut
1140 1391 1182 1417 his
1204 1391 1282 1417 malis
1297 1390 1461 1425 reipublicae
1478 1390 1638 1426 licentiaque
1654 1390 1810 1421 audacium,
1826 1399 1880 1426 qua

1090 1433 1149 1455 ante
1170 1428 1323 1462 rumpebar,
1339 1436 1411 1454 nunc
1426 1436 1458 1454 ne
1474 1436 1581 1454 movear
1595 1427 1715 1463 quidem.
1755 1427 1828 1454 Nihil
1840 1433 1881 1454 est

1090 1467 1161 1492 enim
1174 1466 1306 1500 perditius
1318 1465 1360 1491 bis
1372 1465 1538 1495 hominibus,
1547 1465 1590 1491 his
1597 1465 1772 1500 temporibus.
1792 1466 1817 1491 2.
1830 1465 1881 1491 lta-

1090 1512 1152 1538 que,
1169 1511 1203 1529 ex
1214 1502 1353 1537 republica
1368 1503 1496 1537 quoniam
1511 1501 1579 1528 nihil
1596 1503 1649 1529 iarn
1665 1501 1810 1537 voluptatis
1819 1503 1881 1537 capi

1090 1545 1190 1575 potest,
1212 1548 1261 1566 cur
1271 1540 1429 1570 stomacher,
1442 1540 1542 1566 nescio.
1563 1539 1676 1566 Litterae
1688 1547 1739 1570 me,
1752 1543 1778 1566 et
1791 1539 1879 1566 studia

1090 1582 1178 1604 nostra
1188 1581 1214 1604 et
1223 1578 1308 1604 otium
1320 1576 1455 1612 villaeque
1466 1576 1606 1608 delectant.
1621 1577 1791 1611 maximeque
1802 1577 1880 1611 pueri

1090 1615 1183 1641 nostri.
1223 1614 1306 1649 Angit
1324 1622 1396 1640 unus
1417 1613 1490 1640 Milo.
1529 1613 1581 1640 Sed
1597 1613 1679 1640 velim
1696 1613 1776 1640 finem
1790 1613 1881 1640 afferat

1089 1651 1257 1678 consulatus:
1281 1652 1308 1677 in
1322 1659 1377 1685 quo
1387 1651 1472 1677 enitar
1482 1659 1534 1677 non
1546 1652 1646 1681 minus.
1658 1659 1741 1686 quam
1750 1659 1812 1677 sum
1821 1651 1882 1677 eni—

1089 1697 1136 1715 sus
1156 1689 1184 1715 in
1204 1693 1306 1715 nostro:
1338 1692 1422 1722 tuque
1437 1688 1526 1718 istinc,
1543 1687 1616 1722 quod
1633 1687 1708 1718 facis.
1725 1687 1878 1714 adiuvabis.

1090 1727 1125 1752 De
1144 1734 1207 1760 quo.
1230 1730 1316 1751 cetera
1331 1724 1394 1759 (nisi
1410 1724 1489 1759 plane
1505 1725 1547 1751 vis
1565 1724 1702 1759 eripuerit)
1717 1729 1787 1751 recte
1801 1730 1877 1752 sunt:

1089 1763 1122 1789 de
1134 1771 1161 1789 re
1173 1761 1300 1789 familiari
1313 1762 1404 1788 timeo.

1296 1814 1333 1818 —
1341 1814 1378 1818 —
1385 1799 1414 1827 ‘0
1425 1798 1452 1825 δὲ
1461 1799 1579 1833 μαίνεται
1589 1797 1636 1825 οὐκ
1646 1796 1678 1824 ἔτ’
1692 1797 1813 1829 ἀνεκτῶς,

1089 1837 1138 1871 qui
1152 1835 1229 1862 ludos
1240 1835 1304 1862 H-S
1316 1844 1384 1862 ccci.
1396 1840 1541 1870 comparet.
1581 1834 1665 1862 Cuius
1675 1835 1703 1861 in
1715 1835 1764 1862 hoc
1774 1843 1828 1862 uno
1838 1836 1881 1862 in·—

1089 1873 1314 1900 considerantiam
1334 1878 1360 1899 et
1378 1881 1428 1908 ego
1443 1872 1592 1903 sustinebo.
1612 1877 1642 1898 ut
1652 1876 1752 1906 potero.
1763 1877 1798 1903 et.
1811 1877 1840 1899 tu
1851 1878 1881 1899 ut

1089 1911 1186 1946 possis,
1199 1915 1239 1937 est
1249 1915 1356 1936 tuorum
1367 1918 1522 1936 nervorum.
1552 1911 1577 1936 3.
1597 1910 1632 1935 De
1643 1914 1718 1936 motu
1729 1914 1880 1944 temporum

1089 1948 1224 1974 venientis
1238 1948 1311 1977 anni.
1329 1946 1397 1973 nihil
1408 1952 1432 1974 te
1442 1946 1592 1982 intelligere
1603 1945 1740 1973 volueram
1751 1946 1881 1973 domesti-

1088 1986 1114 2011 ci
1125 1985 1238 2015 timoris,
1256 1984 1302 2011 sed
1314 1984 1347 2010 de
1357 1985 1495 2011 communi
1505 1983 1670 2018 reipublicae
1680 1988 1763 2010 statu:
1786 1984 1814 2010 in
1825 1992 1880 2019 quo

1089 2022 1195 2048 etiamsi
1203 2021 1273 2048 nihil
1283 2030 1405 2056 procuro.
1418 2026 1506 2048 tamen
1517 2020 1586 2048 nihil
1597 2029 1689 2047 curare
1700 2021 1747 2047 vix
1757 2029 1877 2055 possum.

1088 2060 1174 2091 Quam
1195 2063 1284 2085 autem
1299 2064 1324 2085 te
1339 2058 1421 2085 velim
1435 2063 1545 2085 cautum
1559 2066 1618 2084 esse
1634 2058 1661 2084 in
1677 2057 1828 2088 scribendo.
1845 2066 1881 2084 ex
1907 2061 1910 2063 ’

1089 2096 1139 2123 hoc
1154 2097 1288 2127 coniicito.
1309 2096 1383 2131 quod
1397 2104 1447 2131 ego
1457 2095 1492 2122 ad
1502 2100 1526 2122 te
1537 2103 1571 2122 ne
1582 2095 1648 2122 haec
1657 2094 1768 2130 quidem
1779 2094 1877 2125 scribo.

1088 2142 1158 2168 quae
1177 2133 1265 2168 palam
1284 2134 1312 2159 in
1333 2133 1471 2168 republica
1491 2132 1645 2162 turbantur.
1665 2140 1699 2159 ne
1717 2132 1879 2166 cuiusquam

1089 2172 1211 2197 animum
1230 2179 1304 2197 meae
1325 2169 1427 2197 litterae
1438 2171 1599 2204 interceptae
1608 2168 1752 2196 offendant.
1791 2167 1879 2201 Quare

1088 2208 1234 2234 domestica
1253 2216 1318 2234 cura
1338 2212 1363 2234 te
1379 2207 1496 2234 levatum
1511 2206 1582 2233 volo.
1621 2207 1651 2233 ln
1670 2205 1808 2240 republica
1821 2206 1879 2232 scio

1088 2254 1170 2280 quam
1190 2244 1322 2271 sollicitus
1341 2253 1400 2271 esse
1420 2244 1516 2271 soleas.
1556 2243 1640 2271 Video
1660 2242 1812 2269 Messallam
1830 2251 1880 2270 no-

1087 2287 1174 2309 strum
1189 2281 1337 2312 consulem.
1358 2282 1382 2308 si
1395 2290 1443 2316 per
1453 2282 1623 2316 interregem.
1644 2280 1702 2307 sine
1713 2280 1827 2306 iudicio:
1853 2280 1878 2306 si

1088 2328 1136 2354 per
1150 2319 1319 2350 dictatorem,
1331 2323 1420 2345 tamen
1434 2319 1493 2345 sine
1507 2317 1636 2353 periculo.
1675 2316 1738 2344 Odii
1750 2316 1818 2343 nihil
1829 2316 1879 2343 ba-

1088 2357 1142 2383 bet.
1182 2357 1316 2383 Hortensii
1325 2355 1398 2383 calor
1406 2356 1523 2382 multum
1534 2354 1645 2382 valebit.
1676 2354 1787 2381 Gabinii
1798 2353 1878 2380 abso-

1088 2394 1154 2420 lutio
1178 2393 1221 2420 lex
1236 2394 1405 2428 impunitatis
1419 2397 1537 2428 putatur.
1575 2392 1616 2418 Ἐν
1630 2393 1766 2427 παρέργῳ
1787 2391 1822 2417 de
1834 2390 1878 2418 di-

1673 2428 1817 2463 Pompeius
1828 2427 1877 2454 ab-

1087 2473 1140 2494 est:
1166 2468 1272 2503 Appius
1291 2468 1398 2494 miscet:
1430 2468 1524 2493 Hirrus
1539 2470 1626 2501 parat:
1653 2464 1733 2492 multi
1747 2466 1878 2492 interces-

1065 2532 1066 2538 ,
1087 2513 1160 2532 sores
1172 2510 1360 2531 numerantur:
1382 2503 1500 2539 populus
1509 2511 1562 2530 non
1572 2507 1659 2529 curat:
1681 2502 1818 2537 principes
1828 2511 1877 2529 no-

1088 2541 1159 2568 lunt:
1187 2551 1236 2578 ego
1247 2543 1368 2576 quiesco.
1393 2542 1418 2568 4.
1438 2542 1475 2567 De
1486 2541 1638 2575 mancipiis.
1654 2539 1727 2575 quod
1738 2539 1806 2566 mihi
1816 2538 1877 2574 pol·

1065 2585 1066 2588 ’
1088 2579 1187 2610 liceris,
1204 2579 1282 2605 valde
1297 2584 1322 2606 te
1333 2587 1405 2605 amo:
1433 2582 1459 2604 et
1468 2586 1530 2604 sum
1541 2577 1676 2612 equidem.
1690 2581 1721 2603 ut
1729 2576 1837 2607 scribis,
1849 2580 1876 2603 et

1087 2616 1185 2643 Romae
1201 2621 1227 2642 et
1239 2617 1267 2642 in
1282 2615 1400 2651 praediis
1411 2614 1578 2650 infrequens.
1618 2613 1672 2641 Sed
1681 2622 1756 2645 cave.
1768 2613 1872 2644 amabo.

1087 2653 1248 2688 quidquam.
1263 2652 1336 2689 quod
1351 2652 1385 2679 ad
1399 2660 1490 2679 meum
1505 2651 1677 2679 commodum
1691 2651 1808 2681 attineat.
1821 2650 1875 2677 nisi
