1941 3052
447 149 632 177 ORATIO
663 148 754 176 PRO
785 148 815 175 P.
849 146 1040 174 SESTIO.
1074 146 1172 173 CAP.

62 232 92 250 ea
107 231 179 250 nunc
192 222 233 249 uti
247 229 326 258 cogor
338 220 366 247 in
378 229 469 248 eorum
481 220 607 256 periculis
619 219 799 255 depellendis:
821 220 855 246 iis

62 260 233 296 potissimum
245 268 297 286 vox
308 259 372 285 haec
383 259 494 289 serviat,
511 267 626 293 quorum
642 266 720 292 opera
736 261 762 283 et
777 257 853 288 mibi,

62 302 88 325 et
102 297 192 328 vobis,
210 301 236 323 et
250 295 348 332 populo
363 296 481 322 Romano
496 296 616 322 restituta
628 300 678 322 est.
717 295 749 321 11.
766 296 790 321 3.
812 294 852 325 Et,

61 343 226 371 quamquam
238 343 252 360 a
264 333 295 366 Q.
307 334 460 363 Hortensio,
478 333 627 359 clarissimo
642 333 699 359 viro
710 337 790 367 atque
801 331 855 358 elo-

62 372 250 408 quentissimo,
263 379 358 397 caussa
369 375 409 397 est
418 371 448 396 P.
456 370 537 397 Sestii
549 374 675 405 perorata,
689 369 812 404 nihilque
823 369 855 394 ab

61 418 93 436 eo
103 409 322 444 praetermissum
333 412 381 439 est,
394 407 467 443 quod
478 412 524 434 aut
535 416 582 442 pro
592 407 728 442 republica
739 415 857 441 conque·
877 420 879 443 3

62 446 176 473 rendum
187 446 251 477 fuit,
264 451 310 472 aut
320 454 368 480 pro
378 454 422 472 reo
433 444 640 480 disputandum:
663 449 751 470 tamen
762 452 857 479 aggre-
877 448 879 472 ἑ

61 484 120 511 diar
130 483 163 510 ad
173 483 331 514 dicendum,
348 491 381 509 ne
392 491 448 508 mea
461 482 638 518 propugnatio
648 482 672 508 ei
684 481 855 516 potissimum

61 520 182 548 defuisse
193 520 327 551 videatur,
344 529 392 555 per
401 528 482 555 quem
494 524 533 546 est
544 519 704 554 perfectum,
718 527 751 544 ne
761 518 856 544 ceteris

61 558 169 585 civibus
180 557 293 584 deesset.
315 557 402 592 Atque
413 566 462 593 ego
472 557 511 583 sic
522 561 617 587 statuo,
629 556 741 586 iudices,
750 564 763 581 a
774 564 817 581 me
828 555 855 581 in

62 595 112 622 bac
122 604 217 622 caussa
229 599 308 630 atque
319 595 368 621 hoc
379 599 497 621 extremo
507 593 613 620 dicendi
626 593 682 619 loco
692 593 798 627 pietatis
809 601 855 626 po-

63 633 126 663 tius.
139 641 220 668 quam
232 632 410 664 defensionis3
431 631 564 666 querelae,
580 639 661 665 quam
673 630 854 664 eloquentiae,

62 669 176 701 doloris,
193 678 275 704 quam
290 669 391 705 ingenii
403 673 490 703 partes
502 677 561 694 esse
572 672 718 702 susceptas.
760 668 784 693 4.
806 667 857 693 lta-

62 716 130 742 que,
147 708 171 733 si
183 711 228 733 aut
239 707 325 733 acrius
337 715 428 742 egero,
446 710 492 732 aut
503 705 627 736 liberius,
645 713 727 739 quam
738 705 856 738 quiante

63 753 107 771 me
121 744 260 771 dixerunt:
283 748 344 778 peto
359 752 372 769 a
384 743 474 774 vobis,
492 747 521 769 ut
537 747 640 768 tantum
656 742 767 768 orationi
783 749 857 767 meae

63 781 226 812 concedatis,
244 785 375 816 quantum
387 784 412 806 et
423 781 467 815 pio
477 779 561 806 dolori
572 784 597 806 et
609 780 693 805 iustae
704 778 857 805 iracundiae

62 818 262 846 concedendum
274 818 382 853 putetis.
408 818 501 852 Neque
512 817 583 843 enim
595 816 683 843 officio
693 817 858 842 coniunctior

63 855 138 882 dolor
148 855 233 882 ullius
244 863 304 881 esse
315 859 409 890 potest,
423 863 504 889 quam
517 854 560 880 hic
571 862 657 884 meus,
671 858 814 888 susceptus
825 862 858 879 ex

63 893 194 924 hominis,
211 892 245 919 de
260 901 302 918 me
317 892 418 927 optime
434 892 534 922 meriti,
553 891 684 926 periculo:
708 899 795 926 neque
806 891 858 917 ira-

62 930 161 957 cundia
175 930 262 965 magis
277 929 332 956 ulla
349 929 494 959 laudanda,
514 937 596 964 quam
611 937 654 960 ea,
674 937 743 963 quae
758 937 801 954 me
817 928 858 954 in-

63 967 180 994 flammat
190 975 283 993 eorum
294 966 403 998 scelere,
411 967 459 1002 qui
470 975 532 992 cum
543 966 670 993 omnibus
682 965 777 992 salutis
785 974 858 991 meae

64 1004 252 1031 defensoribus
271 1004 374 1031 bellurn
395 1012 454 1030 esse
474 1004 527 1030 sibi
550 1003 698 1039 gerendum
721 1003 859 1029 iudicave-

64 1046 136 1069 runt.
177 1043 201 1068 5.
215 1041 277 1072 Sed,
290 1042 416 1077 quoniam
428 1041 545 1077 singulis
555 1041 715 1067 criminibus
726 1041 806 1067 ceteri
818 1049 860 1066 re-

63 1079 238 1115 sponderunt,
251 1079 338 1105 dicam
350 1087 398 1115 ego
409 1078 442 1105 de
453 1079 525 1105 omni
538 1082 607 1104 statu
623 1079 652 1104 P.
666 1078 755 1109 Sestii,
769 1078 802 1104 de
812 1086 860 1113 ge-

64 1125 126 1143 nere
137 1117 215 1148 vitae,
228 1117 261 1143 de
273 1120 374 1147 natura,
386 1116 420 1142 de
431 1116 551 1142 moribus
560 1137 566 1147 ,
579 1115 612 1142 de
623 1115 774 1142 incredibili
787 1124 860 1141 amo-

64 1162 92 1180 re
102 1154 131 1180 in
141 1154 234 1185 bonos,
250 1153 283 1180 de
295 1153 384 1180 studio
394 1153 591 1180 conservandae
602 1153 697 1180 salutis
708 1153 859 1180 communis

64 1195 145 1226 atque
155 1192 214 1218 otii:
227 1190 448 1226 contendamque,
457 1191 479 1217 si
491 1190 570 1217 modo
581 1190 608 1217 id
619 1191 747 1225 consequi
758 1195 858 1225 potero,

65 1233 95 1255 ut
114 1229 143 1255 in
163 1228 212 1255 bac
232 1228 340 1255 confusa
361 1233 441 1263 atque
456 1229 581 1254 universa
596 1227 752 1254 defensione
767 1227 834 1254 nihil
846 1236 860 1254 a

65 1274 121 1297 me,
144 1265 216 1301 quod
237 1266 270 1292 ad
286 1269 400 1291 vestram
416 1266 614 1301 quaestionem3
637 1265 718 1296 nibil,
741 1265 814 1300 quod
828 1265 861 1291 ad

65 1311 156 1335 reum;
169 1303 246 1334 nihil,
259 1303 331 1338 quod
343 1303 375 1329 ad
387 1303 580 1338 rempublicam
593 1303 731 1337 pertineat,
746 1307 862 1337 praeter-

66 1341 182 1367 missum
203 1348 261 1366 esse
282 1340 413 1366 videatur.
453 1340 487 1366 Et
506 1341 634 1375 quoniam
649 1340 677 1366 in
692 1340 861 1376 gravissimis

66 1377 234 1412 temporibus
248 1378 364 1404 civitatis
380 1381 459 1412 atque
473 1378 501 1403 in
517 1378 603 1404 ruinis
614 1385 721 1403 eversae
732 1382 812 1412 atque
823 1376 863 1403 af-

66 1414 152 1441 flictae
171 1414 335 1449 reipublicae
353 1415 382 1441 P.
399 1414 477 1441 Sestii
500 1415 652 1441 tribunatus
673 1419 713 1441 est
727 1423 741 1440 a
758 1414 862 1441 fortuna

65 1453 125 1487 ipsa
141 1451 300 1478 collocatus:
323 1460 375 1479 non
391 1452 531 1487 aggrediar
546 1452 579 1478 ad
593 1452 640 1478 illa
655 1452 771 1478 maxima
783 1457 863 1486 atque

67 1489 234 1524 amplissima
254 1490 340 1524 prius,
362 1498 444 1524 quam
465 1489 593 1521 docuero,
616 1489 717 1524 quibus
734 1490 818 1515 initiis
834 1498 863 1516 ac

67 1526 251 1553 fundamentis
266 1526 316 1553 hae
331 1530 417 1553 tantae
428 1527 544 1554 summis
555 1527 583 1553 in
594 1527 675 1554 rebus
688 1526 781 1553 laudes
792 1527 864 1553 exci-

66 1569 134 1591 tatae
145 1565 208 1591 sint.

124 1602 166 1628 111.
179 1603 204 1628 6.
217 1601 328 1627 Parente
343 1601 372 1627 P.
384 1601 488 1628 Sestius
499 1605 577 1628 natus
589 1605 638 1632 est,
650 1600 764 1632 iudices,
777 1600 865 1628 homi-

68 1647 114 1670 ne,
132 1643 162 1665 ut
172 1638 294 1674 plerique
305 1639 480 1670 meministis,
498 1643 524 1665 et
535 1639 668 1673 sapiente,
687 1643 712 1665 et
722 1642 826 1669 sancto,
840 1642 866 1664 et

68 1684 174 1703 severo:
195 1677 257 1711 qui,
275 1684 361 1711 quum
377 1676 501 1703 tribunus
518 1676 605 1711 plebis
621 1676 725 1711 primus
736 1676 805 1702 inter
816 1675 866 1702 ho-

68 1714 154 1740 mines
169 1713 351 1740 nobilissimos
366 1713 532 1749 temporibus
548 1714 658 1748 optimis
677 1713 763 1740 sactus
784 1717 862 1744 esset,

68 1750 180 1786 reliquis
192 1750 338 1777 honoribus
354 1759 406 1778 non
422 1755 476 1777 tam
492 1751 531 1777 uti
548 1751 645 1782 voluit,
667 1759 749 1785 quam
765 1750 864 1786 dignus

68 1788 164 1815 videri.
189 1788 227 1815 Eo
237 1792 342 1814 auctore
352 1788 432 1815 duxit
443 1788 626 1815 honestissimi
637 1792 663 1814 et
673 1788 865 1823 spectatissimi

69 1825 134 1857 viri,
151 1824 181 1852 C.
193 1824 295 1856 Albini,
311 1825 407 1857 filiam,
425 1834 458 1852 ex
472 1834 526 1860 qua
541 1825 584 1852 liic
596 1830 636 1852 est
647 1834 727 1860 puer,
745 1829 771 1852 et
782 1829 864 1860 nupta

68 1863 122 1889 iam
133 1862 196 1889 fitia.
212 1862 321 1889 Duobus
333 1862 375 1889 his
386 1863 561 1899 gravissimae
571 1863 738 1898 antiquitatis
750 1863 816 1889 viris
826 1863 865 1889 sic

69 1900 198 1935 probatus
205 1899 302 1931 fuit‚ut
313 1901 420 1935 utrique
430 1909 522 1927 eorum
534 1904 559 1926 et
569 1909 647 1927 carus
658 1901 775 1926 maxime
786 1904 812 1926 et
822 1901 866 1926 iu-

69 1936 175 1964 cundus
191 1941 270 1963 esset.
311 1937 417 1964 Ademit
427 1937 524 1964 Albino
539 1938 622 1964 soceri
638 1946 735 1964 nomen
752 1946 823 1964 mors
835 1937 866 1964 fl-

71 1974 135 2005 liae,
153 1974 200 2000 sed
215 1975 349 2001 caritatem
361 1974 436 2001 illius
447 1975 656 2001 necessitudinis
667 1979 692 2001 et
703 1974 866 2001 benevolen-

70 2013 134 2038 tiam
146 2019 198 2038 non
210 2010 318 2037 ademit.
352 2011 435 2037 Hodie
446 2012 485 2038 sic
496 2011 568 2038 hunc
578 2011 676 2047 diligit,
690 2016 720 2038 ut
731 2021 778 2038 vos
790 2011 866 2038 facil-

72 2048 135 2075 lime
147 2049 257 2083 potestis
268 2057 301 2075 ex
312 2048 361 2075 hac
373 2048 414 2075 vel
426 2048 583 2075 assiduitate
594 2049 666 2080 eius,
681 2049 722 2075 vel
734 2049 866 2076 sollicitu-

71 2086 134 2112 dine
145 2090 170 2112 et
181 2085 311 2117 molestia,
324 2085 452 2112 iudicare.
473 2087 499 2112 7.
513 2086 595 2112 Duxit
606 2094 726 2116 uxorem,
741 2091 815 2121 patre
825 2087 867 2113 vi-

70 2132 118 2154 vo,
131 2123 226 2158 optimi
237 2127 263 2149 et
272 2122 498 2149 calamitosissimi
511 2123 560 2149 viri
573 2122 663 2154 tiliam,
678 2124 707 2150 L.
720 2123 864 2158 Scipionis.

72 2160 147 2188 Clara
159 2161 186 2187 in
198 2160 247 2187 boc
258 2160 286 2186 P.
299 2160 377 2186 Sestii
390 2161 473 2195 pietas
484 2161 594 2191 exstitit,
608 2165 633 2186 et
644 2161 769 2187 omnibus
781 2165 864 2196 grata,

71 2197 144 2262 quod
155 2202 181 2224 et
192 2197 338 2224 Massiliam
350 2197 439 2224 statim
452 2197 585 2232 protectus
597 2202 645 2228 est,
654 2202 683 2224 ut
693 2206 815 2225 socerum
826 2198 867 2224 vi-

92 2243 135 2262 ere
146 2235 332 2270 consolarique
343 2239 445 2269 posset,
459 2234 584 2261 fluctibus
596 2235 759 2270 reipublicae
770 2235 864 2270 expul—

73 2273 179 2304 sum‚in
190 2272 284 2299 alienis
296 2273 373 2298 terris
384 2272 522 2302 iacentem,
530 2280 611 2307 quem
623 2273 650 2299 in
662 2273 792 2299 maiorum
804 2281 868 2299 suo-

74 2318 134 2336 rum
150 2310 272 2345 vestigiis
288 2314 357 2336 stare
372 2309 520 2344 oportebat;
543 2313 569 2336 ot
583 2309 616 2335 ad
632 2318 693 2336 eum
710 2309 792 2336 filiam
808 2311 867 2336 eius

74 2346 195 2378 adduxit,
203 2351 233 2374 ut
244 2346 289 2373 ille
301 2347 435 2382 insperato
445 2350 555 2381 aspectu
565 2346 772 2382 complexuque,
781 2347 803 2373 si
815 2355 867 2374 non

73 2391 194 2416 omnem,
216 2388 243 2410 at
257 2383 374 2419 aliquam
391 2389 492 2419 partem
508 2384 634 2410 maeroris
649 2385 693 2410 sui
708 2384 864 2419 deponeret:

74 2425 101 2448 et
111 2421 236 2448 maximis
247 2421 342 2448 officiis
354 2426 380 2448 et
390 2421 464 2447 illius
476 2429 640 2452 aerumnam,
653 2421 741 2456 quoad
753 2421 829 2452 vixit,
842 2425 868 2448 et

75 2457 144 2485 {iliae
155 2458 327 2485 solitudinem
342 2459 511 2485 sustentavit.
553 2458 665 2484 Possum
681 2458 765 2484 multa
779 2458 867 2485 dicere

74 2494 109 2522 de
120 2494 284 2527 liberalitate,
296 2496 330 2523 de
340 2496 494 2522 domesticis
505 2495 609 2526 officiis.
623 2495 656 2521 de
667 2495 804 2521 tribunatu
816 2496 868 2522 mi-

76 2530 155 2564 litari,
167 2532 201 2559 de
212 2533 368 2568 provinciali
381 2534 407 2560 in
420 2542 450 2559 eo
461 2533 617 2569 magistratu
629 2533 802 2559 abstinentia:
819 2532 867 2559 sed

75 2568 142 2596 mihi
153 2574 213 2596 ante
222 2571 314 2597 oculos
325 2571 482 2597 obversatur
494 2569 656 2605 reipublicae
666 2569 868 2605 dignitas,quae

75 2613 120 2633 me
129 2606 162 2633 ad
173 2615 232 2633 sese
242 2609 318 2643 rapit,
333 2608 396 2635 haec
407 2609 508 2635 minora
521 2607 671 2642 relinquere
683 2607 810 2633 bortatur.

109 2679 115 2686 ι
131 2645 156 2670 8.
178 2644 306 2677 Quaestor
318 2646 360 2672 hic
371 2645 400 2672 C.
413 2645 533 2674 Antonii,
546 2644 663 2680 collegae
673 2645 740 2675 mei,
753 2644 865 2675 iudices,

78 2678 129 2707 fuit
139 2685 218 2713 sorte,
231 2682 278 2709 sed
289 2683 413 2710 societate
423 2683 596 2710 consiliorum
614 2690 704 2709 meus.
735 2681 868 2718 impedior

1212 148 1218 172 l
1242 161 1278 165 —
1298 146 1323 171 5.
1648 146 1692 170 50¹

907 217 1063 244 nonnullius
1079 216 1173 248 officii,
1191 221 1221 243 ut
1236 225 1285 252 ego
1300 217 1471 250 interpretor,
1489 214 1626 250 religione,
1645 223 1700 249 quo

906 256 997 282 minus
1008 263 1153 289 exponam,
1166 263 1248 289 quam
1260 253 1343 280 multa
1356 254 1383 279 P.
1401 253 1518 283 Sestius,
1532 261 1617 287 quum
1629 257 1700 278 esset

906 301 967 319 cum
974 292 1075 328 collega
1087 301 1154 322 meo,
1163 292 1283 322 senserit,
1292 291 1325 317 ad
1337 299 1379 317 me
1389 289 1522 319 detulerit,
1530 294 1630 324 quanto
1641 294 1700 315 ante

907 330 1062 365 providerit.
1103 330 1190 364 Atque
1200 337 1249 364 ego
1260 328 1292 354 de
1303 329 1417 354 Antonio
1429 327 1495 354 nibil
1507 327 1579 357 dico,
1597 331 1700 361 praeter

908 376 1006 393 unum:
1024 375 1172 401 numquam
1184 366 1262 392 illum
1273 365 1320 392 illo
1330 373 1437 392 summo
1449 365 1542 391 timore
1553 372 1582 390 ac
1594 364 1701 399 pericu-

908 404 933 430 lo
943 405 1068 434 civitatis,
1082 412 1168 439 neque
1179 412 1348 430 communem
1361 407 1462 429 metum
1474 402 1605 431 omnium,
1614 409 1701 435 neque

909 442 1042 476 propriam
1056 440 1246 467 nonnullorum
1262 441 1295 466 de
1310 441 1369 475 ipso
1384 440 1567 474 suspicionem
1582 443 1628 464 aut
1640 438 1703 464 infi-

907 479 996 505 tiando
1008 478 1112 509 tollere,
1129 483 1174 504 aut
1190 477 1387 504 dissimulando
1402 477 1493 503 sedare
1504 476 1632 502 voluisse.
1672 476 1701 502 In

907 525 961 550 quo
976 516 1076 551 collega
1092 515 1250 541 sustinendo
1265 520 1345 550 atque
1361 513 1522 541 moderando
1537 514 1560 539 si
1576 521 1663 539 meam
1674 513 1701 539 in

906 553 984 579 illum
996 553 1200 588 indulgentiam,
1213 553 1381 578 coniunctam
1392 560 1453 578 cum
1465 559 1571 577 summa
1581 550 1702 576 custodia

907 590 1083 625 reipublicae,
1098 590 1204 616 laudare
1216 598 1276 615 vere
1288 589 1428 615 solebatis:
1452 597 1499 623 par
1511 596 1592 623 prope
1604 587 1662 614 laus
1673 587 1701 613 P.

907 627 990 654 Sextii
1001 636 1060 653 esse
1071 627 1162 658 debet,
1180 628 1227 661 qui
1242 635 1323 653 suurn
1340 627 1374 652 ita
1389 625 1526 652 consulem
1538 625 1701 656 observavit,

907 669 937 691 ut
948 669 973 691 et
984 665 1023 690 illi
1035 669 1159 699 quaestor
1170 664 1265 694 bonus,
1274 668 1300 690 et
1311 664 1387 690 vobis
1399 663 1525 689 omnibus
1536 663 1654 697 optimus
1665 662 1703 688 ci-

908 703 949 728 vis
962 702 1105 728 videretur.
1128 702 1170 728 lv.
1179 703 1203 727 9.
1216 701 1298 732 Idem,
1312 709 1396 735 quum
1408 700 1453 726 illa
1464 700 1611 726 coniuratio
1621 708 1655 726 ex
1666 699 1704 725 la-

908 740 991 766 tebris
1007 743 1087 774 atque
1102 748 1136 765 ex
1151 739 1267 764 tenebris
1284 738 1429 772 erupisset,
1453 737 1594 772 palamque
1605 741 1704 762 armata

909 776 1043 807 volitaret,
1061 777 1133 802 venit
1144 784 1206 802 cum
1218 776 1337 801 exercitu
1349 775 1481 809 Capuam:
1504 783 1584 809 quam
1597 774 1701 804 urbem,

909 818 1016 849 propter
1028 813 1157 848 plurimas
1169 812 1232 839 belli
1244 813 1468 848 opportunitates,
1485 811 1517 837 ab
1529 811 1574 837 illa
1586 811 1668 845 impia
1679 815 1705 836 et

909 851 1035 878 scelerata
1055 859 1136 877 manu
1157 851 1278 876 attentari
1298 849 1516 884 suspicabamur:
1539 853 1565 874 et
1585 848 1646 874 inde
1668 848 1702 874 M.

909 888 1054 919 Aulanum,
1067 888 1206 914 tribunum
1219 887 1336 914 militum
1344 887 1459 917 Antonii,
1473 886 1562 920 Capua
1574 885 1705 920 praecipi-

910 931 962 952 tem
974 926 1064 956 eiecit,
1078 925 1213 952 hominem
1226 925 1374 959 perditum,
1388 929 1414 950 et
1425 933 1476 950 non
1488 924 1600 950 obscure
1612 923 1706 948 Pisau-

910 965 941 995 ri,
955 965 1018 990 etin
1030 963 1090 989 aliis
1102 963 1159 998 agri
1171 962 1268 989 Gallici
1280 962 1415 997 partibus,
1428 962 1455 987 in
1468 961 1512 987 illa
1524 961 1706 986 coniuratione

911 1006 1057 1027 versatum.
1097 1000 1225 1034 Idemque
1237 1000 1266 1027 C.
1279 999 1448 1030 Marcellum,
1462 1007 1547 1033 quum
1560 998 1582 1023 is
1594 1006 1646 1024 non
1656 997 1707 1024 Ca-

911 1047 992 1074 puam
1005 1038 1093 1064 solum
1106 1038 1232 1068 venisset,
1246 1045 1339 1063 verum
1350 1037 1430 1063 etiam
1441 1045 1470 1062 se
1481 1036 1559 1071 quasi
1571 1043 1706 1061 armorum

911 1076 1001 1102 studio
1012 1076 1039 1102 in
1052 1076 1196 1101 maximam
1208 1074 1337 1101 familiam
1348 1074 1513 1104 coniecisset,
1527 1073 1708 1099 exterminan-

911 1113 976 1140 dum
989 1121 1022 1140 ex
1033 1112 1078 1139 illa
1090 1112 1157 1138 urbe
1168 1113 1281 1138 curavit.
1321 1111 1378 1144 Qua
1389 1111 1422 1137 de
1433 1119 1527 1137 caussa
1539 1115 1564 1136 et
1575 1115 1632 1136 tum
1643 1118 1708 1136 con-

913 1155 1009 1177 ventus
1024 1150 1070 1176 ille
1086 1150 1205 1185 Capuae,
1223 1150 1271 1185 qui
1287 1154 1394 1184 propter
1409 1148 1523 1175 salutem
1541 1147 1616 1174 illius
1632 1147 1707 1173 urbis

911 1188 1052 1215 consulatu
1066 1191 1249 1214 conservatam
1265 1195 1324 1213 meo
1340 1195 1381 1213 me
1396 1195 1481 1212 unum
1494 1190 1634 1220 patronum
1646 1184 1710 1210 ado-

912 1226 1010 1261 ptavit,
1029 1225 1092 1251 huic
1107 1225 1178 1260 apud
1194 1233 1235 1251 me
1246 1225 1275 1251 P.
1289 1224 1379 1250 Sextio
1391 1224 1522 1250 maximas
1533 1223 1631 1258 gratias
1643 1222 1706 1257 egit,

913 1268 938 1290 et
953 1263 1003 1289 hoc
1018 1267 1136 1297 tempore
1147 1262 1228 1288 iidem
1240 1262 1362 1288 homines
1374 1261 1481 1287 nomine
1492 1264 1654 1287 commutato
1665 1267 1710 1285 co-

913 1300 967 1327 loni
978 1300 1199 1334 decurionesque‚
1208 1299 1346 1326 fortissimi
1358 1303 1437 1333 atque
1448 1298 1542 1333 optimi
1554 1298 1614 1327 viri,
1629 1297 1710 1323 bene-

913 1338 1004 1364 ficium
1027 1338 1054 1363 P.
1075 1337 1156 1363 Sestii
1178 1337 1330 1363 testimonio
1350 1336 1484 1362 declarant
1505 1334 1710 1370 periculumque

913 1375 1018 1402 decreto
1029 1383 1078 1401 suo
1088 1374 1274 1409 deprecantur.
1298 1376 1338 1399 to.
1351 1373 1448 1403 Recita.
1462 1381 1571 1407 quaeso,
1584 1372 1613 1397 P.
1630 1371 1707 1401 Sesti.

913 1412 981 1448 quid
996 1412 1162 1438 decreverint
1174 1411 1279 1446 Capuae
1295 1410 1466 1440 decuriones,
1485 1414 1513 1435 ut
1529 1410 1581 1435 iam
1597 1408 1710 1443 puerilis

915 1455 959 1476 tua
983 1458 1036 1476 vox
1058 1450 1144 1484 possit
1167 1448 1270 1484 aliquid
1293 1448 1443 1484 significare
1464 1447 1580 1473 inimicis
1600 1446 1707 1475 nostris.

914 1487 1043 1523 quidnam
1052 1507 1058 1518 ,
1075 1495 1161 1521 quum
1173 1494 1201 1512 se
1212 1485 1399 1516 corroborarit,
1417 1484 1539 1511 effectura
1550 1492 1609 1510 esse
1620 1483 1711 1509 videa-

916 1530 968 1551 tur.
1003 1533 1160 1550 occasi-uu
1175 1532 1378 1550 nseuniorzuu.
1412 1523 1469 1548 Non
1482 1522 1563 1548 recito
1573 1521 1709 1546 decretum

915 1561 1003 1588 officio
1014 1561 1104 1596 aliquo
1116 1569 1274 1596 expressum
1286 1560 1440 1589 vicinitatis,
1454 1563 1499 1585 aut
1510 1558 1711 1588 clientelae‚aut

916 1599 1025 1634 hospitii
1042 1598 1158 1634 publici,
1184 1602 1229 1624 aut
1244 1598 1398 1624 ambitionis
1414 1602 1458 1623 aut
1473 1595 1711 1622 commendationis

915 1637 1012 1672 gratia:
1031 1636 1079 1662 scd
1090 1636 1171 1662 recito
1182 1636 1338 1661 memoriam
1351 1634 1483 1669 perfuncti
1496 1633 1622 1668 periculi,
1635 1640 1712 1667 prae—

916 1674 1074 1700 dicationem
1095 1672 1258 1708 amplissimi
1279 1673 1412 1703 benelicii,
1436 1672 1521 1697 vicem
1538 1670 1619 1697 officii
1636 1678 1712 1704 prae-

916 1712 1009 1742 sentis,
1024 1711 1206 1737 testimonium
1219 1710 1351 1745 praeteriti
1365 1709 1499 1744 temporis.
1529 1710 1568 1734 Η.
1581 1707 1668 1742 Atque
1680 1707 1713 1732 il-

917 1749 950 1775 lis
962 1748 1128 1783 temporibus
1140 1748 1250 1778 iisdem,
1267 1756 1352 1782 quum
1368 1747 1419 1773 iam
1433 1747 1550 1781 Capuam
1562 1750 1634 1771 metu
1651 1744 1713 1770 Ses-

917 1787 970 1812 tius
983 1786 1134 1815 liberasset,
1153 1785 1250 1811 Urbem
1262 1788 1370 1811 senatus
1382 1789 1461 1818 atque
1472 1792 1564 1810 omncs
1577 1782 1652 1813 boni,
1666 1781 1713 1807 de-

917 1823 1057 1859 prehensis
1069 1827 1147 1857 atque
1158 1823 1295 1857 oppressis
1306 1821 1460 1848 domesticis
1472 1820 1605 1849 hostibus,
1615 1819 1713 1845 medu-

916 1869 945 1887 ce
957 1869 990 1888 ex
1001 1860 1128 1896 periculis
1141 1860 1265 1886 maximis
1277 1860 1467 1886 extraxissent:
1484 1866 1533 1893 ego
1546 1857 1639 1883 litteris
1651 1865 1712 1882 eum

917 1898 1007 1933 Capua
1022 1898 1149 1924 arcessivi
1165 1906 1227 1923 cum
1243 1897 1289 1923 illo
1304 1897 1436 1926 exercitu,
1459 1904 1540 1930 quem
1553 1899 1609 1921 tum
1621 1902 1712 1920 secum

917 1936 1041 1962 babebat.
1062 1935 1168 1967 Quibus
1180 1935 1222 1961 hic
1235 1934 1328 1961 litteris
1342 1934 1415 1960 lectis
1425 1933 1561 1959 adUrbem
1573 1931 1711 1958 confestim

918 1972 1069 2000 incredibili
1081 1972 1213 1999 celeritate
1225 1971 1369 1998 advolavit.
1410 1970 1506 2006 Atque,
1522 1974 1550 1995 ut
1562 1969 1635 1995 illius
1647 1973 1713 1994 tcm—

918 2011 989 2046 poris
1001 2011 1163 2037 atrocitatem
1176 2009 1307 2035 recordari
1320 2009 1442 2044 possitis,
1460 2007 1550 2034 audite
1562 2006 1675 2036 litteras,
1689 2011 1714 2031 et

918 2052 1034 2074 vestram
1050 2047 1204 2074 memoriam
1219 2046 1252 2073 ad
1269 2047 1371 2073 timoris
1383 2045 1516 2080 praeteriti
1527 2044 1712 2079 cogitationem

918 2086 1040 2112 excitate.
1081 2093 1225 2110 ιιττεπιΑε
1245 2093 1404 2110 cicsnoxis
1422 2091 1571 2109 cos-sctis.
1612 2081 1643 2107 V.
1661 2081 1713 2106 lloc

918 2123 1034 2149 adventu
1050 2122 1078 2148 P.
1096 2122 1191 2152 Sestii,
1212 2121 1380 2147 tribunorum
1398 2120 1485 2155 plebis
1502 2127 1644 2148 novorum,
1667 2118 1713 2152 qui

918 2164 989 2191 tum,
1007 2159 1134 2186 extremis
1150 2158 1247 2185 diebus
1261 2157 1417 2184 consulatus
1434 2157 1500 2186 mci,
1519 2165 1560 2182 res
1571 2164 1629 2185 cas,
1647 2164 1714 2189 quas

917 2205 1066 2233 gesseram,
1080 2204 1176 2222 vexare
1187 2195 1343 2230 cupiebant,
1361 2194 1512 2229 reliquique
1524 2192 1713 2219 coniurationis

918 2235 1035 2268 impetus
1047 2238 1072 2259 et
1083 2238 1193 2259 conatus
1204 2237 1268 2258 sunt
1280 2231 1413 2258 retardati.
1438 2233 1477 2256 ⁴2.
1486 2231 1531 2258 Ac.
1541 2235 1713 2264 posteaquam

919 2276 959 2297 est
970 2271 1148 2300 intellectum,
1168 2270 1202 2296 M.
1216 2270 1326 2298 Catone,
1341 2269 1447 2294 tribuno
1459 2268 1555 2302 plebis,
1571 2266 1715 2293 fortissimo

919 2313 998 2343 atque
1009 2308 1111 2342 optimo
1121 2308 1192 2336 cive.
1209 2305 1403 2340 rempublicam
1420 2304 1593 2333 defendente.
1611 2312 1657 2338 per
1672 2312 1714 2328 se-

919 2346 1009 2380 ipsum
1026 2349 1147 2370 senatum
1165 2343 1349 2378 populumque
1365 2343 1512 2369 Romanum
1529 2342 1587 2367 sine
1599 2340 1712 2366 militum

920 2382 1054 2417 praesidio
1069 2381 1137 2407 tueri
1155 2380 1230 2406 sut-ile
1247 2381 1410 2406 maiestatem
1427 2388 1503 2405 suam
1520 2378 1713 2413 etdignitatcm

919 2428 1025 2449 eorum.
1042 2419 1089 2453 qui
1106 2417 1219 2444 sulutem
1235 2426 1405 2443 communem
1423 2415 1543 2451 periculo
1557 2424 1607 2441 suo
1622 2414 1715 2440 doten-

919 2457 1036 2482 ‹lissenu
1065 2456 1169 2481 Sestius
1185 2464 1246 2480 cum
1259 2455 1305 2480 illo
1315 2463 1364 2480 suo
1375 2454 1492 2480 exercitu
1504 2461 1610 2478 summa
1621 2451 1714 2478 celeri-

920 2499 970 2520 tate
981 2498 1022 2520 est
1033 2493 1178 2519 Antonium
1189 2496 1360 2518 consecutus.
1402 2491 1447 2516 llic
1463 2499 1511 2525 ego
1527 2489 1593 2524 quid
1609 2489 1714 2524 praedi-

919 2531 1095 2565 cem,quibus
1108 2530 1150 2556 liic
1162 2530 1241 2556 relius
1252 2528 1390 2555 consulem
1402 2528 1434 2554 ml
1447 2537 1501 2554 rem
1513 2526 1656 2562 gerendum
1667 2535 1713 2552 ex—

919 2568 1024 2595 citarit?
1033 2572 1099 2603 quot
1109 2566 1234 2593 stimulos
1245 2566 1393 2592 admoverit
1405 2565 1516 2595 bomini,
1529 2564 1649 2591 studioso
1661 2563 1713 2590 t'or-

920 2606 998 2632 tussis
1014 2605 1150 2635 victoriae,
1168 2604 1214 2630 sed
1232 2609 1317 2630 tumen
1335 2603 1448 2629 nimium
1463 2610 1632 2629 communem
1646 2601 1713 2627 Mar-

921 2647 972 2669 tem
984 2642 1102 2677 bellique
1112 2650 1204 2668 casum
1217 2640 1363 2667 metuenti?
1384 2641 1504 2675 Longum
1520 2644 1560 2665 est
1571 2648 1599 2665 ca
1610 2639 1710 2665 dicere:

921 2680 968 2708 sed
980 2680 1029 2707 boc
1041 2680 1120 2706 breve
1131 2679 1228 2706 dicam.
1251 2679 1278 2705 Si
1291 2679 1326 2705 M.
1340 2678 1434 2705 Petreii
1447 2686 1497 2705 non
1510 2676 1644 2704 excellens
1656 2676 1713 2702 aui-
