1941 3052
249 153 296 176 fios
819 150 860 175 68.
896 148 930 173 M.

964 148 994 174 Τ.
1029 147 1302 174 ClCERONlS

248 227 300 249 tam
314 221 395 247 multa
408 221 492 247 delata
505 224 579 246 sunt:
602 221 679 245 cuius
691 219 787 245 domun
799 218 1037 253 quaestuosissima
1058 219 1067 254 ji
1091 217 1136 244 illo
1150 218 1301 248 commodo,
1318 219 1341 244 si
1357 218 1428 253 quod
1444 223 1508 248 erat.
1521 219 1603 245 animi
1613 218 1723 254 quidam
1735 217 1810 245 dolor
1821 219 1882 246 iun-

247 264 287 285 est
303 259 428 285 falsorum
445 258 691 283 commentariorum
708 261 733 282 et
747 256 983 290 chirographorum
999 255 1039 281 of-

249 297 337 324 ficina.
361 304 497 329 agrorum,
511 294 668 328 oppidorum
678 314 683 324 ,
698 294 904 323 immunitatum,
921 293 1038 328 vectiga-

250 334 314 360 lium
332 332 553 365 flagitiosissimae
570 331 713 357 nundinae.
746 332 785 356 36.
800 330 903 356 Etenim
916 338 984 364 quae
996 338 1038 356 res

247 371 355 403 egestati
377 374 402 395 et
418 370 469 394 ueri
486 368 571 394 alieno
587 373 643 396 tuo.
662 372 762 402 praeter
779 372 889 393 mortem
907 367 1035 398 Caesaris,

247 407 390 433 subvenire
403 406 549 440 potuisset?
564 405 657 431 Nescio
667 405 732 439 quid
740 405 913 430 conturbatus
925 413 985 430 esse
997 406 1038 430 vi-

246 444 327 469 deris.
369 443 506 477 Numquid
523 442 667 472 subtimes,
682 450 714 468 ne
725 442 757 467 ad
770 446 793 467 te
806 442 854 468 hoc
865 442 965 468 crimen
978 450 1039 476 per-

247 482 329 507 tinere
351 480 488 506 videntur?
509 480 603 506 Libero
624 484 648 505 te
669 484 755 505 metu:
783 487 860 505 nemo
874 479 962 505 credet
979 488 1037 505 um-

246 527 340 552 quam:
364 526 414 543 non
427 522 465 543 est
478 522 552 543 tuum
565 517 597 542 dc
612 516 747 551 republica
760 516 826 542 bene
838 517 945 542 mereri:
960 516 1039 542 habet

248 556 325 581 istius
349 554 520 588 pulcherrimi
541 554 600 580 facti
621 553 784 579 clarissimos
802 554 871 579 viros
887 553 1038 588 respublica
1058 554 1059 560 ¹

246 597 378 618 mn-tores:
404 600 453 627 ego
474 597 497 618 tc
518 596 618 618 tantum
640 591 755 627 gaudere
775 590 847 617 dico:
875 590 970 617 fecisse
985 599 1037 617 non

247 638 337 663 arguo.
374 629 506 663 Respondi
528 629 652 655 maximis
672 628 845 655 criminibus:
867 637 938 654 nunc
959 629 1037 654 etiam

247 667 357 701 reliquis
369 666 584 701 respondendnm
597 670 646 692 est.

301 704 358 730 XV.
381 705 421 729 37.
445 705 533 730 Castra
555 704 620 729 mihi
643 703 760 737 Pompeii
782 707 861 738 atque
877 702 944 729 illud
960 710 1038 728 omne

246 746 352 775 tempus
367 741 497 767 obiecisti.
537 740 596 773 Quo
610 740 720 775 quidem
738 745 854 774 tempore
869 740 905 770 si,
924 745 952 766 ut
969 739 1036 769 dixi,

246 787 334 804 mcum
361 778 502 804 consilium
528 779 724 812 auctoritasque
745 777 886 807 valuisset.
910 781 937 803 tu
959 777 1037 803 hodie
1064 805 1067 812 ,

245 824 348 851 egeres,
368 824 415 842 nos
433 815 507 841 liberi
524 823 659 847 essemus3
683 814 832 849 respublica
845 823 896 841 non
908 819 944 840 tot
955 814 1037 840 duces

245 857 270 879 et
286 854 418 879 exercitus
433 853 576 879 amisisset.
609 853 700 878 Fateor
715 853 800 882 enim,
822 860 877 882 me,
895 860 979 886 quum
996 860 1034 881 ea,

244 898 312 925 quae
328 891 493 920 acciderunt,
512 890 677 925 providerem
695 889 795 920 futura,
810 894 879 915 tanta
891 890 917 915 in
930 889 1038 915 maesti-

244 928 279 954 tia
299 927 394 957 fuisse,
412 932 510 962 quanta
529 928 607 953 ceteri
623 927 716 962 optimi
732 927 818 957 cives,
831 928 853 952 si
865 926 934 952 idem
948 927 1037 961 provi-

211 964 215 970 '
243 964 359 995 dissent.
374 964 497 991 fuissent.
529 964 652 990 Dolcbam
662 985 667 995 ,
679 963 810 993 dolebam.
823 969 911 998 potres
921 964 1037 990 conscri-

245 1002 296 1036 pti,
314 1002 520 1036 rempublicam,
540 1003 635 1028 vestris
651 1001 785 1036 quondam
798 1002 919 1036 meisque
930 1010 1037 1027 conser-

244 1043 330 1065 vatam
347 1039 480 1069 consiliis,
499 1039 573 1065 brevi
590 1044 706 1073 tempore
724 1039 782 1064 esse
797 1039 950 1073 perituram.
984 1038 1037 1064 Nec

243 1084 306 1103 vero
321 1085 392 1102 eram
408 1081 459 1102 tam
472 1076 594 1103 indoctus
605 1077 768 1111 ignarusque
780 1084 877 1106 rerum,
891 1080 921 1102 ut
932 1075 1037 1111 frange-

243 1121 285 1140 rer
296 1114 384 1140 animo
395 1118 502 1148 propter
513 1115 582 1140 vitae
593 1113 776 1148 cupiditatem,
789 1122 858 1148 quae
868 1121 912 1139 me
925 1121 1036 1139 manens

243 1151 382 1177 conficeret
398 1151 553 1186 angoribus,
567 1151 678 1177 dimissa
690 1150 820 1176 molestiis
831 1150 957 1177 omnibus
969 1150 1037 1176 libe-

242 1193 319 1215 raret.
351 1188 412 1215 lllos
433 1197 482 1224 ego
503 1188 744 1223 praestantissimos
766 1188 849 1218 virosi,
869 1187 970 1214 lumina
985 1188 1036 1213 rei-

243 1225 379 1260 publicae,
397 1226 486 1252 vivere
502 1225 636 1256 volebam,
656 1230 691 1251 tot
706 1225 872 1255 consulares,
886 1229 923 1251 tot
933 1229 1037 1259 praeto-

243 1263 309 1293 rios,
333 1268 369 1289 tot
390 1263 592 1289 honestissimos
612 1267 759 1293 senatores,
780 1271 887 1289 omnem
903 1266 1035 1297 praeterea

242 1299 331 1326 florem
353 1300 498 1326 nobilitatis
519 1309 549 1326 ac
568 1300 730 1331 iuventutis,
748 1304 805 1326 tum
821 1300 982 1334 optimorum
997 1300 1036 1325 ci-

241 1338 316 1363 vium
329 1338 474 1364 exercitus:
496 1338 543 1372 qui
555 1338 577 1364 si
590 1338 718 1368 viverent,
731 1338 856 1372 quamvis
869 1337 960 1372 iniqua
971 1345 1036 1363 cou-

241 1374 340 1401 ditione
352 1376 433 1409 pacis,
446 1375 523 1410 (mihi
535 1376 605 1401 enim
617 1376 704 1401 omnis
712 1383 763 1409 pax
773 1383 835 1401 cum
847 1374 953 1401 civibus
965 1373 1036 1400 bello

240 1411 314 1438 civili
337 1412 426 1438 utilior
446 1412 611 1447 videbatur,)
626 1411 819 1446 rempublicam
839 1411 917 1438 hodie
932 1416 1036 1438 tenere—

241 1457 312 1475 mus.
333 1451 373 1475 38.
381 1449 454 1481 Quae
464 1450 593 1476 sententia
604 1449 627 1475 si
639 1449 776 1479 valuisset,
784 1457 814 1475 ac
826 1458 877 1476 non
888 1449 908 1475 ii
919 1449 1035 1475 maxime

241 1486 321 1517 mihi,
344 1495 459 1521 quorum
480 1495 529 1523 ego
550 1487 618 1513 vitae
639 1486 826 1518 consulebam,
849 1495 897 1521 spe
908 1486 1034 1513 victoriae

241 1523 311 1554 elati,
325 1523 503 1550 obstitissent:
527 1528 557 1550 ut
567 1523 617 1550 alia
627 1525 755 1555 omittam,
764 1528 793 1550 tu
804 1528 874 1550 certe
885 1532 1034 1559 numquam

240 1561 267 1587 in
285 1560 334 1587 hoc
347 1561 453 1592 ordine,
472 1561 513 1587 vel
529 1562 619 1596 potius
630 1562 657 1588 in
668 1561 718 1588 hac
729 1560 796 1587 urbe
806 1561 962 1587 mansisses.
1000 1561 1035 1587 At

240 1606 303 1625 vero
318 1598 365 1625 Cn.
383 1599 499 1633 Pompeii
516 1598 679 1625 voluntatem
698 1607 711 1624 a
723 1607 765 1625 me
776 1598 1035 1625 abalienabatoratio

241 1644 308 1661 mea.
348 1636 388 1662 An
407 1636 452 1662 ille
465 1644 630 1671 quemquam
646 1635 707 1670 plus
718 1634 831 1661 dilexit?
849 1644 911 1662 cum
923 1635 978 1662 ullo
988 1640 1034 1662 aut

239 1681 376 1699 sermones
392 1677 437 1699 aut
447 1673 557 1699 consilia
569 1673 681 1699 contulit
691 1672 818 1707 saepius?
839 1672 912 1707 quod
923 1672 1032 1707 quidem

240 1714 296 1736 erat
315 1718 452 1745 magnum,
474 1710 508 1736 de
528 1719 633 1737 summa
649 1709 786 1745 republica
800 1709 990 1736 dissentientes
1005 1710 1033 1736 in

240 1746 332 1773 eadem
343 1747 537 1773 consuetudine
549 1748 680 1773 amicitiae
692 1755 856 1782 permanere.
878 1746 963 1773 Sedet
973 1755 1031 1782 ego,

240 1783 305 1818 quid
318 1783 371 1815 ille,
380 1789 405 1810 et
414 1789 504 1810 contra
514 1784 568 1815 ille,
576 1784 642 1819 quid
648 1792 697 1820 ego
708 1784 834 1811 sentirem
845 1789 870 1810 et
876 1788 1031 1819 spectarem,

241 1820 356 1847 videbat.
387 1821 443 1856 Ego
456 1821 631 1848 incolumitati
642 1822 743 1847 civium
756 1822 887 1856 primum,
905 1825 933 1847 ut
943 1826 1033 1856 postea

240 1857 375 1893 dignitati,
399 1858 445 1884 ille
465 1859 598 1893 praesenti
617 1858 741 1894 dignitati
761 1859 851 1893 potius
865 1858 1032 1885 consulebat.

239 1894 316 1927 Quod
331 1900 418 1922 autem
429 1895 543 1922 habebat
554 1900 666 1930 uterque
675 1895 743 1931 quid
753 1900 922 1930 sequeretur,
935 1895 1034 1923 idcirco

239 1932 401 1958 tolerabilior
416 1937 471 1959 erat
485 1937 573 1959 nostra
589 1933 731 1959 dissensio.
766 1934 807 1959 39.
824 1932 894 1965 Quid
911 1942 973 1960 vero
987 1933 1033 1959 ille

238 1969 384 2005 singularis
395 1971 437 1996 vir
447 1978 476 1996 ac
487 1979 570 2005 paene
581 1970 690 1996 divinus
701 1970 734 1996 de
745 1978 787 1996 me
798 1971 918 2001 senserit,
932 1972 1030 2001 sciunt.

238 2007 286 2041 qui
301 2015 362 2033 eum
379 2006 412 2033 de
426 2007 577 2033 Pharsalica
594 2007 656 2042 fuga
672 2007 793 2042 Paphum
809 2008 942 2042 persecuti
957 2012 1030 2034 sunt.

239 2044 393 2078 Numquam
414 2044 447 2070 ab
463 2053 493 2071 eo
509 2045 607 2071 mentio
622 2045 655 2071 de
671 2053 726 2076 me,
745 2044 796 2071 nisi
809 2044 965 2076 honorifica,
979 2045 1031 2071 nisi

238 2080 316 2116 plena
335 2082 490 2108 amicissimi
505 2081 644 2112 desiderii,
657 2090 742 2117 quum
754 2090 796 2108 me
807 2082 908 2109 vidisse
919 2082 981 2117 plus
993 2082 1032 2109 fa-

238 2122 349 2149 teretur,
367 2126 396 2145 se
411 2119 562 2153 speravisse
577 2118 696 2145 meliora.
735 2120 768 2146 Et
783 2120 841 2146 eius
857 2120 907 2146 viri
923 2120 1031 2147 nomine

238 2164 280 2181 me
291 2156 414 2182 insectari
426 2156 516 2186 audes,
525 2157 651 2183 cuiusme
662 2157 788 2187 amicum,
796 2161 822 2183 te
832 2161 960 2183 sectorem
972 2165 1030 2184 esse

238 2191 352 2219 fateare?
379 2193 449 2219 XVI.
470 2193 522 2220 Sed
537 2194 674 2220 omittatur
689 2193 791 2220 bellum
802 2194 884 2225 illud,
897 2195 925 2221 in
936 2199 1029 2230 quotu

238 2230 352 2256 nimium
375 2229 439 2257 felix
459 2230 545 2257 fuisti.
585 2231 624 2257 Ne
643 2231 709 2258 iocis
727 2231 838 2266 quidem
852 2232 1028 2266 respondebo,

236 2267 337 2302 quibus
359 2276 400 2294 me
420 2268 447 2294 in
467 2269 562 2295 castris
581 2276 662 2295 usum
677 2277 736 2295 esse
751 2268 854 2295 dixisti.
884 2269 967 2296 Erant
984 2269 1030 2295 illa

237 2304 347 2339 quidem
367 2310 451 2331 castra
475 2305 554 2340 plena
574 2314 668 2332 curae:
690 2311 875 2333 verumtamen
896 2306 1027 2337 homines,

236 2342 361 2376 quamvis
372 2342 399 2368 in
412 2342 526 2369 turbidis
537 2343 618 2370 rebus
631 2344 693 2374 sint,
706 2347 805 2374 tamen,
818 2344 841 2370 si
853 2343 932 2370 modo
942 2344 1031 2370 homi-

237 2387 284 2405 nes
295 2384 366 2410 sunt,
380 2380 514 2406 interdum
525 2381 622 2407 animis
634 2380 795 2407 relaxantur.
832 2382 874 2407 to..
894 2380 972 2413 Quod
981 2389 1031 2407 au-

237 2420 289 2442 tem
301 2417 372 2443 idem
383 2418 542 2444 maestitiam
554 2426 640 2444 meam
652 2417 911 2452 reprehendit.idem
923 2419 1027 2445 iocum:

238 2461 333 2488 magno
343 2459 552 2489 argumentoest,
561 2456 635 2482 mein
643 2454 756 2490 utroque
763 2454 846 2481 fuisse
852 2455 1028 2482 moderatum.

292 2490 454 2517 Hereditates
466 2492 532 2518 mihi
544 2493 646 2528 negasti
657 2492 758 2519 venire.
779 2492 885 2519 Utinam
892 2493 941 2519 hoc
951 2497 1029 2519 tuum

237 2533 331 2552 verum
351 2528 450 2554 crimen
470 2529 552 2555 esset!
575 2529 665 2564 plures
685 2529 764 2555 amici
779 2529 832 2555 mei
847 2534 874 2555 et
888 2530 1029 2556 necessarii

237 2563 367 2589 viverent.
399 2564 451 2591 Sed
470 2567 517 2600 qui
537 2567 607 2593 istuc
621 2566 671 2592 tibi
689 2566 806 2592 venitin
820 2566 955 2593 mentem?
973 2567 1030 2602 Ego

237 2600 309 2626 enim
325 2601 441 2635 amplius
457 2603 511 2629 H-S
527 2603 666 2630 ducenties
680 2607 819 2638 acceptum
835 2603 1029 2630 hereditatibus

237 2636 327 2663 retuli.
367 2637 534 2673 Quamquam
554 2641 581 2667 in
602 2640 652 2667 hoc
671 2648 767 2676 genere
789 2639 870 2666 fateor
883 2640 1028 2667 feliciorem

1058 269 1067 315 ’ἱ

1058 321 1067 394 21

1065 453 1067 474 l

1057 2574 1059 2587 ι

1050 2592 1059 2612 ¹1

1050 2623 1059 2647 ¹o

1050 2665 1058 2672 ,,
1079 2642 1272 2667 intercessisse.

1089 260 1208 288 geretur:
1232 260 1256 281 te
1268 256 1300 286 is,
1313 264 1393 290 quem
1406 261 1433 282 tu
1446 256 1536 282 vidisti
1549 265 1706 291 numquam.
1721 256 1750 282 L.
1763 256 1882 283 Rubrius

1090 293 1214 318 Cassinas
1227 292 1287 318 fecit
1299 292 1432 319 heredem.
1461 294 1501 320 tt.
1515 293 1547 319 Et
1557 293 1666 328 quidem
1679 293 1748 321 vide.
1762 302 1843 328 quam
1855 298 1882 320 te

1090 329 1184 355 amarit
1201 330 1237 359 is.
1255 330 1315 364 qui,
1332 329 1410 356 albus
1426 334 1514 356 aterne
1531 330 1624 360 fueris,
1642 331 1780 366 ignorans,
1795 330 1882 357 fratria

1091 367 1174 392 filium
1188 366 1372 401 praeteriit.Q.
1382 367 1459 397 Fufii.
1468 367 1650 394 honestissimi
1661 369 1759 402 equitis
1771 367 1881 394 Romani

1090 404 1187 438 suique
1207 404 1398 433 amantissimi,
1421 413 1501 439 quem
1522 404 1608 439 palam
1630 404 1753 431 heredem
1775 413 1883 439 semper

1091 440 1232 471 factitarat,
1255 450 1286 467 ne
1302 442 1421 468 nominat
1435 441 1559 476 quidem:
1582 446 1619 472 te,
1635 450 1716 476 quem
1733 450 1882 476 numquam

1091 478 1192 504 viderat
1202 482 1247 504 aut
1257 483 1326 504 certe
1339 487 1485 513 numquam
1497 478 1665 509 salutaverat,
1679 478 1882 506 fecitheredem.

1090 515 1174 541 Velim
1187 515 1253 541 mihi
1264 515 1345 546 dicas,
1359 516 1411 542 nisi
1423 516 1564 542 molestum
1576 520 1624 546 eat.
1639 516 1668 542 Ι..
1680 516 1818 543 Turselius
1829 525 1883 551 qua

1091 552 1156 578 faeie
1177 552 1270 582 fuerit,
1292 562 1345 587 qua
1363 558 1476 583 statura,
1489 562 1544 588 quo
1559 554 1717 587 municipio.
1735 562 1788 588 qua
1799 554 1881 579 tribu.

1090 589 1162 616 Nihil
1174 590 1237 620 seio.
1252 590 1352 625 inquis,
1366 590 1418 617 nisi
1428 599 1497 625 quae
1509 590 1615 625 praedia
1627 590 1758 617 habuerit.
1799 591 1883 626 Igitur

1091 627 1196 653 fratrem
1217 627 1396 658 exheredans,
1419 632 1443 654 te
1466 627 1578 654 faciebat
1593 627 1727 654 heredem.
1767 628 1795 654 ln
1812 627 1884 654 mul·

1090 669 1128 690 tas
1159 669 1291 699 praeterea
1323 666 1450 700 pecunias
1480 665 1705 692 alienissimorum
1730 664 1881 696 hominum,

1064 701 1067 727 1
1089 702 1179 727 eiectis
1194 703 1263 728 veris
1276 702 1433 733 heredibus,
1447 707 1582 737 tamquam
1595 702 1670 728 heres
1681 707 1760 733 esset,
1773 703 1881 728 invasit.

1090 739 1130 765 42.
1143 739 1311 774 Quamquam
1328 739 1377 766 hoc
1392 740 1508 766 maxime
1523 739 1670 766 admiratus
1681 748 1755 769 sum.
1770 740 1884 766 mentio-

1089 785 1149 802 nem
1171 781 1195 802 te
1217 776 1392 803 hereditatum
1414 785 1510 803 ausum
1531 785 1590 804 esse
1610 776 1708 808 facere,
1723 785 1809 812 quum
1824 777 1883 812 ipso

1090 813 1262 840 hereditatem
1275 815 1357 848 patris
1368 823 1420 840 non
1432 814 1545 840 adisses.

1145 850 1226 877 xvu.
1243 851 1312 878 llaec
1328 856 1357 878 ut
1370 851 1523 887 colligeres,
1542 851 1622 878 homo
1636 851 1832 881 amentissime,
1845 855 1883 877 tot

1088 887 1146 914 dies
1158 889 1184 914 in
1195 888 1280 914 aliena
1293 888 1354 915 villa
1366 888 1538 915 declamasti?
1557 897 1721 923 quamquam
1733 893 1760 914 ιιι
1771 887 1882 924 quidem

1088 925 1128 960 (ut
1139 926 1177 951 tui
1189 925 1392 952 familiarissimi
1403 926 1534 960 dictitant)
1545 927 1599 952 vini
1611 925 1763 955 exhalandi.
1778 934 1828 952 non
1840 925 1883 951 in-

1088 963 1160 997 genii
1171 963 1283 989 acuendi
1297 971 1390 990 caussa
1401 962 1566 989 declamitas.
1591 963 1624 990 Et
1635 971 1697 990 vero
1707 963 1819 989 adhibes
1831 963 1882 989 ioci

1088 1008 1181 1026 caussa
1198 1001 1370 1035 magistrum.
1383 1000 1510 1036 suffragio
1523 1005 1581 1031 tuo,
1594 1006 1618 1026 et
1627 1006 1811 1035 compotorum
1823 1005 1883 1026 tuo-

1089 1045 1162 1068 rum,
1179 1037 1324 1068 rhetorem,
1343 1038 1385 1064 cui
1397 1038 1567 1068 concessisti,
1581 1038 1648 1064 utin
1660 1042 1698 1068 te,
1710 1046 1779 1072 quae
1791 1036 1880 1068 vellet.

1088 1074 1195 1100 diceret.
1236 1074 1343 1101 Salsum
1360 1075 1468 1102 omnino
1483 1075 1632 1102 hominem!
1655 1074 1707 1100 Sed
1723 1075 1832 1101 materia
1843 1073 1883 1100 fa·

1087 1111 1160 1143 cilis,
1178 1112 1205 1138 in
1222 1116 1247 1138 te
1262 1117 1287 1138 et
1301 1113 1328 1138 in
1341 1117 1399 1138 tuos
1409 1112 1478 1138 dicta
1490 1112 1587 1138 dicere.
1629 1111 1694 1138 Vide
1705 1117 1803 1142 autem,
1814 1111 1883 1146 quid

1089 1149 1156 1175 inter
1171 1153 1196 1175 te
1210 1153 1236 1176 et
1250 1148 1330 1175 avum
1346 1154 1422 1176 tuum
1438 1150 1552 1176 intersit.
1591 1148 1639 1176 Ille
1653 1149 1755 1176 sensim
1766 1148 1881 1180 dicebat,

1087 1186 1159 1221 quod
1170 1195 1280 1213 caussae
1291 1186 1442 1221 prodesset;
1456 1191 1484 1213 tu
1495 1187 1594 1213 cursim
1602 1186 1670 1213 dicis
1681 1186 1775 1213 aliena.
1795 1187 1836 1213 63.
1848 1186 1882 1213 At

1087 1228 1185 1258 quanta
1196 1232 1298 1250 merces
1308 1223 1368 1250 data
1379 1228 1419 1251 est
1429 1223 1542 1251 rbetoril
1562 1224 1668 1254 Audite,
1681 1223 1780 1254 audite¹
1793 1228 1882 1259 patres

1087 1261 1242 1295 conscripti,
1269 1266 1295 1288 et
1314 1262 1465 1297 cognoscite
1483 1261 1645 1296 reipublicae
1665 1260 1786 1288 vulnera.
1824 1260 1883 1288 Duo

1088 1298 1172 1324 millia
1191 1299 1317 1334 iugerum
1337 1299 1425 1334 campi
1446 1299 1566 1326 Leontini
1587 1298 1649 1326 Sex.
1671 1298 1764 1326 Clodio
1783 1297 1882 1325 rhetori

1087 1336 1239 1371 assignasti,
1253 1335 1394 1371 etquidem
1405 1337 1546 1367 immunia,
1555 1335 1799 1371 utpopuliRomani
1811 1340 1882 1362 tanta

1087 1372 1207 1399 mercede
1219 1373 1288 1400 nihil
1298 1382 1391 1408 sapere
1401 1373 1528 1400 disceres.
1559 1373 1630 1400 Num
1641 1373 1720 1400 etiam
1732 1372 1790 1404 hoc.
1802 1372 1883 1400 bomo

1087 1410 1278 1441 audacissime.
1301 1419 1333 1438 ex
1348 1411 1470 1438 Caesaris
1490 1409 1707 1438 commentariis?
1725 1409 1778 1437 Sed
1793 1410 1881 1436 dicam

1087 1447 1138 1474 alio
1148 1447 1205 1475 loco
1216 1453 1242 1475 et
1251 1448 1284 1474 de
1296 1449 1424 1475 Leontino
1435 1457 1498 1485 agro
1507 1453 1533 1474 et
1541 1447 1575 1475 de
1585 1448 1732 1483 Campano:
1753 1455 1821 1483 quos
1831 1448 1883 1474 iste

1086 1494 1173 1521 agros,
1191 1490 1295 1520 ereptos
1310 1485 1487 1521 reipublicae,
1502 1486 1667 1521 turpissimis
1679 1484 1881 1520 possessoribus

1086 1523 1247 1557 inquinavit.
1278 1524 1331 1550 lam
1343 1524 1424 1554 enim.
1436 1523 1564 1559 quoniam
1573 1523 1734 1550 criminibus
1744 1522 1803 1549 eius
1815 1522 1881 1548 satis

1086 1560 1224 1595 respondi,
1251 1559 1284 1587 de
1308 1561 1368 1595 ipso
1391 1560 1560 1588 emendatore
1583 1565 1610 1587 et
1628 1564 1773 1587 correctore
1791 1564 1882 1586 nostro

1085 1597 1216 1632 quaedam
1232 1597 1343 1624 dicenda
1359 1602 1433 1625 sunt.
1473 1598 1527 1624 Nec
1541 1598 1613 1624 enim
1628 1598 1717 1624 omnia
1732 1596 1879 1628 effundam.

1086 1639 1128 1665 ut,
1145 1635 1169 1660 si
1185 1635 1295 1669 saepius
1309 1634 1498 1662 decertandum
1510 1635 1553 1666 sit,
1566 1639 1596 1661 ut
1605 1635 1664 1666 erit.
1677 1642 1784 1669 semper
1793 1642 1881 1661 novus

1085 1672 1205 1698 veniam:
1227 1680 1308 1707 quam
1324 1671 1476 1699 facultatem
1492 1672 1560 1699 mibi
1571 1671 1716 1699 multitudo
1726 1671 1806 1698 istius
1817 1671 1881 1698 viti-

1085 1717 1160 1735 orum
1172 1713 1395 1744 peccatorumque
1407 1709 1526 1745 largitur.

1140 1746 1233 1773 xvlu.
1255 1747 1297 1773 Η.
1319 1747 1400 1773 Visne
1415 1747 1498 1782 igitur
1518 1751 1542 1773 te
1560 1746 1736 1781 inspiciamus
1749 1753 1765 1772 a
1779 1743 1881 1781 puem‘l

1085 1782 1129 1810 Sic
1144 1784 1248 1818 opinor.
1288 1783 1310 1810 A
1321 1784 1453 1819 principio
1462 1783 1607 1810 ordiamur.
1647 1783 1767 1810 Tenesne
1778 1791 1880 1810 memo-

1084 1821 1132 1851 ria.
1155 1825 1348 1855 praetextatum
1364 1826 1389 1847 te
1406 1820 1563 1848 decoxisse?
1586 1821 1680 1851 Patris.
1697 1820 1816 1855 inquies,
1828 1820 1880 1847 ista

1084 1857 1162 1892 culpa
1182 1862 1231 1884 est.
1271 1858 1408 1885 Concedo:
1438 1859 1537 1885 etenim
1558 1862 1598 1884 est
1617 1858 1723 1893 pietatis
1738 1857 1817 1892 plena
1831 1856 1880 1884 de-

1085 1894 1179 1921 fensio.
1219 1895 1289 1922 lllud
1309 1900 1398 1923 tamen
1418 1895 1544 1922 audaciae
1559 1899 1632 1925 tuae,
1653 1894 1727 1930 quod
1741 1894 1835 1921 sedisti
1850 1895 1879 1921 in

1083 1932 1297 1966 quattuordecim
1312 1932 1462 1964 ordinibus,
1478 1941 1563 1968 quum
1579 1936 1650 1959 esset
1660 1931 1718 1968 lege
1727 1932 1821 1959 Roscia
1832 1931 1880 1958 de·

1083 1970 1232 1996 coctoribus
1249 1974 1338 1997 certus
1350 1970 1425 1997 locus
1435 1970 1605 2000 constitutus,
1618 1969 1743 2004 quamvis
1753 1970 1816 2004 quis
1825 1968 1880 1996 for-

1084 2011 1163 2033 tunae
1184 2007 1258 2038 vitio,
1277 2016 1330 2034 non
1340 2016 1391 2034 suo
1399 2007 1560 2034 decoxisset.
1599 2006 1746 2041 Sumpsisti
1761 2005 1877 2038 viritem,

1083 2053 1164 2079 quam
1175 2045 1263 2071 statim
1274 2044 1435 2072 muliebrem
1446 2049 1534 2081 togam
1545 2043 1700 2071 reddidisti:
1721 2044 1809 2079 primo
1818 2042 1880 2070 vul-
1913 2055 1915 2057 ·

1082 2089 1146 2117 gare
1155 2086 1288 2109 scortum:
1309 2087 1380 2109 certa
1390 2081 1482 2118 flagitii
1493 2090 1603 2112 merces,
1617 2089 1664 2108 nec
1674 2089 1704 2107 ea
1715 2089 1810 2116 parva:
1830 2079 1879 2108 sed

1082 2119 1134 2145 cito
1148 2119 1230 2146 Curio
1249 2120 1400 2150 intervenit,
1417 2119 1466 2155 qui
1481 2124 1506 2146 te
1519 2127 1534 2146 a
1548 2118 1696 2145 meretricio
1705 2122 1820 2153 quaestu
1831 2117 1879 2144 ab·

1082 2155 1172 2187 duxit,
1194 2162 1233 2188 et,
1255 2161 1392 2192 tamquam
1406 2156 1501 2183 stolam
1517 2155 1648 2186 dedisset.
1667 2156 1694 2182 iu
1709 2155 1879 2182 matrimonio

1082 2194 1174 2221 stabili
1199 2199 1224 2220 et
1247 2198 1319 2221 certo
1343 2193 1448 2220 locavit.
1489 2194 1532 2220 45.
1557 2193 1641 2219 Nemo
1660 2201 1790 2227 umquam
1810 2199 1878 2227 puer

1081 2236 1188 2266 emptus
1203 2231 1325 2258 libidinis
1340 2239 1444 2261 caussa,
1457 2235 1511 2257 tam
1523 2229 1574 2257 fuit
1583 2231 1611 2256 in
1623 2229 1724 2256 domini
1737 2233 1875 2264 potestate,

1081 2277 1161 2304 quam
1173 2273 1202 2295 tu
1213 2269 1241 2295 in
1252 2268 1386 2296 Curionis.
1425 2267 1536 2301 Quoties
1551 2272 1576 2294 te
1586 2272 1660 2302 pater
1669 2267 1728 2293 eius
1737 2266 1817 2293 domo
1828 2274 1878 2293 sua

1081 2305 1176 2332 eiecit?
1204 2306 1310 2341 quoties
1329 2305 1454 2332 custodes
1470 2305 1573 2340 posuit,
1599 2312 1632 2331 ne
1651 2303 1733 2330 limen
1747 2302 1878 2330 intrares?

1080 2352 1166 2378 quum
1178 2348 1207 2370 tu
1217 2347 1315 2374 tamen,
1332 2347 1406 2370 nocte
1416 2343 1496 2373 socia,
1504 2342 1624 2369 hortante
1634 2340 1755 2371 libidine.
1766 2345 1877 2376 cogente

1080 2381 1211 2412 mercede,
1224 2389 1272 2415 per
1282 2380 1387 2416 tegulas
1397 2380 1575 2407 demitterere.
1596 2377 1669 2410 Quae
1675 2376 1878 2413 ssagitiadomus,

1080 2417 1127 2444 illa
1146 2417 1250 2444 diutius
1270 2417 1338 2444 ferre
1359 2426 1411 2444 non
1430 2417 1525 2452 potuit.
1566 2415 1669 2446 Scisne‚
1689 2423 1732 2441 me
1746 2414 1780 2441 de
1793 2414 1876 2441 rebus

1081 2455 1147 2482 mibi
1159 2455 1307 2482 notissimis
1317 2454 1422 2481 dicere?
1440 2452 1586 2481 Recordare
1591 2451 1875 2487 tempusillud.quum

1081 2497 1154 2527 pater
1164 2492 1245 2519 Curio
1255 2500 1377 2519 maerens
1387 2491 1488 2518 iacebat
1498 2491 1526 2517 in
1538 2490 1617 2516 lecto:
1631 2489 1704 2516 filius
1715 2497 1744 2515 se
1753 2488 1788 2515 ad
1793 2488 1875 2524 pedm

1080 2538 1154 2556 meos
1173 2534 1341 2565 posternens,
1364 2528 1505 2555 lacrimans
1525 2532 1550 2554 te
1569 2527 1637 2553 mibi
1655 2525 1873 2558 commendabat;

1079 2567 1183 2598 orabat,
1210 2571 1241 2594 ut
1264 2570 1290 2593 te
1313 2570 1402 2593 contra
1426 2573 1508 2592 suum
1531 2568 1647 2599 patrem,
1672 2564 1697 2590 si
1720 2563 1875 2590 sestertium

1079 2604 1202 2640 sexagies
1213 2607 1322 2638 peteret,
1335 2602 1519 2629 defenderem:
1545 2606 1648 2628 tantum
1659 2600 1730 2627 enim
1745 2609 1775 2626 se
1784 2608 1833 2635 pro
1848 2604 1874 2630 ta

1312 2641 1372 2675 Ipse
1382 2644 1472 2666 autem
1483 2647 1572 2665 amore
1581 2638 1678 2664 ardens
1687 2636 1870 2667 confirmabat,

235 2681 296 2701 esse
307 2678 341 2701 te.
367 2674 409 2701 Me
421 2684 506 2707 nemo,
519 2677 569 2703 nisi
581 2678 692 2709 amicus,
707 2677 769 2704 fecit
780 2677 914 2709 heredem,
926 2682 956 2705 ut
965 2686 1028 2705 cum
1049 2673 1059 2703 Η
1078 2677 1151 2713 quod
1171 2677 1335 2705 desiderium
1359 2677 1398 2704 tui
1417 2676 1524 2704 discidii
1538 2675 1607 2703 ferre
1621 2683 1673 2702 non
1687 2678 1786 2710 posset,
1804 2673 1875 2701 sein
