1941 3052
363 137 689 165 EPISTOLARUM
719 136 771 162 AD
800 132 1457 161 ATTICUMLlss.xl.EP.15—-22.

89 211 163 239 nullo
179 210 266 246 ipsius
282 208 392 240 delicto,
409 217 516 235 summa
531 208 610 243 culpa
622 215 691 234 mea.
731 208 823 241 Itaque
835 215 848 232 a
860 211 884 232 te

89 257 177 284 neque
192 246 402 274 consolationem
417 247 485 277 iam,
507 254 561 281 qua
576 253 675 280 cupere
689 249 713 271 te
734 245 773 271 uti
794 243 882 273 video.

89 295 138 314 nec
149 284 303 315 consilium,
316 283 389 318 quod
399 284 459 318 capi
470 283 577 310 nullum
588 286 684 317 potest,
693 285 832 316 exspecto:
846 285 886 307 te-

89 331 142 359 que
153 322 243 349 omnia
253 330 338 356 quum
350 320 537 355 superioribus
547 328 627 355 saepe
639 319 744 348 litteris,
756 324 813 345 tum
825 326 887 352 pro-

90 361 173 388 ximis
188 363 305 386 tentasse
321 358 452 394 intelligo.
492 358 549 393 Ego
565 365 627 384 cum
642 356 770 383 Sallustio
781 356 888 382 Cicero-

90 406 152 425 nem
163 396 197 423 ad
208 396 348 423 Caesarem
359 396 465 422 mittere
475 395 636 430 cogitabam.
658 393 774 420 Tulliam
786 397 885 423 autem,

90 443 142 462 non
154 433 282 461 videbam
293 441 352 459 esse
363 441 501 463 caussam,
518 441 567 458 cur
580 431 684 458 diutius
698 439 804 457 mecum
816 434 887 456 tanto

90 474 119 499 in
134 471 273 498 communi
288 479 407 497 maerore
422 471 575 497 retinerem.
616 470 707 504 Itaque
724 468 803 494 matri
818 475 885 497 eam,

90 518 177 544 quum
196 509 315 544 primum
331 516 379 542 per
398 508 486 542 ipsam
502 506 607 537 liceret,
625 514 698 532 eram
712 506 886 532 remissurus.

91 547 142 573 Pro
153 555 191 576 ea.
205 554 288 581 quam
299 545 332 571 ad
344 544 454 571 modum
465 543 628 571 consolantis
639 543 783 577 scripsisti,
797 542 817 568 ὢ
831 541 887 570 τάν,

91 593 122 610 ea
133 588 225 618 putato
236 591 279 609 me
290 583 442 617 scripsisse,
450 590 519 617 quae
532 586 559 607 tu
571 582 629 616 ipse
641 580 771 616 intelligis
778 587 889 613 respon-

92 622 150 648 deri
162 621 292 656 potuisse.
332 622 358 646 2.
379 619 456 651 Quod
467 619 587 653 Oppium
602 623 690 644 tecum
706 617 803 644 scribis
815 616 890 643 locu-

93 664 159 689 tum,
174 667 226 684 non
237 657 363 684 abhorret
373 665 386 682 a
398 665 456 682 mea
467 656 622 691 suspicione
632 656 692 682 eius
702 655 795 681 oratio.
836 653 890 680 Sed

93 705 146 722 non
163 695 270 725 dubito.
288 695 356 729 quin
372 695 431 720 istis
444 693 602 729 persuaderi
613 692 688 719 nullo
700 691 778 718 modo
794 692 887 726 possit,

93 742 138 763 ea,
156 741 225 768 quae
240 732 351 762 faciant,
369 731 438 757 mihi
454 731 561 766 probari
574 738 668 765 posse,
686 737 796 764 quoquo
811 728 890 754 modo

95 771 198 805 loquar.
238 770 294 805 Ego
314 774 402 795 tamen
424 773 483 794 utar
503 767 697 797 moderatione,
718 774 772 801 qua
788 770 889 800 potero.

93 808 278 842 Quamquam,
295 805 363 841 quid
378 814 436 832 mea
453 805 570 836 intersit,
588 809 723 831 uteorum
734 803 827 830 odium
838 811 890 829 non

94 845 220 874 subeam,
238 852 290 870 non
305 842 436 878 intelligo,
477 844 501 869 3.
517 843 553 868 Te
564 843 634 869 iusta
645 850 740 868 caussa
752 840 889 875 impediri,

93 891 148 917 quo
164 883 255 908 minus
270 880 303 906 ad
319 889 367 906 nos
382 880 488 910 venias,
512 879 604 911 video,
628 879 711 914 idque
729 878 798 905 mihi
814 877 892 904 valde

95 919 238 946 molestum
249 922 297 944 est.
319 917 399 943 Illum
411 917 444 944 ab
455 916 617 943 Alexandria
628 916 797 947 discessisse,
813 923 892 942 nemo

95 957 212 988 nuntiat;
245 959 415 989 constatque,
447 962 480 981 ne
505 953 655 989 profectum
680 953 792 989 quidem
816 952 892 979 illinc

94 1001 259 1029 quemquam
271 997 331 1027 post
340 992 404 1018 Idus
415 992 502 1022 Mart..
516 1000 565 1018 nec
576 996 636 1026 post
645 991 709 1018 Idus
719 990 846 1017 Decemb.
859 990 892 1016 ab

94 1032 142 1058 illo
152 1031 227 1057 datas
238 1030 307 1057 ullas
320 1029 429 1056 litteras
470 1029 511 1056 Ex
525 1037 580 1064 quo
595 1028 738 1064 intelligis,
759 1028 842 1059 illud,
859 1027 893 1053 de

95 1068 192 1095 litteris
211 1076 236 1094 a.
257 1067 285 1093 d.
306 1075 333 1093 v.
349 1067 389 1093 Id.
409 1066 488 1093 Febr.
507 1066 591 1097 datis,
613 1066 697 1101 (quod
716 1066 795 1092 inane
811 1070 891 1096 esset,

95 1106 201 1132 etiamsi
213 1113 308 1131 verum
318 1104 410 1139 esset,)
421 1113 474 1131 non
486 1112 581 1130 verum
592 1112 662 1130 esse.
694 1104 723 1130 L.
737 1104 893 1130 Terentium

95 1143 255 1170 discessisse
275 1150 309 1169 ex
329 1141 418 1168 Africa
438 1142 550 1172 scimus,
572 1142 753 1176 Paestumque
774 1141 891 1167 venisse.

95 1181 167 1213 Quid
179 1181 202 1207 is
214 1180 312 1210 afferat,
328 1184 375 1206 aut
384 1188 438 1214 quo
449 1179 529 1206 modo
539 1179 644 1210 exierit,
653 1183 698 1206 aut
708 1178 776 1214 quid
787 1179 814 1204 in
821 1177 894 1204 Afri-

95 1227 126 1245 ca
138 1218 192 1249 flat,
205 1218 275 1244 scire
285 1216 379 1243 velim.
401 1217 504 1243 Dicitur
514 1217 587 1243 enim
598 1225 647 1251 per
656 1216 800 1243 Nasidium
811 1216 895 1241 emis-

96 1264 144 1282 sus
159 1263 228 1282 esse.
269 1254 298 1280 ld
313 1254 393 1289 quale
408 1254 456 1285 sit,
480 1254 576 1286 velim,
594 1255 618 1280 si
634 1254 786 1285 inveneris,
802 1253 836 1279 ad
852 1261 895 1279 me

96 1293 210 1320 scribas.
251 1293 287 1318 De
299 1292 362 1318 li-S
374 1300 402 1323 x,
414 1296 445 1318 ut
455 1291 562 1323 scribis,
576 1291 682 1318 faciam.
713 1291 788 1317 Vale.
814 1298 892 1317 xvru.

97 1330 211 1357 Kalend.
226 1330 318 1362 Quint.

152 1400 238 1421 XVIII.
267 1400 381 1421 (Brundisii.
392 1401 470 1418 Caesare
480 1400 526 1418 dici.
538 1400 593 1422 707.)

282 1435 451 1463 CICERO
479 1434 650 1462 ATTICO
678 1434 707 1461 S.

156 1476 179 1500 l.
202 1469 246 1499 De
262 1473 337 1500 illius
349 1472 510 1499 Alexandria
524 1472 648 1499 discessu
663 1471 731 1498 nihil
746 1471 835 1498 adhuc
850 1479 896 1497 ru-

98 1512 190 1542 moris,
203 1516 348 1545 contraque
359 1510 460 1545 opinio,
473 1509 551 1536 valde
561 1518 620 1536 esse
632 1509 804 1545 impeditum.
845 1509 897 1535 lta-

97 1558 151 1584 que
164 1557 212 1575 uec
223 1549 308 1579 mitto,
322 1552 351 1574 ut
361 1548 561 1578 constitueram,
575 1548 740 1578 Ciceronem,
749 1551 775 1573 et
786 1551 810 1573 te
821 1554 894 1581 rogo,

97 1592 128 1613 ut
139 1594 181 1612 me
194 1586 256 1612 hinc
270 1585 408 1620 expedias
449 1584 571 1617 Quodvis
586 1585 659 1611 enim
674 1584 843 1619 supplicium
859 1583 897 1609 le-

99 1625 161 1650 vius
172 1628 212 1649 est
223 1623 272 1649 hac
283 1623 481 1657 permansione.
521 1623 574 1648 Hac
587 1622 621 1648 de
631 1630 658 1648 re
669 1627 695 1648 et
705 1622 738 1648 ad
749 1622 896 1648 Antonium

98 1661 205 1696 scripsi,
222 1665 247 1687 ct
260 1660 293 1687 ad
304 1660 418 1686 Balbum
429 1659 499 1686 etad
509 1660 639 1694 Oppium.
680 1660 742 1686 Sive
754 1660 826 1685 enim
839 1658 897 1685 bel-

100 1698 156 1725 lum
170 1699 197 1725 in
207 1698 282 1725 Italia
297 1697 417 1724 futurum
433 1702 486 1728 est,
509 1698 568 1723 sive
583 1697 718 1724 classibus
733 1701 835 1728 utetur,
853 1696 897 1722 hic

99 1744 157 1762 esse
166 1744 216 1765 me,
225 1736 337 1761 minime
348 1735 486 1761 convenit:
500 1743 616 1769 quorum
629 1734 739 1761 fortasse
751 1739 897 1768 utrumque

99 1774 162 1803 erit,
188 1772 302 1799 alterum
321 1777 401 1798 certe.
441 1773 466 1798 2.
489 1771 612 1798 Intellexi
631 1772 742 1798 omnino
761 1780 795 1798 ex
814 1771 897 1806 Oppii

99 1819 235 1841 sermone,
253 1818 334 1845 quem
350 1814 378 1836 tu
395 1809 464 1835 mihi
479 1810 627 1844 scripsisti,
645 1817 714 1844 quae
730 1809 842 1835 istorum
854 1809 897 1834 via

99 1853 183 1875 esset:
196 1847 254 1878 sed,
267 1852 297 1874 ut
307 1855 365 1873 cam
376 1845 476 1877 flectas,
489 1852 514 1874 te
526 1855 598 1883 rogo.
639 1846 713 1873 Nihil
723 1847 834 1873 omnino
844 1846 897 1872 iam

99 1889 238 1920 exspecto,
257 1885 309 1911 nisi
321 1885 463 1911 miserum.
504 1883 557 1911 Sed
569 1884 619 1910 hoc
634 1884 782 1919 perditiuS,
801 1884 827 1910 in
844 1892 898 1918 quo

101 1931 173 1950 nunc
183 1930 259 1953 sum,
273 1922 331 1947 [ieri
342 1921 409 1948 nihil
422 1926 518 1956 potest.
559 1921 660 1954 Quare,
673 1926 772 1948 etcum
784 1921 899 1948 Antonio

101 1959 220 1994 loquare,
237 1958 328 1989 velim,
341 1963 439 1985 etcum
451 1959 523 1991 istis3
537 1963 564 1985 et
574 1967 639 1989 rem,
654 1963 682 1985 ut
693 1959 802 1993 poteris,
815 1966 899 1993 expe-

100 1997 173 2029 dias,
188 1995 292 2023 etmihi
302 2004 383 2030 quam
396 1996 513 2030 primum
525 1995 558 2022 de
569 1995 698 2022 omnibus
709 1995 790 2022 rebus
801 1996 899 2022 rescri—

102 2034 159 2061 bas.
186 2033 260 2060 Vale.
286 2041 335 2059 xn.
348 2032 406 2059 Kal.
418 2032 510 2065 Quint.

156 2103 220 2124 ΧΙΧ.
250 2103 362 2128 (Brundisii,
373 2104 450 2121 (Ὶιι-,νιυυ
460 2103 506 2121 (lid.
515 2105 570 2124 707.)

286 2137 454 2166 CICERO
482 2137 651 2165 ATTICO
681 2138 709 2164 S.

160 2179 184 2204 l.
206 2171 303 2209 Quum
320 2177 373 2203 tuis
389 2175 452 2202 darc
467 2183 573 2210 possem
586 2175 700 2206 litteras,
719 2183 771 2201 non
783 2179 901 2210 praeter-

102 2215 176 2245 misi,
189 2214 249 2245 ctsi,
262 2213 336 2249 quod
346 2213 502 2244 scriberem,
516 2221 568 2239 non
580 2212 724 2239 habebam.
756 2212 796 2239 Tu
808 2211 840 2239 ad
853 2221 901 2239 nos

102 2257 129 2280 et
144 2252 231 2278 rarius
246 2251 357 2282 scribis,
380 2259 462 2285 quam
478 2249 598 2281 solebas,
620 2255 646 2276 et
661 2250 787 2277 brevius:
809 2249 898 2279 credo,

102 2290 167 2326 quia
183 2288 252 2316 nihil
269 2288 365 2319 habes,
387 2287 460 2323 quod
477 2296 519 2314 me
534 2292 613 2322 putes
630 2287 744 2314 libenter
756 2287 843 2323 legere
855 2291 902 2313 aut

103 2326 197 2354 audire
208 2334 297 2361 posse.

104 2363 248 2399 lecumque
258 2364 317 2394 erit,
331 2362 444 2389 scribas.

103 2402 139 2429 sit
149 2400 311 2436 optandum,
328 2401 352 2427 si
366 2400 432 2435 quid
448 2400 491 2435 agi
503 2399 536 2426 do
550 2407 615 2434 pace
626 2399 725 2434 possit;
743 2399 816 2434 quod
828 2398 902 2425 nulla

103 2438 232 2474 equidem
243 2438 328 2465 habeo
339 2439 367 2464 in
378 2446 436 2472 spe.
470 2436 532 2468 Sed,
545 2437 648 2472 quiatu
660 2435 901 2463 leviterinterdum
932 2450 933 2455 =

103 2475 255 2512 significas,
272 2476 346 2512 cogis
358 2484 400 2501 mo
411 2482 532 2510 sperare,
549 2473 622 2509 quod
633 2473 780 2508 optandum
793 2473 840 2500 vix
851 2478 901 2499 est.

104 2514 131 2539 2.
153 2512 314 2540 Philotimus
325 2512 426 2540 dicitur
437 2511 506 2539 Idib.
519 2511 594 2538 Sext.
630 2510 704 2537 Nihil
716 2510 801 2537 habeo
812 2510 845 2536 do
857 2509 903 2537 illo

105 2549 233 2585 amplius.
259 2550 309 2581 Tu,
326 2549 418 2581 velim,
431 2549 465 2576 ad
477 2558 506 2575 ea
519 2548 586 2575 mihi
598 2548 740 2579 rescribas,
753 2556 822 2583 quae
833 2547 866 2573 ad
879 2552 902 2574 te

105 2592 181 2614 antea
192 2587 300 2623 scripsi.
340 2587 407 2614 Mihi
419 2591 522 2614 tantum
534 2585 662 2620 temporis
673 2586 738 2612 satis
754 2590 807 2616 est,
825 2584 900 2615 (lum,

105 2625 173 2652 utin
185 2625 312 2660 pessimis
324 2624 418 2655 rebus,
436 2623 540 2659 aliquid
556 2631 680 2653 caveam,
697 2623 746 2658 qui
761 2621 830 2649 nihil
842 2630 903 2649 um-

104 2669 188 2697 quam
201 2661 272 2688 cavi.
314 2661 386 2689 Vale.
426 2670 465 2688 xr.
478 2660 537 2687 Kal.
553 2660 627 2687 Sext.

927 1754 928 1764 ι
950 1750 1001 1775 tur,
1015 1745 1074 1771 etsi
1087 1743 1142 1770 ullo
1156 1742 1235 1769 modo
1247 1742 1303 1768 fieri
1314 1745 1413 1776 posset.

339 2326 529 2352 Verumtamen
542 2324 634 2356 velim,
647 2325 670 2351 si
681 2324 749 2360 quid
760 2325 820 2355 crit,
833 2333 902 2359 qua·
932 2318 933 2324 ¹

483 2362 530 2388 Est
540 2366 629 2388 autem
641 2370 736 2393 unum,
749 2362 821 2397 quod
833 2361 901 2388 mihi
932 2368 933 2375 ¹

1677 129 1725 154 [ΗΠ

990 203 1044 223 XX.
1073 203 1185 226 (Brundisii,
1196 203 1274 221 Caesare
1283 203 1328 220 diui.
1340 204 1395 223 707.)

1123 245 1291 274 CICERO
1322 244 1489 272 ATTICO
1520 243 1548 269 S.

996 287 1018 310 l.
1041 279 1166 319 Septimo
1176 283 1281 309 decimo
1293 283 1352 309 Kal.
1365 282 1439 317 Sept.
1453 285 1562 307 venerat
1575 280 1619 306 die
1633 287 1732 306 ΧΧιίιι.

937 321 1058 348 Seleucia
1069 322 1156 347 Pieria
1167 321 1196 348 C.
1209 320 1369 351 Trebonius,
1384 321 1416 350 is,
1429 319 1478 354 qui
1489 326 1517 345 se
1524 317 1680 344 Antiochiae
1692 316 1733 343 di-

938 363 1009 386 ceret
1022 358 1094 393 apud
1106 358 1246 385 Caesarem
1258 357 1360 384 vidisse
1366 356 1497 389 Quintum
1507 355 1594 381 filium
1605 355 1736 381 cumHir—

938 397 984 423 tio.
1025 397 1077 422 Eos
1088 395 1121 422 de
1132 395 1239 428 Quinto.
1253 403 1322 430 quae
1334 394 1491 423 voluissent,
1504 394 1662 427 impetrasse
1674 391 1736 418 nul-

940 434 964 460 lo
979 433 1090 468 quidem
1111 433 1227 468 negotio.
1268 432 1344 464 Quod
1363 440 1413 467 ego
1429 431 1515 466 magis
1530 430 1691 466 gauderem,
1712 438 1735 455 ει

939 472 989 498 ista
1002 471 1079 497 nobis
1095 471 1235 505 impetrata
1250 469 1400 504 quidquam
1413 468 1446 494 ad
1457 476 1533 502 spem
1545 467 1676 502 explorati
1688 466 1737 492 ha—

940 508 1043 534 berent.
1083 507 1135 534 Sed
1151 513 1175 534 et
1191 507 1243 533 alia
1259 506 1378 533 timenda
1393 510 1456 532 sunt
1467 505 1500 531 ab
1512 504 1587 535 aliis,
1606 509 1632 530 et
1642 504 1675 530 ab
1687 504 1737 530 hoc

941 546 1000 580 ipso
1010 553 1079 580 quae
1091 545 1196 575 dantur,
1207 549 1254 570 uta
1266 544 1384 574 domino,
1395 551 1488 569 rursus
1501 543 1527 568 in
1540 541 1662 568 eiusdem
1675 546 1738 567 sunt

941 587 1079 617 potestate.
1119 584 1144 609 ⁶2.
1171 582 1258 608 Etiam
1277 581 1395 607 Salustio
1411 580 1524 616 ignovit.
1564 578 1680 605 Omnino
1695 578 1738 604 di-

940 621 1010 646 citur
1030 620 1133 646 nemini
1153 627 1260 654 negare.
1300 617 1377 650 Quod
1399 618 1489 652 ipsum
1509 621 1548 643 est
1569 621 1735 651 suspectum.

942 658 1076 684 notionem
1092 658 1151 683 eius
1166 656 1277 682 differri.
1318 656 1352 681 M.
1372 654 1477 681 Gallius
1498 653 1529 686 Q.
1552 654 1580 679 F.
1604 654 1737 688 mancipia

941 694 1059 721 Salustio
1075 693 1201 720 reddidit.
1242 694 1266 719 Is
1288 694 1375 723 venit,
1397 696 1424 718 ut
1439 691 1558 727 legiones
1574 691 1600 717 in
1617 690 1737 717 Siciliam

918 751 920 759 ι
942 731 1104 758 traduceret:
1118 736 1143 757 et
1153 731 1276 766 protinus
1288 729 1534 756 iturumCaesarem
1546 729 1639 754 Patris.
1661 727 1739 760 Quod

943 770 966 795 si
977 768 1063 800 faciet,
1077 777 1135 804 ego,
1152 768 1224 803 quod
1236 773 1296 794 ante
1307 766 1424 796 mallem,
1439 766 1528 801 aliquo
1540 766 1652 800 propius
1664 773 1740 791 acce-

942 806 1015 832 dam.
1057 807 1128 832 Tuas
1141 805 1241 832 litteras
1253 805 1285 831 ad
1297 813 1354 835 eas,
1368 804 1470 839 quibus
1482 812 1496 829 a
1508 808 1531 829 te
1543 803 1664 837 proxime
1676 811 1740 828 con-

943 843 1036 870 silium
1046 844 1139 878 petivi,
1154 842 1327 869 vehementer
1337 846 1472 876 exspecto.
1505 840 1578 866 Vale.
1609 848 1666 865 xx'i.
1680 840 1737 865 Kal.

943 881 1081 916 Septemb.

997 950 1061 970 XXI.
1092 951 1204 973 (Brundisii,
1214 951 1293 968 Cacsar«.-
1303 950 1348 967 dict.
1360 951 1415 969 707.)

1128 993 1296 1021 CICERO
1326 991 1496 1019 ATTICO
1529 991 1557 1017 S.

1002 1035 1025 1059 l.
1046 1027 1152 1067 Accepi
1171 1040 1207 1057 vi.
1225 1030 1283 1057 Kal.
1301 1030 1375 1065 Sept.
1393 1029 1494 1056 litteras
1510 1037 1524 1055 a
1539 1034 1577 1058 te,
1599 1027 1674 1054 datas
1691 1036 1740 1054 λιι.

945 1069 1015 1102 Kal.,
1028 1069 1213 1104 doloremque,
1222 1077 1304 1103 quem
1315 1067 1448 1099 eruinti
1459 1066 1560 1093 scelere
1572 1066 1624 1091 iam
1636 1064 1742 1100 pridem

945 1112 1085 1143 acceptum
1096 1108 1151 1134 iam
1161 1106 1325 1136 abieceram,
1340 1105 1406 1131 lecta
1418 1105 1476 1130 eius
1488 1102 1600 1139 epistola
1612 1103 1743 1138 gravissi—

945 1153 1021 1172 mum
1031 1145 1101 1180 cepi.
1142 1145 1183 1171 Tu
1194 1143 1245 1170 etsi
1257 1152 1309 1179 non
1321 1143 1432 1177 potuisti
1444 1140 1499 1167 ullo
1510 1140 1589 1167 modo
1601 1139 1700 1169 facere,
1714 1145 1742 1166 ut

946 1183 1014 1210 mihi
1035 1182 1110 1209 illam
1130 1180 1271 1217 epistolam
1292 1189 1344 1206 non
1361 1180 1494 1206 mitteres:
1517 1183 1605 1205 tamen
1623 1176 1741 1204 mallem.

946 1229 999 1248 non
1013 1228 1072 1247 esse
1083 1220 1205 1246 missam.
1246 1217 1285 1244 Ad
1301 1226 1331 1244 ea
1348 1222 1450 1247 autem,
1468 1225 1537 1251 quae
1552 1215 1650 1241 scribis
1662 1214 1694 1241 de
1706 1220 1744 1241 te—

946 1262 1091 1288 stamento,
1109 1256 1231 1287 videbis,
1244 1255 1311 1291 quid
1327 1259 1353 1281 et
1366 1262 1420 1289 quo
1436 1253 1524 1279 modo.
1565 1253 1601 1279 De
1613 1252 1741 1278 nummis.

947 1300 973 1323 et
984 1295 1029 1322 illa
1041 1295 1081 1321 sic
1091 1295 1213 1329 scripsit,
1231 1298 1261 1319 ut
1271 1301 1321 1328 ego
1332 1291 1365 1318 ad
1377 1296 1401 1318 te
1413 1296 1502 1318 antea:
1526 1295 1552 1317 ct
1563 1299 1623 1320 nos,
1642 1290 1665 1315 si
1677 1289 1745 1324 quid

947 1342 1016 1367 opus
1027 1333 1090 1363 erit,
1109 1336 1218 1358 utemur·
1227 1338 1261 1357 ex
1272 1338 1316 1361 eo,
1333 1329 1367 1355 de
1383 1337 1437 1363 quo
1453 1328 1561 1354 scribis.
1603 1329 1627 1353 2.
1651 1326 1696 1352 llle
1711 1327 1744 1352 ad

948 1370 1007 1397 Kal.
1023 1370 1096 1404 Sept.
1113 1369 1226 1396 Athenis
1242 1376 1294 1394 non
1311 1366 1418 1393 videtur
1434 1365 1498 1392 sore.
1540 1364 1622 1391 Multa
1638 1372 1700 1390 eum
1718 1364 1744 1390 in

947 1409 1010 1434 Asia
1021 1407 1149 1434 dicuntur
1159 1405 1267 1436 morari,
1281 1405 1399 1431 maxime
1411 1403 1571 1429 Pharnaces.
1590 1402 1672 1437 Legio
1684 1409 1742 1431 xu„

948 1445 981 1472 ad
992 1453 1074 1480 quam
1086 1445 1204 1479 primum
1217 1442 1292 1469 Sulla
1303 1442 1389 1471 venit.
1405 1440 1543 1475 lapidibus
1557 1440 1645 1475 egisse
1658 1438 1745 1465 homi-

949 1491 1010 1510 nem
1021 1482 1130 1509 dicitur.
1171 1480 1279 1507 Nullam
1291 1483 1385 1514 putant
1396 1486 1424 1504 se
1435 1482 1638 1504 conunoturam.
1666 1475 1744 1502 Illum

948 1520 1112 1547 arbitrantur
1126 1519 1248 1554 protinus
1263 1517 1348 1543 Patris
1365 1517 1392 1542 in
1407 1515 1536 1541 Siciliam.
1577 1513 1643 1544 Sed,
1661 1514 1684 1539 si
1697 1512 1745 1539 ho(-

949 1559 985 1585 ita
996 1562 1045 1588 est,
1062 1557 1115 1583 huc
1126 1556 1217 1583 veniat
1228 1562 1337 1581 neccsse
1347 1558 1397 1579 est.
1419 1553 1456 1579 Ac
1468 1552 1575 1578 mallem
1588 1551 1665 1577 illum
1678 1550 1743 1576 alio:

949 1604 1011 1622 nam
1022 1595 1086 1621 hinc
1097 1594 1255 1620 evasissem.
1298 1592 1374 1617 Nunc
1386 1595 1484 1620 metuo,
1499 1599 1531 1616 ne
1543 1589 1578 1615 sit
1588 1592 1746 1623 exspectan·

948 1633 1058 1663 dum,et
1068 1640 1129 1657 cum
1143 1630 1256 1665 reliquis
1267 1629 1347 1656 etiam
1360 1627 1410 1654 loci
1421 1628 1539 1663 gravitas
1551 1626 1614 1652 huic
1627 1626 1746 1651 miserri-

950 1678 1008 1696 mae
1023 1668 1190 1704 perferenda.
1232 1669 1256 1693 3.
1278 1665 1355 1699 Quod
1368 1674 1409 1691 me
1422 1674 1528 1695 mones,
1547 1669 1573 1690 ιιι
1586 1672 1615 1689 ca
1629 1663 1744 1691 videam,

949 1715 1018 1743 quae
1032 1706 1065 1733 ad
1077 1711 1184 1740 tempus
1195 1703 1408 1731 accommodem:
1424 1702 1547 1732 facerem,
1556 1702 1578 1727 si
1591 1709 1632 1727 res
1644 1705 1747 1735 patere-

1455 1739 1507 1765 Sed
1521 1739 1545 1765 in
1559 1739 1638 1764 tantis
1651 1738 1747 1764 nostris

950 1782 1067 1817 peccatis
1079 1782 1214 1815 tantisque
1229 1784 1381 1806 nostrorum
1397 1777 1504 1804 iniuriis
1521 1776 1589 1802 nibil
1605 1780 1657 1803 est,
1675 1774 1747 1810 quod

950 1824 996 1847 aut
1006 1819 1092 1845 facere
1103 1818 1216 1854 dignum
1230 1817 1308 1843 nobis
1320 1820 1365 1842 aut
1375 1814 1504 1841 simulare
1516 1814 1628 1848 possim.
1659 1812 1748 1838 Sulla-

951 1866 984 1884 na
998 1855 1118 1883 confers:
1131 1856 1158 1882 in
1170 1854 1272 1890 quibus
1283 1854 1373 1880 omnia
1385 1860 1482 1888 genere
1495 1852 1553 1886 ipso
1565 1849 1748 1885 praeclarissi—

951 1904 993 1921 ma
1015 1894 1137 1924 suerunt,
1165 1892 1346 1919 moderatione
1368 1889 1458 1925 paullo
1480 1890 1570 1915 minus
1592 1893 1745 1922 temperata.

950 1933 1020 1959 llaec
1030 1936 1119 1958 autem
1132 1929 1266 1957 eiusmodi
1278 1933 1354 1958 sunt,
1369 1932 1397 1954 ut
1408 1926 1554 1954 obliviscar
1566 1926 1631 1952 mci:
1651 1924 1748 1950 mulio-

950 1978 1004 2005 que
1015 1969 1117 1999 malim,
1130 1967 1202 2003 quod
1214 1966 1342 1993 omnibus
1354 1966 1389 1992 sit
1401 1964 1507 1991 melius.
1521 1971 1636 1998 quorum
1649 1962 1748 1988 utilim—

951 2008 970 2034 ti
983 2015 1069 2034 meam
1082 2006 1169 2032 iunxi.
1210 2005 1249 2031 Tu
1261 2004 1294 2030 ad
1306 2012 1348 2029 me
1359 2007 1447 2029 tamen
1460 2001 1541 2027 velim
1553 2009 1634 2035 quam
1646 2000 1748 2033 saepis-

951 2045 1019 2071 sime
1031 2043 1143 2074 scribas,
1157 2050 1242 2077 coque
1255 2042 1350 2077 rnangis,
1364 2039 1436 2075 quod
1449 2043 1582 2073 praeterea
1595 2046 1673 2064 ucmo
1683 2037 1749 2062 scri-

953 2082 1003 2113 bit,
1021 2089 1051 2107 ac
1065 2081 1088 2106 si
1105 2088 1212 2110 omnes,
1235 2083 1294 2105 tuas
1310 2083 1397 2105 tamen
1417 2077 1534 2102 maxime
1555 2079 1747 2109 exspectamur

952 2119 1029 2151 Quod
1048 2118 1146 2144 scribis
1162 2117 1239 2143 illum
1256 2124 1303 2150 per
1319 2123 1361 2141 mc
1376 2114 1476 2146 Quinto
1491 2112 1544 2139 sore
1563 2112 1746 2147 placatioremz

930 2153 932 2160 '
952 2156 1049 2191 scripsi
1061 2155 1094 2181 ad
1106 2160 1130 2181 tc
1141 2159 1230 2184 antea,
1247 2161 1309 2179 cum
1321 2152 1410 2178 statim
1423 2152 1522 2183 Quinto
1534 2150 1588 2176 {ilio
1601 2149 1690 2175 omniu
1704 2149 1750 2173 tri-

954 2194 1055 2223 buisse,
1069 2192 1151 2218 nostri
1165 2190 1266 2218 millum
1280 2190 1452 2216 mentionem.
1495 2187 1566 2213 tulo.

1009 2262 1082 2282 XXII.
1112 2263 1223 2283 (ΗιἹιιιιΙι-ιι,
1234 2263 1313 2279 (Humu-
1323 2260 1368 2278 dinl.
1381 2261 1436 2279 707.)

1148 2299 1316 2326 CICERO
1338 2298 1505 2324 ATTICO
1527 2297 1554 2322 S.

1012 2341 1034 2365 l.
1045 2334 1200 2373 Diligenter
1212 2337 1278 2363 mihi
1291 2335 1450 2362 fasciculum
1459 2333 1575 2360 reddidit
1584 2331 1656 2359 Bulbi
1667 2330 1750 2357 tubel-

955 2377 1047 2403 larius.
1089 2375 1186 2409 Accepi
1199 2375 1271 2400 enim
1284 2383 1296 2399 ιι
1309 2378 1334 2399 w
1347 2372 1460 2400 litu-rus,
1477 2371 1579 2406 quihus
1592 2368 1692 2394 videris
1706 2377 1750 2393 u·-

955 2414 1015 2442 reri,
1030 2417 1059 2439 ut
1069 2413 1197 2447 epistolas
1210 2411 1269 2437 illas
1281 2409 1440 2444 acceperim.
1449 2417 1517 2443 quns
1528 2407 1639 2442 quidem
1653 2405 1749 2432 vellum

955 2451 1022 2477 mihi
1035 2459 1182 2484 numquam
1196 2449 1323 2475 redditas.
1363 2448 1501 2473 Auxerunt
1513 2446 1584 2470 euim
1599 2443 1664 2469 mihi
1676 2442 1751 2469 dolo-

955 2497 1023 2515 r‹·m;
1041 2496 1103 2518 nce,
1121 2487 1144 2513 si
1158 2487 1183 2513 in
1195 2486 1314 2521 aliquem
1330 2484 1502 2512 incidissent,
1520 2482 1670 2517 quidquam
1689 2481 1750 2506 novi

925 2546 933 2556 .,
954 2525 1115 2552 attulissent.
1137 2524 1208 2557 Quid
1220 2524 1292 2550 onim
1305 2528 1357 2548 tam
1370 2520 1569 2556 lwrvulgatum,
1582 2527 1663 2554 quam
1677 2517 1751 2543 illius·

955 2564 981 2589 in
994 2571 1036 2589 me
1046 2561 1153 2591 odium,
1171 2566 1196 2587 et
1206 2569 1293 2595 genus
1311 2560 1359 2586 hoc
1377 2556 1543 2584 litterarum?
1556 2555 1628 2591 quod
1641 2564 1674 2582 ne
1685 2555 1750 2581 Cac-

954 2609 997 2626 sar
1007 2599 1118 2635 quidem
1131 2599 1163 2625 ad
1178 2600 1241 2625 istos
1254 2597 1360 2624 videtur
1373 2596 1489 2625 iiiisisse,
1499 2592 1598 2630 [quusi]
1611 2602 1664 2628 quo
1677 2592 1751 2618 illius

955 2637 1125 2672 improbitate
1135 2636 1324 2663 offenderetur.
1337 2633 1394 2663 sod.
1403 2632 1491 2660 credo.
1500 2632 1538 2658 uti
1551 2631 1650 2658 notiora
1663 2634 1750 2656 nostra

955 2674 1023 2701 mala
1037 2678 1136 2701 essent.
1179 2674 1244 2700 Num
1256 2671 1328 2708 quod
1341 2676 1364 2699 tc
1376 2671 1461 2697 vereri
1476 2668 1587 2699 scribis,
1607 2677 1639 2695 nc
1652 2667 1690 2694 illi
1702 2667 1751 2692 oh-

1471 2719 1515 2743 iu
1534 2716 1543 2727 ⁶
