1941 3052
236 128 283 154 fit
700 128 739 152 42.
776 127 809 152 Μ,
844 126 874 152 Τ.

233 198 410 232 liisuwtipsis,
435 203 535 223 tautum
554 197 600 222 luu-
618 202 734 231 tempore
751 197 906 222 uuiversum
927 201 1023 222 cuncto

233 235 330 270 populo
343 236 457 260 tionum«,
469 235 622 259 ‹lein-amus.

287 274 310 297 6,
322 273 384 297 Nam
397 280 480 306 quum
495 272 519 296 iu
533 272 589 305 ipa,
602 270 729 295 benoth-io
742 274 827 295 vestro
839 274 907 294 tauta
920 269 1023 304 magni-

232 308 294 335 tudo
305 314 357 338 est,
376 313 403 334 ut
415 318 470 333 eam
483 307 621 341 complecti
633 307 749 332 oration«-
762 316 811 332 nou
828 307 927 340 possim
937 327 942 335 ,
966 311 1022 332 tum

232 347 257 372 iu
275 346 370 371 studiis
384 346 478 370 vestris
492 349 560 370 tanta
573 345 721 369 animorum
733 343 862 369 declarata
875 347 915 368 est
928 342 1023 369 volun-

232 388 282 413 tas,
307 387 334 408 ut
351 392 400 407 non
418 381 503 406 solum
520 381 694 406 calamitatem
712 380 775 406 mihi
792 380 953 410 detraxisse,
976 379 1022 405 sed

230 420 308 445 etium
325 419 480 454 (lignitatem
498 418 605 443 auxisse
622 417 775 443 videamini.
818 418 859 443 lll.
883 418 939 443 Non
951 418 1021 443 enim

231 465 277 490 pro
289 465 347 481 meo
359 455 458 485 reditu,
478 460 504 480 ut
521 464 567 489 pro
579 455 606 480 Ρ.
621 454 738 489 l‘opillii,
757 454 918 481 nobilissimi
937 454 1023 480 homi-

230 494 284 522 nis,
302 492 481 518 adolescentes
498 492 544 518 lilii
557 496 582 518 et
594 491 670 518 multi
684 496 815 526 praetcrea
828 491 930 526 cognati
943 496 1022 526 atque
1042 502 1044 511 ι

229 530 322 555 nstines
334 529 465 564 deprecati
478 533 554 555 sunt:
578 538 642 559 non,
656 533 685 555 ut
698 538 744 563 pro
755 530 784 561 Q.
800 528 916 558 Metello,
929 528 1022 554 claris·
1042 540 1043 545 ι

229 568 297 592 simo
310 567 378 596 viro,
393 567 443 592 iam
456 571 571 601 spectata
583 570 666 592 aetate
679 566 763 597 tilius,
777 575 827 592 non
842 566 869 592 L.
883 565 1021 591 Diadema-
1042 577 1043 605 ι

229 609 280 634 tus,
294 604 442 629 consularis
453 612 557 629 summa
570 603 722 629 auctoritate
735 604 783 634 vir,
799 613 848 629 non
861 602 1021 629 C.Metellus

228 641 378 671 censorius,
397 650 447 667 non
464 650 554 667 eorum
573 640 662 672 liberi,
681 649 731 667 non
744 641 774 673 Q.
789 640 911 666 Metellus
923 641 1019 675 Nepos,

227 679 342 713 quitum
354 678 520 704 consulatum
539 678 656 712 petebat,
680 687 730 704 non
746 687 866 704 sororum
884 677 945 707 filii.
969 677 1022 703 Lu·
1041 699 1043 710 ,

227 715 305 745 culli,
320 715 440 745 Servilii,
455 716 606 750 Scipiones:
630 715 754 750 permulti
771 716 840 741 enim
854 720 909 741 tum
923 714 1020 740 Metelli

227 757 272 778 aut
289 752 452 778 Metellarum
472 752 545 778 liberi
562 762 609 787 pro
623 754 654 784 Q.
672 752 770 779 Metelli
787 753 872 778 reditu
895 752 971 778 vobis
991 760 1021 777 ac

228 789 347 824 patribus
361 790 456 816 vestris
467 790 694 824 supplicaverunt.
725 789 800 821 Quod
812 790 834 816 si
848 790 934 824 ipsius
945 798 1021 815 sum-

227 836 269 853 ma
285 826 401 861 dignitas
418 827 603 862 maximaeque
619 836 660 853 res
676 832 766 863 gestae
781 827 908 853 nonsatis
921 826 1018 856 valent,

227 869 314 890 tamen
331 863 378 889 tilii
395 865 492 898 pietas,
511 865 721 899 propinquorum
739 873 843 899 preces,
866 863 1020 890 adolescen-
1048 886 1049 890 ,

227 901 294 927 tium
307 900 424 936 squalor,
434 902 563 927 maiorum
577 906 638 928 natu
652 901 774 927 lacrimae
787 901 916 936 populum
925 902 1020 927 noma-

209 965 213 972 ,
227 947 292 964 num
304 947 410 964 movere
422 943 573 973 potuerunt.
599 939 624 964 7.
638 939 703 965 Nam
716 939 745 965 C.
759 939 843 970 Marii,
857 939 904 974 qui
917 943 975 973 post
987 937 1020 964 il-

228 975 266 1002 los
278 979 379 1001 veteres
395 975 558 1002 clarissimos
574 976 740 1007 consulares,
758 981 843 1002 vestra
861 981 1019 1011 patrumque

228 1013 366 1042 memoria,
385 1013 478 1039 tertius
493 1018 552 1039 ante
564 1022 605 1039 ine
617 1013 774 1045 consularis,
791 1014 875 1040 subiit
887 1013 1020 1049 indignis-
1048 1046 1049 1050 Ἰ

225 1050 322 1076 simam
335 1050 465 1077 fortunam
479 1051 704 1085 praestantissima
716 1059 764 1077 sua
775 1050 868 1086 gloria,
877 1050 1019 1077 dissimilis

227 1086 277 1113 suit
293 1088 366 1113 ratio.
408 1088 464 1113 Non
481 1088 551 1114 enim
565 1087 609 1114 ille
620 1087 803 1122 deprecatione
820 1088 910 1118 rediit,
929 1087 975 1114 sed
993 1088 1019 1113 in

225 1124 346 1150 discessu
367 1124 467 1151 civium
489 1126 606 1151 exercitu
623 1133 651 1151 se
667 1125 803 1160 armisque
824 1126 971 1151 revocavit:
995 1129 1020 1150 at

226 1170 268 1187 ine
281 1161 382 1187 nudum
395 1171 407 1188 a
423 1163 595 1197 propinquis,
613 1162 685 1188 nulla
701 1163 856 1198 cognatione
873 1163 1016 1191 munitum,

226 1198 300 1225 nullo
311 1207 444 1225 armorum
457 1208 486 1225 ac
498 1199 629 1225 tunmltus
646 1203 731 1230 metu.
750 1199 779 1225 C.
794 1200 911 1230 Pisonis,
928 1200 1018 1235 generi

226 1236 292 1266 mei,
309 1235 400 1262 divina
410 1237 540 1271 quaedam
554 1242 578 1263 et
589 1237 708 1262 inaudita
720 1238 862 1263 auctoritas
874 1242 953 1272 atque
966 1237 1020 1262 vir—

225 1278 268 1300 tus
285 1272 427 1308 fratrisque
443 1274 585 1300 miserrimi
600 1278 679 1308 atque
694 1274 788 1308 optimi
800 1274 969 1309 quotidianae
982 1273 1020 1299 la—

224 1311 322 1336 crimae
342 1310 487 1346 sordesque
510 1310 637 1347 lugubres
653 1319 666 1337 a
684 1311 759 1337 vobis
774 1311 929 1346 deprecatae
945 1315 1017 1337 sunt.

225 1349 249 1373 8.
273 1347 362 1373 Frater
378 1353 432 1374 erat
448 1357 532 1379 unus,
549 1349 598 1383 qui
613 1357 662 1375 suo
678 1348 801 1383 squalore
814 1353 916 1375 vestros
927 1348 1019 1375 oculos

223 1383 380 1417 inflecteret3
403 1386 450 1420 qui
466 1394 516 1412 suo
532 1384 593 1412 fletu
609 1385 773 1412 desiderium
786 1387 837 1412 mei
849 1386 1019 1412 memoriam-

223 1430 277 1457 que
289 1427 438 1454 renovaret;
460 1423 508 1458 qui
519 1427 659 1454 statuerat,
673 1422 803 1455 Quirites,
817 1423 840 1449 si
853 1432 899 1450 vos
911 1432 953 1449 me
965 1423 1017 1449 sibi

225 1467 276 1486 non
288 1459 482 1491 reddidissetis,
496 1460 616 1486 eamdem
629 1460 720 1486 subire
733 1459 875 1487 fortunam.
897 1461 980 1487 Tanto
992 1461 1018 1487 in

224 1505 266 1522 me
278 1505 365 1523 amore
376 1497 490 1528 exstitit,
508 1502 537 1524 ut
549 1502 656 1534 negaret
667 1497 706 1524 sas
721 1506 793 1529 esse,
811 1506 862 1524 non
879 1497 957 1524 modo
972 1497 1019 1524 do-

223 1533 336 1566 micilio,
354 1534 401 1561 sed
417 1543 449 1561 ne
464 1534 587 1570 sepulcro
602 1534 712 1570 quidem
727 1543 756 1561 se
771 1544 785 1561 a
802 1544 843 1561 me
857 1544 915 1561 esse
927 1535 1019 1561 seiun-

222 1576 305 1597 ctum.
345 1571 395 1598 Pro
411 1580 452 1598 me
465 1577 602 1607 praesente
613 1577 723 1599 senatus
735 1572 929 1608 hominumque
942 1581 1019 1607 prae-

222 1613 292 1635 terea
305 1609 398 1645 viginti
412 1609 496 1636 millia
507 1614 608 1636 vestem
620 1614 804 1636 mutaverunt:
818 1619 865 1645 pro
876 1609 968 1636 eodem
976 1618 1018 1636 me

223 1646 331 1672 absente
353 1647 434 1673 unius
455 1646 606 1682 squalorem
623 1646 769 1682 sordesque
786 1647 902 1673 vidistis.
943 1647 1017 1673 Unus

222 1683 279 1714 hic,
302 1683 349 1718 qui
369 1683 455 1715 domi,
477 1684 525 1719 qui
545 1685 572 1710 in
589 1684 644 1711 foro
660 1688 750 1719 posset
765 1693 823 1710 esse
839 1684 907 1710 mihi
921 1684 1018 1718 pietate

224 1719 304 1751 lilius,
319 1721 445 1747 inventus
458 1726 498 1747 est
508 1721 638 1748 beneficio
649 1730 758 1757 parens,
771 1730 860 1748 amore
872 1721 956 1752 idem,
969 1722 1017 1756 qui

223 1765 330 1791 semper
341 1757 401 1789 suit,
414 1757 502 1784 frater.
536 1759 603 1785 Nam
614 1759 738 1794 coniugis
750 1759 862 1785 miserae
873 1758 982 1793 squalor
993 1763 1018 1785 et

223 1793 324 1825 luctus.
348 1799 426 1830 atque
441 1796 556 1830 optimae
572 1795 640 1822 filiae
656 1804 758 1822 maeror
773 1796 900 1822 assiduus
915 1795 1017 1830 filiique

222 1831 297 1866 parvi
314 1831 477 1859 desiderium
494 1833 547 1859 mei
563 1833 740 1868 lacrimaeque
754 1833 871 1868 pueriles
882 1837 927 1859 aut
938 1833 1018 1859 itine-

222 1868 298 1894 ribus
315 1869 472 1896 necessariis
487 1874 533 1897 aut
548 1879 672 1906 magnam
689 1874 791 1905 partem
808 1871 883 1896 tectis
898 1879 928 1896 ac
945 1875 1017 1896 tene-

222 1905 278 1932 bris
289 1907 501 1933 continebantur.
532 1907 575 1934 IV.
588 1908 674 1940 Quare
686 1907 735 1933 hoc
747 1907 833 1933 maius
845 1912 885 1934 est
897 1912 1016 1934 vestrum

221 1943 249 1969 in
262 1951 309 1969 nos
321 1944 508 1977 promeritum,
526 1944 598 1979 quod
610 1953 661 1971 non
673 1944 840 1971 multitudini
853 1945 1018 1980 propinquo-

223 1988 291 2010 rum,
306 1980 353 2006 sed
366 1981 568 2016 nobismetipsis
581 1990 628 2008 nos
640 1981 805 2008 reddidistis.

277 2018 301 2043 9.
325 2017 377 2043 Sed
388 2018 614 2053 quemadmodum
628 2019 785 2054 propinqui,
801 2027 869 2054 quos
881 2027 930 2054 ego
941 2027 1018 2054 para-

221 2062 249 2080 re
261 2062 312 2080 non
325 2056 407 2089 potui,
417 2056 483 2082 mihi
495 2055 527 2082 ad
539 2056 731 2091 deprecandam
743 2056 919 2082 calamitatem
931 2065 1016 2083 meam

222 2099 274 2117 nou
291 2091 435 2123 affuerunt,
453 2093 491 2119 sic
511 2093 602 2128 (illud,
619 2093 692 2128 quod
709 2102 766 2119 mea
781 2094 868 2120 virtus
884 2098 1016 2128 praestare

221 2128 334 2163 debuit,)
348 2129 490 2161 adiutores,
499 2135 618 2157 auctores
632 2131 830 2166 hortatoresque
842 2131 874 2157 ad
886 2140 928 2157 me
940 2132 1018 2158 resti-

222 2165 352 2192 tuendum
364 2167 398 2193 ita
411 2166 488 2193 multi
501 2167 616 2198 suerunt,
631 2173 660 2194 ut
672 2167 750 2203 longe
761 2169 911 2202 superiores
923 2177 1016 2195 omnes

221 2202 270 2229 hac
281 2203 409 2238 dignitate
422 2205 552 2240 copiaque
567 2214 731 2240 superarem.
772 2206 926 2240 Numquam
941 2205 974 2232 de
985 2206 1014 2232 P.

221 2239 348 2275 Popillio,
365 2241 514 2268 clarissimo
525 2247 604 2277 atque
617 2242 761 2269 fortissimo
773 2243 843 2274 viro;
868 2251 1016 2278 numquam

221 2276 254 2303 de
274 2276 305 2309 Q.
328 2278 447 2309 Metello,
471 2279 640 2306 nobilissimo
659 2284 684 2306 et
705 2280 922 2306 constantissimo
941 2281 1014 2313 cive;

222 2322 369 2349 numquam
381 2315 413 2341 de
426 2316 454 2342 C.
468 2317 562 2347 Mario,
580 2317 690 2343 custode
705 2317 821 2343 civitatis
837 2322 916 2352 atque
930 2317 1017 2352 impe-

221 2351 253 2377 rii
266 2352 356 2383 vestri,
370 2353 397 2378 in
409 2358 501 2379 senatu
514 2354 613 2380 mentio
624 2353 689 2380 facta
702 2359 751 2380 est.
795 2356 834 2380 to.
852 2355 1015 2380 Tribuniciis

221 2389 372 2423 superiores
387 2389 427 2416 illi
443 2391 638 2426 rogationibus,
656 2391 730 2417 nulla
742 2391 895 2418 auctoritate
906 2396 1015 2418 senatus

222 2429 285 2451 sunt
300 2427 424 2453 restituti.
465 2428 565 2454 Marius
581 2437 643 2455 vero
659 2437 711 2454 non
726 2428 805 2454 modo
820 2437 871 2455 non
884 2437 898 2454 a
908 2433 1013 2460 senatu,

222 2461 269 2487 sed
284 2463 362 2489 etiarn
378 2472 506 2498 oppresso
521 2470 615 2492 senatu
631 2470 670 2491 est
685 2466 839 2497 restitutus;
861 2474 910 2492 nec
924 2474 1013 2492 rerum
1035 2459 1037 2496 i

221 2502 356 2533 gestarum
374 2502 500 2528 memoria
515 2503 541 2528 in
557 2502 644 2528 reditu
660 2502 689 2528 C.
707 2502 795 2533 Marii,
817 2502 865 2528 sed
881 2503 1013 2529 exercitus
1034 2529 1036 2544 ι

222 2539 301 2569 atque
312 2544 382 2562 arma
395 2538 545 2565 valuerunt.
585 2539 618 2566 At
628 2539 662 2565 de
677 2547 719 2565 me
735 2543 764 2565 ut
779 2538 891 2570 valeret,
908 2548 1015 2575 semper
1034 2546 1035 2579 ι

1040 2490 1044 2587 Ι

221 2576 330 2598 senatus
351 2572 489 2608 flagitavit:
512 2581 542 2602 ut
561 2575 704 2612 aliquando
723 2576 905 2611 perficeretur,
928 2585 1013 2612 quum

221 2609 340 2642 primum
357 2609 443 2642 licuit,
467 2611 616 2647 frequentia
631 2617 710 2648 atque
723 2613 877 2639 auctoritate
892 2613 1012 2648 perfecit.
1034 2628 1035 2634 ι

1033 2650 1035 2657 ι

221 2645 318 2672 Nullus
335 2646 361 2672 in
378 2655 468 2674 eorum
486 2649 572 2676 reditu
588 2654 676 2677 motus
687 2649 896 2684 municipiorum
907 2655 932 2677 et
943 2650 1014 2677 colo·
1033 2678 1035 2684 ,

909 126 1182 152 (ΣΗΣΕΙΗ)Ν15
1214 126 1400 152 ‹ittATto

1076 196 1178 221 uiarum
1192 195 1276 221 faetus
1288 201 1336 222 est.
1377 197 1409 223 Λι
1421 206 1462 223 me
1474 198 1499 223 in
1512 199 1622 232 patriam
1636 203 1673 224 ter
1684 198 1742 223 suis
1753 197 1865 225 decretis

1076 233 1147 258 ltalia
1159 238 1252 258 cuncta
1265 234 1406 260 revocavit.
1448 234 1501 264 llli,
1516 235 1630 261 inimicis
1642 235 1795 266 intersectis,
1810 244 1865 262 ma-

1074 279 1124 303 gna
1136 269 1236 296 civium
1248 270 1327 296 caede
1340 270 1414 300 tacta,
1428 271 1528 298 reducti
1540 277 1615 298 nunt:
1629 282 1678 307 ego
1690 273 1730 300 iia.
1740 281 1752 297 a
1764 272 1865 307 quibus

1074 307 1174 332 eiectus
1191 316 1264 337 sum,
1283 308 1432 341 provincias
1444 308 1638 339 obtinentibus,
1658 310 1765 335 innnivo
1776 314 1863 335 autem

1074 344 1174 377 optimo
1187 345 1242 370 viro
1252 349 1277 370 et
1289 345 1444 375 mitissimo,
1462 345 1543 372 altero
1556 346 1665 372 consule
1681 346 1808 372 refert-nte
1824 356 1865 372 re*

1075 380 1171 406 ductus
1183 389 1257 407 sum:
1280 390 1363 416 quum
1377 382 1399 407 is
1412 382 1550 412 inimicus,
1567 383 1613 417 qui
1629 383 1661 409 aul
1678 392 1762 409 meam
1776 384 1865 418 perni-

1073 418 1140 443 ciem
1159 426 1248 443 vocem
1265 427 1340 444 suam
1352 420 1541 445 communibus
1554 420 1675 446 hostibus
1687 420 1863 455 praebuisset,

1074 455 1169 488 spiritu
1181 454 1320 481 dumtaxat
1333 456 1440 485 viveret,
1454 466 1480 482 re
1491 457 1600 491 quidem
1614 457 1678 483 intra
1690 466 1782 484 omncs
1795 467 1865 483 mor-

1075 497 1133 517 tuos
1145 492 1301 518 amandatus
1313 498 1391 519 esset.
1427 493 1456 519 V.
1472 495 1511 519 ll.
1529 494 1679 529 Numquam
1691 494 1723 520 de
1734 495 1762 520 Ρ.
1776 495 1865 530 Popil-

1075 529 1109 554 lio
1121 529 1139 554 L
1163 529 1300 564 Opimius.
1319 529 1482 556 fortissimus
1496 531 1603 561 consul,
1621 539 1767 566 numquam
1783 531 1816 558 de
1830 531 1862 564 Q.

1074 565 1179 592 Metello
1190 576 1241 593 nou
1255 566 1332 593 modo
1343 566 1371 593 C.
1381 567 1487 597 Marius,
1501 569 1548 603 qui
1560 573 1615 594 erat
1626 569 1760 599 inimicus,
1773 568 1819 595 sed
1832 578 1865 595 ne

1074 603 1096 628 is
1108 603 1231 638 quidem,
1249 605 1295 638 qui
1312 609 1421 630 secutus
1436 609 1488 634 est,
1507 606 1541 631 M.
1556 606 1698 636 Antonius,
1717 605 1796 632 homo
1809 605 1864 633 elo-

1072 641 1278 675 quentissimus,
1291 650 1352 667 cum
1366 643 1396 668 A.
1410 642 1506 668 Albino
1516 642 1616 678 collega
1628 647 1748 668 senatum
1761 647 1805 668 aut
1816 651 1865 678 po-

1073 677 1167 712 pulum
1180 683 1219 704 est
1230 678 1394 704 cohortatus:
1418 684 1443 705 at
1459 688 1506 714 pro
1522 688 1563 706 me
1579 680 1729 714 superiores
1740 680 1864 707 consules

1072 723 1186 749 semper,
1201 720 1229 741 ut
1241 715 1375 747 referrent,
1390 715 1497 751 flagitati
1510 721 1586 743 sunt:
1599 717 1646 743 sed
1659 717 1734 743 veriti
1746 722 1818 747 sunt,
1832 726 1864 744 ne

1072 753 1172 788 gratiae
1182 761 1276 778 caussa
1290 752 1373 779 facere
1386 754 1551 784 viderentur,
1568 754 1639 789 quod
1651 754 1716 780 alter
1728 754 1793 780 mibi
1805 753 1864 780 asti-

1073 790 1114 815 nis
1126 794 1193 820 erat,
1207 789 1315 816 alterius
1327 799 1448 817 caussam
1460 792 1553 826 capitis
1566 799 1728 826 receperam:
1744 792 1791 826 qui
1803 800 1864 826 pro-

1074 827 1220 853 vinciarum
1231 826 1334 853 foedere
1347 828 1453 859 irretiti,
1471 833 1554 854 totum
1568 828 1644 854 illum
1656 837 1756 855 annum
1768 837 1865 864 quere-

1073 863 1110 889 las
1121 868 1243 894 senatus,
1263 864 1363 891 luctum
1375 865 1518 896 bonorum,
1533 865 1620 892 ltaliae
1631 866 1760 901 gemitum
1773 871 1864 900 pertu-

1073 901 1167 927 lerunt.
1195 901 1320 928 Kalendis
1334 911 1394 928 vero
1406 903 1459 928 lan.
1473 908 1644 938 posteaquam
1657 903 1718 929 orba
1731 903 1864 938 respubli-

1071 947 1099 964 ca
1111 938 1230 965 consulis
1243 938 1335 969 fidem,
1350 944 1483 974 tamquam
1498 939 1607 976 legitimi
1621 941 1723 970 tutoris,
1738 940 1864 975 implora·

1047 992 1049 1000 ι
1073 975 1122 1006 vit,
1137 976 1165 1002 l’.
1179 976 1308 1002 Lentulus
1318 976 1425 1007 consul,
1439 986 1547 1012 parens,
1565 977 1632 1003 deus
1644 977 1738 1003 salutis
1749 983 1863 1009 nostrae,

1072 1013 1154 1043 vitae,
1169 1012 1300 1044 fortunae,
1315 1015 1470 1044 memoriae,
1484 1015 1613 1045 nominis,
1627 1014 1740 1041 simulac
1751 1014 1783 1041 de
1794 1014 1865 1041 sole-

1072 1050 1127 1076 mni
1149 1050 1276 1086 religione
1297 1051 1396 1080 retulit,
1420 1051 1486 1078 nihil
1509 1052 1686 1078 humanarum
1707 1060 1795 1078 rerum
1810 1052 1863 1078 sibi

1072 1088 1155 1121 prius,
1169 1087 1294 1122 quamde
1306 1097 1347 1114 me
1359 1088 1491 1124 agendum
1504 1089 1641 1115 iudicavit.
1683 1090 1723 1115 ⁴2.
1737 1089 1823 1124 Atque
1834 1097 1865 1116 eo

1071 1125 1114 1150 die
1129 1124 1245 1151 confecta
1263 1134 1303 1151 res
1319 1131 1399 1155 esset,
1418 1126 1468 1152 nisi
1485 1127 1507 1152 is
1524 1126 1648 1152 tribunus
1665 1125 1766 1161 plebis,
1783 1135 1863 1161 quern

1071 1170 1120 1197 ego
1131 1162 1256 1188 maximis
1268 1162 1404 1189 beneflciis
1415 1168 1582 1198 quaestorem
1595 1163 1687 1189 consul
1697 1172 1862 1190 ornaveram.

1070 1207 1156 1233 quum
1168 1203 1193 1224 et
1204 1204 1316 1225 cunctus
1327 1200 1404 1230 ordo,
1423 1205 1448 1226 et
1465 1200 1542 1226 multi
1558 1209 1620 1226 eum
1632 1201 1731 1226 summi
1745 1201 1794 1227 viri
1806 1209 1864 1227 ora-

1071 1240 1142 1267 rent,
1160 1241 1185 1262 et
1196 1236 1244 1263 Cn.
1257 1236 1361 1271 Oppius
1373 1246 1459 1268 socer,
1477 1238 1596 1272 optimus
1608 1238 1656 1268 vir,
1669 1237 1702 1263 ad
1713 1237 1795 1272 pedes
1805 1238 1864 1264 eius

1071 1272 1136 1299 fleus
1152 1273 1260 1303 iaceret,
1279 1279 1381 1300 noctem
1397 1274 1448 1300 sibi
1465 1275 1497 1300 ad
1512 1274 1715 1301 deliberandum
1731 1275 1865 1309 postulas-

1071 1315 1124 1336 set:
1137 1319 1206 1345 quae
1217 1310 1373 1337 deliberatio
1385 1320 1435 1338 non
1448 1312 1474 1338 in
1486 1312 1864 1347 reddenda,quemadmodurn

1072 1347 1194 1374 nonnulli
1206 1348 1416 1379 arbitrabantur,
1429 1349 1486 1380 sed,
1501 1354 1529 1375 ut
1540 1349 1700 1384 patefactum
1712 1354 1764 1380 est,
1778 1350 1805 1376 in
1817 1358 1865 1376 au-

1070 1385 1156 1420 genda
1168 1385 1288 1412 mercede
1298 1390 1456 1421 consumpta
1467 1391 1518 1412 est.
1543 1408 1546 1411 .
1558 1387 1649 1413 Postea
1665 1395 1706 1412 res
1720 1392 1775 1413 acta
1787 1388 1864 1414 estin

1071 1427 1165 1448 senatu
1176 1422 1226 1448 alia
1238 1423 1326 1456 nulla,
1349 1428 1374 1450 et
1388 1432 1474 1458 quum
1491 1424 1571 1450 variis
1587 1423 1734 1450 rationibus
1750 1424 1865 1459 impedi-

1071 1464 1155 1490 retur,
1172 1459 1308 1486 voluntate
1325 1466 1411 1487 tamen
1423 1461 1537 1496 perfecta
1547 1466 1656 1487 senatus
1667 1469 1761 1487 caussa
1772 1461 1804 1487 ad
1817 1470 1864 1488 vos

1070 1505 1162 1523 mense
1174 1497 1414 1524 1an.del'erebatur.
1439 1500 1478 1524 ⁴3.
1491 1498 1653 1525 luctantum
1665 1498 1785 1524 interfuit
1797 1499 1865 1526 inter

1071 1542 1112 1560 me
1124 1539 1149 1561 et
1159 1534 1283 1561 inimicos
1294 1544 1377 1562 meos.
1399 1535 1463 1572 Ego,
1471 1544 1556 1572 quum
1567 1536 1688 1562 homines
1698 1536 1725 1562 in
1737 1535 1864 1562 tribunali

1070 1571 1179 1598 Aurelio
1208 1571 1296 1606 palam
1327 1573 1458 1599 conscribi
1488 1573 1686 1608 centuriarique
1719 1573 1862 1605 vidissem

1069 1617 1154 1644 quum
1172 1609 1362 1646 intelligerem,
1380 1614 1482 1636 veteres
1497 1610 1530 1636 ad
1545 1619 1621 1645 spem
1635 1610 1724 1636 caedis
1736 1610 1865 1637 Catilinae

1069 1647 1159 1680 copias
1171 1654 1230 1672 esse
1242 1651 1391 1679 revocatas3
1408 1656 1493 1682 quum
1505 1647 1634 1678 viderem,
1647 1656 1680 1674 ex
1691 1656 1720 1673 ea
1731 1652 1805 1682 parte
1816 1647 1865 1674 ho—

1070 1683 1169 1714 mines,
1186 1684 1264 1710 cuius
1281 1685 1363 1719 partis
1379 1693 1427 1710 nos
1443 1683 1484 1710 vel
1499 1685 1634 1719 principes
1646 1684 1862 1715 numerabamur,

1070 1721 1165 1756 partim
1177 1720 1249 1755 quod
1262 1721 1328 1747 mihi
1340 1721 1504 1752 inviderent,
1522 1722 1618 1756 partim
1633 1721 1705 1756 quod
1721 1721 1773 1747 sibi
1787 1722 1864 1748 time-

1069 1762 1140 1788 rent,
1164 1762 1209 1784 aut
1220 1758 1367 1792 proditores
1378 1767 1438 1785 esse
1453 1763 1498 1784 aut
1510 1758 1657 1785 desertores
1668 1758 1763 1785 salutis
1775 1767 1862 1791 meae;

1069 1803 1154 1830 quum
1165 1795 1219 1821 duo
1229 1795 1362 1826 consules,
1376 1796 1457 1830 empti
1470 1796 1590 1830 pactione
1602 1796 1865 1831 provinciarum,au-

1068 1836 1153 1858 ctores
1164 1840 1193 1858 se
1204 1832 1321 1858 inimicis
1333 1832 1495 1867 reipublicae
1507 1833 1691 1866 tradidissent;
1705 1842 1790 1868 quum
1802 1842 1863 1870 ege—

1069 1873 1177 1901 statem,
1191 1870 1338 1901 avaritiam,
1353 1869 1479 1896 libidines
1491 1879 1554 1896 suas
1566 1870 1686 1896 viderent
1698 1870 1799 1905 expleri
1811 1879 1862 1897 non

1069 1915 1161 1941 posse,
1179 1907 1229 1933 nisi
1247 1915 1289 1933 me
1304 1908 1476 1933 constrictum
1487 1907 1641 1934 domesticis
1654 1907 1776 1934 hostibus
1787 1907 1864 1934 dedi-

1069 1944 1186 1974 dissent:
1207 1953 1292 1979 quum
1314 1949 1423 1971 senatus
1439 1945 1599 1980 equitesque
1614 1945 1725 1971 Romani
1741 1944 1802 1971 llere
1816 1953 1864 1980 pro

1070 1989 1112 2007 me
1127 1989 1156 2007 ac
1168 1986 1268 2007 mutata
1279 1986 1354 2008 veste
1366 1982 1442 2008 vobis
1454 1981 1606 2017 supplicare
1617 1981 1711 2008 edictis
1722 1986 1801 2017 atque
1813 1983 1864 2009 im-

1068 2019 1150 2054 periis
1170 2023 1337 2052 vetarentur3
1359 2027 1445 2054 quum
1465 2019 1586 2046 omnium
1602 2019 1800 2054 provinciarum
1815 2027 1864 2054 pa-

1068 2057 1183 2087 ctiones,
1200 2065 1286 2091 quum
1298 2057 1386 2083 omnia
1397 2065 1458 2082 cum
1470 2056 1597 2083 omnibus
1610 2056 1727 2088 loedera,
1745 2057 1863 2083 reconci-

1070 2093 1191 2119 liationes
1201 2094 1357 2129 gratiarum,
1371 2094 1503 2129 sanguine
1514 2102 1573 2120 meo
1583 2093 1764 2126 sancirentur;
1776 2101 1863 2128 quum

1068 2139 1161 2157 omnes
1172 2130 1235 2156 boni
1247 2139 1299 2157 non
1311 2135 1478 2162 recusarent,
1501 2131 1568 2166 quin
1581 2130 1622 2157 vel
1632 2139 1681 2166 pro
1694 2138 1736 2157 me
1752 2130 1794 2157 vel
1806 2139 1863 2157 me-

1067 2177 1129 2194 cum
1145 2167 1275 2203 perirent:
1298 2168 1380 2194 armis
1395 2168 1528 2194 decertare
1543 2176 1591 2203 pro
1607 2176 1664 2194 mea
1680 2167 1766 2194 salute
1777 2167 1860 2199 nolui,

1067 2204 1139 2240 qnod
1160 2205 1249 2239 potui,
1272 2206 1399 2239 quoniam
1415 2210 1440 2231 et
1455 2206 1562 2231 vincere
1577 2209 1602 2231 et
1616 2205 1688 2231 vinci
1709 2203 1862 2232 luctuosum

1068 2241 1232 2276 reipublicae
1244 2241 1299 2268 sore
1313 2242 1416 2277 putavi.
1459 2243 1498 2269 14.
1520 2243 1554 2268 At
1568 2242 1671 2268 inimici
1686 2242 1752 2273 mei,
1770 2250 1862 2269 mense

1067 2280 1122 2305 Ian.
1139 2288 1225 2314 quum
1241 2279 1274 2305 de
1285 2288 1327 2306 me
1338 2284 1473 2315 ageretur,
1491 2279 1646 2314 corporibus
1661 2278 1762 2305 civium
1779 2279 1863 2306 truci—

1067 2316 1149 2347 datis,
1167 2315 1278 2342 flumine
1293 2317 1434 2352 sanguinis
1449 2325 1539 2343 meum
1554 2315 1669 2342 reditum
1681 2315 1863 2343 intercluden-

1067 2353 1132 2379 dum
1147 2358 1320 2388 putaverunt.
1361 2354 1404 2380 VI.
1424 2354 1517 2388 Itaque
1531 2361 1617 2388 quum
1632 2361 1682 2388 ego
1697 2352 1784 2385 abfui,
1802 2362 1862 2380 eam

1066 2390 1261 2426 rempublicam
1275 2390 1422 2421 habuistis,
1444 2395 1474 2417 ut
1485 2398 1569 2425 aeque
1580 2398 1622 2415 me
1637 2394 1718 2425 atque
1733 2389 1807 2416 illam
1819 2398 1862 2417 re-

1066 2428 1228 2454 stituendam
1241 2428 1380 2462 putaretis.
1400 2428 1456 2463 Ego
1467 2431 1564 2457 autem,
1572 2427 1598 2452 in
1611 2435 1664 2462 qua
1674 2427 1781 2453 civitate
1791 2427 1860 2454 nihil

1067 2464 1165 2491 valeret
1177 2469 1300 2495 senatus,
1313 2465 1400 2492 omnis
1412 2469 1482 2491 esset
1493 2464 1650 2499 impunitas,
1663 2463 1736 2490 nulla
1747 2463 1857 2496 iudicia,

1065 2502 1107 2528 vis
1118 2506 1144 2528 et
1154 2501 1255 2528 ferrum
1266 2502 1294 2528 in
1306 2501 1361 2528 foro
1372 2505 1554 2534 versarentur;
1567 2509 1652 2536 quum
1664 2501 1761 2536 privati
1772 2509 1801 2528 se
1811 2510 1860 2536 pa-

1065 2539 1161 2565 rietum
1173 2539 1314 2574 praesidio,
1323 2547 1375 2565 non
1386 2537 1476 2574 legum
1488 2542 1638 2569 tuerentur,
1651 2538 1752 2565 tribuni
1758 2538 1856 2574 plebis,

1064 2576 1141 2602 vobis
1153 2576 1374 2610 inspectantibus,
1388 2574 1599 2606 vulnerarentur,
1608 2575 1641 2601 ad
1652 2576 1858 2611 magistratuum

1063 2613 1157 2639 domos
1177 2621 1238 2639 cum
1259 2613 1327 2640 ferro
1347 2616 1373 2638 et
1392 2611 1495 2638 facibus
1515 2613 1611 2644 iretur,
1633 2612 1752 2639 consulis
1772 2612 1857 2639 fasces

1064 2649 1261 2686 frangerentur,
1282 2650 1393 2676 deorum
1409 2649 1601 2676 immortalium
1617 2649 1715 2686 templa
1730 2649 1857 2677 incende-
