1941 3052
489 122 540 148 DE
572 121 770 148 LEGIBUS
799 121 881 149 LIB.
910 122 963 148 III.
994 121 1087 149 CAP.

48 195 111 222 tatio
122 202 226 221 morum
238 193 266 220 in
277 193 449 229 principibus
460 193 604 224 exstiterit,
623 192 746 219 eamdem
758 193 785 219 in
797 201 846 228 po-

47 232 112 268 pulo
132 236 261 258 secutam.
306 233 348 258 32.
371 231 455 266 quue
476 231 548 256 haud
569 230 659 265 paullo
680 235 720 257 est
742 231 843 261 verius,

47 278 130 305 quam
151 269 223 304 quod
235 268 346 295 Platoni
362 273 451 295 nostro
469 268 569 302 placet,
591 268 653 302 qui,
679 268 845 294 musicorum

48 306 183 337 cantibus,
196 307 242 337 ait,
256 306 375 337 mutatis,
394 306 493 332 mutari
504 305 644 331 civitatum
655 309 749 331 status.
790 305 846 340 Ego

48 349 147 375 autem,
161 343 294 370 nobilium
307 344 361 370 vita
373 344 502 377 victuque
514 347 628 373 mutato,
645 351 732 368 mores
748 342 845 368 mutari

47 382 188 408 civitatum
204 385 279 415 puto.
319 380 377 413 Quo
393 380 572 415 perniciosius
587 379 621 405 de
637 379 774 414 republica
789 388 847 404 me-

48 423 141 445 rentur
151 418 242 444 vitiosi
253 419 404 453 principes,
422 417 495 452 quod
513 426 564 443 non
576 416 664 443 solum
677 417 741 443 vitia
756 417 846 443 conci—

47 456 127 491 piunt
138 456 204 490 ipsi,
223 455 270 481 sed
282 464 312 482 ea
324 455 471 481 infundunt
485 455 512 480 in
528 454 677 480 civitatem:
700 462 787 488 neque
803 462 848 479 so-

49 493 106 519 lum
116 493 224 524 obsunt,
239 493 292 528 ipsi
304 492 376 528 quod
387 496 606 526 corrumpuntur,
619 491 667 517 sed
681 491 761 517 etiam
773 490 846 525 quod

47 535 233 565 corrumpunt,
247 530 363 565 plusque
375 529 513 564 exemplo,
530 537 611 563 quam
622 533 729 563 peccato
741 533 845 554 nocent.

47 568 135 603 Atque
146 568 210 594 haec
223 568 266 594 lex
276 567 385 594 dilatata
397 568 424 593 in
436 566 557 593 ordinem
569 570 710 596 cunctum,
729 574 848 600 coangu-

48 606 113 632 stari
124 607 204 632 etiam
216 609 312 640 potest.
342 605 423 631 Pauci
435 605 518 634 enim,
532 608 610 638 atque
622 602 768 629 admodum
780 611 848 637 pau—

48 643 82 674 ci,
96 642 195 669 honore
207 647 232 669 et
240 642 325 678 gloria
338 641 503 676 amplificati,
521 640 562 666 vel
574 648 744 675 corrumpere
759 648 847 666 mores

47 681 166 707 civitatis
177 679 219 706 vel
232 680 365 715 corrigere
377 683 500 714 possunt.
542 678 594 704 Sed
607 678 672 704 haee
684 682 710 704 et
721 686 792 703 nunc
803 686 848 703 sa-

47 718 96 749 tis,
113 721 139 744 et
153 718 180 744 in
196 717 251 743 illis
269 717 346 743 libris
357 721 465 744 tractata
476 715 719 752 suntdiligentiuS.
760 714 847 746 Quare

49 755 82 782 ad
94 754 198 790 reliqua
212 755 365 782 veniamus.

102 792 162 820 XV.
184 794 225 819 33.
247 793 403 819 Proximum
415 796 504 818 autem
516 795 556 817 est
566 790 599 816 de
610 789 760 825 suffragiis:
776 797 845 824 quac

48 830 130 856 iubeo
141 834 201 856 nota
213 838 271 856 esse
283 829 468 864 optimatibus,
482 827 581 863 populo
594 827 687 853 libera.
728 827 796 853 Αττ.
809 828 845 853 Ita

48 867 202 893 mehercule
215 867 329 898 attendi,
346 875 395 893 nec
411 867 476 892 satis
491 865 622 896 intellexi,
639 864 706 899 quid
722 864 776 890 sibi
792 864 844 895 lex,

48 908 95 931 aut
104 904 171 939 quid
184 905 265 931 verba
277 905 326 930 ista
338 904 448 931 vellent.
488 903 524 929 M.
546 903 650 933 Dicam,
665 903 735 932 Tite,
750 906 776 928 et
786 909 848 927 ver-

48 941 128 968 sabor
139 943 166 968 in
178 950 205 968 re
218 941 325 968 difficili
337 950 366 968 ac
377 941 493 967 multum
504 945 530 966 et
540 948 619 974 saepe
631 940 766 974 quaesita:
789 938 848 964 suf-
869 961 870 965 ,

48 979 133 1015 fragia
145 979 303 1015 magistratu
316 978 481 1009 mandando,
495 982 541 1004 aut
552 986 596 1003 reo
610 976 769 1007 iudicando,
789 975 847 1011 lege

48 1021 95 1044 aut
105 1017 242 1053 rogatione
253 1016 406 1047 sciscenda,
422 1016 506 1046 clam,
524 1024 557 1041 an
569 1014 657 1050 palam
670 1014 737 1040 serre
750 1013 848 1040 melius

47 1059 129 1081 esset.

47 1100 62 1118 a
74 1096 98 1118 te
110 1100 204 1118 rursus
215 1091 385 1118 dissentiam.
415 1092 451 1117 M.
473 1091 531 1116 Non
543 1089 634 1120 facies,
648 1089 755 1122 Quinte.
780 1089 848 1114 Nam

47 1137 98 1165 ego
110 1129 137 1156 in
148 1130 198 1156 ista
209 1138 271 1155 sum
283 1129 428 1159 sententia,
450 1136 503 1162 qua
520 1132 544 1154 te
560 1126 644 1153 fuisse
659 1135 766 1161 semper
781 1126 846 1156 scio,

47 1166 116 1193 nihil
129 1171 159 1193 ut
170 1166 248 1193 suerit
260 1167 287 1193 in
299 1166 436 1202 suffragiis
449 1173 512 1191 voce
525 1164 636 1196 melius,
654 1164 715 1195 sed,
733 1163 849 1190 obtineri

48 1213 81 1230 an
94 1205 187 1238 possit,
202 1204 351 1230 videndum
363 1208 412 1230 est.
444 1204 485 1229 34.
502 1202 534 1234 Q.
552 1202 650 1231 Frater,
665 1202 732 1228 bona
745 1206 789 1228 tua
802 1209 850 1227 ve-

48 1242 92 1268 nia
104 1241 230 1273 dixerim,
245 1242 294 1268 ista
306 1242 437 1268 sententia
449 1240 568 1266 maxime
580 1244 605 1266 et
617 1239 684 1266 fallit
698 1239 846 1273 imperitos,

48 1284 74 1305 et
84 1279 160 1305 obest
171 1279 331 1313 saepissime
343 1278 522 1313 reipublicae,
539 1286 624 1312 quum
637 1276 741 1311 aliquid
754 1284 848 1302 verum

48 1321 74 1343 et
84 1321 186 1342 rectum
198 1325 257 1342 esse
269 1316 376 1347 dicitur,
390 1315 438 1341 sed
449 1315 574 1345 obtineri.
588 1314 614 1340 id
626 1319 666 1340 est
679 1314 775 1340 obsisti
787 1322 850 1348 pos-

47 1362 76 1380 se
89 1353 197 1389 populo,
211 1359 334 1390 negatur.
374 1354 495 1379 Primum
508 1353 580 1378 enim
595 1352 749 1382 obsistitur.
763 1359 849 1386 quum

47 1428 161 1460 melius,
177 1437 259 1464 quam
271 1429 356 1455 malae
367 1428 472 1455 cedere.

47 1467 232 1493 auctoritatem
252 1475 362 1493 omnem
382 1466 554 1500 optimatium
575 1464 741 1491 tabellarium
762 1463 849 1498 legem

47 1503 212 1530 abstulisse?
231 1512 312 1539 quam
329 1503 447 1538 populus
464 1503 532 1529 liber
548 1510 697 1537 numquam
711 1500 850 1527 desidera-

48 1542 100 1567 vit:
118 1541 190 1567 idem
201 1550 348 1576 oppressus
360 1541 500 1567 dominatu
517 1548 547 1566 ac
562 1540 678 1574 potentia
693 1539 849 1574 principum

48 1577 189 1614 flagitavit.
230 1579 321 1614 Itaque
337 1579 461 1615 graviora
478 1577 578 1604 iudicia
599 1577 632 1603 de
652 1576 849 1611 potentissimis

47 1615 207 1642 bominibus
218 1621 324 1643 exstant
336 1616 420 1647 vocis,
433 1624 514 1650 quam
527 1614 651 1641 tabellae.
667 1613 849 1646 Quamobrem

47 1653 214 1689 suffragandi
227 1654 310 1680 nimia
323 1652 407 1680 libido
420 1654 446 1679 in
459 1662 510 1679 non
523 1653 601 1679 bonis
615 1652 719 1679 caussis
731 1652 851 1686 eripien-

47 1690 81 1717 da
93 1690 144 1717 fuit
155 1691 324 1725 potentibus,
341 1699 393 1717 non
406 1690 505 1717 latebra
518 1689 605 1716 danda
618 1689 731 1725 populo,
747 1690 772 1715 in
785 1697 848 1723 qua,

47 1728 127 1755 bonis
140 1728 337 1764 ignorantibus,
354 1728 421 1763 quid
432 1729 550 1763 quisque
565 1728 684 1757 sentiret,
699 1726 796 1753 tabella
808 1727 851 1752 vi-

47 1766 147 1792 tiosum
162 1765 308 1792 occultaret
322 1765 493 1801 suffragium.
534 1766 626 1799 Itaque
639 1765 682 1791 isti
695 1764 791 1790 rationi
803 1772 851 1790 ne-

47 1811 101 1838 que
114 1803 179 1830 lator
190 1804 337 1838 quisquam
348 1808 389 1830 est
401 1804 536 1833 inventus,
554 1811 602 1828 nec
617 1807 708 1828 auctor
720 1810 850 1836 umquam

48 1840 146 1867 bonus.
188 1840 258 1867 XVI.
281 1841 322 1867 35.
345 1841 414 1867 Sunt
428 1841 500 1866 enim
517 1845 642 1875 quattuor
655 1839 728 1875 leges
739 1839 851 1867 tabella-

48 1878 118 1904 riae:
131 1886 245 1912 quarum
260 1879 346 1912 prima
357 1877 391 1904 de
403 1878 606 1913 magistratibus
619 1876 795 1903 mandandis:
820 1888 850 1905 ea
872 1889 873 1898 ¹

48 1919 89 1942 est
100 1915 225 1946 Gabinia,
240 1914 290 1941 lata
302 1915 335 1941 ab
348 1915 456 1941 homine
469 1916 559 1949 ignoto
570 1920 595 1941 et
605 1914 725 1941 sordido.
767 1914 851 1942 Secu-

48 1957 73 1979 ta
90 1952 199 1979 biennio
216 1957 275 1987 post
290 1952 382 1979 Cassia
398 1956 451 1982 est,
475 1952 507 1978 de
525 1952 619 1987 populi
636 1952 747 1978 iudicio.
789 1952 825 1980 Ea
837 1962 851 1980 a

48 1990 134 2016 nobili
148 1990 256 2017 bomine
269 1989 328 2020 lata,
343 1989 482 2020 L.Cassio,
496 1989 553 2020 sed,
568 1998 632 2024 pace
645 1989 762 2015 familiae
773 1989 852 2017 dixe-

48 2028 110 2059 rim,
127 2027 276 2053 dissidente
289 2036 302 2053 a
315 2027 393 2053 bonis
405 2032 485 2061 atque
495 2027 569 2053 omni
581 2026 753 2052 rumusculos
764 2035 852 2062 popu-

49 2064 117 2091 lares
133 2066 234 2091 ratione
255 2069 416 2099 aucupante.
457 2064 588 2090 Carbonis
607 2069 647 2090 est
667 2064 743 2090 tertia
759 2063 792 2089 de
810 2065 852 2091 iu-

48 2101 147 2129 bendis
164 2102 270 2138 legibus
289 2110 320 2128 ac
336 2101 473 2132 vetandis,
497 2101 618 2127 seditiosi
635 2106 715 2136 atque
734 2101 851 2135 improbi

49 2140 132 2166 civis:
146 2140 191 2166 cui
203 2148 235 2166 ne
247 2139 350 2166 reditus
361 2139 473 2174 quidem
485 2138 519 2165 ad
532 2138 614 2165 bonos
626 2138 740 2165 salutem
752 2139 851 2165 abonis

48 2177 137 2212 potuit
148 2176 250 2203 ass‘erre.
291 2178 333 2203 36.
356 2177 413 2203 Uno
430 2177 456 2202 in
468 2184 566 2211 genere
579 2175 695 2211 relinqui
709 2175 852 2203 videbatur

48 2215 124 2241 vocis
138 2213 312 2250 suffragium,
330 2213 403 2249 quod
421 2214 478 2248 ipse
494 2213 604 2240 Cassius
619 2218 773 2249 exceperat,
791 2223 852 2248 per—

48 2251 205 2278 duellionis.
246 2251 324 2278 Dedit
338 2252 402 2278 huic
417 2259 526 2286 quoque
538 2250 640 2277 iudicio
651 2251 680 2277 C.
693 2250 801 2277 Caelius
813 2256 851 2278 ta-

48 2288 164 2320 bellam,
178 2288 332 2323 doluitque,
346 2288 435 2323 quoad
448 2289 530 2319 vixit,
544 2296 587 2319 se,
605 2292 634 2314 ut
644 2289 807 2323 opprimeret
820 2289 849 2315 C.
879 2292 880 2299 ¹

49 2326 194 2361 Popilium,
204 2327 329 2352 nocuisse
342 2325 518 2360 reipublicae.
558 2326 591 2352 Et
601 2334 668 2352 avus
679 2325 790 2360 quidem
804 2335 852 2352 no-

49 2368 104 2390 ster
114 2363 246 2400 singulari
262 2364 359 2390 virtute
375 2363 401 2389 in
419 2362 467 2389 lioc
484 2363 647 2397 municipio.
665 2363 753 2397 quoad
771 2364 848 2394 vixit,

49 2401 147 2428 restitit
167 2402 202 2428 M.
225 2400 360 2431 Gratidio,
382 2401 462 2426 cuius
483 2400 510 2426 in
530 2401 700 2426 matrimonio
721 2410 848 2431 sororem.

49 2439 138 2465 aviam
155 2443 286 2469 nostram,
306 2438 434 2468 habebat,
454 2437 548 2464 serenti
564 2437 650 2473 legem
667 2437 847 2464 tabellarium:

49 2476 183 2503 excitabat
194 2477 267 2502 enim
282 2475 378 2502 fluctus
391 2476 417 2501 iu
429 2474 562 2509 simpulo.
581 2479 609 2501 ut
625 2474 738 2503 (licitur.
760 2476 851 2501 Grati-
871 2484 872 2487 ¹

49 2512 127 2544 (lius,
145 2522 213 2548 quos
229 2518 289 2548 post
301 2513 373 2539 lilius
385 2513 445 2539 eius
456 2512 556 2538 Marius
568 2512 595 2538 in
607 2512 711 2547 Aegaeo
722 2513 851 2538 excitarit

49 2550 128 2577 mari.
169 2551 206 2577 Ac
217 2555 306 2577 nostro
317 2550 429 2585 quidem
438 2570 444 2581 ,
460 2558 545 2584 quum
558 2558 599 2575 res
611 2554 681 2575 esset
692 2548 724 2574 ad
737 2558 765 2575 se
776 2549 850 2576 ‹lela-

49 2592 89 2619 ta,
107 2587 225 2614 Scaurus
240 2588 349 2619 consul,
368 2587 488 2617 Utinam,
507 2587 609 2621 inquit,
627 2587 662 2612 M.
675 2587 781 2617 Cicero,
801 2588 850 2613 isto

50 2625 140 2652 animo
159 2629 239 2660 atque
260 2626 358 2652 virtute
380 2625 407 2651 in
427 2633 532 2651 sumnia
550 2623 687 2658 republica
708 2623 849 2650 nobiseum

49 2663 165 2694 versari,
182 2670 264 2698 quam
280 2663 308 2689 in
320 2662 481 2698 municipali
495 2661 652 2688 maluissest
685 2662 726 2688 37.
749 2661 851 2694 Quum—

169 1054 238 1081 ATr.
260 1055 299 1080 An
312 1055 391 1081 etiam
404 1053 431 1080 id
443 1053 559 1079 dubium
571 1051 629 1079 est?
648 1052 680 1084 Q.
692 1052 801 1082 Vereor,
816 1059 848 1077 ne
877 1060 878 1067 ¹

877 1250 878 1253 ¹
901 1249 963 1270 vox,
977 1241 1041 1274 quia
1054 1240 1153 1275 populo
1165 1240 1244 1266 licere
1256 1241 1320 1266 satis
1331 1245 1380 1267 est.

878 1601 879 1605 ,
903 1583 964 1609 tror,
979 1578 1113 1613 praeclara
1127 1578 1179 1604 lex.

1120 124 1150 149 iO
1168 138 1205 143 —·
1227 125 1266 150 ⁴8.
1631 127 1690 152 42³!

898 193 1000 225 obrem,
1009 195 1135 229 quoniam
1148 203 1200 221 non
1212 195 1430 230 recognoscimus
1441 204 1512 222 nunc
1523 195 1597 231 leges
1608 205 1696 231 popu-

900 231 917 257 li
930 232 1050 262 Romani,
1067 232 1114 257 sed
1129 237 1173 258 aut
1185 233 1330 266 repetimus
1341 237 1458 267 ereptas,
1475 238 1519 259 aut
1534 242 1616 260 novas
1628 235 1695 260 scri-

899 269 1003 295 bimus:
1017 278 1067 295 non
1081 269 1145 303 quid
1160 269 1208 295 hoc
1220 269 1318 304 populo
1328 270 1442 296 obtineri
1455 272 1551 305 possit,
1569 271 1616 297 sed
1628 271 1695 305 quid

898 307 1031 341 optimum
1043 307 1086 336 sit,
1101 306 1149 332 tibi
1161 306 1305 332 dicendum
1318 312 1392 341 puto.
1430 308 1496 333 Nam
1507 308 1614 335 Cassiae
1628 309 1695 341 legis

899 343 1005 377 culpam
1018 343 1107 377 Scipio
1119 348 1181 369 tuus
1193 344 1320 373 sustinet,
1337 353 1391 378 quo
1403 351 1508 371 auctore
1522 345 1570 371 lata
1583 354 1641 372 esse
1653 341 1696 371 (li-

899 381 978 406 citur.
999 381 1047 406 Tu.
1061 381 1083 406 si
1097 381 1261 407 tabellarium
1274 381 1376 411 tuleris,
1391 382 1448 416 ipse
1460 383 1618 416 praestabis.
1642 384 1696 409 Nec

899 419 970 443 enim
984 418 1051 443 milii
1064 417 1157 452 placet,
1172 426 1219 444 nec
1233 419 1318 444 Attico
1331 424 1431 447 nostro,
1449 426 1578 454 (plantum
1592 429 1605 447 e
1618 420 1695 446 vultu

899 456 958 480 eius
971 454 1101 489 intelligo.
1141 455 1223 481 XVII.
1245 456 1312 481 Αττ.
1334 456 1399 482 Mihi
1413 466 1473 482 vero
1486 457 1552 483 nihil
1567 466 1695 493 umquam

899 492 1026 526 populare
1039 492 1151 526 placuit:
1166 501 1278 527 eamque
1289 494 1417 527 optimam
1430 495 1625 528 rempublicam
1637 503 1695 521 esse

899 530 981 560 (luco,
999 538 1081 563 quam
1094 530 1137 555 liic
1148 530 1241 556 consul
1254 531 1439 561 constituerat,
1457 540 1525 566 quae
1537 533 1570 558 sit
1583 533 1608 558 in
1622 538 1696 567 pote-

899 572 993 593 statem
1014 568 1186 600 optimorum.
1227 569 1268 593 38.
1291 568 1325 593 M.
1349 568 1398 594 vos
1415 568 1538 599 demum,
1561 575 1590 596 ut
1605 569 1693 599 video,

901 604 985 639 legem
999 605 1158 639 antiquastis
1170 605 1228 630 siue
1240 604 1346 631 tabella.
1379 606 1431 631 Sed
1444 615 1501 638 ego,
1515 607 1564 632 etsi
1576 608 1641 633 satis
1653 607 1696 633 di-

900 642 938 667 xit
950 650 996 675 pro
1007 650 1035 666 se
1049 643 1074 667 in
1088 641 1142 667 illis
1155 642 1231 667 libris
1242 642 1340 676 Scipio,
1356 648 1442 669 tamen
1456 640 1604 670 libertatem
1617 645 1695 670 istam

876 705 877 709 ,
901 679 998 714 largior
1010 678 1121 713 populo,
1137 684 1165 705 ut
1176 680 1328 705 auctoritate
1340 685 1365 705 et
1377 680 1480 706 valeant
1493 686 1517 706 et
1530 686 1637 707 utantur
1648 681 1696 707 bo-

900 717 937 742 ni.
973 715 1017 741 Sic
1027 717 1100 742 enim
1112 725 1125 742 a
1138 726 1179 742 me
1192 717 1297 742 recitata
1310 716 1352 742 lex
1363 723 1402 743 est
1413 717 1445 743 (le
1457 718 1599 753 suffragiis.
1623 719 1696 752 Opti-

900 756 1009 779 matibus
1025 759 1097 782 nola,
1117 756 1183 786 plebi
1200 756 1278 779 liberii
1293 759 1374 779 sunto.
1414 755 1487 786 Quae
1501 755 1542 782 lex
1554 756 1621 781 lianc
1633 764 1697 782 sen-

900 791 1009 816 tentiam
1022 792 1152 821 continet,
1166 796 1195 817 ut
1205 800 1298 817 omncs
1312 791 1383 826 leges
1396 792 1511 822 tolleret,
1525 802 1593 827 quae
1606 799 1696 827 postea

901 828 966 854 latae
979 833 1053 857 sunt,
1078 837 1147 862 quae
1163 833 1256 863 tegunt
1271 829 1345 854 omni
1357 830 1456 855 ratione
1468 829 1625 863 suffragium
1635 851 1640 860 ,
1664 839 1696 856 ne

900 866 962 900 quis
975 866 1100 900 inspiciat
1112 865 1247 895 tabellam,
1261 875 1293 891 ne
1306 871 1387 901 roget,
1402 875 1433 892 ne
1445 860 1570 901 appelles.
1602 868 1696 893 Pontes

900 903 980 929 etiam
994 902 1035 928 lex
1051 903 1131 929 Maria
1144 903 1205 929 secit
1217 908 1354 938 angustos.
1393 905 1434 929 39.
1456 904 1529 935 Quae
1541 905 1564 930 si
1575 905 1697 939 opposita

900 945 963 966 sunt
974 940 1134 970 ambitiosis.
1149 945 1177 966 ut
1189 945 1250 966 sunt
1264 940 1326 971 sere,
1341 950 1392 967 uon
1403 941 1582 975 reprehendo:
1597 943 1638 968 sin
1651 950 1698 967 va-

901 977 999 1004 luerint
1014 982 1117 1004 tantum
1131 977 1212 1013 leges,
1230 982 1301 1004 utne
1312 979 1367 1004 sint
1378 978 1509 1011 ambitus3
1528 979 1622 1005 babeat
1634 987 1697 1005 sane

901 1015 1018 1050 populus
1030 1015 1252 1050 tabellarii,quasi
1265 1015 1399 1041 vindicem
1414 1016 1551 1042 libertatis.
1565 1016 1629 1042 dum
1641 1025 1699 1043 mo-

900 1053 934 1079 ‹lo
947 1053 1011 1078 haec
1026 1055 1128 1088 optimo
1143 1053 1242 1087 cuique
1257 1057 1282 1079 et
1297 1053 1459 1088 gravissimo
1474 1054 1527 1079 civi
1543 1054 1698 1080 ostendatur

877 1109 878 1116 1
900 1090 1025 1124 ultroque
1041 1090 1178 1121 offeratur,
1201 1090 1241 1116 uti
1260 1091 1286 1116 in
1299 1099 1329 1116 eo
1341 1091 1375 1117 sit
1387 1091 1445 1125 ipso
1462 1090 1584 1121 libertas,
1604 1092 1629 1117 in
1645 1099 1699 1125 quo

901 1127 1000 1162 populo
1013 1133 1127 1162 potestas
1140 1128 1249 1154 honeste
1261 1128 1339 1154 bonis
1350 1128 1517 1163 gratificandi
1530 1128 1616 1154 datur.
1648 1129 1699 1154 Eo-

901 1174 953 1200 que
966 1174 1037 1191 nunc
1049 1165 1077 1192 sit
1093 1165 1174 1195 illud,
1192 1165 1263 1200 quod
1281 1174 1294 1191 a
1311 1170 1335 1191 te
1352 1165 1443 1196 modo,
1466 1165 1577 1198 Quinte,
1596 1166 1699 1192 dictum

901 1207 950 1233 est,
967 1207 996 1228 ut
1006 1203 1096 1229 minus
1108 1202 1207 1229 multos
1219 1202 1316 1228 tabella
1326 1203 1494 1232 condemnet,
1505 1212 1585 1237 quain
1598 1203 1700 1229 solebat

1421 1241 1474 1266 lloc
1486 1246 1594 1270 retento,
1609 1240 1699 1275 aliqua

902 1277 1025 1304 voluntas
1042 1279 1192 1304 auctoritati
1209 1282 1253 1304 aut
1268 1279 1368 1313 gratiae
1385 1277 1507 1304 traditur.
1548 1279 1652 1312 ltaque,
1671 1283 1700 1304 ut

901 1316 1021 1341 omittam
1039 1315 1178 1351 largitione
1193 1320 1316 1350 corrupta
1333 1315 1472 1350 suffragia,
1495 1324 1545 1341 uon
1564 1315 1652 1345 vides,
1676 1316 1700 1341 si

877 1355 879 1383 ἶ
901 1352 1009 1387 quando
1021 1353 1138 1379 ambitus
1150 1353 1235 1383 sileat,
1249 1353 1342 1387 quaeri
1355 1354 1380 1379 in
1393 1353 1538 1388 suffragiis,
1552 1352 1619 1387 quid
1630 1353 1701 1386 opti-

47 1392 137 1427 agitur
151 1400 258 1418 severe:
281 1390 380 1417 deinde
396 1391 423 1417 vi
439 1390 556 1425 opprimi
573 1390 599 1415 in
616 1389 685 1415 bona
700 1396 795 1415 caussa
810 1392 850 1414 est
878 1388 879 1405 l

513 1428 579 1459 Quis
591 1432 680 1453 autem
693 1435 744 1452 non
757 1426 847 1456 sentit,
870 1427 879 1440 '¹

902 1391 938 1416 mi
960 1391 1010 1416 viri
1031 1390 1164 1417 sentiant?
1187 1390 1367 1422 Quamobrem
1389 1390 1446 1425 lege
1463 1395 1549 1416 nostra
1571 1390 1700 1416 libertatis

901 1429 1006 1462 species
1018 1428 1109 1459 datur,
1128 1429 1270 1454 auctoritas
1286 1428 1417 1454 bonorum
1430 1428 1572 1458 retinetur,
1590 1433 1700 1453 couten-

902 1466 982 1492 tionis
994 1474 1088 1492 caussa
1101 1465 1211 1492 tollitur.

958 1504 1052 1530 XVlll.
1075 1505 1115 1529 40.
1138 1503 1238 1529 Deinde
1254 1503 1390 1537 sequitur,
1413 1502 1514 1537 quibus
1531 1502 1573 1527 ius
1589 1502 1623 1528 sit
1637 1509 1700 1527 cum

902 1541 1002 1575 populo
1019 1540 1116 1577 agendi
1133 1545 1178 1567 aut
1191 1549 1253 1566 cum
1269 1545 1373 1566 senatu.
1415 1541 1511 1566 Gravis
1528 1545 1565 1569 et,
1586 1544 1613 1565 ut
1627 1539 1701 1565 arbi-

1222 1580 1292 1610 the
1304 1587 1359 1604 cum
1370 1579 1474 1610 populo,
1489 1586 1602 1610 quaeque
1617 1580 1642 1602 in
1652 1586 1701 1609 pss·

902 1618 983 1642 tribus
994 1621 1110 1649 assentur.
1127 1618 1225 1642 modica
1237 1620 1324 1641 sunto:
1347 1615 1373 1640 i‹l
1385 1620 1425 1641 est
1437 1614 1554 1640 modesta
1567 1619 1646 1648 atque
1658 1622 1701 1640 se-

902 1653 972 1680 data.
1013 1654 1092 1680 Actor
1111 1654 1184 1679 enim
1206 1658 1231 1679 et
1247 1652 1400 1679 moderatur
1420 1657 1444 1678 et
1462 1652 1537 1687 lingit
1554 1660 1605 1677 non
1623 1651 1701 1677 modo

903 1696 1018 1717 mentem
1031 1700 1060 1717 ac
1073 1690 1236 1720 voluntates,
1251 1690 1297 1716 sed
1311 1698 1393 1724 paene
1406 1690 1498 1715 vultus
1510 1698 1615 1719 eorum,
1629 1688 1700 1723 apud

901 1737 970 1763 quos
982 1730 1046 1763 agit.
1087 1728 1163 1760 Quod
1177 1729 1203 1754 iu
1215 1733 1309 1753 senatu
1323 1736 1374 1753 uou
1386 1726 1497 1752 difficile
1509 1731 1562 1754 est2
1577 1731 1617 1752 cst
1628 1727 1700 1752 euim

903 1771 1008 1792 senator
1020 1766 1139 1797 is,cuius
1154 1774 1205 1792 non
1218 1765 1250 1791 ad
1262 1770 1376 1791 actorem
1390 1764 1518 1790 reseratur
1528 1765 1645 1793 animus,
1654 1763 1701 1789 sed

902 1804 950 1838 qui
968 1812 1014 1838 per
1029 1812 1056 1829 se
1075 1804 1131 1838 ipse
1147 1803 1261 1838 spectari
1278 1802 1351 1829 velit.
1393 1803 1459 1828 lluie
1476 1802 1547 1827 iussa
1564 1803 1611 1827 tria
1623 1806 1699 1827 sunt:

904 1842 1027 1867 utatlsit:
1051 1850 1112 1867 nam
1128 1842 1287 1876 gravitatem
1304 1849 1345 1865 res.
1362 1839 1454 1869 habet,
1472 1848 1557 1874 quum
1575 1838 1702 1873 frequens

902 1879 967 1905 ordo
979 1884 1031 1905 est:
1055 1883 1084 1904 ut
1097 1878 1152 1904 loeo
1163 1878 1242 1908 dicat,
1257 1877 1282 1903 id
1294 1882 1333 1903 cst
1345 1882 1465 1911 rugatus:
1483 1882 1510 1902 ut
1523 1876 1609 1904 niodo.
1624 1885 1656 1902 ne
1667 1876 1703 1902 sit

904 1917 1041 1949 infinitus-3
1055 1924 1115 1942 nam
1129 1916 1255 1945 brevitas,
1266 1924 1316 1941 uon
1330 1915 1408 1940 modo
1419 1913 1701 1942 senatoris.sedetiam

903 1955 1028 1984 oratoris,
1053 1962 1149 1988 magna
1167 1953 1224 1979 laus
1241 1957 1279 1978 est
1297 1953 1322 1978 iu
1339 1953 1480 1978 sententia.
1523 1952 1573 1977 Nec
1591 1956 1630 1976 est
1643 1959 1702 1976 um-

903 2000 984 2026 quam
999 1991 1076 2025 louga
1088 1992 1206 2017 oratioue
1218 1989 1364 2019 utendum,
1388 1990 1440 2015 uisi
1457 1994 1501 2015 aut
1519 1993 1643 2023 peccante
1660 1997 1702 2013 se-

880 2054 881 2058 ,
905 2034 977 2056 natu,
991 2028 1063 2063 quod
1077 2029 1105 2054 lit
1116 2028 1262 2054 ambitione
1273 2027 1461 2061 saepis-ssime,
1476 2026 1550 2052 nullo
1562 2027 1703 2060 magistra-

880 2080 881 2098 ;
905 2066 1094 2094 tumliuvante.
1103 2065 1238 2091 tollidieiu
1247 2065 1311 2091 utile
1323 2069 1375 2090 est:
1391 2069 1434 2090 aut
1446 2073 1530 2098 quum
1544 2069 1612 2089 tauta
1624 2072 1702 2089 eaus-

880 2106 881 2126 1
903 2111 931 2128 sa
943 2108 1029 2131 est.ut
1041 2111 1109 2137 opus
1121 2103 1155 2128 sit
1166 2103 1278 2129 oratoris
1289 2102 1364 2136 copia
1378 2101 1419 2127 vel
1431 2102 1462 2127 ad
1477 2100 1645 2128 boi-tandum,
1660 2099 1701 2125 vel

904 2139 935 2165 ad
948 2139 1114 2165 doeeiulum:
1139 2148 1256 2174 quorum
1272 2147 1401 2173 generum
1419 2139 1445 2164 iu
1461 2144 1572 2172 tumque
1588 2145 1702 2171 magnus

904 2182 992 2203 noster
1007 2177 1070 2203 Cato
1086 2180 1135 2202 est.
1177 2178 1217 2202 itt.
1239 2176 1371 2210 Quodque
1387 2175 1474 2204 addit',
1497 2184 1601 2201 cerusa-ns
1615 2176 1702 2207 popule*

904 2219 996 2242 (νηοῖο,
1017 2218 1055 2239 est
1072 2213 1188 2239 senatori
1203 2214 1384 2239 necessarium
1402 2221 1479 2238 nosse
1495 2212 1699 2246 rempublicam.

904 2251 986 2286 quue
1000 2251 1049 2277 late
1062 2256 1145 2285 patet:
1159 2250 1225 2285 quid
1239 2250 1333 2275 babeat
1346 2249 1548 2284 militum.quitl
1562 2249 1645 2274 valeat
1657 2256 1702 2273 ae-

904 2290 985 2316 rario.
1008 2297 1077 2322 quos
1098 2289 1185 2313 sorios
1204 2287 1356 2321 respublica
1374 2287 1483 2314 liabent.
1505 2296 1573 2321 quus
1590 2287 1699 2315 amieos,

903 2335 971 2360 (quos
983 2325 1187 2360 stipendiarius.
1205 2333 1258 2359 qua
1270 2326 1387 2359 quisque
1399 2325 1433 2350 sit
1450 2324 1506 2357 lege
1515 2344 1520 2351 ,
1538 2323 1699 2352 conditione.

904 2363 1022 2389 foedere:
1056 2368 1144 2389 tenere
1172 2361 1395 2388 consuetiuliuem
1421 2360 1595 2387 ‹let-ernemli.
1623 2367 1701 2385 nosse

903 2400 1026 2434 exempla
1049 2401 1190 2426 maiorum.
1233 2399 1334 2424 Videtis
1357 2400 1422 2425 iam.
1446 2407 1532 2431 genus
1555 2398 1602 2423 line
1622 2405 1701 2423 (utine

903 2438 1044 2467 scientiae,
1058 2437 1229 2471 diligentiae.
1248 2437 1390 2462 memoriae
1401 2445 1472 2462 esse,
1490 2444 1547 2460 sine
1559 2444 1613 2469 quo
1625 2443 1701 2469 paru-

903 2483 945 2501 tus
957 2484 1015 2500 esse
1027 2480 1132 2501 senator
1144 2474 1217 2500 nullu
1230 2479 1304 2508 parto
1317 2478 1410 2507 potest.
1443 2474 1478 2498 lz‘.
1497 2472 1627 2506 Deinceps
1638 2477 1702 2498 sunt

902 2521 964 2538 cum
977 2512 1076 2546 populo
1088 2512 1217 2538 artiones:
1234 2511 1259 2537 iu
1271 2511 1371 2545 quibus
1383 2510 1698 2544 primuiuetniaximum,

908 2551 948 2575 l‘i's
961 2551 1056 2575 alu-xla.
1098 2548 1171 2575 Nihil
1183 2554 1221 2574 est
1232 2549 1304 2574 euim
1316 2548 1457 2573 exitiosius
1469 2547 1626 2572 civitatibus
1635 2567 1640 2576 .
1659 2547 1701 2572 ni-

903 2586 940 2612 liii
954 2591 1004 2612 latu
1017 2587 1180 2612 contrarium
1194 2586 1245 2611 iuri
1257 2591 1281 2611 et
1298 2584 1417 2619 tegibus.
1436 2584 1503 2610 nibil
1517 2586 1607 2610 minus
1622 2589 1647 2610 et
1661 2585 1701 2609 ei—

903 2623 956 2649 vile
967 2629 992 2650 et
1004 2623 1162 2652 humanum,
1171 2623 1416 2657 qttuiii.cotiipositu
1429 2627 1452 2647 el
1464 2627 1607 2647 constituta
1620 2629 1701 2655 repu-

903 2661 982 2691 blica,
995 2661 1147 2696 quidquam
1159 2661 1201 2696 agi
1215 2669 1261 2695 per
1274 2660 1339 2685 vim.
1381 2659 1473 2685 l'arere
1487 2659 1559 2685 iubet
1573 2660 1700 2685 interces-
