1941 3052
333 111 666 139 EPISTOLARUM
694 111 750 138 ΑΙ)
779 110 1009 138 DIVERSOS
1040 111 1122 138 LIB.
1153 111 1221 138 XII.
1252 111 1312 138 ΕΡ.
1337 112 1376 138 44.
1401 113 1440 138 45,

64 185 131 211 tium
143 183 272 209 habuero.
313 182 342 209 Id
354 187 384 209 ut
394 191 443 217 per
453 187 477 209 te
487 191 649 218 consequar,
666 182 762 214 velim,
776 188 805 210 ut
815 191 860 209 so-

63 221 107 252 let,
123 221 173 247 tibi
184 229 263 246 curae
275 220 319 246 sit.
360 222 385 246 6.
407 220 464 255 Ego
478 229 519 246 me
530 220 563 246 de
575 220 713 255 republica
725 225 789 255 puto
799 229 859 247 esse

62 259 202 288 meritum,
222 262 252 284 ut
267 266 318 284 non
329 258 485 292 provinciae
497 258 576 283 istius
587 257 750 284 beneficium
762 266 860 292 exspe—

62 301 132 323 ctare
143 295 270 325 debeam,
283 294 331 321 sed
342 299 458 325 tantum,
473 300 605 329 quantum
617 295 726 321 Cassius
738 300 763 321 et
773 295 857 325 Bruti,

62 342 115 360 non
127 332 215 359 solum
226 332 301 358 illius
312 331 374 358 facti
385 332 556 366 periculique
567 332 692 359 societate
700 353 706 363 ,
720 332 767 358 sed
779 333 859 358 etiam

62 370 145 397 huius
161 370 290 404 temporis
306 369 395 395 studio
411 374 437 395 et
451 370 560 396 virtute.
600 370 707 395 Primus
723 370 795 396 enim
810 378 860 405 ego

63 407 136 443 leges
148 407 276 433 Antonias
289 406 370 442 sregi3
385 407 490 441 primus
502 407 651 441 equitatum
663 407 814 433 Dolabellae
826 406 860 433 ad

62 443 260 479 rempublicam
276 444 383 470 traduxi
399 444 546 478 Cassioque
561 443 673 477 tradidi3
692 445 797 478 primus
812 443 860 470 de-

63 481 148 508 lectus
159 481 244 507 habui
254 490 302 516 pro
312 481 398 507 salute
408 482 531 508 omnium
544 486 633 507 contra
648 482 860 508 coniurationem

62 518 312 551 sceleratissimam,
331 518 406 544 solus
420 519 512 545 Cassio
528 523 554 544 et
572 518 740 553 reipublicae
755 518 860 554 Syriam

63 556 261 591 exercitusque,
276 556 324 591 qui
335 556 374 582 ibi
385 561 473 587 erant,
489 556 628 582 coniunxi.
669 556 736 582 Nam
748 556 801 582 nisi
812 564 861 591 ego

62 598 165 621 tantam
179 594 322 628 pecuniam
338 598 464 628 tantaque
480 592 615 627 praesidia
630 598 656 619 et
671 597 724 619 tam
739 592 862 619 celeriter

63 631 156 658 Cassio
162 630 308 661 dedissem,
321 639 353 657 ne
364 639 447 656 ausus
457 630 569 665 quidem
580 635 651 656 esset
663 631 699 656 ire
711 631 738 656 in
745 630 859 665 Syriam,

64 673 90 695 et
105 677 177 695 nunc
193 677 244 694 non
262 669 364 694 minora
380 667 500 702 pericula
516 667 681 702 reipublicae
697 676 710 694 a
726 667 861 694 Dolabella

63 706 203 736 instarent,
217 714 299 740 quam
310 705 343 731 ab
355 705 479 731 Antonio.
519 705 545 731 7.
562 704 649 740 Atque
661 705 725 731 haec
737 705 827 731 omnia
838 705 861 730 is

65 743 130 774 feci,
152 743 201 778 qui
215 742 315 768 sodalis
331 746 356 768 et
372 741 601 768 familiarissimus
612 742 764 768 Dolabellae
777 750 859 773 eram,

64 780 304 807 coniunctissimus
315 780 447 814 sanguine
459 779 595 811 Antoniis,
613 780 781 814 provinciam
793 788 862 814 quo-

64 826 117 853 que
138 816 246 844 illorum
266 816 396 843 beneficio
415 816 561 849 habebam;
585 816 646 848 sed,
667 817 780 852 πατρίδα
800 817 862 852 ἐμὴν

62 855 162 890 μᾶλλον
178 855 272 888 φιλῶν,
292 854 420 880 omnibus
436 854 504 880 meis
519 853 621 880 bellum
638 854 742 889 primus
762 854 860 881 indixi.

64 892 133 918 Haec
140 892 189 917 etsi
197 891 285 918 adhuc
296 900 347 917 non
360 900 457 927 magno
467 899 547 926 opere
559 891 627 917 mihi
638 891 733 917 tulisse
745 891 861 918 fructum

65 928 258 960 animadverto,
274 932 362 955 tamen
374 937 426 955 non
438 928 551 963 despero
563 937 611 956 nec
622 928 790 965 defatigabor
800 938 863 964 per-

64 974 186 997 manere,
204 975 257 992 non
272 965 361 992 solum
374 967 401 992 in
413 966 503 992 studio
519 966 664 997 libertatis,
682 966 730 992 sed
742 967 822 993 etiam
835 967 862 992 in

64 1003 156 1030 labore
171 1008 196 1030 et
210 1003 350 1038 periculis.
390 1003 513 1029 Attamen
528 1004 553 1029 si
568 1004 649 1030 etiam
669 1003 761 1038 aliqua
777 1004 862 1040 gloria

64 1041 135 1068 iusta
147 1045 173 1067 et
183 1041 277 1067 merita
288 1041 497 1075 provocabimur
507 1046 616 1067 senatus
626 1045 652 1067 et
662 1042 757 1076 optimi
769 1042 863 1068 euius-

64 1087 117 1114 que
127 1078 239 1109 ol'ficiis,
257 1078 358 1104 maiore
372 1087 434 1104 cum
446 1079 601 1104 auctoritate
613 1079 685 1113 apud
697 1084 798 1105 ceteros
810 1079 863 1105 eri-

64 1124 140 1147 mus,
158 1120 184 1142 et
198 1124 229 1142 eo
243 1115 306 1150 plus
321 1115 449 1150 prodesse
460 1115 625 1150 reipublicae
636 1117 796 1151 poterimus.
836 1118 861 1142 8.

64 1153 165 1180 Filium
177 1158 268 1184 tuum,
287 1152 320 1179 ad
329 1153 441 1179 Brutum
456 1162 543 1188 quum
554 1154 630 1183 veni,
648 1153 741 1180 videre
753 1163 804 1180 non
815 1162 864 1188 po-

65 1191 114 1221 tui,
128 1190 188 1217 ideo
200 1190 335 1225 quodiam
346 1191 374 1216 in
386 1190 499 1217 hiberna
510 1199 573 1217 cum
584 1190 724 1226 equitibus
735 1196 791 1218 erat
801 1199 864 1226 pro-

65 1227 165 1260 fectus,
183 1227 245 1258 sed,
263 1228 369 1254 medius
382 1227 476 1259 fidius,
494 1236 525 1254 ea
536 1236 595 1254 esse
607 1236 669 1254 eum
680 1229 820 1263 opinione,
839 1233 864 1254 et

65 1270 110 1292 tua
122 1270 147 1292 et
158 1265 244 1300 ipsius
256 1269 281 1291 et
292 1265 319 1291 in
330 1266 427 1300 primis
438 1274 497 1292 mea
508 1274 603 1292 caussa
614 1265 729 1302 gaudeo.
764 1266 864 1292 Fratris

65 1303 138 1329 enim
151 1302 208 1329 loco
219 1302 287 1328 mihi
299 1307 350 1333 est,
369 1303 417 1338 qui
433 1311 467 1329 ex
483 1307 507 1329 te
519 1307 597 1329 natus
609 1308 688 1338 teque
699 1303 801 1339 dignus
812 1308 861 1330 est.

65 1340 140 1367 Vale.
161 1340 192 1366 D.
208 1348 244 1366 w.
261 1339 374 1366 Kalend.
387 1341 446 1367 Iun.
458 1340 568 1376 Pergae.

119 1410 171 1430 XV.
190 1409 267 1430 ABG.
282 1409 326 1429 Re·
342 1416 354 1429 ι
369 1416 393 1430 ιε
407 1413 481 1434 gentas
497 1409 585 1436 publice
599 1412 717 1435 memorat,
732 1410 755 1430 in
765 1410 864 1431 Rho-lios

65 1444 180 1465 invehitur
187 1460 192 1469 ‚
208 1444 235 1465 de
245 1443 364 1465 Dolabella
374 1446 435 1469 gratu
445 1447 527 1465 narrat.

285 1481 366 1502 (Oen-isis
376 1482 448 1503 Pansa,
458 1482 522 1499 Hirtio
532 1488 578 1499 ross.
590 1483 645 1504 711.)

80 1525 109 1552 P.
127 1525 304 1552 LENTULUS
319 1525 348 1551 P.
366 1525 395 1551 F.
413 1524 511 1557 PROQ.
527 1525 646 1552 PROPR.
663 1525 691 1552 S.
709 1526 740 1552 D.
757 1525 849 1553 COSS.

159 1563 301 1596 PRAETT.
318 1563 423 1589 TRIBB.
439 1563 490 1589 PL.
506 1562 582 1589 SEN.
598 1563 626 1589 P.
643 1564 672 1590 P.
687 1563 719 1595 Q.
736 1564 766 1590 1³.

125 1601 147 1626 l.
170 1596 203 1626 Si
215 1600 309 1627 valetis
324 1600 458 1635 liberique
469 1600 501 1626 V.
514 1601 544 1627 V.
558 1601 586 1626 B.
600 1601 630 1627 E.
643 1601 674 1627 E.
687 1601 718 1627 V.
759 1600 864 1628 Scelere

65 1636 217 1664 Dolabellae
233 1646 361 1672 oppressa
380 1637 457 1669 Asia,
480 1638 507 1664 in
529 1638 679 1672 proximam
696 1639 864 1673 provinciam

65 1674 249 1701 Macedoniam
265 1675 453 1710 praesidiaque
470 1675 649 1710 reipublicae,
667 1684 737 1711 quae
749 1676 784 1703 M.
798 1677 865 1702 Bru-

66 1716 119 1743 tus.
132 1713 162 1739 V.
178 1712 208 1740 C.
221 1713 340 1744 tenebat,
354 1721 396 1739 me
407 1712 521 1744 contuli,
536 1717 562 1739 et
573 1712 600 1739 id
611 1714 668 1748 egi,
683 1718 724 1744 ut,
738 1722 786 1748 per
796 1722 864 1749 quos

66 1749 206 1776 celerrime
221 1754 324 1785 posset,
343 1749 406 1776 Asia
418 1750 557 1785 provincia
569 1750 766 1786 vectigaliaque
779 1752 805 1777 in
818 1759 865 1777 ve·-

66 1791 149 1813 stram
165 1791 321 1822 potestatem
341 1787 537 1823 redigerentur.
577 1787 654 1820 Quod
674 1797 759 1823 quum
781 1789 865 1823 perti-

66 1825 182 1851 muisset
190 1824 339 1856 Dolabella,
357 1830 457 1851 vastata
470 1825 622 1859 provincia,
639 1826 769 1860 correptis
781 1827 866 1852 vecti-

67 1861 189 1897 galibus,
208 1862 350 1896 praecipue
366 1862 475 1888 civibus
487 1863 613 1889 Romanis
628 1863 756 1889 omnibus
767 1863 866 1890 crude-

68 1898 171 1924 lissime
181 1898 324 1925 denudatis
336 1907 366 1925 ac
376 1899 538 1930 divenditis,
556 1900 727 1935 celeriusque
739 1901 801 1927 Asia
817 1910 866 1927 ex—

66 1936 202 1966 cessisset,
218 1944 300 1970 quam
312 1944 343 1962 eo
354 1936 520 1971 praesidium
532 1936 630 1963 adduci
641 1938 786 1972 potuisset:
802 1938 866 1964 diu-

67 1973 122 1999 tius
143 1973 241 1999 morari
262 1977 308 2000 aut
327 1978 482 2008 exspectare
503 1975 669 2008 praesidium
687 1983 738 2001 non
755 1984 865 2002 necesse

68 2009 153 2037 habui
168 2014 194 2037 et
209 2018 290 2045 quam
306 2011 424 2045 primum
441 2010 474 2037 ad
492 2019 581 2037 meum
596 2011 716 2037 officium
729 2018 866 2039 reverten-

67 2047 133 2074 dum
145 2047 213 2073 mihi
225 2056 284 2074 esse
295 2048 459 2079 existimavi,
468 2052 497 2074 ut
507 2052 533 2075 et
544 2048 647 2083 reliqua
659 2049 800 2085 vectigalia
807 2058 866 2076 exi-

67 2093 159 2120 gerem
170 2089 204 2116 et,
218 2093 300 2120 quain
311 2084 424 2120 deposui
437 2086 589 2120 pecuniam,
602 2085 770 2121 colligerem,
784 2087 866 2122 quid-

68 2122 135 2157 quid
151 2131 185 2149 ex
199 2130 229 2148 ea
240 2127 391 2157 correptum
403 2127 473 2149 esset
484 2127 530 2149 aut
540 2131 654 2158 quorum
667 2123 694 2149 id
704 2123 783 2159 culpa
795 2125 866 2151 acci-

67 2159 166 2190 disset,
183 2167 372 2194 cognoscerem
389 2169 470 2195 quam
483 2160 601 2194 primum
612 2166 638 2187 et
650 2169 697 2187 vos
708 2161 741 2187 de
752 2162 826 2188 omui
838 2170 865 2188 re

68 2196 183 2223 facerem
199 2197 336 2223 certiores.
377 2198 402 2224 2.
424 2198 532 2224 interim
548 2206 633 2232 quum
650 2207 698 2233 per
714 2199 818 2225 insulas
839 2199 865 2225 in

68 2234 159 2260 Asiam
172 2234 310 2269 naviganti
321 2234 390 2260 milii
402 2235 554 2262 nuntiatum
566 2240 649 2266 esset,
662 2235 776 2262 classem
789 2235 866 2262 Dola-

68 2271 155 2298 bellae
171 2272 197 2298 in
208 2272 289 2307 Lycia
306 2280 365 2297 csse
378 2272 550 2306 Rhodiosque
566 2281 648 2298 naves
659 2273 812 2308 complures
825 2274 867 2300 in-

68 2313 182 2335 structas
194 2313 220 2335 et
234 2314 338 2343 paratas
354 2309 380 2335 in
393 2318 461 2344 aqua
474 2309 586 2336 habere:
608 2318 671 2336 cum
683 2310 726 2336 his
737 2311 864 2341 navibus

69 2354 137 2381 quas
152 2350 198 2373 aut
213 2355 319 2372 mecum
335 2346 501 2373 adduxeram
521 2350 566 2373 aut
581 2353 782 2382 comparaverat
795 2348 866 2374 Pati-

69 2391 132 2409 scus
143 2388 325 2419 proquaestor,
338 2383 418 2410 homo
429 2384 497 2410 mihi
507 2392 592 2418 quum
606 2383 795 2416 familiaritate,
809 2390 865 2411 tum

69 2420 148 2446 etiam
156 2421 282 2447 sensibus
294 2421 320 2447 in
333 2421 471 2456 republica
482 2421 732 2452 coniunctissimus.
743 2422 865 2449 llliodum

69 2458 175 2489 reverti,
188 2458 306 2485 confisus
317 2459 472 2485 auctoritate
484 2463 570 2486 vestra
582 2464 746 2494 senatusque
758 2459 867 2486 consul-

70 2498 109 2525 to.
125 2503 179 2530 quo
195 2495 298 2522 hostem
309 2495 473 2523 Dolabellam
490 2496 659 2527 iudicaratis,
679 2496 783 2523 foedera
798 2505 867 2532 quo-

69 2538 132 2566 que,
145 2532 217 2567 quod
228 2541 290 2559 cum
303 2533 354 2564 his,
370 2534 404 2560 M.
417 2533 551 2564 Marcelle.
565 2534 622 2559 Ser.
636 2533 757 2568 Sulpicio
768 2543 866 2561 consu-

70 2566 152 2600 libus,
166 2575 321 2597 renovatum
333 2575 401 2604 erat,
415 2580 470 2606 quo
482 2571 748 2603 iuraverantahodii.
757 2572 865 2599 eosdem

70 2604 160 2632 hostes
175 2615 204 2633 se
220 2607 373 2640 habituros,
391 2617 459 2644 quos
473 2610 500 2636 S.
518 2610 546 2636 P.
559 2608 591 2640 Q.
605 2609 635 2635 R.
667 2608 740 2641 Quae
759 2619 801 2637 res
819 2618 866 2637 nos

71 2642 243 2672 vehomenter
253 2644 358 2673 fefellit.
399 2647 514 2675 Tantum
523 2646 596 2675 enim
608 2645 703 2678 abluit,
717 2652 746 2675 ut
758 2647 865 2675 illorum

1654 113 1704 138 757

910 182 1045 217 praesidio
1065 186 1182 208 nostram
1203 181 1372 208 firmaremus
1391 181 1519 212 classem,
1542 186 1571 208 ut
1591 182 1671 208 etiam
1693 192 1706 208 a

912 219 1022 245 Rhodiis
1034 219 1114 249 urbe,
1132 224 1223 254 portu,
1240 220 1367 250 statione,
1385 228 1453 254 quae
1463 224 1537 246 extra
1550 219 1645 245 urbem
1656 225 1704 250 est,

910 262 1075 287 commeatu,
1093 265 1162 291 aqua
1178 256 1296 291 denique
1312 257 1520 291 prohiberentur
1535 257 1618 283 nostri
1634 257 1706 282 mili-

910 299 963 324 tes,
978 303 1025 320 nos
1037 294 1084 320 vix
1094 295 1147 328 ipsi
1158 294 1274 329 singulis
1286 303 1348 320 cum
1360 294 1504 329 navigiolis
1514 294 1706 329 reciperemur.

911 331 996 363 Quam
1014 331 1202 366 indignitatem
1217 331 1485 366 deminutionemque
1501 340 1553 358 non
1565 331 1652 358 solum
1666 332 1709 357 iu-

912 369 948 394 ris
960 369 1053 398 nostri,
1067 368 1115 394 sed
1127 369 1206 394 etiarn
1219 370 1366 395 maiestatis
1377 369 1540 403 imperiique
1551 369 1645 403 populi
1656 369 1709 395 Ro-

912 406 985 431 mani
996 405 1096 432 idcirco
1108 405 1234 436 tulimus,
1252 406 1325 440 quod
1336 407 1490 440 interceptis
1504 406 1598 432 litteris
1610 414 1710 442 cogno-

913 452 1017 473 ramus,
1030 442 1209 474 Dolabellam,
1226 444 1250 469 si
1261 444 1431 478 desperasset
1441 443 1475 469 de
1486 443 1561 479 Syria
1574 444 1710 479 Aegypto-

912 488 979 514 que,
998 480 1071 514 quod
1087 488 1196 506 necesse
1212 486 1268 506 erat
1283 481 1353 511 fieri,
1373 481 1400 507 in
1416 489 1498 507 naves
1509 489 1570 506 eum
1582 481 1710 506 omnibus

912 518 970 543 suis
986 516 1134 543 latronibus
1150 522 1229 552 atque
1245 519 1318 544 omni
1334 519 1449 552 pecunia
1460 518 1639 544 conscendere
1651 526 1710 544 esse

913 558 1035 589 paratum
1046 554 1204 589 Italiamque
1215 560 1318 589 petere:
1338 555 1437 581 idcirco
1451 556 1532 581 etiam
1549 564 1632 581 naves
1645 564 1711 581 one-

913 592 1010 622 rarias,
1032 600 1147 626 quarum
1163 592 1250 618 minor
1266 592 1340 618 nulla
1354 598 1409 619 erat
1424 592 1509 619 duam
1524 592 1641 618 millium
1653 601 1711 618 am-

913 629 1042 663 phoram,
1063 634 1211 655 contractas
1232 630 1259 655 in
1275 630 1356 665 Lycia
1369 639 1383 656 a
1398 629 1483 656 classe
1499 631 1559 656 eius
1579 630 1710 656 obsideri.

913 668 938 692 3.
960 667 1046 692 Huius
1058 666 1097 692 rei
1107 667 1210 697 timore,
1224 672 1312 701 patres
1324 668 1482 702 conscripti,
1496 668 1624 702 percitus,
1639 667 1712 693 iniu-

914 704 966 729 rias
982 704 1086 737 perpeti
1097 708 1135 734 et,
1153 712 1216 729 cum
1231 704 1393 730 contumelia
1404 705 1484 730 etiam
1500 709 1602 735 nostra,
1620 705 1710 730 omnia

913 741 990 775 prius
1007 741 1124 775 experiri
1140 741 1234 767 malui.
1274 742 1366 776 Itaque
1381 741 1414 768 ad
1427 741 1534 768 illorum
1546 742 1711 768 voluntatem

915 777 1082 804 introductus
1095 778 1122 804 in
1134 778 1228 804 urbem
1241 783 1266 804 et
1278 779 1304 804 in
1316 784 1439 805 senatum
1452 787 1558 809 eorum,
1576 787 1657 813 quam
1670 779 1713 805 di-

915 815 1093 850 ligentissime
1108 816 1197 850 potui,
1221 824 1345 842 caussam
1363 815 1529 850 reipublicae
1545 816 1589 851 egi
1604 817 1713 850 pericu-

915 852 1026 887 lumque
1038 861 1130 883 omne,
1149 852 1222 887 quod
1234 854 1356 884 instaret,
1374 854 1398 879 si
1414 853 1460 879 ille
1475 853 1540 880 latro
1551 862 1613 879 cum
1624 854 1713 880 omni-

913 889 965 916 bus
977 890 1035 915 suis
1047 898 1129 916 naves
1141 890 1355 922 conscendisset,
1369 891 1494 925 exposui.
1535 890 1653 917 Rhodios
1665 899 1713 916 au-

914 931 967 953 tem
984 932 1054 953 tanta
1071 928 1098 953 in
1112 928 1243 962 pravitate
1255 928 1449 959 animadverti,
1467 932 1497 954 ut
1507 936 1599 954 omnes
1612 928 1714 954 firmio-

914 973 956 990 res
968 969 1101 999 putarent,
1109 974 1191 999 quam
1203 965 1300 997 b0n0s3
1315 970 1344 992 ut
1354 966 1423 992 hanc
1433 965 1603 992 concordiam
1615 971 1641 992 et
1651 974 1715 991 con-

914 1002 1089 1037 spirationem
1104 1003 1227 1029 omnium
1238 1003 1365 1029 ordinum
1377 1003 1411 1029 ad
1422 1002 1619 1029 defendendam
1633 1003 1714 1029 liber-

915 1044 995 1066 tatem
1007 1048 1139 1074 propense
1151 1049 1203 1066 non
1215 1040 1355 1067 crederent
1366 1049 1424 1067 esse
1436 1040 1546 1073 factam;
1570 1045 1598 1067 ut
1610 1041 1715 1075 patien—

915 1077 979 1103 tiam
995 1082 1103 1103 senatus
1119 1082 1145 1103 et
1158 1078 1254 1112 optimi
1270 1079 1404 1113 cuiusque
1421 1086 1528 1104 manere
1547 1079 1627 1104 etiam
1643 1086 1715 1104 nunc

914 1114 1092 1146 confiderent,
1110 1123 1159 1141 nec
1172 1116 1293 1150 potuisse
1305 1115 1403 1142 audere
1414 1124 1580 1150 quemquam
1592 1115 1715 1141 Dolabel-

916 1151 968 1178 lam
980 1152 1084 1178 hostem
1096 1152 1229 1185 iudicare;
1246 1157 1275 1179 ut
1286 1153 1404 1188 denique
1415 1153 1519 1183 omnia,
1532 1162 1601 1188 quae
1613 1154 1715 1187 impro-

915 1189 943 1216 bi
960 1189 1110 1225 fingebant,
1133 1190 1221 1225 magis
1240 1199 1303 1216 vera
1319 1191 1519 1221 existimarent,
1542 1199 1624 1225 quam
1646 1198 1715 1225 quae

916 1235 978 1253 vere
990 1226 1058 1253 facta
1069 1232 1145 1253 erant
1155 1233 1180 1254 et
1191 1236 1205 1254 a
1217 1228 1295 1254 nobis
1307 1228 1482 1254 docebantur.
1530 1228 1553 1254 4.
1569 1228 1626 1259 Qua
1638 1236 1715 1253 men-

915 1269 940 1290 te
951 1264 1032 1290 etiam
1044 1269 1103 1291 ante
1115 1270 1237 1291 nostrum
1252 1265 1413 1296 adventum,
1431 1269 1491 1300 post
1501 1265 1627 1291 Trebonii
1644 1264 1715 1291 indi-

914 1302 1076 1339 gnissimam
1090 1302 1200 1328 caedem
1215 1307 1355 1337 ceteraque
1367 1307 1404 1329 tot
1415 1307 1524 1337 tamque
1535 1302 1635 1328 nefaria
1649 1301 1715 1328 faci-

916 1347 993 1370 nora,
1011 1338 1090 1365 binae
1106 1339 1240 1374 profectae
1256 1345 1331 1366 erant
1346 1340 1380 1366 ad
1391 1339 1554 1366 Dolabellam
1568 1339 1715 1375 legationes

915 1385 1022 1407 eorum,
1040 1381 1066 1402 et
1081 1376 1192 1411 quidem
1209 1386 1278 1403 novo
1293 1377 1430 1412 exemplo,
1448 1382 1537 1403 contra
1555 1376 1627 1412 leges
1642 1377 1716 1411 ipso-

917 1422 991 1445 rum,
1010 1413 1219 1448 prohibentibus
1236 1415 1283 1446 iis,
1307 1415 1354 1450 qui
1371 1420 1427 1441 tum
1450 1415 1622 1450 magistratus
1638 1423 1716 1450 gere-

917 1451 990 1477 bant.
1031 1451 1100 1477 llaec
1112 1452 1170 1478 sive
1185 1453 1293 1483 timore,
1310 1457 1339 1478 ut
1350 1452 1485 1483 dictitant,
1502 1452 1534 1477 de
1547 1452 1633 1487 agris,
1646 1460 1715 1486 quos

917 1489 944 1514 in
954 1489 1102 1515 continenti
1114 1489 1226 1521 habent,
1243 1490 1301 1515 sive
1318 1489 1405 1516 furore
1417 1490 1475 1515 sive
1487 1490 1603 1524 potentia
1616 1497 1716 1523 pauco-

917 1535 986 1556 rum,
995 1526 1043 1560 qui
1053 1531 1079 1552 et
1089 1531 1164 1553 antea
1176 1527 1233 1562 pari
1245 1526 1408 1553 contumelia
1420 1528 1492 1553 viros
1503 1525 1716 1552 clarissimosas-

917 1563 1042 1594 fecerant.
1050 1568 1076 1590 et
1088 1573 1158 1590 nunc
1171 1565 1304 1591 maximos
1316 1565 1488 1600 magistratus
1499 1569 1631 1599 gerentesv
1641 1563 1716 1590 nullo

916 1601 1041 1636 exemplo
1053 1610 1140 1636 neque
1152 1608 1240 1629 vestro
1251 1611 1284 1628 ex
1296 1607 1378 1636 parte.
1388 1610 1475 1636 neque
1487 1607 1576 1627 nostro
1588 1610 1717 1636 praescn-

917 1639 998 1669 tium,
1017 1647 1104 1674 neque
1121 1640 1274 1666 imminenti
1287 1639 1375 1666 ltaliae
1392 1639 1507 1673 urbique
1524 1644 1628 1665 nostrae
1644 1639 1717 1673 peri-

915 1675 986 1706 culo,
999 1676 1023 1702 si
1035 1676 1080 1702 ille
1092 1677 1226 1712 parricida
1237 1686 1298 1703 cum
1311 1678 1369 1703 suis
1381 1676 1529 1703 latronibus
1544 1677 1670 1705 navibus,
1683 1685 1717 1702 cx

917 1714 979 1739 Asia
986 1713 1117 1749 Syriaque
1129 1715 1270 1750 expulsus,
1280 1714 1381 1741 ltaliam
1388 1714 1507 1749 petisset,
1517 1714 1618 1739 mederi
1630 1722 1716 1748 quum

917 1750 995 1777 facile
1014 1757 1137 1786 possent,
1161 1752 1314 1779 voluerunt.
1355 1753 1380 1778 5.
1403 1750 1546 1778 Nonnullis
1567 1752 1646 1778 ctiam
1664 1751 1717 1785 ipsi

917 1790 1090 1824 magistratus
1102 1790 1248 1816 veniebant
1259 1790 1286 1817 in
1297 1790 1491 1824 suspicionem.
1500 1788 1714 1818 detinuissenos,

916 1832 942 1854 ct
953 1827 1083 1853 demorati
1095 1835 1154 1853 esse
1162 1848 1168 1858 ,
1185 1827 1251 1853 dum
1267 1826 1362 1853 classis
1373 1825 1525 1852 Dolabellae
1536 1827 1632 1852 certior
1644 1826 1718 1852 lieret

916 1864 950 1891 de
968 1864 1086 1891 adventu
1107 1870 1206 1891 nostro.
1246 1864 1332 1897 Quam
1353 1864 1537 1898 suspicionem
1558 1868 1717 1890 consecutae

917 1911 958 1928 res
973 1902 1077 1937 aliquot
1091 1907 1238 1934 auxerunt,
1258 1902 1375 1928 maxime
1391 1901 1463 1936 quod
1479 1901 1570 1927 subito
1586 1910 1620 1928 ex
1637 1902 1715 1936 Lycia

916 1940 979 1966 Sex.
992 1940 1093 1966 Marius
1104 1944 1130 1966 et
1141 1940 1171 1966 C.
1185 1940 1271 1966 Titius
1285 1940 1363 1975 legati
1375 1938 1526 1965 Dolabellae
1538 1947 1552 1964 a
1563 1938 1648 1965 classe
1660 1938 1717 1964 dis-

916 1981 1057 2003 cesserunt
1071 1977 1188 2012 navique
1207 1976 1285 2012 longa
1307 1976 1485 2012 profugerunt
1503 1977 1634 2002 onerariis
1655 1975 1718 2002 rcli-

917 2014 980 2046 ctis;
996 2014 1023 2040 in
1034 2014 1137 2049 quibus
1147 2014 1310 2050 colligendis
1322 2023 1374 2041 uon
1387 2014 1531 2041 minimum
1544 2014 1671 2048 temporis
1681 2013 1717 2038 la-

918 2051 1047 2086 borisque
1071 2057 1305 2087 consumpserant.
1346 2053 1438 2086 ltaque
1463 2059 1549 2085 quum
1570 2051 1604 2076 ab
1626 2050 1717 2076 Rhodo

917 2097 979 2115 cum
991 2089 1034 2120 iis,
1046 2097 1114 2123 quas
1127 2089 1318 2120 habueramus,
1336 2089 1452 2115 navibus
1463 2089 1489 2114 in
1505 2088 1613 2123 Lyciam
1626 2089 1717 2114 venis-

917 2134 1024 2157 semuS,
1041 2135 1123 2153 naves
1137 2127 1273 2153 onerarias
1290 2126 1442 2160 recepimus
1453 2125 1627 2159 dominisque
1639 2125 1716 2151 resti-

918 2163 1034 2194 tuin1us;
1050 2163 1197 2198 iidemque,
1210 2163 1283 2198 quod
1296 2164 1413 2189 maxime
1427 2163 1595 2191 verebamur,
1611 2170 1642 2188 ne
1655 2171 1717 2196 pos-

918 2199 1098 2227 sctDolabclla
1110 2209 1172 2226 cum
1184 2201 1242 2227 suis
1255 2200 1403 2226 latronibus
1416 2201 1442 2226 in
1455 2199 1556 2226 ltaliam
1569 2200 1669 2227 venire.
1684 2205 1716 2224 ti-

919 2246 990 2263 mere
1005 2237 1152 2264 desiimus:
1175 2237 1290 2264 classem
1306 2237 1454 2272 lugientem
1471 2237 1604 2271 persecuti
1621 2245 1716 2262 sumus

918 2283 1005 2309 usque
1012 2274 1114 2305 Sidam,
1124 2283 1193 2309 quac
1205 2279 1323 2302 extrema
1336 2275 1409 2309 regio
1419 2279 1459 2300 est
1470 2274 1623 2308 provinciae
1631 2281 1715 2299 meac.

917 2314 943 2338 fi.
962 2312 1001 2338 lbi
1017 2312 1131 2346 cognovi
1146 2317 1247 2346 partem
1265 2312 1375 2338 naviuin
1392 2310 1542 2337 Dolabellae
1562 2310 1715 2345 diffugisse,

919 2348 1036 2384 reliquas
1047 2349 1152 2384 Syriam
1164 2349 1338 2384 Cyprumque
1353 2349 1474 2383 petiisse.
1515 2347 1621 2379 Quibus
1633 2347 1716 2373 disic-

918 2386 976 2416 vtis.
991 2394 1076 2421 quum
1089 2387 1186 2413 scimm
1197 2387 1227 2414 C.
1239 2386 1338 2415 Cassii,
1352 2385 1500 2421 singularis
1511 2385 1579 2411 civis
1591 2390 1615 2410 et
1627 2384 1715 2416 ducis,

918 2423 1032 2449 classem
1045 2424 1191 2450 iiuixiiuam
1204 2423 1257 2449 sore
1271 2428 1375 2458 praesto
1388 2423 1413 2450 in
1426 2423 1515 2458 Syria.
1529 2421 1562 2447 ad
1575 2431 1664 2448 uncum
1676 2421 1716 2448 ol-

919 2460 1010 2487 liciuni
1027 2462 1137 2493 rever-tu
1160 2461 1285 2495 daboque
1300 2469 1422 2495 operanti.
1442 2465 1469 2486 ut
1480 2468 1570 2486 iurum
1582 2459 1714 2489 studium.

917 2497 1088 2533 diligentiam
1101 2498 1191 2528 vobis,
1209 2504 1296 2533 patres
1307 2498 1467 2532 conscripti.
1482 2498 1574 2531 reique
1591 2496 1716 2532 publicae

918 2541 1064 2569 praestem:
1083 2537 1295 2571 pecuniamque,
1313 2544 1396 2570 (luam
1412 2536 1557 2561 maximam
1569 2539 1673 2569 potero.
1691 2540 1717 2560 ct

917 2581 999 2606 quain
1019 2572 1158 2600 celerrime
1179 2582 1273 2609 cogam
1289 2573 1471 2607 omnibusque
1487 2581 1549 2598 cum
1567 2572 1716 2598 rationibus

917 2610 950 2636 ad
967 2619 1014 2637 vos
1030 2611 1143 2638 mittam.
1184 2611 1211 2636 Si
1228 2619 1384 2645 percurrero
1399 2610 1565 2645 provinciam
1581 2615 1605 2636 ct
1617 2618 1716 2644 coguo-

918 2656 994 2680 vem,
1016 2649 1064 2683 qui
1081 2648 1159 2683 uobis
1174 2653 1199 2675 et
1215 2647 1381 2684 reipublicae
1394 2647 1473 2675 tidem
1486 2647 1677 2684 praestiterunt
1689 2648 1715 2674 ἰιι
