1941 3052
709 146 1038 175 FRAGMENTA.

47 216 80 243 de
97 215 214 246 fortuna,
232 215 266 242 de
281 215 425 251 dignitate:
451 215 561 242 discedo
576 225 590 242 a
605 217 742 251 republica
756 219 843 244 victus

47 253 158 281 audacia
169 253 311 280 malorum.
346 255 370 279 8.
390 254 479 280 Liceat
490 262 605 285 manere,
619 255 643 280 si
654 263 705 281 non
718 254 795 281 illum
806 256 842 282 M.

46 290 180 322 Tullium,
198 290 337 317 custodem
348 290 441 321 Urbis,
459 291 626 317 defensorem
642 293 777 323 omnium,
796 301 844 327 pa-

46 334 114 356 trem
129 329 244 363 patriae,
262 332 288 354 at
303 332 373 354 certe
389 327 518 363 reliquias
530 328 626 354 Tullii:
648 329 725 355 liceat
741 330 767 355 in
779 338 844 356 con-

45 370 140 401 spectu
154 367 272 396 civium,
293 366 321 391 in
338 365 387 391 hac
399 365 480 396 urbe,
503 374 584 400 quam
600 374 634 392 ex
648 367 842 401 parricidarum

46 403 171 430 faucibus
182 403 296 438 eripuit,
314 411 459 433 remanere,
473 407 540 429 tecta
551 404 687 435 omnium,
705 403 765 430 fana
779 405 843 430 deo-

46 449 120 472 rum,
134 442 290 467 universam
302 439 393 466 videre
405 440 525 474 periculo
537 440 675 467 liberatam
687 450 736 467 suo
747 442 844 468 civita-

45 484 112 505 tem:
136 478 215 505 liceat
223 486 257 505 ex
268 478 318 504 hac
328 476 434 504 flamma
445 477 564 508 evolare,
583 479 738 512 praesertim
750 479 797 513 qui
810 479 843 504 il-

45 515 214 551 ludimpium
226 514 382 542 incendium
395 515 560 549 perditorum
572 515 713 542 hominum
726 516 842 542 lacrimis

43 554 134 589 potius
150 554 232 584 meis,
253 561 336 588 quam
352 553 484 588 sanguine
501 557 588 578 vestro
605 554 735 588 restingui
751 553 841 579 malui.

44 592 138 626 Neque
149 592 221 617 enim
233 595 307 625 peto,
323 594 353 616 ut
364 590 431 616 mihi
442 589 511 616 detis
524 590 619 616 vitam:
643 590 690 616 sed
701 591 789 616 datam
802 600 844 616 re-

44 633 113 663 peto,
127 633 156 655 ut
167 628 296 655 reddatis.
329 627 357 653 Si
370 627 542 658 meministis,
555 627 629 662 quod
640 627 713 658 dedi,
728 637 775 654 vos
791 636 843 654 non

43 665 149 693 debetis
159 665 296 696 oblivisci,
309 664 356 691 sed
369 665 526 696 retribuere,
539 664 612 699 quod
622 665 736 691 debetis.

98 703 142 730 IV.
155 705 180 729 9.
192 703 254 734 Vos,
271 711 319 729 vos
330 702 456 733 obtestor,
472 702 511 728 dii
523 702 696 732 immortales,
709 703 757 737 qui
769 710 842 728 meae

43 741 127 767 menti
139 740 241 767 lumina
252 739 432 775 praetulistis,
449 748 535 774 quum
551 748 713 766 consensum
725 740 843 766 exstinxi

42 778 249 808 coniurationis,
267 785 410 812 arcemque
424 777 504 804 Urbis
515 777 549 803 ab
561 776 685 803 incendio
695 785 724 803 ac
738 776 842 803 flamma

43 815 167 846 liberavi,
176 815 330 850 liberosque
342 819 445 841 vestros
456 823 470 841 e
479 815 583 850 gremio
595 819 620 840 et
630 814 774 849 complexu
787 823 844 840 ma-

43 857 115 880 trum
126 853 160 879 ad
170 853 280 879 caedem
291 857 316 879 et
327 860 449 879 cruorem
467 861 518 878 non
530 860 591 878 sum
603 860 700 886 passus
712 852 841 878 abstrahi.

42 891 114 917 Num
126 891 210 926 igitur
219 894 305 925 potest
317 890 383 920 fieri,
393 899 407 916 a
416 889 562 916 clientibus
573 894 602 915 ut
613 890 736 923 recipiar,
745 897 840 924 quum,

43 936 57 955 a
73 928 176 963 quibus
191 927 304 954 debeam
320 928 443 958 retineri,
467 927 577 953 reiicere
593 926 752 953 instituant?
771 926 842 952 Socii

42 974 97 1001 quo
108 965 226 1001 fugiant,
249 973 335 1000 quum
351 964 440 991 aditus
455 964 560 991 custodi
572 964 672 999 patriae
684 963 842 998 praeclusus

42 1002 96 1029 sit?
113 1002 253 1035 Quomodo
268 1010 330 1036 spes
346 1001 441 1028 salutis
458 1001 571 1036 reliquis
591 1001 734 1032 residebit,
757 1009 841 1036 quum

42 1040 151 1067 civibus
163 1039 302 1074 praeclusa
314 1040 350 1066 sit
360 1040 524 1074 exspectatio
533 1038 743 1065 incolumitatis?
754 1039 807 1065 Pax
818 1043 843 1065 et

41 1077 183 1105 concordia
199 1078 333 1105 extraneis
349 1078 490 1112 gignetur,
512 1085 598 1111 quum
614 1077 667 1102 iam
686 1076 842 1103 domesticis

42 1123 96 1142 non
111 1114 241 1146 insideat,
262 1115 311 1140 sed
326 1115 436 1149 publice
452 1114 604 1149 providenti
622 1113 769 1148 eripiatur?
801 1115 840 1139 ⁴0.

41 1153 110 1179 Nam
121 1152 188 1187 quid
199 1161 249 1188 ego
259 1152 445 1186 improborum
457 1152 523 1178 facta
535 1159 662 1178 renovem
672 1152 799 1181 oratione,
814 1155 843 1176 ut

43 1190 269 1225 redintegratione
285 1189 360 1216 illius
375 1189 568 1216 coniurationis
585 1189 689 1215 animos
702 1188 841 1214 vulnerem

42 1227 164 1255 vestros?
183 1227 326 1254 Auxilium
337 1227 371 1253 ab
383 1226 479 1253 alienis
490 1225 657 1261 efflagitabo,
670 1234 756 1260 quum
768 1226 842 1251 cives

42 1270 146 1292 vestros
171 1264 319 1291 deseratis?
352 1264 491 1291 Sociorum
520 1264 644 1290 invocem
674 1263 840 1294 subsidium,

42 1311 128 1338 quum
144 1311 158 1329 a
174 1302 282 1329 civibus
298 1301 476 1328 interclusum
497 1302 533 1328 sit
551 1300 737 1336 praesidium?
756 1300 842 1333 Quam

42 1340 129 1367 colere
140 1344 248 1376 gentem
260 1348 332 1366 nunc
344 1339 501 1366 instituam?
521 1343 611 1365 utrum
627 1342 657 1364 ut
671 1342 761 1364 custos
773 1338 843 1364 acci-

42 1379 114 1413 piar,
131 1386 163 1404 an
175 1381 205 1404 ut
216 1376 335 1412 proditor
345 1375 491 1404 excludar?
511 1376 540 1403 Si
556 1381 585 1402 ut
595 1380 777 1402 conservator:
795 1384 843 1401 ve-

43 1420 96 1442 stra
116 1415 167 1441 erit
186 1415 346 1450 ignominia.
390 1415 437 1441 Sin
458 1419 488 1441 ut
511 1418 693 1448 oppugnator:
722 1413 842 1447 praecisa

42 1457 121 1479 erunt
135 1453 235 1479 omnia.
277 1453 368 1487 Itaque
383 1451 454 1487 quod
472 1452 565 1486 putavi
580 1450 634 1477 fore
650 1450 795 1485 gaudium,
815 1450 842 1476 id

43 1490 146 1517 exstitit
155 1490 279 1516 exitium.
313 1491 352 1516 Η.
375 1490 411 1520 Si,
425 1489 552 1521 Quirites,
566 1487 691 1514 eumdem
705 1488 731 1514 in
742 1492 843 1514 cetero-

43 1536 104 1554 rum
124 1526 254 1562 periculis
271 1527 432 1553 haberemus
448 1527 583 1557 animum,
605 1533 687 1560 quem
703 1526 730 1551 in
745 1526 842 1551 nostris

43 1564 265 1595 difficultatibus,
282 1568 308 1591 et
322 1573 370 1599 pro
386 1563 609 1591 innocentissimo
623 1571 730 1597 quoque
742 1571 843 1597 propu-

44 1610 140 1637 gnare,
158 1606 184 1628 et
198 1602 422 1628 nocentissimum
438 1609 575 1636 quemque
591 1608 748 1635 oppugnare
765 1600 842 1626 nobis

43 1639 222 1666 utilissimum
238 1648 297 1665 esse
313 1639 517 1668 arbitraremur,
538 1643 564 1664 et
577 1639 601 1664 si
615 1646 676 1664 cum
687 1638 783 1672 optimi
795 1646 843 1663 cu-

43 1677 141 1712 iusque
152 1676 235 1703 rebus
246 1676 367 1703 adversis
379 1681 497 1703 nostram
508 1675 623 1702 salutem
635 1696 641 1706 ,
659 1683 721 1701 cum
731 1674 843 1701 deterri-

43 1722 149 1741 morum
164 1714 305 1740 hominum
316 1713 444 1740 secundis
457 1718 544 1740 nostra
556 1711 675 1747 pericula
687 1716 843 1746 putaremus

43 1752 199 1778 coniuncta:
223 1751 377 1786 frequentes
394 1750 512 1786 profecto
527 1750 626 1777 talibus
642 1750 783 1776 conatibus
794 1749 843 1776 ob-

44 1790 116 1816 viam
132 1789 171 1815 ire
190 1789 351 1815 niteremur:
374 1796 462 1823 neque
481 1788 578 1823 partim
599 1787 749 1814 innocentia
773 1786 841 1817 freti,

43 1827 142 1862 partim
154 1826 292 1853 nobilitate
303 1827 376 1858 nixi,
390 1826 487 1861 partim
499 1826 616 1861 potentia
629 1833 658 1852 ac
670 1824 843 1851 multitudine

44 1864 193 1891 amicorum
205 1863 275 1894 fulti,
284 1872 369 1898 quum
377 1863 505 1898 perfacile
516 1863 736 1890 existimaremus
748 1862 844 1888 adver-

44 1902 178 1928 sariorum
190 1901 245 1927 vim
256 1909 286 1927 ac
297 1900 439 1928 factionem
451 1909 465 1927 a
477 1900 555 1928 nobis
567 1900 660 1935 repelli
671 1907 759 1934 posse,
768 1900 845 1925 subi-

44 1943 71 1966 to
82 1938 135 1974 ipsi
146 1937 231 1964 simili
247 1938 366 1973 periculo
381 1938 575 1969 circumventi,
598 1939 625 1964 in
642 1941 731 1964 nostro
746 1943 844 1964 eventu

45 1975 159 2003 aliorum
175 1976 380 2002 reminiscentes
396 1984 489 2006 casus,
513 1976 571 2002 iure
587 1975 614 2002 id
631 1974 709 2001 nobis
724 1975 845 2001 accidere

45 2013 231 2048 nequidquam
252 2021 438 2048 quereremur.
479 2013 510 2039 V.
543 2014 582 2039 ⁴2.
613 2012 681 2044 Quis
701 2012 773 2037 enim
794 2016 842 2043 est,

45 2050 172 2083 Quirites,
185 2051 234 2085 qui
245 2059 327 2082 nunc,
343 2059 429 2085 quum
442 2050 615 2076 inimicorum
627 2053 776 2075 nostrorum
790 2050 844 2075 vim

47 2093 127 2123 atque
143 2087 299 2114 violentiam
314 2088 473 2123 perspiciat,
494 2087 597 2122 quique
613 2088 733 2113 nostrum
755 2087 844 2121 ipsum

46 2124 309 2161 periculosissimum
324 2133 417 2152 casum
430 2128 610 2160 recognoscat,
626 2124 674 2158 qui
689 2132 739 2150 non
751 2124 846 2150 sibiae

45 2163 104 2190 suis
118 2161 224 2189 diffidat
240 2162 373 2189 fortunis?
391 2162 450 2194 Quo
465 2162 537 2188 enim
553 2170 581 2187 so
598 2162 662 2188 satis
675 2165 760 2187 tutum
773 2161 846 2187 arbi-

46 2200 160 2227 trabitur
171 2199 323 2235 praesidio‘?
344 2200 455 2226 Virtutis
466 2203 492 2226 et
501 2198 621 2234 gloriae?
641 2198 674 2224 At
687 2207 716 2224 ea
728 2207 774 2224 nos
788 2199 844 2233 ipsa

46 2237 97 2264 hoc
120 2241 238 2272 tempore
261 2241 428 2273 oppugnant.
478 2235 652 2262 Multitudine
677 2236 846 2262 amicornm?

46 2275 216 2310 Aperuerunt
229 2283 280 2300 non
293 2274 373 2301 fortes
384 2282 443 2300 esse
454 2281 483 2299 se
494 2274 604 2304 amicos,
617 2273 640 2299 si
654 2274 681 2299 in
693 2282 785 2299 eorum
798 2282 846 2308 po-

46 2316 138 2339 testate
155 2316 242 2338 nostra
259 2311 309 2338 sita
326 2311 400 2337 salus
417 2319 469 2337 non
484 2315 534 2337 est.
575 2311 708 2337 Paucitate
722 2311 846 2337 inimico-

47 2348 126 2376 rum?
145 2349 179 2376 At
193 2348 221 2375 id
237 2357 289 2375 non
306 2349 334 2375 in
351 2349 453 2383 ipsius,
476 2347 523 2374 sed
539 2348 566 2374 in
582 2347 697 2374 aliorum
709 2348 845 2374 voluntate

47 2387 166 2422 positum
180 2390 229 2412 est.
270 2386 337 2412 Nam
349 2394 401 2412 non
412 2385 477 2412 satis
489 2389 541 2416 est,
565 2393 597 2411 ne
611 2386 655 2411 cui
668 2385 793 2412 iniuriam
808 2385 846 2412 fn-

47 2425 112 2455 cias,
126 2423 276 2459 providere,
294 2423 318 2450 si
330 2427 418 2450 tamen
433 2426 497 2449 sunt
508 2421 651 2449 voluntarii
663 2423 781 2453 inimici,
797 2423 844 2457 qni

47 2461 102 2488 tuis
123 2461 250 2496 praemiis
266 2465 290 2487 te
305 2464 473 2496 oppugnent.
516 2461 555 2486 ⁴3.
577 2459 663 2494 Atque
678 2468 763 2494 qnnm
782 2460 845 2486 haee.

48 2499 138 2526 omnia
154 2498 283 2525 omnibus
299 2498 354 2524 sint
368 2498 460 2533 gravia
476 2502 556 2532 utque
572 2497 680 2527 acerba,
707 2502 762 2523 tum
783 2506 846 2523 vero

49 2535 127 2562 nobis
143 2536 240 2562 misera
256 2540 336 2571 atque
352 2534 531 2565 intoleranda,
553 2542 668 2569 quornm
683 2539 708 2560 et
718 2534 805 2560 officia
818 2535 844 2560 in

49 2572 245 2608 rempublicam
258 2573 440 2600 recentissima
449 2593 455 2604 ,
471 2576 497 2598 et
510 2571 678 2598 incommoda
690 2571 724 2598 ob
737 2580 846 2606 rempu-

50 2609 148 2637 blicam
160 2609 380 2645 frequentissima
392 2611 418 2636 in
431 2609 532 2636 familia
544 2613 693 2635 versantur.
735 2609 810 2635 Nnnc
822 2610 844 2634 si

50 2647 143 2674 eadem
154 2647 272 2675 conditio
283 2647 486 2683 disceptationis
498 2650 668 2682 proponetur,
676 2646 755 2681 aequi
768 2646 846 2672 audi-

50 2689 119 2712 tores
130 2685 346 2717 adhibebuntur,
368 2693 446 2712 aures
462 2693 514 2711 non
525 2683 636 2710 obtusae
647 2684 844 2715 criminatione,

1628 153 1688 177 ¹353

895 219 942 245 sed
964 228 1062 246 vacuae
1084 219 1297 254 praebebuntur:
1324 220 1372 255 qui
1395 225 1457 247 sunt
1477 222 1592 247 assecuti
1613 230 1688 248 sum-

896 265 969 282 mum
986 257 1099 292 gradum
1119 257 1242 288 honoris,
1264 266 1314 284 non
1335 258 1554 292 dispoliabuntur
1575 259 1686 285 honore:

894 295 1073 328 quisperant,
1088 294 1193 321 facilius
1205 299 1230 321 et
1241 295 1388 329 proclivius
1399 295 1431 321 ad
1445 295 1551 321 laudem
1564 296 1688 322 nobilita—

895 332 928 357 tis
941 333 1106 365 pervenient.
1146 332 1325 363 Quamobrem
1342 333 1401 359 nolo
1418 342 1459 358 me
1475 333 1543 359 duce
1558 333 1688 367 supplicii

896 377 942 393 vos
958 368 991 394 ad
1008 368 1128 395 fraudem
1143 369 1255 400 deduci,
1278 375 1305 396 ut
1320 379 1368 405 ego
1385 370 1416 395 ad
1430 371 1573 404 pristinum
1588 376 1687 396 statum

895 405 1010 431 recidam
1023 415 1111 433 casus.
1152 407 1228 432 Nunc
1240 408 1330 442 igitur,
1344 408 1366 433 si
1380 407 1469 442 lingua
1482 413 1521 434 est
1533 413 1687 434 concertan-

894 442 969 473 dum,
986 444 1152 470 innocentiae
1165 445 1261 470 virtute
1275 444 1356 470 fretus
1368 454 1478 479 supero:
1502 446 1524 470 si
1538 444 1603 471 facta
1614 454 1687 471 com-

895 481 1030 514 pensanda
1042 487 1112 511 sunt,
1125 481 1294 507 conferamus
1308 483 1483 516 aequitatem:
1506 483 1529 508 si
1545 483 1686 508 violentiae

895 518 995 551 impetu
1011 519 1203 552 opprimimur,
1226 519 1318 545 cedam
1335 528 1381 553 pro
1399 520 1525 546 omnibus
1542 520 1687 546 tribunicio

896 553 991 586 furori,
1016 557 1143 590 quoniam
1161 556 1277 582 laborem
1294 565 1340 590 pro
1351 558 1455 582 cunctis
1467 556 1533 582 ferre
1545 558 1684 583 consuevi.

896 592 937 618 VI.
956 594 994 618 ⁴4.
1014 592 1041 618 Si
1054 594 1136 628 igitur
1146 593 1235 628 aliquo
1249 598 1364 628 tempore
1378 595 1410 619 iis
1423 594 1577 620 bominibus
1589 603 1687 620 consu-

896 629 997 660 luistis,
1020 639 1135 664 quorum
1152 632 1258 657 animus
1272 636 1312 657 est
1328 631 1464 666 religionis
1481 632 1577 665 pietate
1589 631 1686 657 detun-

895 671 969 693 etus:
991 667 1095 693 debetis
1116 668 1183 694 mihi
1198 677 1305 703 quoque
1321 669 1486 702 prospicere,
1512 670 1559 703 qui
1582 669 1686 694 numini

895 704 1006 730 deorum
1021 710 1203 731 consecratum
1220 711 1320 732 sartum
1337 711 1434 731 tectum
1450 706 1483 731 ab
1494 707 1566 731 onini
1580 705 1686 740 piaculo

895 743 1052 768 conservavi
1068 747 1105 773 et,
1122 752 1168 768 vos
1181 748 1209 769 ut
1220 748 1302 770 tutam
1315 743 1540 777 tranquillamque
1553 743 1685 769 fortunam

895 779 1047 810 traheretis,
1071 788 1128 805 mea
1143 779 1242 814 perfeci
1260 780 1408 815 vigilantia.
1450 781 1515 806 Nam
1532 789 1586 809 me,
1603 788 1684 814 quem

895 816 985 850 paullo
996 822 1055 842 ante
1066 816 1168 843 fortuna
1181 823 1299 843 erexerat
1310 818 1342 843 ad
1354 817 1475 852 gloriam,
1493 818 1578 843 virtus
1590 817 1685 843 extulit

895 853 927 878 ad
941 853 1056 884 laudem,
1070 854 1186 888 populus
1198 855 1291 881 tribuit
1304 855 1443 880 honorem:
1461 854 1586 880 eumdem
1599 854 1686 880 tribu-

896 891 923 916 ni
939 889 1011 917 furor
1027 892 1175 926 exagitatus
1192 892 1337 926 depulitad
1349 892 1535 917 calamitatem.
1577 892 1608 917 Et
1619 900 1687 926 quo-

895 928 967 954 niam
979 929 1214 959 animadvertistis,
1230 929 1301 955 illam
1314 930 1536 963 conspirationem
1548 928 1684 954 conflatam

895 965 930 991 ita
942 974 1000 991 esse
1012 967 1172 996 restinctam,
1182 971 1210 992 ut
1222 967 1294 992 nulla
1306 966 1422 993 scintilla
1433 971 1582 1001 compareat
1595 967 1688 991 incen-

895 1002 947 1033 dii,
962 1012 1008 1029 vos
1020 1012 1127 1038 qnoque
1139 1003 1311 1030 tribuniciam
1322 1004 1410 1030 sedate
1422 1005 1609 1034 temeritatem:
1629 1003 1685 1038 (qui

896 1049 967 1066 nunc
977 1049 1005 1066 se
1017 1041 1083 1066 mihi
1096 1041 1236 1066 inimicum
1248 1041 1372 1071 ostendit,
1381 1050 1408 1067 se
1416 1042 1491 1075 prius
1498 1049 1555 1067 csse
1568 1045 1686 1066 vestrum

895 1077 1032 1112 professus
1044 1083 1084 1104 est
1095 1078 1263 1113 inimicum3)
1277 1088 1309 1104 ne
1322 1079 1358 1104 rei
1369 1078 1522 1107 crudelitas,
1540 1083 1647 1111 experta
1661 1078 1687 1103 in

895 1123 946 1145 me,
960 1116 986 1141 in
999 1124 1046 1141 vos
1057 1115 1239 1146 convalescat,
1256 1121 1281 1142 et
1292 1116 1428 1142 calamitas
1441 1120 1568 1141 remorata
1583 1115 1688 1149 longius

895 1157 984 1187 serpat
994 1157 1074 1187 atque
1085 1152 1280 1188 progrediatur,
1295 1158 1459 1188 praecavete.
1498 1154 1535 1178 ¹5.
1559 1153 1634 1177 Nunc
1646 1151 1688 1176 vel

895 1189 969 1215 solus
981 1190 1100 1216 delectus
1112 1190 1144 1216 ad
1156 1190 1347 1220 calamitatem,
1362 1190 1403 1216 vel
1419 1191 1522 1224 primus
1535 1194 1644 1215 vocatus
1656 1188 1689 1214 ad

894 1227 946 1253 tale
957 1227 1122 1261 periculum,
1145 1229 1266 1254 omnium
1283 1229 1386 1254 animos
1403 1229 1460 1253 iure
1476 1227 1560 1253 debeo
1571 1235 1690 1252 commo—

895 1273 966 1291 vere.
1010 1264 1105 1291 Omnia
1127 1270 1189 1291 sunt
1211 1266 1358 1292 immutata.
1403 1265 1496 1290 Manus
1521 1264 1553 1289 ad
1576 1263 1690 1290 ‹lemon—

894 1301 1030 1328 strandam
1042 1302 1189 1337 religantur
1200 1304 1340 1328 iniuriam:
1356 1302 1446 1337 lingua
1459 1301 1586 1327 inciditur
1597 1300 1629 1326 ad
1641 1300 1690 1326 ‹le-

895 1339 1051 1374 plorandam
1067 1340 1258 1366 calamitatem:
1282 1341 1388 1366 animus
1405 1338 1586 1373 praecluditur
1597 1337 1629 1363 ad
1641 1346 1690 1363 ex-

895 1377 1046 1411 ponendam
1072 1378 1108 1403 rci
1135 1377 1332 1412 indignitatem.
1374 1377 1556 1402 Humilitatem
1583 1375 1689 1410 generis

894 1414 1027 1441 obiiciunt
1038 1414 1129 1444 nobis,
1148 1415 1195 1449 qui
1207 1424 1301 1441 novam
1315 1415 1442 1440 rationem
1454 1414 1597 1442 suscitant,
1617 1417 1689 1437 vete-

896 1461 936 1478 res
949 1453 1080 1478 maiorum
1091 1452 1216 1478 obterunt
1228 1451 1330 1478 laudes.
1367 1451 1417 1477 Sed
1430 1450 1495 1486 quid
1508 1459 1557 1485 ego
1569 1449 1644 1484 plura
1656 1449 1689 1474 ‹le

896 1489 1003 1515 illorum
1020 1495 1065 1516 aut
1082 1490 1108 1516 in
1121 1498 1162 1515 me
1175 1489 1340 1519 maledictis,
1359 1490 1441 1514 autin
1455 1497 1501 1513 vos
1513 1487 1638 1513 scelerate
1653 1486 1690 1512 lo-

895 1535 962 1561 quar
974 1526 1067 1553 factis?
1085 1535 1200 1561 quorum
1213 1527 1316 1561 cognita
1330 1526 1500 1560 improbitas,
1519 1533 1559 1550 me
1577 1529 1687 1552 tacente.

895 1565 1050 1600 coarguitur
1061 1564 1228 1598 turpitudine
1241 1565 1324 1593 vitae,
1344 1569 1371 1590 ut
1383 1563 1415 1589 de
1429 1564 1461 1589 iis
1474 1571 1523 1588 non
1536 1562 1570 1587 sit
1583 1569 1689 1587 necesse

896 1603 1019 1628 inimicos
1032 1602 1194 1636 praedicare,
1207 1601 1240 1627 de
1252 1610 1367 1636 quorum
1380 1600 1479 1626 scelere
1493 1608 1524 1625 nc
1536 1599 1615 1624 amici
1626 1599 1690 1632 qni·

895 1640 956 1665 dein
989 1643 1034 1665 aut
1052 1640 1103 1674 ipsi
1116 1644 1227 1673 possunt
1240 1647 1345 1672 negare.
1390 1640 1427 1664 to.
1452 1638 1502 1662 Vos
1514 1645 1562 1669 ego
1574 1634 1688 1670 appello,

895 1686 1009 1711 quorum
1022 1677 1054 1702 de
1068 1685 1108 1702 me
1121 1677 1236 1702 maxima
1249 1681 1289 1702 est
1301 1680 1424 1710 potestas.
1448 1674 1524 1708 Apud
1539 1682 1584 1699 vos
1598 1674 1690 1707 loquor

895 1715 928 1740 (le
941 1723 996 1740 mea
1009 1713 1171 1744 calamitate,
1194 1722 1261 1748 quos
1278 1713 1358 1738 liabui
1371 1721 1476 1746 semper
1490 1711 1654 1737 innocentiae
1665 1715 1691 1735 et.

898 1752 1003 1778 virtutis
1016 1760 1089 1777 meae
1102 1756 1191 1777 testes.
1232 1751 1283 1776 vit.
1297 1751 1379 1785 igitur
1391 1758 1424 1776 ex
1435 1750 1541 1774 civitate
1555 1748 1621 1773 bene
1634 1755 1690 1773 me-

897 1790 963 1815 ritus
975 1789 1007 1814 de
1020 1788 1157 1823 republica
1170 1789 1238 1814 civis
1250 1786 1425 1814 exturbatur?
1440 1788 1566 1812 innocens
1578 1784 1691 1819 expelli-

897 1832 939 1853 tur
950 1826 1098 1852 consularis
1112 1825 1207 1851 homo‘?
1229 1834 1278 1851 non
1293 1824 1464 1850 facultatilms
1477 1832 1542 1849 usus
1554 1821 1689 1856 quondam

898 1864 1032 1894 minimis,
1060 1864 1207 1889 amicorum
1235 1862 1379 1888 multorum
1404 1860 1537 1896 praesidio
1559 1860 1688 1886 immittis.

898 1910 968 1928 nunc
985 1902 1080 1935 partim
1097 1901 1130 1926 ab
1147 1900 1261 1930 invidis,
1285 1901 1381 1934 partim
1397 1899 1430 1924 ab
1447 1899 1564 1924 finium-is
1575 1897 1692 1922 circum-

898 1944 994 1964 ventus
1010 1943 1069 1973 eget
1086 1938 1214 1973 indigne?
1237 1938 1304 1963 linio
1320 1938 1342 1963 si
1358 1945 1435 1971 opem
1458 1944 1507 1961 non
1531 1934 1644 1960 tuleritis
1666 1934 1691 1958 in

898 1975 1017 2011 periculo
1028 1977 1133 2010 capitis,
1149 1984 1204 2004 vos»,
1216 1975 1304 2004 credo,
1322 1974 1471 2000 retinebitis
1484 1978 1598 1998 vestram
1612 1971 1692 1996 libcr-

898 2012 995 2040 tatem‘?
1014 2014 1061 2048 qui
1075 2022 1161 2048 neque
1173 2017 1243 2039 tantu
1256 2012 1349 2038 valetis
1361 2012 1523 2037 anctoritate.
1538 2017 1624 2044 nequo
1635 2013 1692 2034 tnn-

898 2056 984 2077 torum
995 2050 1144 2077 officiorum
1158 2051 1307 2085 impensam
1319 2050 1413 2083 egistis
1426 2049 1451 2074 in
1465 2048 1586 2082 patriani⁴
1628 2045 1691 2071 Milii

897 2088 1010 2118 credite,
1035 2088 1084 2113 boc
1099 2088 1125 2114 in
1142 2096 1195 2113 uno
1211 2086 1410 2113 incommodum
1422 2085 1606 2111 contii-matum
1622 2081 1692 2108 mul—

898 2131 984 2152 torum
1004 2124 1150 2151 infirmabit
1167 2124 1389 2150 incolumitatem:
1413 2128 1438 2149 et
1454 2123 1476 2148 si
1495 2123 1569 2147 initio
1581 2129 1631 2146 non
1644 2120 1692 2144 erit

898 2162 1050 2192 refutatum,
1062 2162 1170 2196 impuno
1183 2161 1214 2187 ud
1226 2162 1348 2187 oninium
1361 2160 1506 2194 perniciem
1515 2157 1690 2184 convalescet.

899 2199 1010 2225 Proinde
1026 2204 1071 2225 aut
1087 2199 1112 2225 in
1130 2207 1189 2224 meo
1205 2198 1324 2232 periculo
1340 2197 1453 2223 salntem
1472 2197 1599 2229 integram
1617 2202 1691 2228 prae-

897 2241 962 2263 state
978 2244 1163 2265 communem,
1180 2240 1225 2261 ant
1242 2236 1266 2260 in
1286 2235 1381 2260 vestris
1399 2234 1446 2259 hoe
1464 2233 1533 2258 idem
1547 2239 1691 2257 incutiunt)—

897 2274 961 2300 ‹luni
974 2279 1125 2308 exspectate
1139 2273 1262 2298 fortunis.
1307 2272 1343 2297 Π.
1368 2272 1450 2296 Nemo
1464 2276 1514 2296 tani
1531 2269 1631 2303 per-lita
1644 2276 1690 2292 au·

897 2312 1024 2341 ctoritate,
1040 2316 1092 2337 tam
1106 2310 1251 2336 facinorosa
1265 2310 1390 2334 inventus
1401 2313 1439 2333 est
1453 2309 1519 2335 vita,
1532 2315 1592 2340 «pii,
1607 2313 1691 2339 quum

897 2349 930 2374 dc
941 2348 1041 2374 scelere
1054 2347 1191 2377 fateretur,
1215 2355 1265 2372 non
1279 2351 1365 2371 tumen
1378 2350 1517 2370 sententiis
1531 2352 1604 2376 prius
1621 2341 1690 2367 mdi-

897 2395 958 2411 cum
971 2386 1183 2413 convinceretur.
1197 2393 1276 2418 quani
1289 2382 1424 2416 =supplicio
1435 2381 1612 2407 addiceretur.
1638 2379 1692 2411 ligo

898 2427 1005 2457 repente
1024 2423 1049 2448 vi
1067 2422 1209 2448 tribunicia
1227 2425 1378 2454 eorreptns,
1402 2428 1452 2444 nou
1471 2418 1547 2443 mmln
1565 2415 1690 2450 loquendi

899 2460 980 2486 libere
994 2460 1020 2485 in
1034 2459 1142 2487 iudicio.
1158 2458 1205 2484 sed
1219 2467 1250 2484 no
1261 2456 1423 2483 consistendi
1436 2455 1544 2489 quidem
1559 2455 1584 2479 in
1596 2453 1690 2478 vivitn-

898 2502 921 2523 te
938 2497 1022 2522 liabeo
1038 2501 1203 2531 potestatem.
1245 2495 1342 2521 tinctor
1359 2502 1409 2519 non
1425 2492 1511 2517 solnm
1535 2499 1593 2516 sinc
1616 2495 1689 2517 teste.

896 2536 955 2560 sine
968 2534 1064 2564 indice,
1078 2535 1136 2559 sine
1148 2534 1270 2560 erimine.
1288 2531 1334 2557 sed
1346 2531 1403 2556 sine
1415 2535 1493 2555 etiam
1507 2528 1605 2553 scelere
1614 2548 1619 2556 ,
1633 2536 1691 2552 sino

897 2576 1058 2598 uccnsntoro.
1103 2573 1139 2596 ts.
1163 2570 1288 2596 Hostibus
1302 2570 1327 2594 in
1340 2568 1422 2594 betto,
1441 2568 1488 2601 qni
1499 2565 1631 2591 ‹lissi-lent
1644 2573 1689 2589 vo—

899 2608 1006 2639 luntutc,
1019 2608 1147 2634 dimicant
1159 2607 1340 2634 nriins.viinn1
1352 2604 1648 2639 quotidieoppugnant.
1664 2610 1689 2626 in

898 2647 954 2681 ipsu
966 2647 1022 2672 acie
1032 2655 1116 2680 quum
1130 2645 1304 2680 praeliantur,
1321 2643 1380 2668 ticet
1393 2642 1479 2676 loqui,
1499 2641 1557 2666 lieet
1568 2640 1689 2674 ‹lisputa-

898 2692 938 2710 νοτ
961 2683 1028 2709 milii
1041 2684 1067 2709 in
1080 2692 1152 2719 paee,
1165 2682 1233 2712 civi,
1249 2681 1296 2716 qni
1307 2679 1472 2716 perditorum
1487 2678 1625 2704 bominum
1639 2675 1690 2702 fre-
