1941 3052
181 133 229 158 ⁸66
759 130 800 155 96.
833 128 866 154 M.

182 201 292 236 Reliqua
303 200 490 235 expediamus.
531 199 583 225 lloc
594 199 721 233 primum.
737 207 791 232 quo
802 199 914 224 accessit
924 207 973 224 cu-
992 200 994 239 fl

181 249 208 266 ru
219 239 304 265 dolori
320 247 390 263 meo:
409 237 454 263 mut
468 236 516 262 lior·
531 241 632 265 tutin—n,
650 235 785 269 quidquid
797 240 849 265 est.
869 236 973 262 l'recin·
992 243 994 263 ἰ

181 285 260 306 num,
277 284 337 301 cum
356 275 388 300 iis
404 273 564 302 rationibus,
583 281 650 306 quas
663 271 707 298 ille
719 281 790 298 mens
803 277 907 303 tractat,
925 272 972 298 nd-
992 266 994 279 '

181 313 287 340 mim-eri
301 312 370 338 nolo.
410 310 512 344 Scripsi
524 309 556 335 ud
568 309 727 339 Terentiam.
741 309 837 344 scripsi
848 310 928 336 etiam
939 310 972 336 ad
992 285 995 363 l

181 351 284 385 ipsum,
298 358 352 378 me,
369 346 503 381 quidquid
515 355 620 380 possem
633 355 804 372 nummorum
815 346 848 372 ad
860 356 972 381 appara-
992 368 994 387 Ι

181 392 236 414 tum
250 385 348 420 sperati
366 383 504 418 triumphi,
519 383 550 409 ad
563 388 586 409 te
603 383 782 410 redacturum.
824 384 873 410 lata
886 385 896 395 ⁶
908 389 972 419 puto

179 424 302 458 ἄμεμπτα
320 421 386 447 l'ore:
407 429 499 446 verum
515 426 543 446 ut
555 420 667 446 lubebit.
710 421 781 447 llunc
791 429 900 456 quoque
911 430 973 448 sus-

179 461 239 494 cipe
249 468 351 489 curam,
364 457 592 492 quemadmodum
604 458 785 492 experiamur.
808 457 835 484 ld
847 463 872 485 et
882 463 972 485 osten-

179 497 242 524 disti
253 495 418 531 quibusdum
431 495 539 526 litteris,
552 503 586 521 ex
595 494 677 530 Epiro
688 504 720 522 an
732 495 844 522 Athenis
855 495 934 527 datis,
947 501 973 522 et

180 536 206 561 in
219 543 250 561 eo
259 543 309 569 ego
321 538 344 559 te
356 532 499 559 adiuvabo.

232 602 258 624 11.
286 604 398 626 (effluat-ii,
409 604 483 624 runnu,
494 604 585 621 statano
597 611 641 620 mu.
654 605 707 624 τω.)

357 646 525 673 CICERO
554 645 726 673 ATTICO
759 646 788 674 S.

238 686 259 711 t.
282 679 462 710 Brundisium
479 684 604 710 venimus
624 692 668 710 vu.
689 683 802 711 Kalend.
819 683 969 715 Decembr.,

179 760 259 794 Epiro
271 758 427 785 lenissimus
438 758 635 785 Onchesmites,
671 759 746 785 Hunc
757 758 970 790 σπονδειάζοντα,

178 796 256 823 sicui
270 795 342 822 voles
355 799 404 822 τῶν
416 797 558 830 νεωτέρων.
576 804 623 830 pro
634 799 678 822 tuo
690 795 808 822 vendita.
848 797 873 823 2.
894 796 972 822 luva-

180 833 269 860 letudo
281 838 323 860 tua
336 842 378 859 mo
390 832 467 859 valde
477 833 627 859 conturbat.
660 833 818 869 Significant
827 833 900 860 enim
913 837 971 859 tuae

179 871 290 900 litterae,
305 875 328 897 te
339 879 448 905 prorsus
461 869 589 896 laborare.
606 870 662 905 Ego
672 875 864 905 autem,quum
876 871 969 900 sciam,

177 916 259 943 quam
270 908 309 934 sis
321 907 408 938 sortis,
426 907 613 934 vehementius
627 916 685 934 esse
696 907 826 942 quiddam
838 908 969 942 suspicor,
999 908 1001 943 Ι

199 945 250 972 uod
265 950 289 972 tc
303 949 379 980 cogat
389 944 498 975 cedere,
515 949 541 971 et
556 944 750 979 propemodum
763 945 903 980 infringam
921 945 970 971 etsi

177 954 287 1009 fflteram
303 987 460 1016 quartanam
473 981 630 1016 Pamphilus
646 987 708 1008 tuus
719 982 786 1008 mihi
797 982 867 1008 dixit
877 982 972 1008 deces-

177 1021 246 1046 sisse
265 1024 290 1046 et
305 1019 413 1046 alteram
435 1019 562 1045 leviorem
584 1019 720 1046 accedere.
761 1020 882 1045 Terentia
898 1027 968 1049 vero,

177 1065 247 1092 quae
261 1056 372 1092 quidem
388 1056 481 1083 eodem
494 1061 610 1091 tempore
622 1056 655 1083 ad
667 1061 768 1091 portam
780 1056 970 1082 Brundisinam

178 1095 264 1125 venit.
278 1102 332 1129 quo
345 1102 394 1129 ego
406 1094 432 1120 in
445 1098 564 1128 portum,
578 1094 701 1128 mihique
711 1094 792 1120 obvia
803 1094 830 1119 in
843 1093 898 1120 soro
910 1094 968 1123 fuit.

178 1132 207 1159 L.
221 1132 343 1158 Pontium
355 1131 409 1157 sibi
421 1132 448 1157 in
459 1131 609 1157 Trebulano
621 1131 723 1157 dixisse
735 1131 872 1162 narrabat,
890 1131 970 1157 etiam

177 1177 235 1197 eain
250 1169 411 1196 decessisse.
451 1168 528 1200 Quod
543 1169 568 1194 si
584 1169 619 1194 ita
634 1173 687 1199 est,
710 1173 749 1194 est
764 1168 837 1203 quod
854 1169 971 1194 maxime

177 1207 330 1234 mehercule
345 1213 420 1242 opto,
439 1205 520 1240 idque
534 1214 612 1240 spero
624 1210 667 1231 tua
679 1205 820 1240 prudentia
833 1209 858 1231 et
869 1210 972 1240 tempe-
999 1214 1001 1232 t

177 1245 260 1272 tantia
279 1250 303 1271 te
323 1248 508 1271 consecutum.
548 1244 573 1268 3.
595 1243 679 1269 Venio
699 1242 732 1269 ad
752 1242 879 1278 epistolas
900 1247 968 1273 tuas,

175 1289 243 1317 quas
255 1291 304 1318 ego
315 1287 456 1308 sexcentas
467 1290 520 1308 uno
531 1285 650 1316 tempore
659 1281 760 1317 accepi,
774 1280 855 1308 aliam
865 1280 917 1308 alia
930 1281 971 1307 iu-

175 1319 341 1351 cundiorem,
355 1328 423 1354 quae
435 1319 545 1354 quidem
557 1324 631 1346 erant
642 1325 684 1346 tua
697 1328 789 1347 manu.
830 1320 897 1346 Nam
909 1319 971 1346 Ale-

176 1357 248 1384 xidis
259 1357 380 1383 animum
391 1356 528 1387 amabam,
540 1357 612 1391 quod
625 1362 676 1384 tam
689 1366 771 1392 prope
783 1357 926 1384 accedebat
937 1357 970 1384 ad

175 1394 383 1420 similitudinem
405 1399 466 1420 tune
487 1393 602 1420 litterae:
628 1403 737 1421 manum
763 1403 815 1421 non
835 1395 967 1426 amabam,
990 1410 993 1424 1

174 1431 246 1466 quod
258 1431 394 1458 indicabat
405 1436 429 1457 te
441 1439 492 1457 non
505 1430 603 1458 valere.
634 1432 719 1458 Cuius
730 1433 858 1467 quoniam
870 1433 970 1459 mentio

174 1468 242 1495 sacta
253 1473 306 1500 est,
325 1469 450 1495 Tironem
461 1469 546 1495 Patris
556 1477 667 1504 aegrum
683 1469 796 1504 reliqui,
814 1469 970 1496 adolescen-
990 1490 991 1494 ,

174 1511 237 1537 tem,
260 1511 290 1533 ut
309 1507 391 1538 nosti3
414 1510 440 1532 et
454 1505 536 1537 adde,
553 1507 577 1532 si
591 1506 659 1541 quid
673 1507 728 1537 vis,
746 1507 875 1541 probum;
899 1507 968 1534 nihil

174 1543 231 1570 vidi
243 1542 352 1570 melius.
391 1543 484 1578 Itaque
494 1552 570 1570 careo
581 1552 669 1579 aegre.
709 1543 880 1579 Quamquam
892 1544 969 1571 vide-

173 1581 252 1607 batur
269 1589 298 1606 se
314 1589 366 1607 non
381 1581 499 1616 graviter
514 1580 626 1613 habere;
649 1586 736 1608 tamen
747 1590 809 1608 sum
823 1581 965 1613 sollicitus,

173 1618 375 1652 maximamque
395 1626 471 1652 spem
489 1617 574 1644 habeo
590 1619 616 1644 in
631 1618 674 1645 Μ’,
686 1618 761 1645 Curii
771 1619 922 1655 diligentia,
935 1619 968 1646 de
989 1642 991 1646 .

173 1664 226 1690 qua
238 1655 271 1682 ad
282 1663 324 1681 me
335 1656 445 1689 scripsit
455 1655 525 1686 Tiro,
538 1660 564 1682 et
574 1655 652 1682 multi
667 1657 834 1683 nuntiarunt.
869 1656 968 1683 Curius
988 1653 991 1669 ¹

173 1697 262 1719 autem
274 1693 332 1727 ipse
342 1693 435 1723 sensit.
452 1701 534 1727 quam
546 1697 574 1719 tu
587 1692 670 1719 velles
681 1701 710 1719 se
721 1701 735 1719 a
746 1702 788 1719 me
800 1693 889 1729 diligi,
901 1698 927 1720 et
937 1702 968 1720 eo

172 1738 234 1756 sum
254 1729 400 1756 admodum
415 1729 572 1756 delectatus.
611 1730 645 1756 Et
659 1730 813 1757 mehercule
824 1736 873 1762 est,
885 1739 967 1766 quem

173 1766 251 1793 facile
272 1766 381 1802 diligas.
421 1766 572 1800 Λύιόχθων
592 1767 620 1793 in
636 1767 745 1794 homine
760 1767 899 1794 urbanitas
915 1773 965 1794 est.

999 199 1002 210 i

1000 358 1001 371 i

1000 374 1001 383 i

1000 387 1001 402 i

1000 411 1001 423 i

1000 428 1001 437 i

898 129 1236 156 ·r.t:t‹:1·:ttoxts

1025 205 1111 225 tamen
1129 200 1177 226 hoc
1189 200 1427 231 iucundissimum.
1445 202 1517 237 quod
1530 202 1659 231 intellexi.
1673 208 1696 229 te
1708 202 1740 229 ad
1751 211 1814 230 eum

1025 237 1144 267 venisse,
1162 242 1190 263 ut
1205 238 1264 263 eius
1277 238 1397 264 animum
1411 247 1472 274 erga
1489 248 1531 265 me
1545 241 1720 275 perspiceres.
1762 240 1816 266 lloc

1025 274 1101 303 mihi,
1116 274 1234 308 inquam.
1251 274 1349 301 accidit
1361 275 1596 303 iucundissimum.
1631 280 1654 303 6.
1672 278 1707 303 De
1719 278 1815 304 trium·

1025 311 1077 344 pho
1097 315 1184 336 autem
1205 311 1278 337 nulla
1299 320 1340 337 me
1358 312 1492 346 cupiditas
1507 322 1634 349 umquam
1655 315 1740 340 tenuit
1755 319 1816 341 ante

1025 347 1112 373 Bibuli
1126 347 1374 382 impudentissimas
1387 349 1569 385 litteran.quas
1576 351 1743 387 amplissime
1750 360 1816 386 sup-

1024 384 1131 419 plicatio
1141 390 1282 412 consecuta
1297 390 1346 412 cst.
1378 386 1397 412 A
1409 395 1463 421 quo
1474 387 1495 413 si
1507 396 1536 412 ca
1548 393 1621 423 gesta
1632 393 1730 417 essent,
1746 396 1815 423 quae

1024 422 1141 456 scripsit,
1163 422 1318 457 gauderem.
1335 428 1361 449 et
1377 423 1470 450 honori
1487 423 1616 451 faverem:
1639 434 1710 452 nunc
1726 424 1814 455 illum.

1023 459 1070 494 qui
1096 459 1190 494 pedem
1207 464 1294 494 porta.
1317 460 1404 494 quoad
1421 460 1505 487 hostis
1518 462 1558 488 cis
1573 461 1735 496 Euphratem
1753 462 1814 493 tuit.

1000 502 1001 508 ¹
1025 505 1075 522 uun
1091 496 1226 527 extulerit.
1247 496 1344 523 honore
1360 498 1468 532 augeri,
1491 507 1542 528 me.
1564 499 1590 525 in
1605 500 1684 525 cuius
1695 501 1815 526 exercitu

1023 542 1098 568 spem
1113 533 1186 559 illius
1197 534 1331 560 exercitus
1344 534 1447 565 habuit,
1461 534 1532 561 idem
1544 544 1595 562 non
1607 536 1815 571 assequi.dede-

998 588 1002 599 ,
1023 579 1071 597 cus
1082 576 1122 597 est
1133 576 1392 601 nostrum,n0strum
1404 572 1523 606 inquam.
1538 577 1561 599 te
1572 573 1749 608 coniungens.
1765 574 1815 600 lta·

1737 610 1815 642 Quod

1023 616 1076 642 quc
1090 608 1179 634 onmia
1195 609 1331 643 esperiatu
1355 614 1389 639 et,
1407 614 1435 635 ut
1451 618 1542 643 spero.
1560 619 1698 644 assequar.

999 655 1001 663 ·
1023 646 1046 670 si
1067 650 1093 671 tu
1116 644 1231 676 valeres,
1255 646 1306 671 iam
1329 646 1397 672 mihi
1415 646 1546 680 quaedam
1562 646 1698 681 explorata
1713 652 1813 674 esseut.

999 675 1001 694 ⁵
1023 681 1085 711 Sed.
1100 687 1128 708 ut
1138 691 1225 716 spero.
1240 682 1354 709 valebis.

180 723 221 749 usi
238 727 281 748 tua
299 721 423 748 felicitate
439 720 598 757 navigandi,
622 721 657 748 ita
671 721 740 748 belle
756 722 834 748 nobis
850 720 923 748 flavit
937 721 971 747 ab
999 737 1001 748 ›

999 761 1001 769 v

1000 866 1001 874 i

1000 889 1001 898 i

998 945 1001 952 t

998 1002 1001 1010 ι

998 1011 1000 1027 ¹
1023 1025 1083 1042 sum
1100 1017 1164 1043 haec
1181 1017 1248 1043 l'erre
1263 1027 1311 1044 nec
1328 1017 1421 1044 feram.

998 1054 1000 1088 J
1023 1053 1163 1088 epistolas;
1190 1054 1238 1080 sed
1255 1055 1323 1081 nihil
1340 1064 1448 1081 necesse
1459 1060 1509 1084 est.

998 1137 1000 1143 ¹
1022 1128 1114 1154 minus
1127 1137 1188 1155 sum
1200 1129 1357 1160 admiratus,
1369 1131 1490 1164 operario
1501 1130 1619 1156 homine.

998 1155 1001 1169 ι

998 1176 1001 1204 Ι

998 1299 1000 1316 4

999 1319 1001 1330 i

999 1334 1000 1346 i

996 1524 999 1628 ἒ

994 1793 997 1808 l

172 1804 238 1830 Eius
258 1808 447 1830 testamentum
467 1803 578 1838 deporto
593 1805 693 1830 trium‘
704 1804 864 1831 Ciceronum
880 1806 966 1840 signis
994 1812 997 1841 g

172 1840 345 1876 obsignatum
355 1840 527 1875 cohortisque
537 1842 699 1876 praetoriae:
722 1841 785 1868 i'ecit
796 1842 884 1876 palam
898 1847 922 1868 te
933 1851 967 1869 ex
994 1858 996 1863 ·

173 1877 274 1909 libella.
287 1886 330 1904 me
341 1886 375 1904 ex
386 1878 516 1904 teruncio.
550 1878 579 1904 In
591 1878 667 1905 Actio
677 1878 807 1914 Corcyrae
818 1879 913 1906 Alexio
923 1888 966 1906 me
994 1880 995 1911 1

171 1915 282 1949 opipare
297 1920 453 1941 muneratus
469 1919 519 1941 est.
559 1914 658 1946 Quinto
669 1915 793 1942 Ciceroni
803 1916 899 1942 obsisti
914 1925 965 1943 non

171 1952 267 1987 potuit.
282 1960 337 1986 quo
352 1952 443 1978 minus
457 1952 599 1987 Thyamim
614 1952 727 1979 videret.
768 1954 792 1979 4.
814 1953 909 1980 Filiola
921 1959 966 1981 tua
987 1948 989 1978 ἶ

172 1994 197 2016 te
217 1989 344 2016 delectari
361 1988 455 2020 laetor,
476 1993 502 2015 et
516 1989 624 2024 probari
639 1989 703 2020 tibi,
720 1990 831 2024 φυσικήν
846 1999 906 2017 esse
922 1991 966 2024 τὴν
986 1984 989 2000 ¹

171 2026 239 2063 πρὸς
253 2027 284 2053 τὰ
300 2027 385 2053 τέκνα.
424 2026 540 2057 Etenim,
554 2027 578 2052 si
590 2026 655 2053 haec
666 2035 718 2054 non
730 2032 778 2058 est,
795 2027 867 2054 nulla
880 2032 966 2063 potest

172 2063 276 2090 homini
287 2071 346 2090 esse
357 2062 390 2089 ad
402 2063 539 2089 hominem
551 2064 816 2097 naturaeadiunctio;
839 2074 892 2100 qua
899 2065 966 2091 sub—
987 2098 988 2101 Ἴ

171 2100 222 2127 lata
238 2101 307 2127 vitae
319 2101 432 2127 societas
443 2100 554 2127 tollitur.
595 2101 661 2127 Bene
671 2105 782 2133 eveniat,
802 2103 891 2137 inquit
901 2102 966 2129 Car-
986 2111 989 2135 ᾳ

170 2137 283 2164 neades:
306 2146 412 2172 spurce,
425 2137 473 2164 sed
487 2142 575 2164 tamen
587 2138 757 2173 prudentius,
771 2148 853 2175 quam
864 2140 965 2166 Lucius
987 2140 988 2146 ¹

170 2180 259 2202 noster
274 2180 300 2202 et
314 2175 399 2206 Patro,
416 2175 473 2209 qui,
490 2183 576 2210 quum
591 2176 681 2202 omnia
695 2176 728 2203 ad
738 2185 767 2203 se
779 2176 902 2208 referant,
916 2185 965 2203 nec
986 2174 988 2179 ’

169 2212 321 2248 quidquam
338 2212 448 2238 alterius
462 2221 557 2238 caussa
573 2212 630 2239 fieri
642 2218 744 2247 putent,
762 2219 788 2240 et
798 2223 884 2249 quum
895 2223 925 2240 ea
937 2222 965 2240 re
986 2238 988 2244 ,

170 2249 272 2276 bouum
283 2250 372 2276 virum
386 2254 506 2284 oportere
517 2258 575 2276 esse
586 2250 684 2281 dicant,
698 2259 731 2277 ne
743 2251 845 2278 malum
856 2251 962 2282 habeat,

170 2295 222 2313 non
242 2295 296 2322 quo
311 2286 338 2313 id
355 2292 447 2313 natura
464 2291 565 2313 rectum
581 2288 625 2318 sit,
643 2296 695 2314 non
711 2288 875 2325 intelligunt,
892 2297 920 2315 se
931 2288 965 2315 de

169 2323 267 2350 callido
282 2324 391 2350 homine
406 2324 489 2359 loqui,
507 2333 559 2350 non
579 2324 613 2350 de
628 2324 699 2351 bono
714 2326 781 2352 viro.
821 2325 874 2352 Sed
888 2326 962 2356 haec,

169 2362 272 2395 opinor,
295 2366 358 2387 sunt
373 2362 400 2387 in
416 2362 450 2387 iis
467 2361 554 2392 libris,
575 2370 643 2396 quos
658 2367 687 2388 tu
704 2362 846 2393 laudando,
860 2364 964 2390 animos

170 2398 238 2424 mihi
253 2398 393 2425 addidisti.
432 2400 458 2425 5.
478 2398 566 2425 Redeo
577 2398 610 2424 ad
622 2407 688 2425 rem.
727 2400 905 2427 Commodum
916 2408 966 2426 ex-

169 2435 322 2469 spectabam
329 2435 479 2470 epistolam,
488 2444 570 2470 quam
577 2436 724 2463 Philoxeno
734 2437 871 2464 dedisses:
887 2437 965 2472 (scri-

170 2480 261 2505 pseras
280 2473 363 2503 enim,
378 2474 406 2499 in
422 2481 452 2499 ea
468 2481 527 2498 esse
540 2473 573 2499 de
589 2481 712 2500 sermone
727 2475 848 2509 Pompeii
859 2475 965 2509 Neapo-
984 2495 987 2520 Ι

170 2508 276 2544 litanoz)
297 2518 355 2535 eam
376 2510 444 2536 mihi
462 2510 539 2536 Patro
553 2510 691 2536 Brundisii
707 2511 837 2544 reddidit;
865 2511 965 2547 Corcy-
984 2530 987 2550 ,

984 2574 986 2595 Ι

171 2553 223 2576 rae,
245 2551 274 2572 ut
288 2547 395 2580 opinor,
415 2552 562 2582 acceperat,
601 2547 675 2573 Nihil
691 2549 778 2582 potuit
792 2557 851 2575 esse
866 2549 964 2574 iucun-
985 2554 986 2558 ¹

170 2581 243 2608 dius.
283 2583 345 2609 Erat
359 2584 431 2610 enim
442 2584 476 2610 de
491 2583 640 2619 republica,
652 2584 686 2611 de
696 2586 832 2620 opinione,
845 2594 928 2620 quam
939 2586 963 2611 is
984 2598 987 2628 Ι

171 2619 213 2644 vir
225 2618 342 2649 haberet,
357 2621 516 2656 integritatis
528 2630 615 2654 meae3
631 2621 665 2648 de
677 2622 962 2658 benevolentia‚quam

169 2655 287 2682 ostendit
296 2664 327 2683 eo
338 2665 469 2690 sermone,
482 2667 564 2694 quem
574 2659 670 2686 habuit
679 2659 712 2686 de
724 2659 870 2695 triumpho.
909 2658 963 2686 Sed

1394 684 1419 709 7.
1431 684 1466 709 De
1478 684 1641 710 raudusculo
1652 685 1816 711 Numeriano

1024 719 1138 745 multum
1156 725 1180 746 te
1194 729 1262 746 amo.
1304 721 1460 746 llortensius
1475 721 1541 756 quid
1553 722 1646 757 egerit,
1659 729 1724 748 aveo
1735 722 1814 751 scire.

1023 756 1086 782 Cato
1105 756 1171 791 quid
1187 762 1259 791 agatg
1283 758 1330 792 qui
1346 757 1457 792 quidem
1474 759 1500 784 in
1515 767 1556 784 me
1569 759 1682 793 turpiter
1693 758 1744 784 l'uit
1758 766 1815 784 ma-

1025 793 1137 820 levolus.
1188 794 1264 820 Dedit
1293 795 1466 830 integritatis,
1489 796 1620 826 iustitiae,
1645 795 1814 826 clementiae,

1024 830 1086 857 fidei
1103 831 1169 857 mihi
1181 833 1376 860 testimonium.
1391 832 1464 867 quod
1479 841 1531 859 non
1543 832 1719 868 quaerebam:
1742 832 1815 867 quod

1023 868 1206 902 postulabam,
1229 869 1255 895 id
1277 870 1394 904 negavit.
1435 870 1525 905 ltaque
1545 870 1641 896 Caesar
1659 871 1693 896 iis
1710 869 1814 901 litteris,

1023 905 1124 939 quibus
1139 906 1206 932 mihi
1226 907 1375 941 gratulatur
1389 911 1415 933 et
1429 908 1518 933 omnia
1531 906 1679 941 pollicetur,
1693 915 1747 942 quo
1758 915 1817 933 mo-

1023 942 1056 968 do
1071 942 1185 968 exsultat
1201 943 1320 973 Catonis,
1339 944 1365 970 in
1383 952 1424 970 me
1441 944 1631 980 ingratissimi,
1650 945 1760 971 iniuria!
1782 944 1817 970 At

1023 979 1067 1005 hic
1080 979 1149 1005 idem
1161 980 1256 1006 Bibulo
1267 981 1372 1007 dierum
1383 989 1432 1007 xx,
1464 982 1572 1017 lgnosce
1585 981 1665 1013 mihi;
1690 990 1740 1007 non
1753 990 1816 1016 pos-

1461 1020 1486 1044 8.
1504 1019 1590 1053 Cupio
1606 1018 1638 1045 ad
1649 1027 1743 1044 omnes
1755 1023 1815 1044 tuas

1550 1057 1604 1082 lam
1616 1056 1687 1082 enim
1703 1061 1726 1081 te
1739 1055 1816 1082 vide-

1023 1090 1066 1117 bo.
1106 1091 1175 1117 illud
1196 1096 1283 1118 tamen
1299 1092 1332 1118 de
1346 1092 1510 1128 Chrysippo;
1543 1102 1604 1119 nam
1625 1093 1658 1119 de
1674 1093 1756 1119 altero
1769 1092 1816 1119 illo

1659 1130 1711 1156 Sed
1726 1135 1814 1156 tamen

1023 1173 1055 1192 ne
1071 1165 1118 1192 illo
1133 1166 1243 1200 quidem
1258 1166 1407 1201 quidquam
1425 1167 1586 1201 improbius.
1630 1167 1815 1203 Chrysippum

1023 1211 1098 1233 vero,
1120 1212 1203 1240 quem
1223 1212 1286 1241 ego,
1311 1209 1419 1238 propter
1440 1203 1616 1231 litterularum
1632 1205 1722 1231 nescio
1736 1203 1813 1239 quid,

1023 1240 1138 1269 libenter
1153 1242 1220 1274 vidi,
1233 1244 1259 1269 in
1271 1243 1369 1270 honore
1385 1240 1476 1273 habui,
1491 1241 1628 1268 discedere
1640 1251 1654 1268 a
1665 1250 1757 1277 puero,
1773 1242 1816 1268 in—

999 1287 1001 1296 >
1023 1280 1123 1306 sciente
1139 1281 1195 1306 mel
1221 1281 1296 1307 Mitto
1309 1280 1370 1311 alia,
1382 1289 1451 1316 quae
1462 1279 1551 1310 audio,
1565 1279 1657 1310 multa,
1672 1280 1747 1305 mitto
1759 1278 1816 1305 l'ur-

1023 1322 1061 1344 ta:
1095 1317 1187 1353 sugam
1209 1327 1260 1344 non
1278 1317 1346 1349 fero,
1363 1327 1416 1353 qua
1433 1318 1500 1344 mihi
1516 1316 1585 1344 nihil
1601 1318 1690 1343 visum
1706 1321 1816 1343 estsoe-

1023 1355 1143 1381 leratius.
1183 1356 1274 1390 Itaque
1295 1356 1426 1390 usurpavi
1437 1360 1514 1382 vetus
1530 1355 1598 1382 illud
1618 1354 1710 1382 Drusi.
1732 1358 1761 1380 ut
1776 1352 1817 1379 te-

1023 1397 1097 1423 runt,
1120 1393 1250 1427 praetoris
1264 1393 1292 1419 in
1308 1401 1352 1424 eo.
1374 1394 1422 1428 qui
1440 1392 1533 1419 eadem
1551 1392 1619 1419 liber
1633 1401 1684 1419 non
1702 1392 1813 1423 iurarem

1022 1438 1065 1456 me
1076 1431 1142 1457 istos
1154 1429 1252 1457 liberos
1264 1439 1316 1457 non
1327 1430 1479 1460 addixisse:
1502 1431 1658 1465 praesertim
1670 1438 1756 1465 quum
1767 1429 1816 1455 ad-

1021 1472 1092 1494 esset
1112 1476 1199 1499 nemo.
1217 1477 1231 1495 a
1241 1476 1296 1502 quo
1310 1473 1380 1494 recte
1391 1467 1601 1494 vindicarentur.
1641 1467 1671 1494 ld
1682 1472 1720 1497 tu,
1734 1471 1763 1493 ut
1773 1467 1817 1492 vi-

1021 1505 1142 1536 debitur,
1165 1506 1200 1532 ita
1221 1505 1350 1540 accipies:
1373 1513 1423 1541 ego
1439 1505 1489 1532 tibi
1505 1505 1647 1531 assentiar.
1687 1504 1739 1531 Uni
1754 1509 1816 1530 tuae

1021 1543 1216 1569 disertissimae
1240 1542 1369 1577 epistolae
1393 1551 1446 1569 non
1471 1543 1611 1577 rescripsi,
1643 1542 1671 1568 in
1697 1549 1751 1576 qua
1775 1545 1816 1567 est

1020 1579 1053 1606 de
1068 1580 1198 1614 periculis
1213 1580 1390 1614 reipublicae.
1429 1579 1501 1612 Quid
1520 1577 1714 1606 rescriberem?
1733 1577 1816 1604 Valde

1020 1626 1092 1643 eram
1114 1617 1296 1652 perturbatus.
1336 1617 1404 1648 Sed,
1424 1621 1453 1643 ut
1468 1617 1536 1643 nihil
1552 1625 1649 1652 magno
1663 1623 1743 1650 opere
1758 1623 1816 1641 me-

1020 1659 1103 1685 tuam,
1117 1654 1206 1681 Parthi
1218 1654 1328 1686 faciunt,
1343 1655 1391 1689 qui
1402 1653 1815 1689 repenteBibulumsemivivum

1020 1691 1200 1726 reliquerunt.

1073 1761 1112 1782 ut.
1131 1764 1162 1784 <in
1174 1762 1290 1783 Tubulum,
1299 1763 1374 1782 Pauli-v,
1383 1763 1475 1780 iti-mun
1485 1769 1531 1779 mn.
1543 1763 1597 1783 roe.)

1205 1804 1371 1832 CICERO
1401 1803 1568 1831 ATTICO
1597 1803 1626 1830 S.

1077 1844 1099 1868 t.
1121 1838 1160 1868 A.
1179 1842 1207 1869 d.
1224 1851 1294 1868 vni.
1311 1841 1350 1868 Id.
1367 1842 1493 1868 Decemb.
1510 1841 1692 1868 Aecculanum
1704 1841 1776 1871 veni,
1789 1846 1816 1867 et

1019 1879 1059 1905 ibi
1074 1884 1134 1906 tuas
1150 1879 1250 1906 litteras
1263 1879 1330 1915 legi,
1346 1888 1414 1914 quas
1426 1879 1587 1906 Philotimus
1599 1878 1667 1904 mihi
1680 1877 1812 1904 reddidit:

1019 1926 1033 1943 e
1048 1917 1150 1952 quibus
1166 1917 1235 1943 hanc
1250 1918 1338 1952 primo
1353 1922 1462 1952 aspectu
1479 1916 1644 1951 voluptatem
1654 1916 1728 1950 oepi,
1741 1914 1815 1950 quod

1018 1959 1093 1980 erant
1108 1963 1122 1980 a
1139 1959 1163 1980 te
1175 1955 1235 1989 ipso
1245 1955 1375 1989 scriptae:
1398 1953 1496 1980 deinde
1507 1962 1600 1980 earum
1612 1953 1814 1979 accuratissima

1017 1991 1158 2027 diligentia
1186 2000 1247 2018 sum
1272 1992 1373 2018 mirum
1398 1992 1426 2018 in
1447 1991 1558 2018 modum
1578 1990 1736 2016 delectatus.
1775 1989 1814 2016 Ac

1017 2030 1137 2064 primum
1153 2028 1235 2059 illud,
1253 2029 1281 2055 in
1296 2037 1350 2064 quo
1366 2033 1390 2055 te
1404 2028 1566 2055 Dicaearcho
1580 2027 1704 2054 assentiri
1719 2034 1811 2062 nega&

1017 2067 1068 2092 etsi
1088 2066 1266 2101 cupidissime
1286 2066 1436 2100 expetitum
1457 2074 1471 2092 a
1486 2073 1528 2091 me
1544 2065 1592 2095 sit,
1609 2069 1636 2091 et
1649 2063 1814 2099 approbante

1018 2108 1055 2134 te,
1078 2112 1111 2130 ne
1131 2103 1236 2129 diutius
1253 2112 1323 2130 anno
1339 2103 1366 2129 in
1382 2103 1521 2138 provincia
1537 2110 1639 2132 essem,
1656 2106 1745 2128 tamen
1759 2108 1812 2127 non

1017 2146 1057 2167 est
1077 2145 1166 2167 nostra
1185 2141 1354 2167 contentione
1374 2139 1533 2175 perfectum.
1574 2139 1619 2166 Sic
1641 2139 1714 2165 enim
1733 2137 1810 2168 scito,

1017 2177 1132 2204 verbum
1147 2178 1175 2204 in
1191 2182 1285 2204 senatu
1301 2177 1400 2203 factum
1415 2185 1474 2203 esse
1491 2185 1640 2211 numquam
1653 2175 1687 2202 de
1699 2174 1754 2201 ullo
1764 2182 1813 2201 no-

1016 2220 1115 2246 strum,
1129 2215 1177 2250 qui
1192 2215 1345 2249 provincias
1355 2214 1537 2244 obtinuimus,
1550 2222 1605 2248 quo
1616 2214 1643 2239 in
1655 2212 1698 2239 his
1706 2211 1812 2238 diutius

1016 2261 1099 2286 quam
1125 2260 1159 2278 ex
1178 2256 1288 2278 senatus
1307 2251 1429 2278 consulto
1449 2259 1633 2277 maneremus:
1664 2249 1762 2275 utiam
1777 2256 1812 2274 ne

1016 2290 1096 2315 istius
1110 2289 1222 2324 quidem
1239 2289 1277 2314 rei
1287 2288 1395 2323 culpam
1407 2289 1566 2318 sustineam,
1578 2286 1651 2322 quod
1662 2286 1752 2312 minus
1763 2285 1811 2312 diu

1016 2326 1113 2352 fuerim
1125 2326 1308 2361 inprovincia‚
1321 2325 1520 2360 quamfortasse
1527 2322 1686 2351 fueritutile.
1707 2323 1732 2349 2.
1745 2321 1809 2353 Sed,

1015 2373 1085 2394 Qurn
1111 2372 1136 2389 st
1161 2372 1215 2389 noc
1240 2362 1365 2389 uentus?
1393 2371 1473 2397 saepe
1496 2365 1645 2396 opportune
1663 2359 1718 2386 dici
1733 2359 1812 2386 vide·

1016 2405 1067 2431 tur,
1081 2401 1148 2427 utin
1160 2400 1210 2426 hoc
1221 2400 1290 2435 ipso.
1330 2399 1395 2426 Sive
1405 2400 1478 2426 enim
1489 2399 1522 2425 ad
1533 2396 1702 2425 concordiam
1713 2396 1811 2423 resad-

1015 2437 1079 2464 duci
1090 2442 1186 2472 potest,
1199 2438 1257 2463 sive
1268 2436 1302 2463 ad
1314 2437 1446 2463 bonorum
1457 2436 1609 2462 victoriam:
1627 2434 1760 2461 utriusvis
1770 2441 1810 2460 rei

1016 2483 1058 2500 me
1078 2479 1123 2501 aut
1143 2475 1293 2501 adiutorem
1312 2474 1395 2500 velim
1409 2481 1481 2503 esse,
1499 2477 1545 2498 aut
1558 2476 1629 2498 certe
1645 2479 1696 2497 non
1712 2479 1810 2506 exper-

1016 2517 1079 2538 tem.
1120 2511 1169 2538 Sin
1186 2512 1331 2538 vincuntur
1346 2511 1424 2543 benig
1451 2509 1619 2544 ubicumque
1634 2516 1737 2539 essem,
1754 2515 1808 2534 una

1015 2557 1077 2575 cum
1094 2549 1128 2575 iis
1141 2549 1230 2575 victus
1241 2557 1340 2574 essem.
1379 2547 1466 2579 Quare
1477 2546 1599 2572 celeritas
1611 2546 1694 2572 nostri
1705 2545 1809 2572 reditus

1015 2585 1207 2621 ἀμεταμέλητος
1221 2585 1302 2612 debet
1317 2592 1387 2611 esse.
1409 2583 1486 2615 Quod
1496 2584 1520 2609 si
1531 2584 1582 2609 ista
1594 2582 1671 2609 nobis
1682 2583 1808 2618 cogitatio

1014 2622 1047 2648 de
1064 2623 1201 2657 triumpho
1217 2623 1312 2649 iniecta
1328 2629 1379 2648 non
1394 2625 1477 2651 esset,
1495 2629 1577 2655 quam
1592 2625 1621 2646 tu
1636 2628 1744 2654 quoque
1759 2627 1809 2654 ap-

1012 2660 1125 2695 probas,
1150 2668 1200 2686 nae
1219 2664 1248 2686 tu
1268 2658 1341 2686 haud
1359 2656 1476 2685 multum
1495 2658 1647 2693 requireres
1667 2656 1746 2684 illum
1765 2656 1808 2683 vi-
