1941 3052
404 80 739 108 EPISTOLARUM
769 81 824 108 AD
854 83 1087 110 DIVERSOS
1129 84 1252 110 LIB.1.
1284 85 1391 110 EP.9.

77 153 250 181 muliebrium
262 152 433 188 religionum,
446 154 493 188 qui
506 162 557 180 non
569 153 655 188 pluris
668 153 764 180 fecerat
774 154 873 180 Bonam

76 193 169 222 Deam,
192 200 273 226 quam
290 195 341 217 tres
357 199 473 221 sororeS,
495 191 683 226 impunitatem
704 195 745 217 est
765 191 872 217 illorum

76 229 215 256 sententiis
226 233 377 259 assecutus,
399 228 446 263 qui
462 228 556 263 (quum
572 228 698 254 tribunus
712 228 799 263 plebis
811 237 874 263 poe—

76 276 124 293 nas
139 275 153 293 a
168 266 295 292 seditioso
309 266 361 292 civi
378 274 424 300 per
439 265 522 292 bonos
539 266 610 292 viros
628 265 728 292 iudicio
748 267 872 301 persequi
901 291 902 295 ,

75 304 176 338 vellet,)
192 303 346 338 exemplum
363 303 606 338 praeclarissimum
621 304 649 329 in
666 308 801 338 posterum
814 305 874 330 vin·
894 304 903 339 ’ξ

75 341 202 368 dicandae
217 341 356 367 seditionis
371 341 403 367 de
419 340 556 375 republica
571 340 752 367 sustulerunt:
778 341 874 367 iidem·
894 342 903 355 ”

75 387 128 414 que
139 383 242 414 postea,
257 387 308 404 non
320 387 411 404 meum
423 382 639 408 monumentum,
656 378 718 413 (non
730 379 801 405 enim
813 378 874 404 illae
894 376 895 386 ¹

75 416 217 443 manubiae
228 424 315 447 meae,
328 415 375 442 sed
385 416 474 450 operis
486 415 579 442 locatio
591 424 648 442 mea
661 415 766 450 fuerat,)
778 424 873 442 monu-
894 423 903 435 i*

75 458 194 480 mentum
206 462 269 480 vero
279 458 388 479 senatus
421 452 510 479 hostili
527 453 633 479 nomine
647 457 673 479 et
683 454 800 479 cruentis
813 454 874 479 inu·
894 456 903 486 Ἀ

74 495 147 517 stum
165 491 259 517 litteris
274 499 333 517 esse
349 491 421 525 passi
437 495 509 517 sunt.
550 489 601 522 Qui
613 499 655 516 me
668 490 790 516 homines
801 490 873 525 quod
894 519 895 533 χ

74 528 180 555 salvum
197 536 256 554 esse
278 528 434 558 voluerunt,
457 532 496 554 est
516 527 583 554 mihi
603 528 802 563 gratissimum:
826 527 873 553 sed
894 535 902 565 ,3

73 565 172 592 vellem
183 574 235 592 non
247 565 334 592 solum
346 565 440 591 salutis
452 573 534 595 meae,
547 564 775 599 quemadmodum
788 565 874 590 medi-

73 604 107 634 ci,
121 603 177 634 sed,
186 607 216 630 ut
229 603 333 638 aliptae,
342 603 421 629 etiam
433 603 532 628 virium
544 607 569 628 et
580 601 675 628 coloris
687 603 815 628 rationem
827 602 873 628 ha-

73 640 137 667 bere
153 640 315 667 voluissent:
343 648 427 670 nunc,
450 644 479 666 ut
497 639 605 674 Apelles
621 639 731 665 Veneris
747 644 828 674 caput
848 644 874 665 et
893 637 901 666 ,³¹

74 686 181 704 summa
191 678 305 713 pectoris
316 677 476 712 politissima
487 681 541 703 arte
548 675 665 711 perfecit,
675 676 805 711 reliquam
813 685 873 711 par-
893 674 894 714 ᾗ

75 720 127 741 tem
142 715 260 750 corporis
274 715 424 741 inchoatam
435 713 558 748 reliquit,
576 714 615 740 sic
626 713 738 748 quidam
751 714 872 740 homines
893 726 894 732 ¹

72 753 100 778 in
112 753 197 787 capite
208 761 267 779 meo
278 751 366 778 solum
377 751 553 782 elaborarunt,
567 750 702 786 reliquum
712 760 810 786 corpus
821 752 872 777 im-
892 758 894 780 ,³

72 789 220 824 perfectum
232 798 261 816 ac
273 789 339 816 rude
350 788 526 823 reliquerunt.
569 790 609 815 ⁴6.
632 789 660 815 ln
671 797 725 824 quo
736 797 785 824 ego
795 798 871 823 spem
893 786 894 793 ¹

72 826 156 853 fefelli
172 835 224 853 non
245 826 322 853 modo
342 826 509 857 invidorum,
532 825 580 852 sed
600 827 679 852 etiam
700 827 871 853 inimicorum

72 872 207 891 meorum:
231 865 279 899 qui
290 864 323 890 de
334 872 388 890 uno
399 864 526 890 acerrimo
538 867 562 890 et
574 863 719 890 fortissimo
730 864 788 890 viro
799 873 872 890 meo-

71 910 125 937 que
140 901 240 928 iudicio
254 902 375 928 omnium
391 900 576 936 magnitudine
591 901 673 927 animi
687 906 713 927 et
723 902 871 928 constantia

71 940 314 974 praestantissimo,
327 939 359 971 Q.
372 938 490 970 Metello,
504 939 579 965 Lucii
591 938 658 970 filio,
674 939 810 974 quondam
822 939 871 965 fal—

71 986 128 1003 sam
143 977 296 1011 opinionem
312 981 480 1011 acceperant;
497 984 577 1011 quem
593 980 653 1011 post
664 976 780 1003 reditum
791 977 870 1002 dicti-
898 993 900 1011 4

71 1018 126 1041 tant
138 1014 219 1041 fracto
230 1015 319 1041 auimo
330 1018 356 1040 et
366 1014 485 1040 demisso
496 1013 589 1040 fuisse.
622 1014 671 1040 Est
682 1023 743 1040 vero
755 1015 871 1049 proban-

70 1051 145 1083 dum,
153 1053 232 1087 quiet
243 1060 349 1078 summa
362 1051 496 1078 voluntate
506 1052 625 1083 cesserit,
634 1056 659 1078 et
670 1053 776 1088 egregia
786 1052 869 1078 animi

71 1089 204 1116 alacritate
215 1089 343 1120 abfuerit,
359 1097 446 1124 neque
460 1097 524 1115 sane
536 1089 622 1115 redire
633 1090 744 1120 curarit,
762 1098 824 1115 eum
836 1089 869 1116 ob

68 1126 97 1153 id
109 1127 199 1161 ipsum
211 1126 323 1153 fractum
335 1126 428 1158 fuisse,
437 1127 524 1161 inquo
535 1135 620 1161 quum
632 1135 724 1153 omnes
736 1127 866 1158 homines,

69 1168 127 1191 tum
139 1165 174 1190 M.
187 1164 264 1190 illum
277 1164 417 1195 Scaurum,
430 1163 594 1199 singularem
609 1164 707 1196 virum,
720 1165 869 1191 constantia

69 1206 96 1228 et
105 1202 234 1237 gravitate
246 1206 408 1236 superasset.
450 1201 516 1232 Sed,
530 1201 602 1236 quod
613 1201 646 1228 de
657 1201 703 1228 illo
713 1206 870 1237 acceperant

69 1243 116 1265 aut
126 1240 204 1265 etiam
216 1239 432 1274 suspicabantur,
440 1238 474 1265 de
488 1247 530 1265 me
542 1238 612 1265 idem
623 1239 783 1275 cogitabant,
797 1239 869 1266 abie-

68 1277 151 1303 ctiore
162 1277 251 1303 animo
263 1285 304 1303 me
320 1276 455 1308 futurum,
478 1285 563 1311 quum
579 1277 730 1312 respublica
743 1277 868 1303 maiorem

69 1315 148 1340 etiam
161 1314 228 1340 mihi
243 1315 378 1345 animum,
396 1323 476 1349 quam
493 1322 622 1348 umquam
635 1314 805 1346 habuissem,
821 1314 868 1340 da-

68 1356 121 1384 ret;
138 1360 207 1387 quae
218 1351 390 1383 declarasset,
408 1359 436 1378 se
448 1361 499 1378 non
512 1352 630 1386 potuisse
643 1360 684 1378 me
697 1361 750 1378 uno
760 1353 813 1379 civi
824 1361 868 1378 ca—

68 1397 139 1416 rere:
162 1398 303 1424 quumque
319 1388 455 1416 Metellum
471 1389 552 1415 unius
568 1389 669 1416 tribuni
689 1389 776 1424 plebis
792 1398 868 1426 roga-

67 1427 117 1457 tio,
141 1435 183 1453 me
198 1427 323 1453 universa
340 1426 505 1461 respublica,
523 1426 591 1453 duce
602 1431 709 1458 senatu,
726 1428 868 1454 comitante

67 1464 154 1495 ltalia,
182 1464 416 1500 promulgantibus
436 1463 576 1495 omnibus,
598 1464 726 1491 referente
746 1465 865 1496 consule,

66 1502 182 1528 comitiis
193 1502 356 1533 centuriatis,
370 1502 474 1528 cunctis
486 1501 640 1533 ordinibus,
656 1502 810 1529 bominibus
826 1503 868 1528 in-

67 1539 271 1570 cumbentibus,
285 1539 411 1566 omnibus
423 1538 539 1574 denique
551 1539 608 1565 suis
622 1540 725 1566 viribus
736 1541 867 1575 recipera-

67 1577 160 1603 visset.
203 1578 242 1603 ⁴7.
265 1577 358 1612 Neque
374 1585 436 1603 vero
451 1585 500 1612 ego
516 1577 583 1603 mihi
602 1582 693 1612 postea
716 1577 865 1613 quidquam

66 1615 211 1649 assumpsi,
225 1623 312 1650 neque
324 1614 402 1641 hodie
413 1622 535 1646 assumo,
548 1614 622 1649 quod
633 1623 797 1650 quemquam
810 1624 866 1641 ma-

67 1650 307 1679 levolentissimum
319 1652 377 1678 iure
387 1652 473 1687 possit
486 1651 632 1679 offendere:
650 1657 753 1679 tantum
769 1653 863 1683 enitor,
894 1678 896 1684 ,

65 1693 96 1715 ut
107 1698 193 1725 neque
204 1690 298 1716 amicis
311 1698 397 1725 neque
408 1690 487 1716 etiam
503 1689 678 1716 alienioribus
692 1698 784 1725 opera,
802 1699 866 1717 con·
894 1685 896 1723 ζ

66 1726 140 1758 silio,
164 1727 252 1754 labore
267 1727 363 1753 desim.
404 1727 452 1753 llic
470 1735 544 1753 meae
561 1727 626 1754 vitae
644 1736 741 1754 cursus
756 1727 866 1754 offendit

65 1771 110 1790 eos
117 1763 292 1799 fortasse,qui
304 1764 473 1799 splendorem
485 1769 511 1791 et
520 1765 636 1800 speciem
650 1765 731 1792 huius
744 1766 812 1792 vitae
824 1766 866 1792 in-

67 1805 187 1833 tuentur,
210 1801 420 1829 sollicitudinem
435 1806 524 1829 autem
539 1806 566 1829 et
581 1802 697 1829 laborem
714 1803 865 1838 perspicere

65 1847 118 1865 non
134 1843 255 1874 possunt.
296 1839 366 1865 Illud
382 1847 445 1866 vero
460 1848 512 1866 non
526 1839 640 1866 obscure
654 1845 818 1875 queruntur,
837 1841 864 1867 in

65 1876 133 1902 meis
145 1876 293 1907 sententiis,
305 1877 407 1911 quibus
418 1885 509 1903 ornem
522 1877 674 1908 Caesarem,
688 1879 766 1913 quasi
777 1878 865 1905 ‹lesci-

65 1922 139 1940 scere
151 1922 193 1940 me
204 1922 217 1939 a
229 1914 341 1948 pristina
352 1922 456 1940 caussa.
496 1914 554 1950 Ego
568 1919 657 1941 autem
668 1923 753 1950 quum
766 1916 810 1942 illa
822 1925 865 1942 se-

64 1959 145 1986 quor,
168 1959 237 1986 quae
252 1950 342 1986 paullo
352 1956 412 1977 ante
423 1952 563 1986 proposui,
587 1956 643 1978 tum
656 1952 705 1979 boc
716 1954 805 1980 nonin
818 1962 865 1988 po-

64 1989 185 2019 stremis,
207 1988 240 2014 de
259 1996 314 2023 quo
328 1997 466 2024 coeperam
487 1997 629 2023 exponere.
669 1990 727 2016 Non
747 1990 864 2017 offendes
885 1989 887 2003 ⁴

64 2026 189 2052 eumdem
203 2025 332 2052 bonorum
347 2035 466 2058 sensum,
480 2026 605 2057 Lentule,
618 2035 700 2061 quem
714 2027 861 2063 reliquisti:
892 2049 894 2061 <

64 2064 111 2098 qui
127 2064 299 2090 confirmatus
315 2063 455 2090 consulatu
472 2068 574 2095 nostro,
598 2072 800 2100 nonnumquam
818 2074 864 2100 po-

65 2105 118 2127 stea
132 2101 311 2137 interruptus,
329 2100 443 2127 afflictus
455 2105 514 2128 ante
527 2105 551 2127 te
561 2101 713 2133 consulem,
730 2108 863 2129 recreatus

64 2137 111 2165 abs
124 2142 148 2165 te
159 2142 229 2165 totus
241 2143 290 2169 est,
304 2147 375 2164 nunc
386 2138 419 2164 ab
436 2139 480 2169 iis,
494 2147 507 2164 a
523 2139 624 2173 quibus
639 2139 755 2166 tuendus
768 2139 862 2172 fuerat,

64 2175 221 2202 derelictus:
244 2175 327 2210 idque
343 2184 395 2202 non
406 2175 494 2202 solum
506 2175 590 2202 fronte
601 2181 680 2211 atque
693 2177 783 2209 vultu,
800 2179 864 2213 qui·
884 2171 886 2214 ’ξ

64 2212 116 2239 hus
131 2213 268 2240 simulatio
284 2213 409 2239 facillime
424 2214 585 2244 sustinetur,
608 2213 743 2241 declarant
759 2215 792 2247 ii,
815 2215 861 2250 qui

64 2253 121 2277 tum
143 2255 231 2277 nostro
252 2250 298 2277 illo
319 2255 390 2277 statu
412 2251 553 2285 optimates
573 2251 792 2283 nominabantur,
815 2252 862 2279 sed

64 2288 144 2314 etium
158 2288 288 2314 sententia
303 2296 383 2322 saepe
394 2289 446 2314 iam
458 2287 609 2323 tabellaque
620 2288 777 2316 docuerunt.
820 2292 860 2316 ts.
884 2282 893 2314 l'

64 2324 154 2360 ltaque
166 2330 217 2352 tota
230 2326 281 2352 iam
293 2325 455 2360 sapientium
467 2326 578 2356 civium,
594 2326 702 2360 qualem
715 2335 757 2353 me
767 2332 793 2354 et
803 2336 862 2353 esse
883 2318 892 2378 i}

64 2365 90 2388 et
104 2363 238 2389 numerari
254 2362 326 2393 volo,
344 2367 369 2389 et
380 2363 508 2389 sententia
521 2366 548 2389 et
558 2362 680 2389 voluntas
693 2369 791 2391 mutata
803 2373 862 2391 esse
884 2385 885 2409 Χ

64 2397 151 2427 debet.
186 2399 214 2427 Id
226 2400 298 2427 enim
310 2400 383 2427 iubet
395 2400 465 2427 idem
478 2400 522 2426 ille
535 2399 614 2430 Plato,
628 2409 709 2435 quem
720 2410 770 2437 ego
781 2402 862 2428 velie-
883 2410 885 2424 Ι

64 2441 166 2464 menter
175 2442 309 2465 auctorem
321 2446 433 2473 sequor:
451 2443 553 2464 tantuin
569 2437 727 2464 contendere
743 2438 769 2465 in
782 2447 862 2474 repu-
882 2425 885 2568 P

64 2472 279 2510 blica,quantum
287 2475 398 2510 probare
409 2476 463 2502 tuis
473 2475 580 2502 civibus
592 2475 693 2509 possis,
708 2476 761 2502 vim
775 2485 862 2511 noque

64 2512 165 2545 parenti
186 2520 273 2547 neque
292 2513 391 2547 patriae
412 2513 496 2540 afferri
518 2517 647 2547 oportere.
690 2513 777 2548 Atque
795 2513 861 2540 baino

63 2547 172 2583 quidem
188 2549 232 2576 ille
242 2558 365 2576 caussam
377 2550 429 2577 sibi
441 2551 476 2577 ait
488 2559 538 2576 non
550 2549 719 2583 attingendae
731 2551 862 2586 reipubli-

901 579 902 583 =
926 569 1014 590 tamen
1027 565 1163 591 ornandus
1184 565 1328 591 videretur.

64 2593 109 2612 cae
119 2585 216 2614 fuisse:
228 2587 310 2622 quod,
322 2596 407 2623 quum
419 2587 862 2622 offendissetpopulumAtlienien-
890 2610 891 2616 ,

63 2630 119 2650 eem
131 2631 213 2660 prope
223 2624 275 2651 iam
287 2625 464 2660 desipientem
476 2629 625 2656 senectute.
642 2633 783 2662 quumque
798 2635 860 2653 eum

1675 87 1723 111 669

927 163 974 180 nec
994 154 1193 188 persuadendo,
1217 163 1264 181 nec
1285 155 1403 190 cogendo
1424 155 1479 191 regi
1502 163 1579 189 posse
1600 156 1721 187 vidisset,

926 200 1011 226 quum
1023 192 1178 226 persuaderi
1189 201 1267 227 posse
1279 193 1420 223 diffideret,
1429 193 1486 228 cogi
1500 193 1538 218 fas
1550 201 1608 218 esse
1620 202 1672 219 nou
1683 203 1725 219 ar-

926 229 1076 255 bitraretur.
1103 230 1159 255 Mea
1173 231 1238 255 ratio
1249 230 1299 256 fuit
1310 230 1369 260 alia,
1383 230 1463 265 quod,
1477 238 1563 265 neque
1575 230 1724 265 desipiente

926 266 1034 301 populo,
1048 275 1134 301 neque
1146 267 1246 302 integra
1258 276 1285 293 re
1296 267 1362 293 mihi
1374 268 1406 293 ad
1417 267 1622 297 consulendum,
1631 277 1725 303 capes-

926 312 1046 329 seremne
1058 304 1266 338 rempublicam,
1282 305 1435 339 implicatus
1447 306 1564 331 tenebar.
1606 305 1658 331 Sed
1671 306 1725 331 lae-

926 345 996 367 tatus
1012 346 1099 367 tamen
1115 350 1189 372 sum,
1213 342 1285 376 quod
1304 342 1369 368 mihi
1387 342 1475 368 liceret
1487 344 1513 369 in
1525 343 1617 369 eadem
1629 352 1723 369 caussa

926 378 1028 404 etmihi
1042 378 1116 404 utilia
1127 384 1152 405 et
1162 379 1249 405 cuivis
1261 380 1329 405 bono
1341 384 1407 405 recta
1420 379 1572 406 defendere.
1613 381 1669 406 Huc
1680 389 1724 406 ac-

925 416 1006 441 cessit
1020 416 1250 442 comniemoranda
1265 416 1396 451 quaedam
1412 422 1437 443 et
1452 417 1543 444 divina
1558 418 1678 444 Caesaris
1695 418 1723 444 in

926 462 968 478 me
981 452 1142 487 fratremque
1153 462 1243 479 meum
1256 454 1413 480 liberalitas:
1427 455 1473 489 qui
1487 456 1562 485 milii,
1575 464 1724 490 quascum—

925 498 978 524 que
990 499 1031 516 res
1042 494 1154 525 gereret,
1163 491 1279 517 tuendus
1291 496 1373 517 esset:
1395 493 1503 518 nuncin
1517 497 1586 519 tanta
1599 492 1723 519 felicitate

926 528 1061 562 tantisque
1073 528 1198 558 victoriis,
1213 529 1317 554 etiamsi
1329 529 1355 554 in
1369 537 1415 555 nos
1427 530 1513 555 nonis
1525 535 1603 559 esset,
1613 531 1660 564 qui
1671 534 1721 559 est,

1370 566 1413 592 Sic
1434 567 1506 592 enim
1529 572 1552 593 te
1568 568 1722 593 existimare

926 602 1021 633 velim;
1035 611 1120 636 quum
1132 611 1145 628 a
1160 602 1244 633 vobis,
1258 612 1331 629 meae
1343 603 1437 629 salutis
1449 604 1611 631 auctoribus.
1620 605 1723 631 disces-

925 640 1020 670 serim,
1038 640 1172 665 ueminem
1188 648 1259 671 esse,
1278 642 1356 666 cuius
1372 640 1468 667 officiis
1485 650 1525 667 me
1542 647 1594 668 tam
1606 651 1664 668 esse
1675 642 1722 668 de-

925 677 1045 702 vinctum
1058 685 1109 702 non
1123 676 1210 703 solum
1221 677 1354 708 confitear,
1369 677 1415 703 sed
1428 679 1506 704 etiam
1518 679 1659 713 gaudeam.

982 715 1021 739 19.
1050 713 1127 746 Quod
1147 715 1273 748 quoniam
1291 715 1338 740 tibi
1355 716 1480 749 exposui,
1499 716 1586 742 facilia
1603 722 1665 743 sunt
1681 725 1719 748 ea,

924 759 993 786 quae
1009 760 1022 777 a
1044 760 1085 777 ine
1096 751 1129 777 de
1141 752 1244 778 Vatinio
1255 752 1323 778 etde
1335 752 1430 778 Crasso
1445 754 1569 788 requiris.
1612 755 1676 780 Nam
1689 754 1722 780 de

924 788 1011 823 Appio
1031 788 1103 823 quod
1118 789 1226 819 scribis,
1245 790 1323 815 sicuti
1339 789 1371 815 de
1387 789 1507 821 Caesare,
1525 795 1548 816 te
1565 799 1616 817 non
1633 800 1723 826 repre-

924 826 1053 852 hendere:
1075 826 1180 861 gaudeo
1198 826 1341 853 consilium
1358 827 1406 853 tibi
1422 828 1528 862 probari
1545 837 1644 854 meum.
1686 829 1722 854 De

923 863 1028 890 Vatinio
1049 868 1151 894 autem,
1169 864 1287 898 primum
1303 864 1404 891 reditus
1420 866 1604 892 intercesserat
1620 867 1646 892 in
1661 874 1723 901 gra-

924 901 987 927 tiam
1008 909 1055 935 per
1070 901 1236 936 Pompeium,
1254 902 1343 928 statim
1360 906 1389 928 ut
1404 902 1449 929 ille
1459 908 1562 938 praetor
1574 908 1613 929 est
1625 903 1719 933 factus,

923 947 1008 973 quum
1029 938 1139 973 quidem
1156 948 1205 975 ego
1220 940 1278 966 eius
1294 940 1448 974 petitionem
1460 941 1628 976 gravissimis
1641 941 1667 967 in
1679 949 1722 967 se-

923 980 986 1002 natu
1007 977 1146 1003 sententiis
1170 985 1379 1013 oppugnassem,
1402 986 1489 1013 neque
1506 983 1558 1004 tam
1578 978 1652 1004 illius
1670 978 1722 1004 lae-

922 1013 1004 1040 dendi
1024 1022 1127 1045 caussa,
1150 1023 1232 1049 quam
1248 1014 1410 1041 defendendi
1427 1020 1506 1050 atque
1521 1016 1633 1042 ornandi
1645 1016 1722 1042 Cato-

923 1051 978 1077 nis:
1011 1056 1071 1086 post
1087 1056 1175 1078 autem
1188 1052 1316 1083 Caesaris,
1331 1052 1447 1079 utillum
1459 1052 1639 1084 defenderem,
1654 1054 1720 1079 mira

921 1090 1054 1116 contentio
1074 1094 1114 1116 est
1132 1094 1283 1116 consecuta.
1325 1090 1378 1117 Cur
1393 1095 1481 1117 autern
1499 1090 1642 1121 laudarim,
1661 1096 1722 1125 peto

921 1131 980 1157 ate,
995 1131 1024 1153 ut
1034 1126 1062 1153 id
1073 1136 1087 1152 a
1099 1135 1141 1153 me
1153 1136 1219 1154 neve
1230 1128 1256 1153 in
1269 1127 1318 1154 hoc
1330 1136 1382 1158 ree,
1396 1136 1463 1154 neve
1475 1129 1501 1154 in
1513 1128 1571 1154 aliis
1584 1129 1718 1163 requiras:

922 1172 954 1190 ne
975 1164 1023 1190 tibi
1044 1172 1092 1200 ego
1114 1164 1183 1191 idem
1200 1173 1340 1200 reponam,
1362 1174 1448 1200 quum
1464 1166 1582 1192 veneris:
1615 1166 1720 1192 tametsi

921 1210 1032 1236 possum
1050 1201 1091 1228 vel
1107 1202 1220 1228 absenti.
1262 1203 1408 1229 Recordare
1419 1204 1500 1234 enim,
1514 1204 1615 1238 quibus
1629 1203 1721 1229 lauda-

921 1240 1020 1265 tionem
1041 1248 1074 1266 ex
1090 1239 1193 1266 ultimis
1205 1241 1281 1267 terris
1291 1241 1408 1267 miseris.
1449 1241 1502 1267 Nec
1515 1241 1563 1267 boc
1575 1241 1721 1275 pertimue-

921 1277 976 1310 ris;
1007 1286 1068 1303 nam
1085 1286 1099 1303 a
1115 1286 1157 1303 me
1168 1278 1227 1312 ipso
1243 1277 1385 1304 laudantur
1396 1282 1421 1304 et
1433 1277 1614 1304 laudabuntur
1627 1278 1718 1304 iidem.

921 1314 974 1340 Sed
994 1319 1082 1341 tamen
1102 1314 1264 1341 defendendi
1279 1315 1378 1342 Vatinii
1400 1315 1450 1341 fuit
1467 1316 1546 1342 etiam
1563 1315 1607 1341 ille
1623 1316 1721 1341 stimu-

921 1351 972 1383 lus,
996 1352 1028 1378 (le
1044 1360 1098 1387 quo
1113 1352 1139 1378 in
1155 1352 1264 1383 iudicio,
1282 1361 1368 1387 quum
1379 1352 1457 1379 illum
1469 1352 1648 1383 defenderem,
1663 1353 1720 1379 dixi

921 1397 963 1415 ine
984 1388 1069 1416 facere
1084 1389 1224 1424 quiddam,
1243 1390 1316 1425 quod
1327 1391 1354 1417 in
1368 1390 1502 1417 Eunucho
1513 1391 1646 1425 parasitus
1657 1399 1719 1417 sua-

919 1427 994 1453 deret
1004 1427 1098 1453 militi:

960 1465 1008 1490 Ubi
1021 1462 1160 1491 nominabit
1170 1465 1330 1496 Phaedriam,
1341 1470 1368 1491 tu
1380 1465 1539 1498 Pamphilam

956 1505 1084 1529 continuo.
1124 1502 1154 1529 Si
1164 1504 1267 1536 quaudo
1280 1504 1327 1528 fila
1341 1504 1421 1529 dicet:
1443 1503 1595 1529 Phaedriam

955 1541 1157 1566 intromittamus
1171 1542 1348 1566 co‘rliiSsalttm:
1370 1540 1530 1573 1’amphnam

956 1581 1088 1604 cantatum
1099 1580 1278 1611 provocemus:
1301 1580 1324 1604 si
1335 1579 1450 1604 laudubit
1465 1579 1527 1604 haec

955 1616 1026 1641 illius
1039 1618 1162 1649 sormam;
1183 1619 1209 1641 tu
1221 1616 1296 1641 lulius
1310 1620 1409 1641 contra.
1450 1616 1564 1648 Denique

956 1656 982 1678 tu
993 1655 1045 1686 prii·
1052 1661 1113 1686 pura
1128 1655 1229 1686 referto,
1247 1654 1313 1686 quod
1326 1661 1381 1679 eam
1393 1654 1517 1678 mordeat.

918 1688 962 1716 Sic
984 1691 1067 1724 petivi
1087 1699 1101 1716 a
1117 1690 1264 1720 iudicibus
1284 1694 1320 1721 ut,
1341 1690 1468 1724 quoniam
1484 1688 1596 1724 quidam
1614 1689 1717 1716 nobiles

919 1727 1040 1754 homines
1062 1732 1087 1754 et
1101 1727 1134 1754 de
1149 1736 1192 1754 me
1206 1728 1307 1762 optime
1326 1727 1413 1753 meriti
1433 1727 1512 1753 nimis
1532 1732 1651 1753 amarent
1666 1727 1719 1753 ini-

894 1775 895 1778 *
918 1765 1017 1791 micum
1039 1774 1144 1796 meum,
1166 1773 1263 1799 meque
1278 1765 1443 1800 inspectante
1459 1773 1538 1799 saepe
1553 1773 1615 1791 eum
1633 1765 1659 1791 in
1676 1773 1718 1790 se-

917 1807 980 1829 natu
995 1803 1073 1829 modo
1084 1811 1176 1829 severe
1187 1802 1354 1833 seducerent,
1372 1802 1450 1829 modo
1462 1802 1626 1829 familiariter
1637 1807 1717 1837 atque

918 1840 1001 1867 hilare
1013 1840 1243 1875 amplexarentur3
1266 1840 1715 1875 quoniamqueillibaberentsuuni

917 1878 1059 1910 Publium,
1081 1878 1175 1905 darent
1194 1877 1261 1904 mibi
1277 1878 1329 1912 ipsi
1346 1877 1429 1904 alium
1445 1877 1586 1908 Publium,
1611 1878 1638 1903 in
1663 1886 1717 1911 quo

917 1925 1024 1951 possem
1040 1915 1147 1943 illorum
1163 1915 1268 1942 animos
1282 1914 1450 1942 mediocriter
1467 1915 1606 1941 lacessitus
1624 1914 1717 1941 leviter

917 1962 1074 1989 repungere.
1115 1954 1208 1988 Neque
1219 1953 1306 1980 solum
1318 1953 1385 1983 dixi,
1398 1952 1445 1979 sed
1457 1953 1535 1979 etiam
1547 1961 1626 1987 saepe
1639 1951 1714 1981 fat-in,

916 1991 969 2018 diis
991 1991 1202 2025 hominibusque
1217 1990 1438 2025 approbantibus.
1464 1992 1506 2016 ⁴20.
1524 1990 1610 2016 llabes
1622 1989 1654 2016 de
1667 1990 1716 2015 Va-

918 2030 991 2061 tinio,
1008 2037 1138 2065 cognosce
1149 2029 1181 2054 de
1193 2028 1297 2055 Crasso.
1339 2028 1404 2063 Ego,
1417 2036 1503 2062 quum
1518 2027 1584 2053 milii
1596 2036 1657 2053 cnm
1671 2027 1716 2052 ilio

917 2075 1010 2102 magna
1029 2068 1080 2092 iam
1093 2066 1175 2101 gratia
1187 2071 1266 2096 esset,
1279 2065 1351 2100 quod
1366 2066 1424 2091 eius
1435 2074 1528 2091 onmes
1539 2065 1714 2100 gravissimas

916 2104 1027 2130 iniurias
1043 2103 1196 2130 communis
1211 2103 1367 2129 concordiae
1382 2111 1475 2128 caussa
1490 2102 1636 2128 voluntaria
1648 2110 1715 2136 qun-

915 2141 976 2167 dam
998 2141 1132 2167 oblivione
1152 2141 1344 2170 conti-iveram,
1367 2140 1532 2174 repentinum
1548 2140 1606 2165 eius
1622 2139 1715 2164 defen-

915 2179 1017 2204 sionem
1034 2178 1152 2207 Gabinii,
1169 2186 1250 2212 qui-m
1269 2177 1397 2211 proximis
1414 2177 1599 2211 superioribus
1617 2176 1713 2201 diebus

915 2216 1041 2241 acerrime
1057 2219 1248 2249 oppugnasset,
1266 2219 1363 2245 tamen,
1381 2214 1403 2240 si
1415 2215 1473 2240 sine
1486 2213 1539 2240 nlla
1552 2222 1607 2239 mea
1619 2218 1713 2239 contu-

892 2254 893 2257 ’
916 2252 993 2279 melia
1012 2253 1188 2286 suscepisset,
1211 2251 1348 2277 tulissem:
1379 2251 1440 2281 sed,
1461 2260 1547 2286 quum
1562 2259 1604 2276 nie
1619 2250 1713 2284 ‹lispu-

915 2295 1022 2320 tantem,
1047 2299 1097 2316 nnn
1114 2293 1287 2315 incessentem
1305 2288 1434 2318 laesisset,
1447 2289 1544 2318 exarsi,
1559 2297 1609 2314 nou
1624 2287 1712 2313 sulum

915 2327 1060 2362 praesenti,
1082 2326 1174 2357 credo,
1193 2325 1342 2354 iracundia.
1365 2325 1435 2360 (nam
1451 2334 1480 2351 eu
1498 2330 1550 2351 tam
1569 2325 1712 2351 xcbemens

915 2365 1024 2391 fortasse
1037 2373 1087 2390 uon
1101 2363 1216 2397 fuisset.)
1230 2363 1380 2398 scd,qiinm
1393 2362 1527 2389 inclusum
1541 2362 1607 2388 illud
1619 2362 1710 2388 odium

915 2401 1060 2428 multarum
1081 2401 1140 2427 cius
1157 2402 1182 2426 in
1200 2409 1242 2427 me
1259 2401 1426 2429 iniuriarum,
1446 2399 1517 2434 quod
1533 2408 1582 2434 ego
1593 2408 1634 2425 nie
1645 2399 1711 2425 ess'u—

913 2439 986 2465 disse
1001 2447 1080 2465 omne
1095 2438 1250 2468 arbitrabar,
1265 2437 1403 2464 residuum
1416 2442 1502 2463 tumen
1528 2437 1656 2463 insciente
1669 2445 1710 2463 mo

915 2476 1023 2508 fnisset3
1045 2484 1123 2502 omne
1142 2480 1249 2510 repente
1268 2475 1400 2509 apparuit.
1441 2476 1499 2506 Quo
1513 2474 1623 2509 quidem
1644 2479 1711 2500 teni-

913 2523 976 2548 puro
997 2514 1055 2548 ipso
1074 2513 1184 2548 quidam
1205 2513 1335 2541 homines,
1351 2517 1376 2538 et
1391 2512 1470 2538 iidem
1487 2511 1535 2542 illi,
1549 2521 1616 2547 quos
1631 2520 1710 2546 saepe

914 2556 980 2578 nutu
1001 2551 1248 2586 significatioueque
1265 2549 1382 2584 appello,
1405 2558 1490 2584 quum
1511 2557 1539 2575 se
1560 2550 1709 2576 niaximum

913 2588 1028 2615 fructum
1045 2588 1148 2623 cepisse
1158 2588 1277 2614 dicerent
1287 2596 1319 2614 ex
1332 2587 1451 2613 libertate
1463 2595 1529 2617 mea,
1544 2595 1640 2621 meque
1652 2592 1708 2612 ium

912 2626 1029 2662 denique
1050 2626 1102 2652 sibi
1117 2634 1176 2653 esse
1188 2626 1276 2652 visum
1294 2624 1465 2660 reipublicae,
1483 2623 1571 2660 qualis
1584 2624 1707 2654 fuissem.
