1941 3052
503 130 555 156 DE
586 127 895 156 DIVINATIONE
930 128 1009 154 LIB.

62 202 148 228 Marso
162 200 286 231 fortasse,
309 199 356 226 sed
372 200 490 226 Romano
511 199 667 227 facillimus.
708 200 766 226 Non
784 199 856 225 enim

61 246 157 265 sumus
168 238 188 264 ii
199 246 247 264 nos
258 245 383 273 augures,
392 238 439 272 qui
450 238 543 264 avium
555 237 754 272 reliquorumve
765 237 858 272 signo-

62 284 122 302 rum
142 275 327 301 observatione
348 274 436 301 futura
452 275 584 301 dicamus.
625 275 657 301 Et
674 279 762 301 tamen
778 273 857 300 credo

60 311 218 343 Romulum,
241 313 289 347 qui
304 312 403 338 Urbem
419 313 555 347 auspicato
574 312 707 343 condidit,
728 311 857 337 habuisse

61 350 224 385 opinionem,
233 350 326 375 essein
333 350 508 384 providendis
515 350 596 376 rebus
607 348 757 384 augurandi
769 349 858 374 scien-

61 388 139 414 tiam:
155 386 270 422 (errabat
280 387 352 413 enim
364 386 456 413 multis
468 388 495 413 in
506 387 586 413 rebus
597 386 764 421 antiquitas‚)
774 394 856 420 quam

62 424 103 450 vel
115 433 166 450 usu
179 424 232 450 iam
243 424 285 450 vel
297 424 418 451 doctrina
430 424 472 450 vel
485 428 614 450 vetustate
631 425 799 450 immutatam
815 423 858 448 vi—

61 461 167 488 demus.
207 462 344 488 Retinetur
355 466 443 488 autem
455 466 480 488 et
492 461 524 488 ad
534 462 688 496 opinionem
700 460 776 496 vulgi
788 465 813 486 et
824 459 856 486 ad

61 507 172 534 magnas
184 498 312 525 utilitates
323 499 488 533 reipublicae
501 507 566 529 mos,
583 498 687 534 religio,
701 497 855 532 disciplina,

60 537 104 562 ius
118 545 266 571 augurum,
284 536 391 571 collegii
406 537 559 563 auctoritas.
599 537 641 562 71.
663 536 716 561 Nec
728 543 790 561 vero
804 543 856 561 non

59 574 134 600 omni
145 573 281 608 supplicio
295 574 372 609 digni
385 574 412 600 P.
425 573 567 604 Claudius,
586 574 615 599 L.
633 573 740 602 Iunius,
759 580 857 598 consu-

60 610 108 641 les,
122 611 169 646 qui
181 615 271 637 contra
283 611 404 645 auspicia
416 612 587 646 navigarunt.
621 609 773 636 Parendum
784 609 856 635 enim

60 646 112 674 fuit
126 647 251 683 religioni
268 657 315 674 nec
326 649 428 683 patrius
440 657 497 674 mos
509 652 560 674 tam
573 647 765 674 contumaciter
776 654 857 681 repu-

60 684 187 712 diandus.
228 686 287 712 Iure
307 686 390 721 igitur
405 685 471 712 alter
485 685 578 720 populi
593 685 696 711 iudicio
714 684 856 710 damnatus

60 728 113 749 est.-
130 722 195 749 alter
206 728 318 750 mortem
329 723 382 749 sibi
393 723 451 757 ipse
462 723 602 749 conscivit.
643 721 792 748 Flaminius
803 729 856 746 non

59 761 149 794 paruit
160 761 299 794 auspiciis.
341 761 431 795 Itaque
442 761 521 794 periit
532 769 594 786 cum
605 759 735 785 exercitu.
766 758 799 784 At
809 766 857 783 an-

60 806 94 824 no
109 802 168 840 post
182 797 292 824 Paullus
307 798 406 832 paruit.
447 798 517 823 Num
534 798 624 823 minus
639 796 754 822 cecidit'
748 805 774 822 10
786 796 857 821 Can-

61 836 137 860 nensi
149 843 239 869 pugna
251 843 312 861 cum
324 833 461 861 exercitu?
481 835 600 865 Etenim,
619 838 648 860 ut
658 834 713 860 sint
723 833 853 875 auspicia,

59 880 128 907 quae
140 872 214 898 nulla
225 877 300 904 sunt,
325 872 389 898 haec
400 876 482 902 certe,
496 871 597 906 quibus
609 871 724 901 utimur,
738 871 796 896 sive
808 870 856 896 tri-

60 909 152 944 pudio,
165 911 223 936 sive
234 909 267 935 de
277 909 359 939 caelo,
373 908 517 935 simulacra
528 914 591 935 sunt
600 908 793 943 auspiciorum,
807 915 856 933 au-

59 947 144 981 spicia
160 946 234 973 nullo
253 946 341 973 modo.
382 946 506 972 XXXIV.
527 946 559 978 Q.
581 955 660 977 nai,
688 954 720 971 ra
742 954 808 971 mar
828 953 855 970 ix

60 992 196 1010 arsetam
218 993 286 1010 assa
307 992 394 1016 voro,
412 983 568 1018 respondet,
586 992 701 1010 anniw.
724 983 771 1008 Hic
783 981 855 1016 apud

59 1021 172 1047 maiores
188 1026 292 1048 nostros
306 1021 486 1047 adhibebatur
503 1022 619 1055 peritus,
642 1029 714 1047 nunc
727 1019 853 1055 quilibet.

58 1059 177 1084 Peritum
193 1063 282 1085 autem
297 1067 356 1084 esse
373 1067 481 1085 necesse
493 1063 534 1084 est
543 1067 618 1089 eum
636 1058 698 1092 qui,
716 1057 856 1083 silentium

58 1095 126 1138 quid
137 1096 180 1127 sit,
194 1096 336 1132 intelligat.
364 1096 392 1122 Id
404 1097 476 1122 enim
488 1095 627 1122 silentium
637 1095 774 1121 dicimus'
768 1103 795 1120 in
807 1102 856 1120 au-

58 1133 166 1168 spiciis,
186 1133 259 1168 quod
274 1133 348 1160 omni
364 1133 429 1159 vitio
445 1138 525 1159 caret.
565 1133 684 1159 72.1{00
704 1131 856 1167 intelligere

58 1169 170 1205 perfecti
181 1171 292 1207 auguris
303 1175 353 1197 est.
379 1170 421 1196 Illi
432 1175 531 1202 autem,
544 1171 592 1205 qui
604 1170 631 1196 in
643 1170 796 1204 auspicium
793 1153 856 1195 0ad-

59 1208 175 1239 hibetur,
189 1217 275 1243 quum
287 1209 321 1234 ita
334 1208 477 1242 imperavit
488 1208 520 1239 is,
534 1208 582 1242 qui
593 1208 758 1242 auspicatur,
776 1215 856 1232 0101-

58 1255 103 1277 το,
126 1255 329 1272 51511011111111
345 1254 412 1271 asse
429 1253 670 1278 ν111011111111;1100
681 1244 796 1279 suspicit
806 1252 856 1270 nec

58 1283 255 1317 circumspicit:
268 1283 358 1309 statim
369 1282 520 1317 respondet,
543 1291 703 1309 5110111100
721 1291 789 1308 assa
810 1290 856 1307 vi-

58 1329 137 1346 nam.
180 1320 249 1346 Tum
270 1320 329 1351 ille,
352 1329 465 1351 010110,
490 1328 715 1346 S1PASCUNTUR.
737 1334 774 1339 —-
796 1319 856 1345 PA-

57 1366 196 1384 scnnrua.
210 1373 248 1377 —
258 1357 331 1390 Quae
343 1357 424 1383 aves‘?
438 1361 484 1384 aut
494 1356 561 1383 ubi‘?
580 1356 688 1388 Attulit,
707 1356 809 1391 inquit,
828 1357 855 1382 in

58 1403 138 1421 cavea
154 1394 243 1429 pullos
260 1396 295 1425 is,
313 1395 360 1430 qui
377 1403 411 1421 ex
426 1403 457 1421 eo
474 1395 532 1429 ipso
546 1395 699 1421 nominatur
710 1393 854 1429 pullarius.

58 1433 110 1458 1100
122 1436 185 1458 sunt
195 1432 278 1467 igitur
289 1441 352 1458 aves
364 1433 544 1458 internuntiae
556 1432 639 1458 Iovis:
658 1440 727 1466 quac
742 1440 856 1466 pascan-

58 1475 109 1500 tur,
123 1477 219 1500 necne,
235 1469 302 1504 quid
314 1468 411 1496 refert‘?
431 1469 505 1495 Nihil
517 1469 550 1495 ad
562 1469 697 1504 auspicia:
720 1468 767 1495 sed
779 1469 853 1503 quia,

56 1515 142 1542 quum
158 1512 319 1541 pascuntur,
345 1515 455 1533 necesse
470 1511 511 1533 est
525 1506 629 1542 aliquid
644 1515 677 1533 ex
690 1515 735 1533 ore
749 1506 853 1537 cadere,

57 1549 83 1570 et
93 1549 189 1570 terram
201 1545 302 1579 pavire,
312 1544 487 1578 terripavium
500 1545 596 1579 primo,
605 1548 664 1579 post
675 1543 855 1578 terripudium

56 1581 160 1608 dictum
171 1585 224 1608 est:
239 1581 288 1608 hoc
299 1581 410 1617 quidem
422 1581 631 1616 iamtripudium
640 1581 748 1608 dicitur.
764 1581 854 1613 Quum

57 1619 140 1655 igitur
150 1618 199 1646 offa
211 1618 308 1645 cecidit
318 1628 352 1645 ex
362 1627 406 1645 ore
420 1618 503 1653 pulli,
528 1624 584 1645 tum
600 1619 752 1653 auspicanti
768 1619 856 1653 tripu-

57 1656 133 1683 dium
154 1655 317 1683 solistimum
339 1657 473 1683 nuntiant.
514 1656 626 1683 XXXV.
648 1657 690 1683 73.
713 1656 783 1691 Ergo
806 1656 855 1682 hoc

57 1694 209 1729 auspicium
220 1693 308 1720 divini
320 1693 470 1728 quidquam
483 1693 581 1720 habere
593 1698 693 1728 potest,
716 1693 789 1728 quod
801 1697 854 1719 tam

56 1732 91 1758 sit
100 1735 222 1758 coactum
237 1735 263 1758 et
277 1730 455 1766 expressum?
474 1730 532 1763 Quo
547 1731 753 1766 antiquissimos
767 1739 855 1766 augu-

56 1777 98 1795 res
108 1777 160 1795 non
171 1777 229 1795 esse
241 1777 304 1795 usos
315 1772 473 1804 argumento
483 1773 532 1799 est,
541 1768 613 1804 quod
625 1768 762 1795 decretum
773 1768 855 1794 colle-

55 1806 95 1842 gii
111 1810 189 1832 vetus
205 1805 351 1837 habemus,
373 1814 481 1832 omnem
501 1814 580 1832 avem
598 1805 750 1841 tripudium
767 1805 854 1832 Iacere

55 1851 144 1878 posse.
185 1843 254 1870 Tum
266 1844 349 1879 igitur
359 1848 430 1870 esset
441 1844 609 1878 auspicium,
623 1844 645 1869 si
659 1843 738 1870 modo
748 1848 819 1870 esset
829 1843 854 1869 ei

57 1880 172 1907 liberum
186 1889 215 1907 se
230 1880 395 1913 ostendisse3
411 1885 468 1908 tum
484 1881 543 1907 avis
555 1881 599 1907 illa
612 1880 698 1907 videri
710 1885 800 1915 posset
812 1881 855 1906 in-

55 1922 157 1952 terpres
172 1922 198 1944 et
208 1917 315 1944 satelles
327 1918 407 1944 Iovis.
444 1918 521 1944 Nunc
532 1926 604 1948 vero,
618 1917 722 1944 inclusa
735 1919 762 1944 in
773 1926 853 1944 cavea

56 1960 82 1982 et
93 1955 162 1981 fame
173 1959 274 1985 enecta,
287 1955 311 1981 si
324 1955 350 1981 in
362 1954 439 1981 offam
452 1955 536 1989 pultis
549 1954 665 1986 invadit,
679 1960 705 1982 et
715 1956 738 1981 si
750 1955 854 1990 aliquid

56 2001 89 2019 ex
99 2000 144 2019 orc
155 1992 265 2023 cecidit,
283 1992 332 2018 hoc
344 1997 370 2018 tu
383 1992 535 2026 auspicium
548 1997 594 2018 aut
605 1993 653 2018 hoc
665 1992 744 2019 modo
754 1993 855 2019 Ronm-

57 2029 113 2056 lum
126 2030 261 2064 auspicari
272 2029 381 2056 solitum
394 2028 491 2064 putas?
514 2030 556 2056 74.
569 2029 854 2056 lamdecaeloservarc

56 2076 108 2094 non
125 2067 199 2102 ipsos
217 2075 311 2093 censes
332 2066 438 2097 solitos,
460 2067 508 2101 qui
530 2066 757 2102 auspicabantur?
777 2067 855 2093 Nunc

56 2105 189 2139 imperant
200 2104 328 2139 pullario:
346 2103 391 2130 ille
404 2104 548 2131 renuntiat.
588 2104 701 2131 Fulmen
713 2104 854 2131 sinistrum

55 2142 209 2176 auspicium
221 2142 353 2176 optimum
366 2141 498 2167 habemus
509 2141 542 2167 ad
553 2150 647 2168 omnes
663 2151 719 2171 105,
737 2146 855 2176 praeter-

55 2187 136 2214 quam
144 2178 176 2205 ad
183 2180 305 2206 comitia:
318 2178 390 2221 quod
402 2178 513 2213 quidem
524 2179 677 2206 institutum
689 2178 854 2214 reipublicae

55 2225 149 2243 caussa
161 2221 214 2248 est,
232 2221 261 2242 ut
265 2214 454 2247 00011110111111,
469 2216 529 2242 vel
523 2225 550 2243 111
562 2216 672 2243 iudiciis
684 2215 792 2251 populi,
811 2215 853 2242 vel

55 2254 83 2280 in
95 2253 261 2290 111101οσ001
271 2253 312 2280 vel
324 2236 481 2280 incrcandis
495 2254 708 2290 magistratibus,
717 2253 854 2289 principes

54 2292 173 2318 civitatis
194 2295 284 2317 essent
303 2290 472 2325 interpretes.
513 2291 546 2318 At
564 2291 605 2317 Ti.
623 2291 737 2318 Gracchi
758 2290 853 2318 litteris

55 2328 147 2364 Scipio
162 2334 188 2356 et
206 2327 320 2364 Figulus
340 2336 421 2359 coss,
443 2336 529 2363 quum
550 2337 666 2365 augures
688 2329 854 2355 iudicassent

54 2374 100 2393 eos
121 2366 187 2393 vitio
206 2370 307 2392 creatos
328 2374 397 2396 esse,
420 2366 577 2401 magistratu
598 2374 627 2392 se
647 2365 851 2393 abdicaverunt.

54 2403 122 2436 Quis
137 2408 217 2439 negat
227 2411 362 2439 augurum
373 2402 546 2437 disciplinam
558 2402 636 2429 esse‘?
654 2404 852 2430 Divinationem

55 2448 133 2476 nego.
157 2441 190 2468 At
201 2441 358 2475 haruspices
369 2440 471 2466 divini:
485 2449 553 2475 quos
563 2449 648 2475 quum
660 2441 701 2467 Ti.
714 2441 852 2467 Gracchus

54 2482 163 2513 propter
173 2483 286 2504 mortem
298 2478 465 2512 repentinam
478 2478 550 2508 eius,
568 2478 616 2512 qui
629 2478 655 2504 in
668 2479 852 2513 praerogativa

54 2514 193 2542 referenda
204 2515 294 2542 subito
308 2514 484 2545 concidisset,
503 2515 530 2541 111
546 2519 668 2541 senatum
686 2515 853 2542 introduxis-

53 2556 103 2583 set,
119 2560 170 2579 non
183 2553 285 2579 iustum
297 2557 445 2588 rogatorem
458 2551 542 2578 fuisse
553 2552 690 2578 dixerunt.
730 2553 772 2579 75.
795 2553 852 2578 Pri-

55 2597 128 2616 mum
141 2589 218 2621 vide,
236 2598 268 2616 ne
280 2590 307 2617 in
319 2598 382 2616 eum
393 2589 524 2621 dixerint,
541 2590 589 2624 qui
601 2593 705 2625 rogator
715 2590 851 2616 centuriae

54 2626 158 2654 fuisset.
198 2627 222 2654 Is
237 2628 309 2654 enim
325 2631 381 2654 erat
396 2631 528 2654 mortuus.
569 2626 597 2653 Id
609 2631 698 2653 autem
709 2627 768 2653 sino
779 2626 852 2653 divi-

54 2664 160 2692 natione
174 2664 326 2692 coniectura
347 2669 469 2700 poterant
482 2664 581 2691 dicere.
624 2663 724 2692 Deinde
741 2663 851 2692 fortasse

1045 129 1081 154 11.
1111 129 1142 155 ⁶29
1163 143 1198 147 —
1219 130 1260 154 38.
1641 130 1703 155 ⁴159

908 207 985 231 casu,
1008 200 1055 234 qui
1077 198 1151 225 nullo
1175 198 1253 225 modo
1273 203 1313 225 est
1332 207 1365 224 ex
1380 198 1429 225 hoc
1444 206 1541 234 genere
1557 198 1702 225 tollendus.

908 236 979 268 Quid
994 237 1067 262 enim
1079 237 1147 262 50110
1159 237 1264 263 Etrusci
1276 236 1433 270 haruspices
1445 241 1490 262 aut
1500 236 1533 262 de
1545 236 1705 262 tabernacu-

909 274 933 300 lo
945 278 1013 299 recte
1024 278 1101 308 capto
1112 278 1157 300 aut
1172 274 1204 300 de
1221 274 1350 308 pomoerii
1366 274 1424 299 iure
1438 273 1599 308 potuerunt?
1618 274 1705 308 Equi-

907 311 968 336 dem
981 312 1112 337 assentior
1122 311 1151 337 C.
1164 311 1288 337 Marcello
1299 311 1397 345 potius,
1409 319 1490 346 quam
1498 312 1567 346 App.
1576 311 1701 338 Claudio:

908 349 954 382 qui
970 348 1050 374 ambo
1065 349 1118 374 mei
1133 348 1250 384 collegae
1267 348 1387 380 fuerunt3
1405 349 1585 383 existimoque
1602 349 1644 374 ius
1655 357 1706 374 au-

908 394 1021 420 gurum,
1039 386 1089 411 etsi
1106 385 1280 412 divinationis
1291 386 1417 420 opinione
1430 386 1563 420 principio
1574 387 1706 412 constitu-

908 427 965 449 tum
977 424 1020 453 sit,
1033 428 1121 449 tamen
1133 428 1222 457 postea
1236 423 1399 457 reipublicae
1410 432 1505 449 caussa
1517 428 1705 449 conservatum

908 468 938 486 ac
950 465 1092 486 retentum.
1132 460 1257 487 XXXVI.
1279 461 1321 486 76.
1344 460 1396 487 Sed
1413 460 1446 486 de
1458 460 1507 486 hoc
1521 460 1576 486 loco
1588 460 1664 495 plura
1677 461 1705 487 in

908 497 982 523 aliis:
1002 506 1073 523 nunc
1088 497 1228 524 hactenus.
1268 498 1385 524 Externa
1401 499 1472 524 enim
1489 498 1616 533 auguria,
1633 505 1704 532 quae

908 539 971 560 sunt
985 544 1036 561 non
1053 539 1107 561 tam
1123 535 1278 565 artificiosa,
1296 544 1378 570 quam
1394 536 1594 570 superstitiosa,
1613 535 1706 561 videa-

908 580 980 598 mus.
1019 571 1153 598 Omnibus
1170 572 1223 598 fere
1239 572 1336 598 avibus
1352 577 1477 603 utuntur,
1496 581 1543 599 nos
1559 572 1705 598 admodum

908 609 1016 644 paucis:
1041 609 1092 635 alia
1104 609 1159 635 illis
1171 610 1279 635 sinistra
1291 615 1366 640 sunt,
1385 609 1436 636 alia
1451 610 1558 636 nostris.
1599 609 1706 636 Solebat

908 654 990 672 exme
997 647 1135 673 Deiotarus
1142 648 1291 681 percontari
1303 648 1386 673 nostri
1398 648 1504 682 augurii
1520 647 1703 681 disciplinam,

908 692 957 719 ego
970 692 1004 710 ex
1015 683 1062 710 illo
1072 684 1124 710 sui.
1161 684 1202 710 Dii
1215 684 1391 711 immortales!
1406 689 1538 719 quantum
1550 684 1703 710 differebat!

908 726 937 747 ut
956 721 1089 755 quaedam
1110 726 1200 748 essent
1219 722 1299 748 etiam
1320 722 1460 748 contraria.
1501 722 1588 756 Atque
1610 721 1705 747 illeiis

908 767 1014 792 semper
1026 759 1163 785 utebatur:
1182 767 1238 789 nOS,
1253 759 1305 785 nisi
1316 759 1381 785 dum
1394 768 1407 784 a
1420 758 1519 793 populo
1530 759 1649 793 auspicia
1661 767 1706 785 ac-

907 800 983 829 cepta
995 795 1141 826 habemus,
1162 805 1243 831 quam
1260 796 1377 822 multum
1394 797 1427 822 iis
1439 795 1558 822 utimur?
1577 796 1705 822 Bellicam

908 841 963 858 rem
979 832 1162 860 administrari
1176 834 1290 859 maiores
1306 834 1403 864 nostri,
1421 834 1473 859 nisi
1488 834 1639 867 auspicato,
1658 842 1706 859 no-

908 869 1024 896 luerunt.
1065 870 1150 902 Quam
1167 870 1246 897 multi
1262 871 1324 896 anni
1341 875 1416 901 sunt,
1435 879 1520 905 quum
1537 870 1606 896 bella
1618 880 1631 896 a
1644 879 1706 904 pro-

906 907 1065 934 consulibus
1077 912 1102 934 et
1112 908 1331 942 propraetoribus
1343 908 1577 938 administrantur,
1595 908 1642 942 qui
1657 916 1706 934 au-

907 945 992 979 spicia
1009 954 1060 971 non
1077 945 1189 972 habent!
1224 946 1266 971 77.
1289 946 1381 980 Itaque
1397 953 1446 972 000
1462 954 1554 972 amnes
1569 949 1707 971 transeunt

907 983 1044 1017 auspicato
1060 991 1108 1008 nec
1124 982 1243 1017 tripudio
1255 984 1438 1017 auspicantur.
1480 984 1546 1008 Nam
1557 991 1591 1009 ex
1602 983 1706 1008 acumi-

908 1019 989 1046 nibus
1010 1020 1135 1054 quidem,
1159 1020 1233 1055 quod
1253 1025 1338 1046 totum
1355 1021 1507 1055 auspicium
1524 1020 1638 1046 militare
1655 1025 1703 1049 est,

908 1058 961 1084 iam
973 1057 1008 1083 M.
1021 1057 1176 1088 Marcellus,
1195 1057 1240 1084 ille
1252 1058 1400 1092 quinquies
1414 1057 1522 1088 consul,
1542 1062 1625 1084 totum
1637 1058 1707 1084 omi—

907 1096 951 1125 sit,
964 1094 1036 1121 idem
1049 1096 1205 1129 imperator,
1224 1095 1296 1121 idem
1313 1104 1400 1130 augur
1414 1096 1543 1130 optimus.
1582 1095 1632 1121 Ubi
1644 1103 1707 1130 ergo

908 1133 1000 1159 avium
1012 1132 1162 1159 divinatio?
1182 1141 1265 1167 quae,
1279 1134 1408 1167 quoniam
1419 1133 1512 1163 abiis,
1526 1133 1574 1167 qui
1586 1133 1706 1166 auspicia

908 1169 981 1196 nulla
994 1169 1103 1200 habent,
1112 1169 1182 1196 bella
1194 1170 1425 1201 administrantur,
1438 1170 1472 1196 ab
1484 1170 1595 1196 urbanis
1607 1174 1706 1195 retenta

908 1207 1024 1238 videtur,
1038 1216 1051 1233 a
1064 1207 1169 1233 bellicis
1183 1216 1242 1233 esse
1253 1207 1369 1234 sublata.
1409 1207 1442 1234 Et
1452 1207 1563 1242 quidem
1576 1207 1621 1233 ille
1632 1207 1707 1233 dice-

908 1244 965 1275 bat,
988 1244 1132 1279 siquando
1147 1253 1203 1271 rem
1220 1253 1298 1280 agere
1314 1244 1407 1276 vellet,
1426 1253 1458 1271 ne
1470 1244 1648 1279 impediretur
1659 1253 1707 1270 au-

907 1282 1012 1317 spiciis,
1030 1282 1120 1308 lectica
1132 1287 1223 1316 operta
1236 1283 1320 1309 facere
1333 1283 1382 1308 iter
1393 1290 1421 1308 se
1432 1282 1527 1308 solere.
1551 1282 1618 1307 lluic
1629 1282 1707 1307 simi-

908 1319 931 1345 le
942 1324 995 1350 est,
1008 1319 1081 1354 quod
1093 1328 1141 1346 nos
1153 1328 1269 1355 augures
1281 1320 1477 1354 praecipimus,
1495 1328 1528 1346 ne
1541 1320 1602 1354 iuge
1614 1320 1707 1353 auspi-

907 1358 980 1383 cium
996 1357 1136 1388 obveniat,
1159 1362 1188 1383 ut
1202 1358 1322 1384 iumenta
1338 1357 1448 1384 iubeant
1463 1357 1631 1391 disiungere.
1663 1357 1705 1382 7⁸.

907 1394 978 1426 Quid
989 1399 1029 1421 est
1040 1394 1114 1420 aliud
1126 1393 1196 1421 nolle
1208 1395 1310 1421 moneri
1322 1403 1336 1421 a
1347 1395 1418 1425 Iove,
1433 1395 1485 1420 nisi
1497 1393 1612 1425 efficere,
1622 1398 1649 1420 ut
1661 1399 1707 1420 aut

907 1440 940 1458 ne
952 1431 1008 1458 fieri
1021 1432 1106 1466 possit
1117 1433 1280 1466 auspicium,
1297 1436 1352 1463 aut,
1364 1433 1387 1458 si
1400 1432 1452 1463 flat,
1468 1430 1572 1457 videri‘?

962 1469 1100 1496 XXXVII.
1123 1470 1189 1496 Nam
1207 1469 1274 1495 illud
1291 1469 1437 1495 admodum
1455 1468 1615 1499 ridiculum,
1634 1467 1706 1503 quod

907 1515 989 1542 negas
996 1507 1147 1533 Deiotarum
1160 1507 1353 1549 auspiciorum,
1362 1515 1431 1542 quae
1443 1506 1495 1533 sibi
1508 1506 1540 1532 ad
1549 1506 1706 1541 Pompeium

906 1544 1086 1587 proficiscenti
1098 1544 1165 1571 facta
1177 1549 1248 1575 sunt,
1263 1545 1407 1579 poenitere,
1421 1544 1521 1579 (1110111
1506 1544 1585 1570 Iidem
1598 1548 1707 1569 secutus

906 1582 1109 1624 amicitiamque
1124 1582 1217 1617 populi
1235 1582 1346 1608 Romani
1362 1581 1470 1608 functus
1486 1581 1707 1608 511011101οῑοη-

907 1620 1050 1654 tiquiorem
1063 1619 1135 1645 0111111
1150 1619 1203 1645 sihi
1217 1618 1300 1645 fuisse
1316 1619 1422 1645 laudem
1438 1624 1463 1645 et
1478 1618 1606 1654 gloriam,
1624 1626 1707 1653 quam

907 1665 1020 1692 regnum
1032 1661 1057 1683 et
1068 1658 1252 1699 possessiones
1263 1665 1334 1683 suas
1375 1656 1460 1683 Credo
1472 1656 1498 1682 id
1510 1656 1635 1698 quidem,
1659 1655 1706 1682 sed

906 1694 956 1720 1100
968 1694 1036 1720 011111
1049 1694 1082 1720 011
1094 1695 1229 1729 auspicia,
1252 1703 1300 1720 1100
1315 1695 1387 1720 enim
1404 1695 1428 1720 ei
1444 1694 1537 1720 cornix
1548 1701 1643 1719 canere
1659 1701 1707 1728 po-

906 1732 965 1761 tuit,
975 1736 1044 1758 recte
1056 1740 1118 1758 eum
1131 1731 1230 1763 facere,
1247 1731 1318 1767 quod
1331 1731 1542 1767 populiRomani
1557 1731 1706 1757 libertatem

905 1768 1049 1795 defendere
1067 1774 1180 1804 pararet.
1222 1770 1279 1804 lpse
1291 1769 1340 1795 hoc
1352 1769 1498 1799 sentiebat,
1516 1769 1596 1795 sicuti
1611 1768 1704 1794 sensit.

905 1808 947 1833 79.
968 1808 1038 1833 Aves
1053 1812 1166 1833 eventus
1181 1807 1336 1842 significant
1350 1811 1396 1833 aut
1411 1806 1539 1832 adversos
1553 1810 1598 1832 aut
1609 1814 1707 1832 secun-

905 1844 967 1870 dos:
990 1845 1098 1870 virtutis
1119 1845 1250 1879 auspiciis
1270 1844 1349 1871 video
1365 1852 1424 1871 esse
1441 1852 1520 1870 usum
1538 1844 1704 1869 Deiotarum.-

905 1889 975 1916 quae
987 1886 1058 1908 vetat
1073 1886 1194 1916 spectare
1212 1881 1359 1912 fortunam,
1382 1881 1447 1908 dum
1464 1885 1613 1915 praestetur
1628 1880 1705 1906 111105.

906 1919 977 1945 Aves
989 1927 1052 1946 vero
1063 1920 1085 1945 si
1098 1928 1240 1954 prosperos
1252 1924 1365 1946 eventus
1376 1919 1563 1949 ostenderunt,
1581 1922 1650 1944 certe
1668 1917 1707 1943 se-

907 1956 1043 1983 sellerunt.
1084 1957 1165 1992 Fugit
1175 1965 1188 1983 e
1200 1957 1301 1992 praelio
1312 1965 1374 1983 cum
1387 1956 1526 1991 Pompeio:
1545 1963 1626 1991 grave
1639 1960 1706 1981 tem-

906 2002 971 2028 pus;
994 1994 1121 2021 discessit
1132 1994 1165 2020 ab
1181 2003 1225 2021 eo:
1244 1994 1364 2021 luctuosa
1381 2002 1436 2026 res;
1460 1994 1599 2020 Caesarem
1611 1992 1704 2019 eodem

907 2036 1026 2066 tempore
1038 2031 1141 2058 hostem
1153 2036 1178 2058 et
1190 2032 1324 2067 hospitem
1338 2031 1419 2058 vidit:
1443 2031 1509 2066 quid
1525 2031 1574 2057 hoc
1586 2029 1707 2057 tristius-⁸?

906 2069 931 2094 Is
942 2077 1028 2103 quum
1039 2069 1064 2095 ei
1076 2069 1249 2095 Trocmorum
1262 2069 1432 2096 tetrarchiam
1446 2069 1604 2103 eripuisset,
1622 2072 1647 2093 et
1663 2076 1706 2093 as—

906 2105 992 2131 seclae
1005 2114 1053 2131 suo
1064 2106 1237 2141 Pergameno,
1252 2107 1343 2132 neseio
1353 2107 1407 2136 cui,
1421 2105 1549 2135 dedisset,
1562 2105 1705 2139 eidemque

905 2142 1067 2169 detraxisset
1081 2143 1234 2169 Armeniam
1252 2152 1265 2169 a
1281 2148 1375 2169 senatu
1392 2143 1495 2169 datam:
1515 2150 1655 2177 quumque
1671 2141 1705 2167 ab

906 2188 936 2206 eo
948 2179 1217 2214 magnificentissimo
1229 2180 1345 2215 hospitio
1356 2185 1482 2215 aceeptus
1497 2184 1580 2206 esset:
1604 2178 1704 2213 spolia-

907 2222 962 2243 tum
975 2216 1085 2251 reliquit
1096 2221 1121 2243 ct
1134 2217 1266 2251 hospitem
1278 2222 1303 2243 et
1315 2226 1416 2252 regem.
1433 2217 1485 2243 Sed
1499 2217 1572 2243 labor
1586 2216 1701 2251 longius⁴

906 2254 945 2280 Ad
961 2254 1127 2288 propositum
1140 2259 1266 2280 revertar.
1307 2255 1334 2280 Si
1346 2259 1440 2281 eventa
1452 2255 1617 2289 ‹pinei-iuius.
1635 2261 1704 2287 1111110

905 2292 1086 2326 exquiruntur
1101 2291 1213 2317 avibus:
1237 2290 1311 2317 1111110
1330 2290 1408 2318 modo
1424 2300 1551 2326 prospera
1568 2292 1701 2317 Deiotaro:

904 2329 946 2354 sin
962 2327 1064 2355 officia:
1088 2337 1101 2354 a
1118 2329 1216 2354 virtuto
1237 2329 1337 2363 ipsius,
1360 2337 1410 2355 non
1427 2329 1460 2354 ab
1476 2328 1606 2362 auspiciis
1623 2329 1703 2361 petita

904 2370 977 2392 sunt.
1018 2365 1166 2392 XXXVIII.
1189 2367 1230 2392 80.
1252 2366 1351 2392 Omitte
1372 2366 1454 2401 igitur
1472 2365 1567 2391 lituum
1585 2365 1701 2395 1101111111,

904 2411 986 2438 quom
1007 2403 1033 2429 in
1051 2403 1169 2429 maximo
1186 2402 1309 2429 incendio
1325 2411 1407 2437 negas
1426 2403 1545 2437 potuisse
1563 2402 1701 2428 comburi:

904 2445 1044 2466 contemne
1055 2444 1141 2467 cotem
1153 2441 1217 2467 Attii
1230 2440 1317 2466 Navii.
1358 2439 1430 2466 Nihil
1442 2439 1520 2465 dehet
1532 2448 1590 2465 esse
1603 2440 1629 2465 in
1641 2439 1703 2474 phi-

905 2477 1026 2512 losophia
1037 2478 1228 2504 commentitiis
1246 2477 1352 2503 sabellis
1368 2476 1428 2503 loci.
1469 2476 1537 2502 illud
1549 2481 1603 2502 erat
1614 2476 1702 2511 philo·

903 2515 997 2549 sophi.
1015 2515 1096 2541 totius
1112 2515 1220 2550 augurii
1235 2515 1353 2549 primum
1366 2519 1486 2540 naturam
1501 2515 1586 2548 ipsam
1599 2514 1700 2540 videre.

903 2551 1001 2578 deinde
1017 2552 1215 2583 inventionem,
1232 2551 1331 2578 deindo
1346 2552 1533 2578 constantiam.
1573 2551 1647 2583 Quae
1662 2557 1702 2578 est

904 2590 986 2624 igitur
997 2593 1104 2620 natura,
1122 2598 1192 2625 quae
1209 2589 1331 2615 volucres
1348 2588 1400 2615 hue
1415 2593 1441 2615 et
1457 2588 1521 2615 111110
1536 2589 1638 2623 passim
1655 2598 1702 2615 va—

903 2631 997 2662 gantes
1016 2626 1115 2654 efficiat
1129 2632 1158 2654 ut
1177 2627 1331 2662 significent
1351 2625 1470 2661 aliquid,
1490 2630 1516 2652 et
1534 2631 1590 2652 tum
1612 2631 1701 2653 vetent

903 2672 995 2700 agere,
1018 2668 1075 2691 tum
1091 2664 1202 2692 iubeant
1213 2669 1258 2691 aut
1268 2668 1347 2691 cantu
1359 2668 1405 2691 aut
1420 2662 1529 2690 volatu?
1543 2664 1597 2691 Cur
1611 2668 1701 2692 autern
