1941 3052
398 155 445 181 IN
478 156 677 182 VERREM
711 155 810 182 ACT.
832 157 863 182 11.

61 227 106 256 tis,
123 225 238 255 iudices,
254 225 327 260 quod
340 230 366 252 et
379 231 510 260 quantum
525 226 678 253 incendium
692 226 854 253 decumano-

60 272 118 290 rum
133 264 234 297 impetu
249 271 300 289 non
315 262 401 289 solum
416 272 463 298 per
476 272 561 299 agros
577 263 625 290 sed
639 265 717 290 etiam
733 273 779 298 per
793 264 854 290 reli-

59 310 127 336 quas
141 300 259 326 fortunas
278 305 408 326 aratorum
428 309 515 335 neque
533 301 620 327 solum
640 310 686 336 per
704 301 785 332 bona,
807 301 853 327 sed

60 338 138 364 etiam
153 346 200 372 per
212 338 269 364 iura
286 337 413 363 libertatis
428 338 586 369 eteivitatis,
603 339 654 365 isto
666 343 783 373 praetore
795 347 853 373 per—

61 376 166 402 vaserit.
200 374 302 401 Videtis
317 375 432 409 pendere
446 375 511 401 alios
525 384 558 402 ex
572 375 677 407 arbore,
694 375 794 410 pulsari
806 385 854 401 au-

60 417 112 438 tem
127 412 193 438 alios
207 416 233 438 et
245 412 393 438 verberari:
422 421 499 447 porro
517 412 582 439 alios
601 413 627 438 in
643 413 751 448 publico
764 418 855 439 custo-

59 450 125 476 diri:
150 449 258 475 destitui
278 449 343 476 alios
362 450 388 476 in
407 450 543 481 convivio;
569 450 738 476 condemnari
757 450 822 476 alios
841 459 854 476 a

60 486 162 513 medico
176 491 200 513 et
215 495 341 521 praecone
356 488 496 521 praetoris:
518 488 585 513 bona
600 491 686 513 tamen
700 488 798 513 interca
814 488 855 513 ni-

60 524 206 550 bilominus
225 532 316 550 eorum
335 525 456 551 omnium
474 533 507 551 ex
521 525 592 560 agris
606 524 704 550 auferri
719 533 747 550 ac
761 524 852 558 diripi.

59 561 130 594 Quid
144 565 183 587 est
198 561 265 587 boc‘?
283 561 375 596 populi
390 562 501 588 Romani
516 560 678 596 imperium?
696 561 787 595 populi
803 562 854 587 Ro-

59 599 129 625 mani
146 598 236 633 leges‘?
258 599 374 625 iudicia‘?
396 600 461 625 socii
476 598 586 625 fideles?
605 598 740 632 provincia
754 598 854 624 subur-

59 635 145 662 bana‘?
170 637 263 662 Nonne
277 637 364 662 omnia
380 637 467 671 potius
481 635 614 662 eiusmodi
628 640 704 666 sunt,
725 644 807 670 quae,
829 636 852 662 si

59 673 173 700 Athenio
185 674 300 703 vicisset,
313 674 340 700 in
353 673 443 700 Sicilia
455 682 506 699 non
518 672 642 698 fecisset?
656 681 715 703 non,
730 673 850 707 inquam,

59 710 170 741 iudices,
187 715 257 737 esset
270 710 353 737 ullam
368 715 469 745 partem
482 710 561 736 istius
576 710 710 745 nequitiae
726 709 854 745 fugitivo-

58 757 117 774 rum
132 748 272 774 insolentia
285 752 435 774 consecuta.

112 786 220 812 XXVII.
245 785 372 811 Privatim
387 785 436 811 hoc
450 784 541 816 modo,
557 783 642 819 quid?
664 783 771 818 publice
785 784 853 810 civi-

59 827 123 849 tates
146 822 373 858 quemadmodum
398 826 520 848 tractatae
544 821 624 847 sunt‘?
649 821 769 847 Audistis
793 830 853 855 per-

59 860 155 890 multa,
176 859 291 891 iudices,
312 860 462 885 testimonia
476 859 628 889 civitatum,
649 863 674 884 et
688 858 851 893 reliquarum

58 897 181 924 audietis.
203 898 244 922 67.
258 896 295 922 Ac
310 897 427 931 primum
438 896 471 922 de
482 896 643 931 Agyrinensi
656 895 763 930 populo,
780 896 852 922 fideli

57 939 82 961 et
99 934 212 965 illustri,
238 934 353 960 breviter
370 934 529 969 cognoscite.
569 933 744 969 Agyrinensis
763 938 803 959 est
826 934 852 959 in

57 971 151 1007 primis
171 972 279 998 honesta
298 972 392 997 civitas
407 971 525 1002 Siciliae,
547 970 686 997 hominum
705 975 764 996 ante
780 971 852 997 bunc

58 1013 202 1044 praetorem
214 1008 387 1043 locupletium
398 1017 621 1043 summorumque
628 1013 770 1034 aratorum.
786 1008 851 1034 Eius

58 1046 115 1081 agri
134 1045 261 1072 decumas
279 1055 364 1081 quum
384 1046 493 1072 emisset
511 1046 582 1072 idem
606 1046 752 1080 Apronius,
780 1046 852 1081 Agy-

56 1084 126 1110 rium
141 1083 223 1110 venit.
257 1083 308 1115 Qui
321 1092 406 1118 quum
421 1092 452 1110 eo
465 1091 526 1109 cum
541 1083 747 1118 apparitoribus,
764 1083 790 1108 id
801 1088 849 1114 est,

55 1130 117 1147 cum
132 1121 158 1147 vi
172 1129 202 1147 ac
215 1121 296 1147 minis
311 1121 436 1151 venisset,
453 1129 560 1155 poscere
571 1121 711 1155 pecuniam
723 1121 850 1155 grandem

55 1158 154 1193 coepit,
174 1162 204 1184 ut
222 1162 328 1193 accepto
347 1157 420 1184 lucro
437 1157 597 1190 discederet3
626 1157 696 1184 nolle
710 1167 738 1183 se
754 1158 850 1193 negotii
873 1158 875 1164 ¹

55 1195 204 1231 quidquam
220 1195 317 1222 habere
331 1195 444 1227 dicebat,
461 1196 507 1222 sed
522 1200 626 1230 accepta
642 1196 753 1230 pecnnia
769 1204 849 1237 quani
873 1202 875 1211 i

56 1234 173 1268 primum
188 1232 266 1259 aliam
281 1234 415 1260 civitatem
434 1241 573 1268 occupare.
614 1232 683 1259 Sunt
701 1241 792 1259 omnes
808 1233 851 1259 Si—

55 1270 109 1297 culi
124 1279 176 1297 non
190 1270 390 1302 contemnendi,
411 1271 433 1297 si
453 1279 499 1305 per
514 1274 616 1296 nostros
632 1270 803 1305 magistratus
820 1270 850 1296 li-

55 1312 125 1334 ceat:
145 1307 192 1334 sed
210 1307 332 1334 bomines
350 1312 375 1334 et
393 1308 457 1334 satis
477 1307 556 1334 fortes
570 1312 596 1333 et
609 1308 672 1333 satis
687 1307 765 1342 plane¹
781 1307 849 1343 frugi

55 1354 84 1372 ac
102 1345 198 1377 sobrii,
219 1349 244 1371 et
262 1345 288 1371 in
308 1345 402 1380 primis
421 1345 486 1371 haec
503 1345 610 1375 civitas,
631 1345 664 1371 de
678 1353 730 1379 qua
746 1345 848 1379 loquor,
873 1367 874 1371 ,

56 1383 168 1409 iudices.
210 1384 251 1408 68.
274 1383 364 1417 ltaque
383 1382 485 1409 bomini
500 1383 526 1408 in
542 1382 635 1416 primis
650 1382 851 1416 improbissimo

55 1420 216 1454 respondent
229 1420 422 1455 Agyrinenses,
442 1428 501 1446 sese
519 1419 645 1445 decumas
659 1420 696 1450 ei,
721 1419 851 1454 quemad-

56 1457 164 1483 modum
180 1457 315 1488 deberent,
332 1457 454 1484 daturos:
472 1457 585 1488 lucrum,
602 1465 687 1491 quum
699 1456 743 1482 ille
756 1466 851 1491 magno

56 1495 211 1528 praesertim
226 1495 342 1526 emisset,
360 1503 411 1521 non
426 1494 572 1520 addituros.
607 1494 741 1528 Apronius
755 1495 851 1520 certio—

56 1540 110 1558 rem
126 1531 187 1557 facit
202 1532 293 1562 istum,
309 1532 368 1558 cuia
384 1540 426 1558 res
440 1536 503 1562 erat,
520 1531 586 1566 quid
601 1532 637 1557 rei
653 1536 732 1557 esset.

110 1568 229 1595 XXVIII.
246 1568 349 1600 Statim,
367 1573 502 1603 tamquam
516 1569 663 1595 coniuratio
676 1568 764 1603 aliqua
780 1568 852 1604 Agy-

55 1607 86 1632 rii
104 1610 193 1632 contra
211 1606 405 1640 rempublicam
425 1606 504 1637 facta,
528 1611 573 1632 aut
598 1605 700 1641 legatus
724 1606 851 1641 praetoris

55 1643 177 1678 pulsatus
195 1648 277 1674 esset,
303 1644 338 1670 ita
357 1644 455 1679 Agyrio
478 1644 649 1679 magistratus
673 1648 698 1669 et
716 1644 852 1678 quinque-

55 1681 133 1715 primi
152 1681 236 1707 accitu
256 1681 335 1707 istius
359 1685 511 1708 evocantur.
552 1681 670 1707 Veniunt
688 1680 848 1716 Syracusas.-

55 1722 158 1752 praesto
172 1722 211 1744 est
225 1718 372 1753 Apronius:
397 1719 445 1749 ait,
467 1727 511 1744 eos
530 1718 616 1753 ipsos,
636 1719 684 1753 qui
703 1719 847 1749 venissent,

53 1759 142 1782 contra
157 1755 273 1782 edictum
288 1756 415 1790 praetoris
430 1755 534 1782 fecisse.
572 1755 748 1788 Quaerebant,
765 1755 850 1790 quid?

54 1792 241 1828 Responderunt
273 1802 302 1819 se
333 1793 365 1819 ad
392 1798 589 1828 recuperatores
616 1801 675 1819 esse
702 1793 847 1819 dicturum.

54 1830 114 1861 Iste,
130 1830 312 1865 aequissimus
326 1830 418 1861 homo,
436 1830 604 1856 formidinem
619 1830 692 1856 illam
707 1839 784 1856 suam
799 1831 850 1856 mi-

53 1868 121 1894 seris
139 1868 353 1903 Agyrinensibus
373 1868 522 1894 iniiciebat:
550 1872 747 1902 recuperatores
765 1876 794 1893 se
816 1867 849 1894 de

53 1904 160 1931 cohorte
173 1913 221 1931 sua
240 1905 364 1931 daturum
384 1905 544 1931 minabatur.
585 1905 779 1940 Agyrinenses,
800 1905 850 1931 viri

54 1941 207 1973 fortissimi,
229 1942 359 1968 iudicium
378 1952 406 1968 se
421 1951 547 1976 passuros
561 1951 620 1968 esse
633 1942 766 1968 dicebant.
807 1944 848 1968 69.

53 1979 193 2015 Ingerebat
207 1979 256 2006 istc
266 1979 462 2006 Artemidorum
475 1979 626 2006 Cornelium
643 1979 786 2011 medicum,
799 1980 851 2007 Va-

55 2016 149 2042 lerium
166 2025 330 2050 praeconem,
347 2016 532 2051 Tlepolemum
545 2016 671 2051 pictorem
682 2021 707 2043 et
717 2017 848 2043 eiusmodi

55 2057 260 2088 recuperatores,
277 2062 392 2088 qnorum
407 2054 474 2080 civis
485 2054 620 2080 Romanus
635 2062 712 2080 nemo
726 2059 788 2085 erat,
802 2054 849 2080 sed

54 2090 146 2117 Graeci
161 2090 296 2126 sacrilegi,
314 2091 471 2125 iampridem
486 2091 613 2125 improbi,
631 2096 737 2125 repente
751 2092 850 2118 Corne-

55 2127 92 2154 lii.
133 2127 265 2155 Videbunt
278 2128 466 2163 Agyrinenses,
483 2128 618 2163 quidquid
632 2129 664 2154 ad
678 2137 722 2154 eos
739 2137 850 2163 recupe-

55 2169 153 2192 ratores
167 2165 301 2199 Apronius
319 2165 464 2196 attulisset,
486 2165 563 2191 illum
583 2165 708 2200 perfacile
723 2166 849 2200 probatu—

55 2211 124 2229 rum.
165 2202 340 2229 Condemnari
364 2211 426 2228 cum
452 2203 531 2228 istius
557 2203 658 2229 invidia
686 2203 848 2238 infamiaque

54 2239 196 2270 malebant,
212 2248 293 2274 quam
308 2240 340 2266 ad
355 2240 413 2266 eius
427 2239 591 2266 conditiones
607 2241 795 2275 pactionesque
805 2250 849 2267 ac-

53 2276 156 2303 cedere.
197 2277 377 2309 Quaerebant,
407 2285 477 2312 quae
498 2277 525 2303 in
548 2277 628 2303 verba
651 2282 847 2312 recuperatores

54 2313 136 2340 daret.
176 2315 375 2349 Respondebat,
400 2324 422 2340 si
443 2323 587 2345 ιιΛιιιῑιιιῑτ,
613 2324 764 2341 Anvansus
783 2324 847 2341 κυι-

54 2360 128 2378 erun
147 2361 283 2383 recisse,
303 2361 372 2387 quae
386 2360 414 2377 se
429 2352 455 2377 in
471 2351 571 2377 iudicio
584 2351 719 2378 dicturum
734 2361 792 2378 esse
806 2352 848 2378 di—

53 2388 138 2415 cebat.
173 2390 353 2424 Iniquissimis
368 2389 469 2419 verbis,
486 2389 694 2423 improbissimis
709 2398 848 2424 recupera-

54 2425 169 2458 toribus,
190 2426 332 2453 conflictari
353 2426 497 2456 malebant,
518 2435 598 2460 quam
618 2426 766 2461 quidquam
785 2435 847 2453 cum

54 2463 106 2489 isto
118 2471 166 2490 sua
182 2463 316 2490 voluntate
330 2464 461 2490 decidere.
483 2463 673 2489 Summittcbat
687 2464 735 2490 iste
746 2464 848 2489 Timar-

52 2500 168 2531 chidem,
185 2501 231 2535 qui
244 2505 361 2527 moneret
371 2510 424 2531 cos,
441 2501 462 2526 si
473 2505 605 2535 saperent,
623 2505 651 2526 ut
661 2501 845 2534 transigerent.

54 2537 245 2574 Pernegabant.
271 2538 341 2570 Quid
357 2538 437 2574 ergo‘?
455 2539 482 2564 In
496 2538 619 2571 singulos
635 2538 697 2563 ll-S
711 2539 847 2572 quinquu-

52 2575 129 2609 genis
152 2575 273 2601 millibus
296 2575 415 2602 damnari
441 2575 586 2601 mavultis?
612 2575 689 2601 Malle
711 2575 844 2601 dii-ebant.

53 2611 121 2638 Tum
140 2612 189 2638 iste
207 2612 289 2643 clare,
310 2613 436 2639 omnibus
455 2612 635 2643 audientibus,
663 2621 710 2642 oui
731 2621 847 2638 ιιΛιιΝΛ-

53 2657 104 2675 rus
119 2658 198 2680 sair,
215 2649 311 2685 inquit,
329 2658 428 2676 vincis
443 2658 477 2676 Λι)
492 2658 588 2676 uitem·
604 2658 770 2675 εικιικτυιι.
799 2650 846 2675 llic

54 2685 93 2712 illi
107 2685 198 2713 flentes
213 2695 303 2723 rogare
316 2691 396 2723 atque
409 2695 482 2714 orare
495 2690 651 2722 cooperunt,
672 2691 702 2714 ut
715 2695 779 2713 suas
792 2687 844 2713 sibi

884 387 885 392 ¹
908 375 1014 401 Verrem
1034 375 1196 402 vendidisse.

899 157 983 182 LIB.
1006 157 1045 182 111.
1080 157 1098 182 C
1113 157 1176 183 ΑΡ.
1211 158 1243 183 Ξ4
1263 172 1298 176 -
1320 159 1361 184 31.
1648 161 1691 185 ’291

906 230 1008 261 segetes
1029 226 1184 262 fructusque
1198 236 1290 254 omnes
1305 229 1488 262 arationesque
1503 237 1599 253 vacuas
1613 228 1697 262 Apro-

909 264 952 289 nio
966 263 1067 290 tradere
1082 264 1179 295 liceret,
1196 270 1224 290 ut
1238 265 1289 299 ipsi
1300 266 1357 291 sine
1368 265 1512 299 ignominia
1524 265 1697 300 molestiaque

906 301 1080 327 discederent.
1121 302 1163 327 70.
1183 302 1235 328 Hac
1251 302 1320 336 lege,
1336 302 1447 333 iudices,
1464 302 1590 328 decumas
1607 302 1698 328 vendi-

906 337 945 363 dit
958 338 1062 364 Verres.
1103 339 1175 364 Dicat
1194 339 1254 365 licet
1268 340 1436 370 Hortensius,
1457 340 1479 366 si
1499 339 1581 370 volet,
1603 349 1698 373 magno

1236 377 1337 403 XXIX.
1362 377 1429 402 Haec
1446 377 1562 403 conditio
1581 376 1630 402 fuit
1650 378 1699 403 isto

908 417 1026 446 praetore
1040 418 1180 444 aratorum,
1197 418 1227 439 ut
1240 423 1330 440 secum
1346 413 1478 448 praeclare
1487 414 1528 449 agi
1540 414 1699 440 arbitraren—

908 454 959 479 tur,
976 450 998 475 si
1015 459 1112 476 vacuos
1126 459 1202 485 agros
1217 451 1332 485 Apronio
1348 451 1447 477 tradere
1464 450 1560 477 liceret.
1602 451 1698 477 Multas

906 487 977 512 enirn
992 496 1083 513 cruces
1099 489 1245 521 propositas
1260 488 1374 523 effugere
1389 489 1541 523 cupiebant.
1563 488 1698 520 Quantum

906 523 1039 557 Apronius
1054 525 1183 551 edidisset
1197 525 1301 555 deberi,
1319 531 1419 552 tantum
1435 535 1467 552 ex
1482 525 1566 551 edicto
1580 526 1698 552 dandum

906 565 970 587 erat.
1000 562 1129 591 Etiamne,
1146 563 1169 588 si
1184 562 1246 597 plus
1261 563 1395 593 edidisset,
1413 572 1493 597 qnam
1508 568 1637 597 quantum
1654 572 1700 589 na-

906 602 962 623 tum
982 598 1069 624 esset?
1086 599 1182 625 Etiam.
1217 599 1373 631 Quomodo‘?
1391 601 1560 633 Magistratus
1574 610 1606 626 ex
1620 601 1698 626 istius

905 635 990 661 edicto
1003 636 1109 670 exigere
1122 636 1264 663 debebant.
1305 637 1337 663 At
1351 634 1565 672 arator'repetere
1584 642 1696 672 poterat:

906 681 998 698 verum
1013 673 1179 699 Artemidoro
1193 679 1383 708 recuperatore.
1406 674 1484 706 Quid,
1501 676 1523 700 si
1539 676 1628 701 minus
1642 684 1699 701 ara-

905 714 944 735 tor
961 709 1090 740 dedisset,
1112 719 1193 744 quam
1213 712 1377 745 poposcisset
1391 712 1542 746 Apronius?
1567 712 1697 738 ludu-ium

904 747 931 772 in
950 751 1078 772 aratorem
1097 748 1124 773 in
1143 748 1336 782 quadruplum.
1377 749 1417 774 Ex
1435 758 1489 783 quo
1508 749 1626 775 iudicum
1649 758 1697 775 nu-

905 783 995 809 mero‘?
1008 784 1048 810 Ex
1062 784 1167 810 cohorte
1182 786 1308 819 praetoris
1324 786 1455 820 praeclara
1467 786 1604 812 bominum
1618 787 1699 812 bone-

904 821 1093 847 stissimorum.
1124 822 1194 853 Quid
1210 822 1345 857 amplius?
1358 823 1447 849 Minus
1462 828 1486 849 te
1500 823 1622 858 iugerum
1640 833 1699 858 pro-

906 857 1006 884 fessum
1021 867 1080 884 esse
1094 859 1166 885 dico:
1193 865 1389 894 recuperatores
1409 861 1498 891 reiice,
1519 860 1590 894 quod
1606 861 1698 887 adver-

904 904 965 921 sum
984 895 1101 922 edictum
1121 896 1223 922 feceris.
1265 898 1304 924 Ex
1323 906 1377 932 quo
1396 897 1524 924 numero?
1549 898 1589 924 Ex
1607 898 1698 924 eadem

904 933 1019 959 cohorte.
1059 933 1130 965 Quid
1152 935 1201 960 erit
1223 934 1390 961 extremum?
1416 935 1441 960 Si
1469 935 1609 960 damnatus
1636 936 1697 964 eris.

903 970 974 1005 (nam
1000 970 1131 997 dubitatio
1157 972 1347 1003 damnationis,
1378 972 1433 998 illis
1459 972 1696 1006 recuperatoribus,

903 1016 972 1042 quae
991 1013 1091 1042 poterat
1109 1008 1194 1044 esse‘?)
1213 1010 1296 1044 virgis
1316 1015 1339 1036 te
1354 1010 1385 1036 ad
1401 1018 1490 1036 necem
1505 1009 1577 1035 caedi
1594 1018 1699 1036 necesse

904 1045 962 1071 erit.
1003 1046 1049 1071 His
1065 1045 1185 1081 legibus,
1207 1047 1248 1073 liis
1263 1047 1474 1077 conditionibus,
1491 1048 1540 1073 erit
1553 1048 1698 1082 qnisquam

904 1087 956 1108 tam
971 1083 1080 1114 stultus,
1097 1084 1144 1118 qui
1158 1083 1285 1110 decumas
1298 1085 1401 1110 venisse
1412 1084 1571 1110 arbitretur‘?
1584 1085 1630 1119 qui
1643 1094 1700 1110 ara-

902 1120 952 1146 tori
968 1129 1062 1146 novem
1078 1125 1164 1155 partes
1179 1121 1296 1156 reliquas
1312 1122 1391 1148 factas
1406 1131 1464 1148 esse
1479 1122 1631 1148 existinwt‘?
1652 1123 1698 1156 qui

904 1166 955 1183 non
975 1158 1116 1193 intelligat,
1141 1159 1222 1185 istum
1247 1159 1298 1185 sibi
1321 1160 1444 1194 quaestui
1469 1159 1633 1194 praedaeque
1654 1159 1699 1184 lia-

903 1195 995 1221 buisse
1014 1195 1094 1226 bona,
1116 1197 1311 1230 possessiones,
1335 1197 1452 1223 fortunas
1467 1196 1618 1222 aratorum?
1641 1196 1699 1223 Vir-

902 1241 996 1267 garum
1013 1238 1085 1259 metu
1099 1233 1288 1269 Agyrinenses,
1305 1234 1375 1269 quod
1392 1235 1551 1268 imperatum
1566 1238 1643 1264 esset,
1662 1233 1699 1259 fa-

903 1275 991 1296 cturos
1009 1279 1038 1296 se
1057 1279 1115 1297 esse
1133 1271 1268 1297 dixerunt.
1309 1272 1397 1298 XXX.
1420 1273 1462 1298 7¹.
1485 1271 1602 1306 Accipite
1618 1280 1696 1301 nunc,

902 1307 969 1341 quid
985 1308 1133 1342 imperarit:
1150 1313 1175 1334 et
1189 1309 1369 1340 dissimulate,
1386 1309 1408 1335 si
1425 1310 1542 1344 potestis,
1561 1318 1606 1334 vos
1622 1308 1699 1334 intel-

905 1344 994 1379 ligere,
1012 1346 1100 1379 ipsum
1118 1351 1272 1380 praetorem,
1289 1347 1316 1372 id
1331 1346 1403 1381 quod
1419 1351 1469 1373 tota
1484 1346 1574 1372 Sicilia
1590 1355 1699 1380 perspe—

903 1382 953 1412 xit,
979 1382 1172 1417 redemptorem
1190 1383 1363 1410 decumarum
1383 1389 1461 1418 atque
1480 1384 1544 1410 adeo
1567 1388 1697 1409 aratorum

902 1419 1040 1445 (lominum
1060 1429 1089 1446 ac
1109 1429 1197 1455 regem
1214 1420 1305 1447 fuisse.
1347 1422 1460 1456 Imperat
1475 1421 1695 1456 Agyrinensibus,

903 1461 932 1482 ut
950 1457 1076 1483 (lec-umas
1096 1458 1146 1492 ipsi
1167 1458 1274 1492 publice
1289 1459 1432 1493 accipiant:
1461 1458 1579 1493 Apronio
1595 1458 1697 1484 lucrum

902 1494 974 1521 dent.
1009 1494 1036 1520 Si
1052 1504 1147 1530 magno
1162 1500 1268 1526 emerat,
1284 1497 1410 1530 quoniam
1426 1500 1452 1522 tu
1468 1504 1504 1527 es,
1521 1496 1567 1530 qui
1583 1496 1696 1530 pretinm

902 1531 1110 1566 diligentissime
1124 1533 1280 1566 exquisisti,
1301 1534 1362 1568 qui,
1380 1538 1408 1559 ut
1421 1534 1473 1564 ais,
1495 1542 1590 1567 magno
1606 1532 1698 1558 vendi-

902 1569 979 1595 disti:
1005 1578 1087 1604 quare
1106 1570 1217 1604 putabas
1236 1571 1348 1604 emptori
1369 1570 1471 1596 lucrum
1487 1570 1546 1596 addi
1562 1570 1698 1604 oportcrc'‘

903 1606 978 1637 Esto,
996 1607 1117 1641 putabas.
1142 1607 1320 1639 Quamobrem
1337 1608 1495 1642 imperabas,
1513 1612 1540 1633 ut
1555 1606 1698 1633 adderent?

902 1644 972 1675 Quid
986 1649 1026 1670 est
1041 1644 1127 1675 aliud,
1144 1653 1238 1679 capere
1252 1649 1276 1670 et
1291 1645 1430 1671 conciliare
1446 1645 1585 1679 pecunias,
1603 1645 1628 1670 in
1644 1653 1697 1679 quo

903 1686 926 1707 te
943 1681 984 1707 lex
999 1686 1082 1712 tenet,
1103 1682 1124 1707 si
1147 1682 1195 1707 lioc
1214 1691 1265 1708 non
1284 1687 1322 1708 est
1342 1683 1366 1708 vi
1386 1687 1464 1717 atquc
1480 1682 1591 1716 imperio
1605 1691 1697 1716 cogere

902 1719 1000 1745 invitos
1016 1719 1119 1745 lucrum
1135 1719 1197 1745 dare
1211 1719 1298 1750 alteri,
1322 1720 1369 1745 boc
1387 1725 1439 1750 est,
1464 1720 1602 1754 pecuniam
1618 1719 1698 1744 dare'!

902 1757 943 1782 72.
967 1756 1035 1792 Age,
1057 1756 1121 1791 quid
1143 1755 1217 1782 tum‘?
1243 1757 1270 1782 Si
1287 1757 1415 1791 Apronio,
1436 1757 1539 1782 deliciis
1560 1757 1694 1790 praetoris,

904 1793 992 1819 lucelli
1007 1794 1109 1828 aliquid
1125 1794 1191 1820 iussi
1207 1799 1270 1820 sunt
1280 1794 1350 1825 darc,
1368 1799 1457 1829 putate
1468 1795 1583 1828 Apronio
1593 1794 1694 1823 dutum,

901 1831 922 1857 si
936 1831 1117 1865 Apronianum
1132 1831 1256 1857 lucellum
1269 1841 1297 1857 ac
1310 1841 1360 1858 non
1376 1832 1502 1866 praetoria
1516 1831 1609 1865 praeda
1623 1831 1697 1856 vobis

903 1869 1046 1895 videbitur.
1088 1869 1213 1903 Imperas',
1232 1873 1259 1895 ut
1273 1869 1399 1895 decumas
1414 1869 1554 1903 accipiant,
1582 1869 1697 1903 Apronio

901 1906 964 1932 dent
985 1905 1049 1932 lucri
1070 1906 1148 1932 tritici
1169 1906 1334 1932 medimnum
1351 1915 1447 1932 λλλιιι.
1489 1906 1558 1938 Quid
1578 1905 1626 1931 boc
1641 1906 1698 1931 est?

902 1943 957 1969 Una
971 1943 1064 1970 civitas
1079 1952 1112 1970 ex
1127 1952 1179 1970 uno
1193 1953 1255 1979 agro
1270 1943 1356 1978 plebei
1373 1944 1503 1969 Romanae
1523 1952 1603 1978 prope
1623 1952 1698 1969 men-

901 1985 973 2007 strua
988 1981 1086 2007 cibaria
1102 1982 1229 2016 praetoris
1249 1982 1361 2016 imperio
1379 1981 1476 2007 donare
1491 1981 1606 2015 Apronio
1624 1981 1697 2015 cogi-

902 2022 951 2044 tur.
992 2018 1030 2044 Tu
1051 2027 1147 2053 magno
1164 2018 1291 2045 decumas
1312 2018 1469 2049 vendidisti,
1489 2027 1574 2052 quum
1595 2022 1695 2043 tantum

902 2055 967 2081 lucri
983 2055 1131 2081 decumano
1144 2056 1179 2082 sit
1193 2055 1304 2082 datum'?
1330 2055 1460 2086 Profecto,
1481 2056 1502 2081 si
1522 2056 1635 2090 pretium
1651 2064 1696 2081 ex·

901 2093 1032 2127 quisisses
1042 2092 1194 2126 diligenter,
1207 2098 1272 2124 tum,
1286 2102 1370 2128 quum
1384 2093 1551 2122 vendebas..x
1563 2092 1695 2118 medimna

901 2131 989 2164 potius
1013 2130 1191 2160 addidissent,
1215 2139 1295 2165 quam
1320 2131 1374 2156 lt-s'
1399 2139 1438 2155 i.›‹·
1462 2134 1560 2164 postea.
1602 2130 1695 2163 Magna

901 2167 996 2202 praeda
1012 2167 1129 2193 videtur:
1146 2168 1235 2194 audite
1250 2167 1351 2202 reliqua
1366 2172 1391 2193 et
1404 2167 1546 2201 diligenter
1560 2167 1693 2195 attendite.

900 2213 954 2239 quo
973 2205 1062 2230 minus
1081 2205 1228 2235 miremini,
1254 2205 1358 2231 Siculos
1378 2213 1404 2230 re
1424 2205 1570 2230 neccssaria
1593 2209 1695 2229 coaetus

900 2242 1031 2268 auxilium
1047 2251 1060 2267 a
1076 2243 1206 2276 patronis,
1223 2251 1235 2267 n
1250 2242 1422 2272 consulibus,
1439 2242 1471 2267 nb
1485 2246 1593 2270 senatu,
1611 2241 1642 2266 ab
1659 2240 1695 2266 le-

900 2279 995 2312 gibus,
1016 2279 1049 2304 ab
1065 2279 1171 2305 iudiciis
1187 2280 1323 2314 petivisse.
1364 2280 1406 2304 73.
1430 2279 1461 2304 Ut
1476 2279 1596 2312 probaret
1612 2279 1695 2312 Apro-

901 2317 961 2342 nius
981 2316 1029 2342 hoc
1049 2316 1178 2346 triticum,
1199 2316 1271 2351 quod
1289 2316 1312 2342 ei
1327 2316 1452 2346 dabatur,
1475 2317 1584 2349 impu-rut
1601 2316 1694 2350 Agyri-

901 2353 1029 2379 nensibus
1041 2353 1143 2384 Verres,
1160 2358 1187 2379 ut
1203 2355 1228 2379 in
1242 2353 1375 2379 medimna
1387 2353 1492 2387 singula
1504 2353 1600 2378 «lentur
1611 2353 1695 2386 Apro-

901 2391 943 2416 nio
957 2390 1071 2416 sestertii
1087 2398 1123 2416 m.
1158 2390 1258 2417 XXXI.
1281 2390 1351 2422 Quid
1365 2395 1404 2415 est
1420 2390 1486 2415 boi-'3
1500 2395 1569 2415 nuno
1585 2398 1695 2415 numero

901 2427 1035 2457 frumenti,
1054 2427 1118 2453 lucri
1132 2428 1247 2457 nominc.
1264 2428 1392 2461 imperato
1403 2431 1426 2453 et
1438 2435 1573 2461 expresso.
1591 2427 1693 2453 nummi

900 2469 1030 2499 praetcrea
1057 2465 1215 2499 exiguntur,
1245 2469 1273 2490 ut
1300 2465 1426 2498 probetur
1453 2463 1635 2490 frumentum?
1661 2473 1693 2490 mi

900 2506 998 2536 poterut
1013 2511 1063 2528 non
1079 2502 1158 2527 modo
1171 2502 1318 2536 Apronius,
1339 2501 1385 2527 scd
1404 2502 1507 2536 quivis.
1528 2502 1655 2527 exercitui
1670 2502 1692 2527 si

899 2539 1063 2565 metiendum
1086 2544 1168 2570 esset,
1198 2539 1347 2573 improbare
1371 2538 1492 2564 Siculum
1517 2538 1690 2569 frumentum,

898 2576 969 2610 quod
990 2576 1032 2602 isti
1051 2585 1084 2602 ex
1102 2585 1173 2607 urea,
1194 2577 1217 2602 si
1238 2575 1329 2605 vellet.
1350 2576 1471 2602 annm-tiri
1489 2575 1600 2602 licebnt‘?
1627 2576 1693 2602 Fru-

899 2613 979 2639 menti
999 2618 1087 2639 tnutus
1107 2622 1235 2640 numerus
1254 2614 1366 2648 imperio
1386 2618 1430 2639 tuo
1448 2613 1526 2639 datur
1539 2619 1564 2639 et
1577 2614 1691 2649 cogitur.

899 2651 954 2677 Non
969 2655 1009 2676 est
1022 2651 1095 2677 satis.
1119 2651 1227 2677 Nummi
1243 2655 1375 2685 praeterea
1385 2651 1558 2685 imperantur.
1583 2651 1689 2677 Dantur.

899 2688 993 2714 l'nrum
1012 2692 1060 2714 cst.
1101 2688 1150 2714 I‘ro
1168 2688 1289 2715 decumis
1308 2687 1399 2715 bordei
1417 2687 1467 2714 aliu
1487 2689 1597 2723 pecunia
1619 2689 1692 2723 cogi-

1427 2734 1485 2760 ³7·
