1941 3052
207 124 256 148 980
766 123 821 148 tto.
855 121 890 147 Μ.

207 193 362 228 reperienti,
386 192 431 218 sed
451 191 602 217 emendanti
618 191 783 225 superiores,
808 191 991 217 immutatione

206 230 362 258 verborum,
380 229 444 255 dum
462 229 543 254 huius
557 229 726 254 delinitione-s
747 227 903 254 labefactare
924 228 989 258 vult,

204 272 314 293 conatus
340 271 379 292 cst
402 266 560 291 clarissimis
586 265 665 291 rebus
691 265 814 291 tenebras
841 265 993 290 obducere?
1014 258 1021 299 ’ἵ

203 305 287 329 Cuius
315 304 400 337 primo
424 312 474 328 non
497 302 640 328 admodum
663 302 770 336 probata
793 302 871 332 ratio,
896 310 992 336 (luani-
1013 302 1021 338 A*

203 349 283 375 quani
302 340 388 365 lloruit
403 347 487 374 quum
504 340 627 365 acumine
640 339 755 372 ingenii,
771 343 826 364 tuin
839 339 991 365 admirabili

203 377 318 412 quodam
341 376 428 410 lepore
449 376 570 406 dicendi,
591 377 712 410 proxime
728 385 740 401 n
759 376 862 411 Lacyde
878 376 934 401 solo
951 384 992 401 rc-

204 419 271 440 tenta
292 418 343 439 est:
377 417 435 447 post
449 418 538 439 autem
553 413 670 439 conferta
687 422 700 438 a
716 413 865 443 Carneade,
883 414 929 447 qui
953 418 992 439 ost

202 456 313 485 quartus
329 450 362 475 ab
381 449 512 481 Arcesila;
540 450 646 476 audivit
660 451 732 476 enim
750 451 927 485 Hegesinum,
943 451 991 484 qui

202 487 356 513 Evandrum
369 486 501 517 audierat,
516 487 614 523 Lacydi
627 486 801 521 discipulum,
815 495 899 522 quum
912 487 992 513 Arce-

201 524 266 550 silae
279 524 396 559 Lacydes
409 523 512 551 suisset.
544 524 596 550 Sed
610 525 666 559 ipse
677 524 826 551 Carneades
841 524 887 550 diu
896 525 990 550 tenuit.

201 562 266 587 Nam
285 562 426 596 nonaginta
439 562 507 588 vixit
516 569 611 588 annos:
634 566 668 591 et.
685 562 731 596 qui
750 561 825 587 illum
842 561 989 592 audierant,
1012 565 1013 583 ἱ

201 598 346 624 admodum
359 598 516 630 lloruerunt;
539 607 553 625 e
564 598 665 633 quibus
678 599 826 624 industriae
843 598 990 633 plurimum

202 636 227 662 in
240 635 404 662 Clitomacho
416 635 479 662 suit:
502 635 619 662 declarat
630 635 774 662 multitudo
787 635 928 662 librorum:
950 636 992 662 in·

199 673 272 708 genii
289 682 339 699 non
357 673 447 699 minus
459 673 485 699 in
498 672 556 703 hoc,
570 681 650 708 quam
664 674 690 699 in
702 673 851 699 Charmada
862 672 991 707 eloquen-

200 711 260 740 tiae,
276 710 301 736 in
314 709 459 736 Melanthio
471 710 574 737 Rhodio
585 710 735 736 suavitatis.
758 711 826 736 Bene
833 715 921 736 autem
929 718 991 736 nos-

199 756 228 773 se
239 747 402 773 Carneadem
414 747 596 774 Stratoniceus
607 747 771 774 Metrodorus
777 747 930 782 putabatur.
950 748 988 773 l7.

200 785 253 810 lam
265 784 430 811 Clitomacho
441 784 517 811 Philo
529 789 616 811 vester
625 793 732 819 operam
745 784 842 810 multos
854 793 936 811 annos
943 784 990 810 de-

199 821 248 847 dit.
279 821 390 848 l‘hilone
401 826 490 848 autem
503 822 565 848 vivo
576 822 754 857 patrocinium
766 821 925 848 Academiae
938 830 988 847 non

198 858 295 885 defuit.
316 859 378 889 sed.
391 859 462 893 quod
475 867 522 885 nos
535 858 697 886 facerenunc
707 859 883 894 ingredimur,
893 864 990 884 utcon-

199 900 237 922 tra
249 895 422 923 Academicos
433 896 607 927 disseramus,
622 896 648 922 id
659 896 771 931 quidam
783 904 796 922 e
808 895 987 931 pbilosophis,

198 937 224 959 et
239 933 257 959 ii
273 933 384 968 quidem
403 942 455 960 non
472 933 632 964 mediocres,
653 933 804 959 faciendum
816 934 925 959 omnino
937 942 988 959 non

199 970 340 1004 putabant;
373 978 422 997 nec
441 971 513 997 enim
535 979 593 997 esse
609 970 691 997 ullam
708 971 835 997 rationem
851 970 988 1004 disputare

198 1007 612 1043 cumt1is.quinihitprobarent;
627 1007 986 1042 AntipatrumqueStoicum.

197 1045 245 1079 qui
258 1044 359 1071 multus
371 1045 397 1071 in
409 1053 439 1071 eo
451 1045 554 1076 fuisset,
564 1045 807 1080 reprehendebant;
827 1053 874 1071 nec
881 1044 988 1070 deliniri

198 1081 305 1108 aiebant
324 1090 432 1108 necesse
448 1091 521 1113 esse,
541 1082 608 1117 quid
624 1087 695 1109 esset
709 1083 827 1117 cognitio
841 1086 886 1108 aut
896 1090 988 1116 perce-

197 1119 253 1153 ptio
269 1123 326 1149 aut,
344 1120 367 1145 si
380 1119 493 1145 verbum
505 1128 519 1146 e
530 1120 613 1146 verbo
624 1119 759 1149 volumus,
771 1119 986 1153 comprehensio,

197 1164 278 1190 quam
295 1156 438 1191 κατάληψιν
454 1156 494 1182 illi
506 1161 614 1186 vocant:
639 1165 753 1191 eosque,
767 1157 814 1190 qui
827 1156 988 1190 persuadere

198 1193 309 1223 vellent,
332 1201 390 1219 esse
410 1193 527 1228 aliquid,
545 1193 617 1228 quod
633 1193 824 1228 comprehendi
841 1197 866 1219 et
884 1193 987 1227 percipi

197 1235 299 1264 posset,
314 1231 457 1257 inscienter
468 1230 552 1257 facere
564 1230 696 1261 dicebant,
710 1235 850 1265 propterea
860 1230 933 1265 quod
945 1231 988 1256 ni-

198 1267 235 1293 hil
247 1272 318 1293 esset
328 1267 427 1293 clarius
438 1269 567 1304 ἐναργείᾳ,
582 1273 611 1294 ut
624 1268 732 1300 Graeci;
755 1268 985 1302 perspicuitatem,

196 1309 242 1330 aut
257 1304 420 1331 evidentiam
432 1313 493 1335 neS,
510 1305 534 1331 si
553 1304 652 1340 placet,
671 1305 854 1335 nominemus,
872 1304 988 1330 fabrice-

197 1349 325 1375 murque,
338 1342 361 1367 si
372 1350 441 1376 opus
453 1342 515 1372 erit,
528 1342 622 1374 verba,
640 1350 672 1368 ne
685 1342 728 1368 hic
740 1342 793 1368 sibi
803 1342 855 1377 (me
867 1341 988 1376 appella·

196 1379 241 1404 bat
255 1379 355 1414 iocans)
371 1379 420 1405 hoc
437 1378 516 1405 licere
531 1384 606 1414 putet
620 1379 681 1406 soli.
722 1379 774 1405 Sed
791 1384 879 1405 tamen
890 1379 987 1405 oratio-

195 1424 256 1442 nem
274 1415 375 1442 nullam
392 1416 521 1451 putabant
536 1416 709 1443 illustriorem
725 1417 784 1452 ipsa
798 1416 933 1442 evidentia
945 1424 987 1442 re-

194 1453 277 1487 periri
293 1461 384 1487 posse,
399 1462 446 1479 nec
457 1462 500 1484 ea,
512 1462 581 1488 quae
593 1458 646 1480 tam
658 1453 728 1480 clara
739 1458 841 1484 essent,
855 1453 987 1479 delinien-

194 1490 228 1516 da
244 1490 398 1517 censebant.
439 1490 493 1517 Alii
509 1496 598 1517 autem
614 1491 748 1526 negabant
765 1499 793 1517 se
809 1499 856 1526 pro
868 1491 917 1517 hac
928 1491 986 1517 evi-

194 1527 285 1553 dentia
303 1527 454 1562 quidquam
468 1528 570 1563 priores
583 1527 667 1554 fuisse
679 1528 812 1554 dicturos:
840 1527 887 1554 sed
899 1527 932 1554 ad
943 1536 983 1558 ea,

194 1573 263 1599 quae
284 1569 375 1591 contra
390 1565 556 1596 dicerentur,
573 1565 627 1592 dici
642 1570 763 1600 oportere
778 1565 920 1600 putabant,
953 1573 986 1591 ne

194 1602 242 1636 qui
263 1601 427 1629 fallerentur.
470 1604 510 1628 48.
523 1602 648 1637 Plerique
668 1607 756 1629 tamen
774 1607 800 1629 et
815 1602 985 1628 definitiones

196 1639 314 1673 ipsarum
330 1639 410 1666 etiam
424 1639 591 1666 evidentium
607 1648 696 1666 rerum
709 1648 760 1666 non
772 1640 938 1674 improbant:
961 1643 987 1666 et

195 1684 250 1702 rem
265 1676 402 1708 idoneam,
420 1676 453 1703 de
467 1685 521 1711 qua
532 1682 689 1712 quaeratur,
707 1681 732 1703 et
743 1677 866 1703 homines
877 1676 983 1712 dignos,

194 1713 358 1747 quibuscum
379 1713 540 1745 disseratur,
563 1719 667 1749 putant.
707 1713 785 1740 Philo
800 1719 903 1745 autem,
919 1713 984 1740 dum

194 1758 262 1777 nova
277 1750 410 1785 quaedam
425 1756 589 1782 commovet,
606 1751 678 1786 quod
693 1760 723 1777 ea
735 1752 868 1778 sustinere
879 1751 927 1777 vix
937 1759 986 1785 po-

194 1792 272 1818 terat,
295 1796 364 1823 quae
382 1793 472 1815 contra
485 1788 707 1815 Academicorum
722 1789 897 1824 pertinaciam
911 1787 986 1814 dice-

195 1824 305 1856 bantur,
323 1830 349 1851 et
364 1831 454 1860 aperte
470 1826 611 1857 mentitur,
631 1831 660 1852 ut
671 1831 710 1852 est
721 1825 902 1860 reprehensus
912 1834 926 1851 a
937 1833 986 1859 pa-

194 1866 232 1887 tre
243 1861 345 1892 Catulo,
358 1867 392 1888 et.
409 1867 439 1889 ut
449 1862 540 1889 docuit
549 1863 706 1893 Antiochus.
720 1862 889 1897 inidipsum
900 1871 929 1888 se
943 1863 986 1888 in-

193 1898 265 1928 duit,
283 1899 355 1933 quod
370 1899 490 1926 timebat.
530 1899 620 1932 Quum
637 1901 709 1926 enim
726 1900 762 1926 ita
778 1904 887 1935 negaret
903 1899 986 1934 quid-

191 1943 273 1970 quam
285 1944 357 1967 esse,
375 1936 448 1971 quod
462 1937 654 1971 comprehendi
670 1941 761 1971 posset
774 1936 812 1971 (id
824 1937 896 1963 enim
908 1936 985 1963 volu-

191 1981 253 1998 mus
263 1981 322 1998 esse
332 1973 495 2007 καταληπτόν
505 1973 540 2009 *),
553 1974 577 2000 si
588 1973 656 2000 illud
668 1978 746 2005 esset,
759 1974 830 2000 sicut
839 1975 908 2000 Zeno
918 1973 986 2000 defi-

192 2010 273 2040 niret,
287 2009 338 2036 tale
350 2010 439 2036 visum
449 2010 513 2045 (iam
524 2011 596 2037 enim
608 2011 657 2038 hoc
668 2019 715 2046 pro
726 2012 860 2046 φαντασίᾳ
871 2011 984 2037 verbum

191 2047 256 2072 satis
268 2046 391 2073 hesterno
401 2055 523 2074 sermone
534 2047 765 2083 trivimus)visum
776 2048 859 2084 igitur
869 2049 985 2083 impres-

191 2091 252 2110 sum
268 2083 442 2119 effictumque
457 2093 492 2111 ex
505 2093 549 2116 eo,
571 2085 644 2112 unde
658 2089 742 2116 esset,
764 2085 844 2120 quale
858 2093 918 2112 esse
931 2093 984 2111 non

191 2125 290 2155 posset.
303 2129 336 2147 ex
347 2129 390 2151 eo,
403 2121 475 2148 unde
486 2130 539 2149 non
550 2127 632 2153 esset3
651 2122 679 2148 id
691 2131 738 2149 nos
749 2131 763 2149 a
774 2123 878 2149 Zenone
887 2122 986 2149 defini-

191 2162 249 2184 tum
260 2158 409 2184 rectissime
423 2159 550 2185 dicimus.
589 2160 642 2192 Qui
653 2160 726 2186 enim
737 2164 824 2194 potest
833 2159 984 2195 quidquam

191 2195 398 2229 comprehendi,
410 2201 440 2222 ut
450 2195 529 2231 plane
539 2196 671 2228 confidas,
685 2197 712 2223 id
723 2201 880 2232 perceptum
891 2197 986 2232 cogni—

191 2236 303 2267 tumque
314 2241 382 2263 esse,
394 2233 467 2268 quod
478 2238 518 2260 est
528 2233 588 2264 tale,
597 2233 676 2268 quale
688 2234 730 2260 vel
742 2233 841 2260 falsum
851 2242 910 2260 esse
922 2243 986 2269 pos—

191 2268 244 2296 sit?
264 2270 317 2296 Hoc
327 2278 413 2304 quum
425 2270 542 2297 infirmat
552 2270 674 2306 tollitque
686 2271 776 2302 Philo,
790 2271 922 2298 iudicium
933 2271 985 2298 tol-

192 2305 223 2332 lit
237 2307 367 2342 incogniti
382 2312 408 2334 et
421 2308 534 2343 cogniti:
552 2316 586 2334 ex
600 2316 654 2343 quo
669 2308 797 2339 efficitur,
820 2308 889 2335 nibil
905 2317 984 2343 posse

191 2343 393 2378 comprehendi.
433 2345 470 2371 Ita
484 2344 642 2379 imprudens
658 2354 701 2376 eo,
719 2354 773 2380 quo
788 2346 900 2372 minime
915 2346 982 2377 vult,

191 2380 348 2407 revolvitur.
389 2381 476 2413 Quare
495 2383 584 2409 omnis
603 2383 687 2409 oratio
706 2387 797 2409 contra
811 2382 984 2410 Academiam

191 2418 340 2452 suscipitur
355 2427 369 2445 a
385 2418 476 2449 nobis,
493 2423 524 2445 ut
538 2419 701 2446 retineamus
716 2427 774 2445 eam
788 2419 981 2451 definitionem,

191 2461 273 2487 quam
290 2455 366 2481 Philo
381 2455 467 2482 voluit
479 2461 607 2482 evertere.
650 2456 736 2489 Quam
752 2457 805 2483 nisi
819 2457 981 2488 obtinemus,

192 2491 294 2524 percipi
307 2491 375 2518 nihil
388 2501 466 2527 posse
476 2493 660 2520 concedimus.

248 2527 302 2553 Vll.
327 2530 365 2554 19.
386 2530 530 2556 Ordiamur
550 2530 633 2565 igitur
652 2539 666 2556 a
686 2530 823 2557 sensibus.
862 2530 983 2564 Quorum

193 2563 228 2589 ita
240 2563 310 2590 clara
321 2565 420 2592 iudicia
435 2572 460 2593 et
470 2572 540 2593 certa
551 2572 626 2598 sunt,
642 2572 685 2598 ut,
698 2567 721 2593 si
732 2569 804 2602 optio
816 2573 924 2595 naturae
935 2577 983 2595 no-

193 2604 263 2641 strae
277 2600 366 2642 detur,
384 2607 410 2628 et
420 2603 453 2629 ab
464 2612 493 2629 ea
504 2603 572 2631 deus
582 2604 667 2641 aliqui
678 2605 809 2639 requirat,
826 2610 982 2632 contentane

193 2641 228 2664 sit
242 2645 300 2664 suis
315 2640 426 2674 integris
441 2641 657 2677 incorruptisque
667 2641 806 2673 sensibus,
824 2650 856 2669 an
866 2642 983 2677 postulet

924 121 954 147 Τ.
989 121 1263 149 ciet-:noxis

1020 191 1022 197 ’
1044 191 1141 217 melius
1157 192 1274 227 aliquid;
1296 200 1347 218 non
1364 192 1482 221 videam,
1501 193 1566 228 quid
1582 200 1691 229 quaerat
1707 195 1834 229 amplius.

1045 230 1096 254 Nec
1110 238 1171 254 vcro
1184 229 1232 255 hor·
1245 229 1301 255 loco
1312 231 1520 263 cxnpeciandum
1533 232 1654 258 1·r⁴t.‹luni
1666 232 1698 257 de
1711 241 1783 258 remo
1795 233 1836 258 in-

1044 265 1111 291 llexo
1127 271 1171 291 aut
1186 266 1218 291 de
1234 266 1302 291 collo
1319 266 1458 292 columbae
1471 268 1654 302 respondeam.
1696 270 1750 295 Non
1763 271 1834 296 enim

1045 304 1066 329 is
1078 312 1147 331 sum,
1161 305 1217 337 qui,
1234 303 1368 337 quidquid
1383 303 1499 333 videtur,
1514 305 1564 330 tale
1576 306 1662 332 dicam
1675 315 1742 335 ense,
1756 307 1835 341 quale

1045 340 1175 366 videatur.
1217 340 1351 374 Epic-urus
1366 340 1414 366 hoc
1432 341 1527 367 viderit
1543 347 1568 368 et
1582 343 1631 368 alia
1645 343 1736 369 multa.
1777 344 1835 370 Mvo

1020 378 1021 384 ¹
1043 382 1130 403 autem
1144 376 1244 403 iudicio
1257 378 1289 403 ita
1302 382 1342 403 eut
1353 379 1468 403 maxima
1481 379 1507 404 in
1519 380 1644 405 sensibus
1656 382 1761 407 veritus.
1776 382 1798 406 si
1810 386 1836 407 et

1043 415 1100 440 sani
1113 419 1175 441 sunt
1186 423 1215 440 ac
1228 414 1360 444 valentes,
1374 419 1399 440 ct
1410 416 1498 441 onmia
1512 423 1693 445 removentur.
1707 427 1775 452 qnae
1786 418 1835 443 ol»-

1043 456 1112 477 stant
1133 456 1158 477 et
1179 451 1340 486 impediunt.
1382 452 1472 486 ltaque
1493 458 1517 478 ct
1535 452 1623 480 lumen
1643 456 1738 480 mutari
1755 464 1834 489 sar-pe

1044 488 1178 517 volumus.
1191 494 1215 514 ct
1227 489 1295 514 situs
1306 497 1398 514 earum
1411 498 1508 518 rerum,
1521 498 1588 524 quas
1600 492 1743 519 intuemur.
1757 497 1781 517 vt
1794 494 1834 518 in-

1043 525 1152 551 tervalla
1174 530 1218 552 aut
1237 526 1420 552 contrahimus
1438 532 1484 552 aut
1502 526 1671 555 diducimusz
1696 529 1833 564 multaque

1043 562 1157 589 facimus
1169 571 1254 597 usque
1265 571 1308 593 eo,
1331 563 1396 588 dum
1407 569 1530 597 aspectus
1543 565 1599 599 ipse
1611 565 1690 591 tidem
1704 565 1780 592 iaciat
1791 566 1833 592 sui

1043 600 1147 626 iudicii.
1188 600 1264 631 Quod
1277 599 1346 626 idem
1360 600 1388 626 lit
1401 601 1426 626 in
1439 601 1559 628 vocibus.
1573 603 1599 628 in
1611 602 1698 632 odore,
1718 603 1743 628 in
1756 611 1834 638 sapo-

1042 646 1083 663 re:
1097 642 1125 663 ut
1136 645 1214 663 nemo
1225 638 1259 663 sit
1270 642 1399 667 nostrum,
1413 638 1460 672 qui
1472 639 1498 664 in
1510 639 1636 665 sensibus
1647 641 1689 665 sui
1701 641 1834 675 cuiusque

1041 675 1148 709 generis
1164 674 1295 701 iudicium
1311 676 1429 709 requirat
1443 676 1541 701 acrius.
1581 678 1622 702 20.
1645 677 1770 703 Adhibita
1787 686 1833 703 ve-

1043 720 1070 737 ro
1088 712 1276 738 exercitatione
1292 716 1317 738 et
1332 716 1399 741 arte,
1422 717 1451 738 ut
1470 712 1541 738 oculi
1560 714 1661 747 pictura
1684 719 1831 745 tencantur,

1042 757 1119 775 aures
1130 749 1268 777 cantibus,
1285 750 1348 784 quis
1363 754 1416 778 cst,
1434 750 1500 784 quin
1513 756 1614 779 cernat,
1631 756 1729 786 quanta
1747 752 1787 777 vis
1799 752 1834 778 sit

1042 786 1068 812 in
1081 786 1224 812 sensibus?
1234 788 1319 817 Quam
1331 786 1412 812 multa
1426 786 1517 813 vident
1529 788 1642 821 pictores
1655 789 1680 814 in
1693 788 1797 814 umbris
1808 793 1835 814 et

1042 823 1068 849 in
1084 824 1242 853 eminentia,
1260 832 1328 858 quae
1345 832 1392 849 nos
1409 832 1459 850 non
1480 824 1617 850 videmus!
1640 834 1721 860 quam
1739 826 1831 855 multa,

1041 869 1109 895 quae
1125 870 1172 887 nos
1189 860 1296 896 lugiunt
1312 861 1338 886 in
1359 866 1452 890 cantu,
1474 861 1623 888 exaudiunt
1644 863 1670 888 in
1687 871 1717 888 eo
1735 871 1832 895 genere

1041 898 1190 924 exercitati!
1209 898 1256 932 qui
1274 898 1359 932 primo
1375 897 1466 923 inssatu
1483 898 1603 925 tibicinis
1618 896 1758 934 Antiopam
1773 907 1834 926 esse

1041 936 1124 965 aiunt,
1139 934 1411 964 autAndromacham,
1424 943 1508 969 quum
1521 935 1547 961 id
1559 945 1607 962 nos
1619 945 1650 962 ne
1663 937 1833 971 suspicemur

1040 972 1161 1006 quidem.
1203 972 1275 998 Nihil
1293 980 1400 998 necesse
1415 977 1455 998 est
1470 972 1502 998 de
1513 978 1620 1008 gustatu
1636 978 1661 1000 et
1671 973 1779 1000 odoratu
1794 973 1832 1000 lo-

1040 1010 1101 1043 qui;
1117 1010 1143 1036 in
1155 1009 1256 1044 quibus
1268 1009 1454 1044 intelligentia,
1468 1011 1516 1036 etsi
1530 1010 1634 1040 vitiosa,
1647 1015 1687 1036 est
1698 1010 1831 1045 quaedam

1041 1051 1138 1072 tamen.
1178 1046 1249 1078 Quid
1260 1046 1293 1072 de
1306 1051 1388 1077 tactu,
1405 1052 1430 1073 et
1440 1055 1471 1073 eo
1481 1047 1605 1081 quidem,
1619 1056 1699 1082 quem
1712 1048 1832 1082 philoso—

1040 1083 1086 1118 phi
1100 1084 1250 1110 interiorcm
1264 1088 1370 1113 vocant,
1389 1089 1434 1110 aut
1449 1084 1548 1110 doloris
1560 1090 1604 1110 aut
1616 1084 1778 1119 voluptatis?
1793 1086 1831 1118 (in

1039 1129 1093 1155 quo
1109 1120 1248 1156 Cyrenaici
1264 1120 1320 1147 solo
1341 1125 1435 1155 putant
1453 1122 1508 1147 veri
1524 1130 1582 1148 esse
1599 1122 1744 1151 iudicium,
1767 1123 1831 1157 quia

1039 1158 1190 1192 sentiatur.)
1228 1159 1269 1184 ΞΗ.
1291 1158 1411 1184 Potestne
1424 1159 1505 1193 igitur
1515 1159 1659 1193 quisquam
1671 1159 1773 1186 dicere.
1790 1160 1832 1186 in-

1040 1199 1079 1221 ter
1089 1203 1160 1224 eum,
1174 1195 1221 1229 qui
1232 1194 1328 1224 doleat,
1342 1199 1367 1221 et
1378 1196 1446 1221 inter
1457 1204 1528 1224 eum,
1541 1196 1589 1230 qui
1602 1197 1628 1222 in
1641 1196 1774 1230 voluptate
1786 1197 1830 1227 sit,

1040 1231 1107 1258 nihil
1120 1231 1266 1258 interesse?
1285 1237 1343 1262 aut,
1361 1233 1396 1258 ita
1412 1233 1459 1266 qui
1471 1233 1579 1264 sentiat,
1597 1242 1648 1259 non
1663 1234 1832 1268 apertissime

1040 1269 1172 1295 insaniat?
1186 1269 1267 1304 Atqui
1283 1269 1372 1304 qualia
1384 1274 1447 1296 sunt
1458 1269 1536 1300 haec,
1553 1278 1622 1304 quae
1633 1270 1759 1296 sensibus
1771 1278 1832 1304 per-

1039 1307 1093 1341 cipi
1105 1306 1235 1337 dicimus,
1252 1306 1313 1333 talia
1326 1312 1478 1342 sequuntur
1493 1315 1536 1337 ea,
1553 1315 1622 1342 quae
1637 1316 1689 1334 non
1704 1308 1831 1333 sensibus

1039 1345 1107 1378 ipsis
1118 1344 1221 1378 percipi
1232 1343 1368 1374 dicuntur,
1377 1343 1424 1370 sed
1430 1343 1547 1379 quodam
1559 1344 1637 1371 modo
1647 1344 1787 1371 sensibus:
1801 1349 1832 1371 ut

1039 1381 1118 1407 haec:
1135 1380 1202 1407 illud
1214 1386 1253 1407 est
1264 1380 1369 1411 album,
1386 1381 1436 1408 hoc
1446 1381 1538 1411 dulce,
1551 1390 1678 1408 canorum
1691 1381 1768 1411 illud.
1781 1381 1832 1409 hoc

1039 1418 1106 1445 bene
1117 1418 1205 1449 olens,
1223 1418 1273 1444 hoc
1284 1426 1419 1453 asperum.
1459 1419 1556 1445 Animo
1567 1419 1621 1446 iam
1633 1419 1697 1446 baec
1709 1425 1831 1447 tenemus

1037 1456 1239 1490 comprehensa,
1253 1464 1305 1482 non
1317 1456 1453 1482 sensibus.
1488 1455 1533 1483 llle
1544 1455 1672 1492 deinceps
1682 1465 1769 1492 equus
1780 1462 1829 1487 est,

1038 1492 1083 1519 ille
1095 1493 1179 1519 canis.
1220 1492 1310 1519 Cetera
1321 1493 1403 1519 series
1415 1492 1512 1520 deinde
1524 1495 1660 1529 sequitur,
1673 1495 1772 1521 maiora
1784 1502 1832 1520 ne-

1037 1535 1125 1561 ctens,
1143 1534 1173 1556 ut
1188 1529 1266 1560 haec,
1283 1538 1352 1565 quae
1368 1531 1446 1565 quasi
1462 1530 1595 1565 expletam
1610 1540 1699 1558 rerum
1709 1539 1832 1566 compre-

1038 1567 1196 1594 hensionem
1214 1566 1425 1602 amplectuntur,
1448 1567 1478 1594 Si
1498 1568 1577 1595 homo
1597 1573 1650 1599 est,
1673 1568 1771 1595 animal
1791 1572 1832 1594 est

1038 1604 1156 1635 mortale,
1169 1605 1280 1631 rationis
1291 1605 1434 1639 particeps.
1468 1604 1526 1637 Quo
1537 1613 1551 1632 e
1561 1614 1659 1641 genere
1671 1605 1749 1632 nobis
1761 1606 1831 1631 noti-

1037 1642 1089 1668 tiae
1109 1650 1199 1668 rerum
1220 1642 1426 1676 imprimuntur3
1449 1642 1508 1668 sine
1528 1643 1630 1677 quibus
1650 1651 1698 1669 nec
1714 1641 1830 1677 intelligi

1037 1678 1196 1713 quidquam,
1208 1687 1256 1705 nec
1267 1679 1360 1713 quaeri
1371 1683 1417 1705 aut
1427 1678 1559 1714 disputari
1570 1684 1664 1714 potest.
1696 1681 1737 1705 22.
1752 1678 1831 1711 Quod

1037 1716 1060 1742 si
1071 1720 1162 1742 essent
1173 1714 1254 1741 falsae
1261 1715 1561 1750 notitiaest'rvolaqenim
1574 1717 1681 1742 notitias
1692 1716 1829 1751 appellare

1038 1758 1064 1779 tu
1078 1752 1224 1787 videbare),
1241 1753 1265 1778 si
1277 1753 1360 1788 igitur
1370 1757 1459 1778 essent
1473 1752 1521 1778 bae
1538 1752 1619 1779 falsae
1635 1758 1681 1780 aut
1695 1752 1830 1780 eiusmodi

1038 1791 1104 1816 visis
1115 1790 1262 1824 impressae
1270 1810 1276 1819 ,
1293 1788 1382 1824 qualia
1394 1790 1452 1815 visa
1463 1798 1476 1815 a
1488 1789 1563 1816 falsis
1574 1790 1692 1817 discerni
1703 1799 1755 1817 non
1767 1799 1830 1825 pos-

1037 1832 1108 1859 seut;
1126 1835 1180 1862 quo
1190 1826 1298 1853 tandem
1310 1826 1354 1853 his
1364 1826 1443 1853 modo
1454 1827 1607 1853 uteremur?
1626 1836 1680 1862 quo
1692 1827 1770 1854 modo
1781 1836 1830 1854 au-

1037 1869 1099 1895 tem,
1112 1864 1179 1899 quid
1190 1864 1288 1898 cuique
1300 1864 1338 1890 rei
1349 1868 1557 1890 consentaneum
1568 1869 1651 1895 esset,
1669 1864 1735 1900 quid
1748 1873 1831 1900 repu-

1036 1906 1138 1937 gnaret,
1147 1900 1319 1927 videremus?
1329 1901 1471 1928 Memoriae
1482 1901 1593 1936 quidem
1604 1906 1683 1932 certe,
1696 1910 1765 1937 quae
1776 1910 1828 1928 non

1037 1938 1115 1966 modo
1124 1938 1333 1973 philosophiam,
1342 1938 1390 1964 sed
1400 1939 1488 1965 omnis
1499 1939 1570 1965 vitae
1580 1947 1647 1965 usus
1658 1938 1670 1951 *
1681 1946 1829 1974 omnesque

1036 1981 1104 2003 artes
1117 1984 1169 2002 una
1180 1976 1297 2002 maxime
1308 1976 1433 2004 continet.
1442 1975 1625 2003 nihilomnino
1637 1975 1687 2002 loci
1697 1975 1830 2011 relinqui—

1036 2018 1088 2040 tur.
1128 2012 1203 2045 Quae
1218 2017 1305 2047 potest
1319 2014 1392 2039 enim
1407 2021 1466 2039 esse
1481 2014 1609 2040 memoria
1623 2012 1770 2040 salsorum?
1783 2017 1829 2040 aut

1035 2050 1102 2085 quid
1113 2051 1259 2085 quisquam
1271 2051 1402 2080 meminit,
1410 2050 1541 2085 quodnon
1551 2051 1641 2077 animo
1651 2050 1830 2085 comprehen-

1036 2088 1111 2114 ditet
1122 2086 1210 2114 tenet?
1228 2087 1278 2113 Ars
1289 2095 1351 2114 vero
1361 2095 1429 2122 quae
1440 2092 1527 2122 potest
1536 2095 1608 2118 esse,
1626 2088 1679 2114 nisi
1694 2095 1763 2123 quae
1774 2096 1827 2114 non

1035 2133 1069 2151 ex
1080 2133 1133 2151 una
1144 2129 1190 2151 aut
1199 2124 1306 2150 duabus
1314 2145 1320 2155 ,
1341 2124 1389 2150 sed
1403 2133 1438 2150 ex
1447 2124 1540 2151 multis
1551 2125 1634 2151 animi
1648 2124 1828 2159 perceptioni-

1036 2162 1087 2188 bus
1097 2161 1217 2188 constat‘?
1227 2161 1312 2193 Quam
1323 2162 1347 2188 si
1358 2161 1533 2192 subtraxeris,
1541 2162 1590 2196 qui
1600 2161 1751 2197 distingues
1762 2162 1828 2188 arti-

1036 2199 1113 2225 ficem
1124 2199 1158 2225 ab
1169 2198 1272 2225 inscio?
1287 2199 1344 2225 Non
1355 2199 1428 2225 enim
1440 2198 1548 2225 fortuito
1559 2199 1631 2225 huuc
1641 2198 1768 2225 artificem
1783 2197 1827 2224 di-

1035 2244 1201 2266 cemusesse,
1210 2235 1287 2262 illum
1295 2235 1469 2271 negabimus:
1481 2235 1537 2266 sed.
1545 2244 1631 2270 quum
1641 2235 1753 2262 alterum
1764 2243 1827 2270 per—

1035 2278 1110 2308 cepta
1130 2277 1156 2299 et
1169 2272 1362 2307 comprehensa
1377 2277 1467 2299 tenere
1485 2273 1622 2303 videmus,
1643 2271 1756 2299 alterum
1772 2280 1824 2299 non

1035 2311 1109 2337 item.
1149 2309 1293 2345 Quumque
1305 2311 1401 2336 artium
1413 2309 1487 2336 aliud
1499 2309 1632 2336 eiusmodi
1642 2317 1728 2345 genus
1738 2309 1782 2337 sit.
1796 2314 1826 2336 ut

1035 2346 1219 2373 tantummodo
1230 2348 1320 2374 animo
1330 2355 1386 2373 rem
1397 2351 1500 2373 cernat:
1513 2346 1596 2377 aliud,
1605 2345 1765 2372 utmoliatur
1775 2345 1826 2372 ali-

1034 2383 1102 2419 quid
1116 2389 1142 2411 et
1161 2383 1253 2411 faciat:
1275 2384 1411 2419 quomodo
1433 2389 1479 2410 aut
1500 2388 1648 2419 geometres
1666 2391 1775 2409 cernere
1793 2391 1826 2409 ea

1035 2426 1134 2456 potest,
1155 2429 1224 2456 quae
1235 2426 1281 2448 aut
1291 2421 1365 2447 nulla
1376 2426 1439 2448 sunt
1449 2426 1495 2447 aut
1505 2420 1648 2447 internosci
1659 2429 1673 2446 a
1685 2419 1759 2446 falsis
1771 2428 1824 2446 non

1034 2463 1160 2493 possunt:
1173 2463 1220 2485 aut
1229 2459 1261 2487 is,
1274 2459 1322 2493 qui
1333 2458 1433 2485 [idibus
1444 2458 1536 2488 utitur,
1544 2456 1651 2491 explere
1662 2465 1787 2483 numeros
1798 2462 1825 2484 et

1033 2495 1162 2521 conficere
1173 2494 1286 2522 versus?
1304 2494 1382 2527 Quod
1393 2495 1465 2522 idem
1475 2495 1503 2520 in
1513 2494 1651 2520 similibus
1661 2502 1769 2529 quoque
1780 2503 1824 2520 ar-

1034 2533 1107 2559 tibus
1125 2533 1273 2568 contingen
1290 2540 1405 2567 quarum
1422 2539 1501 2558 omne
1519 2539 1588 2565 opus
1602 2535 1643 2557 est
1657 2531 1684 2557 in
1700 2530 1823 2557 faciendo

1033 2575 1113 2604 atque
1124 2569 1238 2605 agendo.
1270 2568 1340 2601 Quid
1351 2570 1423 2595 enim
1434 2573 1482 2597 est,
1495 2567 1567 2602 quod
1578 2572 1632 2594 arte
1644 2567 1715 2594 effici
1725 2568 1819 2603 possit,

1033 2607 1086 2633 nisi
1096 2607 1128 2637 is.
1142 2607 1189 2642 qui
1199 2611 1282 2633 artem
1292 2605 1422 2636 tractabit,
1436 2604 1518 2632 multa
1529 2604 1695 2639 perceperit?

1086 2643 1153 2670 vm.
1175 2645 1217 2670 23.
1237 2644 1353 2670 Maxime
1368 2650 1431 2670 vero
1445 2643 1575 2668 virtutum
1589 2642 1707 2678 cognitio
1724 2640 1825 2669 confir-
