1941 3052
307 100 639 127 EPISTOLARUM
672 99 725 125 AD
757 98 987 125 DIVERSOS
1018 99 1098 125 LIB.
1120 99 1201 125 VIII.
1233 99 1293 125 ΕΡ.
1316 100 1431 125 3-8.

47 172 114 200 nihil
132 178 185 199 tam
200 176 271 198 esset
284 171 443 206 optandum.
483 171 560 197 Nunc
579 171 603 196 si
618 170 732 197 Parthus
753 174 842 196 movet

46 210 160 246 aliquid,
169 210 233 240 scio,
242 217 294 235 non
306 209 468 235 mediocrem
479 208 533 234 fore
544 208 751 235 contentionem.
766 208 840 233 Tuus

46 257 124 283 porro
139 247 272 273 exercitus
288 247 336 272 vix
347 255 432 272 unum
443 245 542 272 saltum
552 246 621 285 tueri
632 249 728 280 potest.
769 245 841 270 Hanc

46 290 135 312 autem
151 292 230 310 nemo
240 283 316 310 ducit
326 284 470 309 rationem:
493 283 541 309 sed
552 283 641 309 omnia
653 282 841 308 desiderantur

46 323 79 349 ab
96 331 139 353 eo,
158 321 305 356 (tamquam
322 320 391 346 nihil
406 320 568 355 denegatum
579 320 614 346 sit
624 320 662 351 ei,
681 328 734 354 quo
750 319 841 345 minus

45 368 127 394 quam
143 358 331 394 paratissimus
347 358 438 392 esset,)
453 358 501 392 qui
516 357 627 392 publico
642 357 748 392 negotio
764 364 842 391 prae-

46 397 150 432 positus
161 400 210 422 est.
250 397 276 422 2.
299 395 408 422 Accedit
419 395 486 426 hue,
504 394 577 429 quod
588 395 787 420 successionem
799 393 842 419 fu-

45 439 147 464 turam,
164 437 272 468 propter
282 432 432 459 Galliarum
442 432 665 463 controversiam,
684 440 736 457 non
751 431 840 457 video.

45 471 163 498 Tametsi
175 470 225 496 hac
235 470 268 496 de
280 479 307 496 re
319 474 384 504 puto
395 474 419 496 te
431 470 620 500 constitutum,
638 468 705 503 quid
722 468 841 494 facturus

46 517 133 539 esses,
156 507 269 534 habere:
297 512 384 534 tamen
393 528 399 538 ,
426 515 481 541 quo
501 506 633 532 maturius
654 506 839 536 constitueres,

45 554 132 581 quum
143 545 216 571 hunc
227 549 354 571 eventum
365 544 550 579 providebam,
560 544 650 569 visum
661 547 709 574 est,
726 547 755 569 ut
766 546 790 568 te
803 541 842 568 sa-

45 591 134 610 cerem
145 583 295 609 certiorem.
335 582 409 608 Nosti
420 582 492 607 enim
504 581 570 607 haec
580 580 719 607 tralatitia:
732 580 765 605 de
777 579 842 606 Gal-

46 620 92 647 liis
112 620 302 646 constituetur.-
325 619 388 649 erit,
411 619 459 652 qui
469 617 628 644 intercedat:
652 617 750 643 deinde
771 616 841 643 alius

46 658 166 688 exsistet,
181 657 242 692 qui,
259 657 313 682 nisi
325 656 408 682 libere
421 655 499 681 liceat
509 655 542 681 de
553 654 681 681 omnibus
692 654 841 689 provinciis

45 695 190 722 decernere
201 694 314 724 senatui,
328 692 446 727 reliquas
458 691 597 727 impediat.
629 692 673 717 Sic
684 691 799 717 multum
811 699 842 717 ac

46 732 95 759 diu
111 731 231 762 ludetur,
255 735 334 765 atque
348 730 384 756 ita
400 729 461 760 diu,
479 733 509 756 ut
522 729 585 764 plus
601 729 743 755 biennium
758 729 786 754 in
798 728 841 754 his

46 770 121 796 tricis
137 772 263 795 moretur.
303 769 328 794 3,
349 766 455 801 Siquid
470 767 533 793 novi
548 766 582 792 de
598 766 751 801 republica,
768 765 842 800 quod

46 807 97 834 tibi
111 806 270 836 scriberem,
288 804 429 835 haberem,
446 812 513 830 usus
525 812 613 830 essem
627 812 685 830 mea
696 808 842 829 consuetu-

46 844 119 874 dine.
133 848 162 870 ut
172 842 328 878 diligenter,
341 841 444 876 etquid
456 845 544 867 actum
556 845 640 872 esset,
653 841 755 875 etquid
767 849 800 866 ex
811 848 842 866 co

46 880 168 908 futurum
179 887 323 914 sperarem,
339 878 545 914 perscriberem.
585 878 653 905 Sane
665 883 801 913 tamquam
814 878 841 903 in

46 918 163 953 quodam
184 916 261 943 incili
281 916 335 942 iam
355 916 445 942 omnia
466 915 655 942 adhaeserunt.
699 915 841 942 Marcellus

46 955 119 982 idem
131 954 199 981 illud
209 954 242 980 de
253 954 402 989 provinciis
412 958 502 989 urget:
516 962 604 988 neque
615 953 703 980 adhuc
715 952 842 987 frequen-

46 997 100 1020 tem
111 997 233 1019 senatum
245 991 350 1018 efficere
361 991 457 1026 potuit.
497 990 574 1023 Quod
585 991 607 1017 si
619 999 688 1017 anno
699 991 841 1026 praeterito

46 1030 127 1057 Curio
138 1029 273 1060 tribunus,
282 1033 308 1055 et
317 1028 411 1055 eadem
422 1029 490 1054 actio
500 1028 534 1054 de
544 1029 693 1063 provinciis
704 1028 839 1054 introibit:

46 1076 128 1102 quam
144 1066 222 1094 facile
237 1074 309 1093 nunc
325 1067 360 1092 sit
374 1066 465 1092 omnia
483 1065 629 1100 impedire,
653 1070 679 1092 et
693 1074 776 1100 quam
792 1065 842 1091 hoc

46 1104 166 1136 Caesari,
184 1105 233 1140 qui
247 1112 297 1130 sua
311 1112 406 1130 caussa
417 1103 613 1138 rempublicam
626 1111 677 1130 non
689 1107 777 1135 curet,
795 1111 843 1129 su-

46 1146 129 1178 peret,
143 1150 196 1169 non
208 1146 233 1169 te
245 1141 323 1168 fallit.

99 1215 138 1236 Vl.
157 1215 234 1235 ARG.
251 1214 341 1235 Caelius
353 1214 450 1241 Appium
465 1221 478 1234 a
492 1213 612 1235 Dolabella
625 1216 750 1234 accusatum
771 1212 841 1233 maxi-

46 1256 101 1271 mnm
116 1256 176 1277 spem
186 1249 209 1269 in
220 1249 326 1270 Cicerone
337 1250 428 1274 babere,
444 1249 471 1270 ile
485 1248 595 1269 affinitate
605 1255 652 1269 cum
663 1248 782 1269 Dolabella
791 1248 841 1268 iun-

46 1285 124 1310 gemla,
134 1285 161 1305 de
171 1284 284 1311 republica
295 1284 381 1305 lcribit.
409 1286 496 1309 (Romae,
506 1286 581 1306 Paullo,
590 1286 683 1304 Marcello
694 1292 740 1303 coss-
752 1287 807 1307 70⁴.)

228 1328 396 1356 CAELIUS
420 1328 608 1356 CICERONI
632 1328 659 1356 S.

104 1369 128 1393 1.
149 1361 214 1393 Νοιι
229 1366 338 1398 dubito,
356 1367 423 1402 quin
433 1366 566 1401 perlatum
578 1366 610 1393 ad
623 1371 647 1393 te
660 1366 708 1396 sit.
722 1365 841 1400 Appium

46 1412 60 1432 a
71 1403 207 1431 Dolabella
219 1412 295 1430 reum
306 1403 407 1430 factum
420 1413 425 1430 t
442 1412 590 1439 sanequam
602 1413 654 1430 non
665 1412 705 1433 ea,
718 1411 771 1437 qua
783 1403 843 1429 exi—

45 1443 232 1473 stimaveram,
255 1441 369 1468 invidia.
409 1441 503 1476 Neque
523 1442 596 1467 enim
619 1440 700 1468 stulte
719 1440 840 1475 Appius:

45 1480 103 1515 qui,
116 1478 198 1506 simul
210 1483 290 1514 atque
300 1478 437 1505 Dolabella
447 1479 561 1505 accessit
571 1478 604 1504 ad
616 1477 742 1508 tribunal,
760 1478 844 1504 intro-

45 1517 113 1543 ierat
122 1516 265 1547 inUrbem,
279 1516 465 1551 triumphique
477 1515 685 1551 postulationem
698 1515 841 1541 abiecerat.

44 1553 105 1587 Quo
125 1553 193 1580 facto
213 1553 313 1580 retudit
330 1562 481 1585 sermones,
502 1554 674 1588 paratiorque
694 1553 771 1578 visus
792 1556 840 1582 est,

46 1600 128 1627 quam
138 1595 293 1626 speraverat
303 1595 450 1617 accusator.
490 1591 515 1617 Is
531 1599 603 1617 nunc
620 1591 647 1617 in
660 1595 684 1617 te
696 1590 842 1616 maximam

46 1637 123 1664 spem
142 1628 233 1655 habet.
273 1627 333 1655 Scio
353 1628 403 1655 tibi
422 1636 485 1654 eum
501 1636 554 1654 non
569 1636 629 1654 esse
644 1627 716 1655 odio.
756 1626 842 1659 Quam

45 1665 114 1693 velis
125 1674 187 1693 eum
196 1665 330 1702 obligare,
353 1666 381 1692 in
392 1670 437 1692 tua
448 1674 530 1692 manu
541 1670 594 1692 est:
607 1674 670 1692 cum
681 1673 735 1701 quo
745 1664 844 1690 simul-

45 1707 85 1731 tas
100 1704 125 1730 si
141 1703 190 1730 tibi
206 1712 258 1730 non
275 1702 384 1735 fuisset,
408 1702 521 1729 liberius
536 1703 587 1730 tibi
603 1703 636 1729 de
651 1707 703 1730 tota
720 1710 747 1729 re
761 1706 841 1728 esset.

45 1741 123 1768 Nunc
138 1741 161 1767 si
177 1740 210 1767 ad
226 1740 301 1767 illam
316 1749 451 1767 summam
467 1741 606 1767 veritatem
628 1740 781 1776 legitimum
800 1740 842 1765 ius

45 1778 182 1814 exegeris:
195 1777 346 1805 cavendum
360 1778 410 1804 tibi
421 1778 480 1809 erit,
493 1786 526 1804 ne
538 1786 634 1812 parum
646 1777 807 1813 simpliciter
817 1781 844 1803 et

45 1815 160 1843 candide
175 1816 299 1850 posuisse
315 1815 472 1842 inimicitias
488 1815 618 1842 videaris.
658 1816 687 1842 ln
699 1816 769 1842 hanc
780 1823 843 1849 par-

44 1857 99 1880 tem
110 1861 187 1888 porro
199 1856 286 1879 tutum
298 1853 348 1879 tibi
359 1853 418 1884 erit,
431 1853 455 1879 si
466 1852 532 1888 quid
544 1852 672 1884 volueris,
686 1852 840 1889 gratificari.

45 1891 130 1918 Nemo
141 1890 213 1916 enim
225 1889 425 1916 necessitudine
435 1894 461 1916 et
475 1890 593 1916 amicitia
604 1894 629 1916 te
639 1890 798 1917 deterritum
808 1890 842 1916 ab

45 1927 135 1955 officio
145 1926 226 1953 dicet.
265 1928 290 1953 2.
313 1926 382 1953 Illud
394 1927 463 1954 mihi
474 1928 604 1958 occurrit,
617 1927 700 1962 quod,
714 1928 783 1955 inter
794 1935 843 1962 po-

46 1964 218 1992 stulationem
234 1968 260 1991 et
274 1964 392 1990 nominis
408 1964 584 1995 delationem.
602 1973 670 1991 uxor
680 1974 694 1991 a
706 1964 842 1991 Dolabella

45 2002 181 2029 discessit.
222 2001 292 2033 Quid
310 2001 378 2027 mibi
389 2000 531 2027 discedens
544 2001 694 2033 mandaris,
712 2002 839 2031 memini:

45 2039 113 2076 quid
124 2047 174 2074 ego
186 2038 235 2065 tibi
247 2038 411 2073 scripserim,
420 2043 445 2065 te
457 2047 508 2065 non
515 2038 630 2065 arbitror
639 2039 766 2066 oblitum.
783 2039 841 2065 Non

45 2081 86 2104 est
101 2077 155 2103 iam
171 2081 277 2111 tempus
289 2075 365 2110 plura
377 2075 513 2102 narrandi.
554 2076 642 2102 Unum
655 2076 723 2103 illud
734 2084 842 2103 monere

46 2119 71 2142 te
84 2122 210 2149 possum:
223 2113 246 2139 si
259 2121 300 2139 res
313 2113 362 2139 tibi
375 2122 425 2139 non
437 2112 603 2148 displicebit,
612 2118 700 2141 tamen
714 2114 762 2140 hoc
774 2118 843 2140 tem-

46 2159 110 2187 pore
129 2150 198 2177 nibil
218 2151 251 2177 de
271 2154 316 2177 tua
337 2150 473 2177 voluntate
487 2150 627 2182 ostendas.
650 2156 676 2178 et
691 2155 839 2186 exspectes,

46 2188 276 2224 quemadmodum
291 2192 368 2214 exeat
383 2196 417 2214 ex
432 2187 482 2214 hac
492 2195 601 2215 caussa:
615 2197 648 2214 ne
658 2197 711 2224 qua
724 2188 843 2215 invidio-

46 2234 107 2253 sum
123 2226 172 2253 tibi
184 2226 232 2257 sit,
249 2225 273 2251 si
285 2225 424 2252 emanarit.
464 2225 558 2256 Porro,
575 2226 737 2261 significatio
753 2225 806 2253 ulla
818 2226 842 2252 si

46 2263 239 2294 intercesserit,
253 2262 353 2288 clarius
362 2283 368 2293 ,
381 2270 464 2297 quam
474 2262 566 2289 deceat
577 2267 622 2289 aut
632 2263 771 2298 expediat,
786 2263 840 2289 liat.

46 2300 139 2336 Neque
151 2300 196 2327 ille
208 2305 294 2327 tacere
305 2308 364 2326 eam
376 2308 432 2326 rem
443 2299 549 2334 poterit.
562 2308 631 2335 quae
642 2309 707 2327 suae
717 2301 776 2335 spei
789 2306 842 2328 tam

47 2341 195 2373 opportuna
210 2337 351 2369 acciderit,
368 2345 493 2372 quaeque
511 2337 538 2363 in
554 2338 662 2372 negotio
676 2337 842 2365 conficiendo

47 2378 118 2402 tanto
133 2374 263 2401 illustrior
274 2375 337 2401 erit:
360 2383 446 2409 quum
462 2375 619 2409 praesertim
636 2375 659 2400 is
671 2375 719 2406 sit,
737 2376 800 2410 qui,
818 2375 842 2400 si

47 2412 229 2447 perniciosum
240 2412 321 2438 sciret
331 2420 399 2442 esse,
413 2411 486 2446 loqui
499 2411 532 2437 de
544 2411 593 2437 hac
605 2420 641 2442 re,
655 2412 702 2438 vix
714 2416 801 2439 tamen
814 2420 842 2437 so

47 2449 202 2476 contineret.
242 2451 266 2476 3.
287 2449 431 2483 Pompeius
443 2449 543 2475 dicitur
554 2448 632 2475 valde
644 2457 691 2483 pro
706 2449 792 2484 Appio
805 2449 843 2475 la-

47 2484 154 2518 borare,
172 2490 202 2513 ut
216 2487 298 2513 etiam
313 2490 408 2521 putent
424 2486 537 2512 alterum
553 2491 644 2512 utrum
654 2485 761 2512 delitiis
773 2487 805 2513 nd
819 2491 842 2512 te

47 2522 205 2550 missurum.
245 2524 294 2550 Hic
309 2532 358 2550 nos
373 2532 467 2550 omnes
482 2523 665 2550 absolvimus:
688 2528 713 2550 ct
734 2523 842 2550 hercule

47 2564 171 2596 consepta
181 2561 285 2592 omnia.
302 2560 393 2592 foeda,
410 2564 436 2587 ot
446 2560 586 2587 inhonesta
598 2564 671 2588 sunt.
711 2561 843 2588 Consules

47 2600 136 2624 autem
156 2597 288 2625 habemus
307 2606 414 2625 summa
433 2597 589 2633 diligentia:
611 2597 700 2625 adhuc
718 2603 843 2625 senatus-

47 2633 209 2667 consultum,
220 2635 274 2662 nisi
284 2635 317 2662 de
327 2635 402 2662 feriis
408 2635 520 2667 Latinis,
533 2634 639 2662 nullum
650 2634 736 2662 facere
748 2640 842 2672 potue—

1637 100 1685 125 7¹9

893 174 964 196 runt.
1005 170 1115 196 Curioni
1126 175 1214 196 nostro
1226 170 1379 196 tribunatus
1390 168 1548 204 conglaciat.
1589 170 1612 195 4.
1635 169 1687 195 Sed

892 207 947 233 dici
962 216 1014 233 non
1030 212 1130 242 potest,
1152 207 1286 241 quomodo
1302 207 1346 233 hic
1364 207 1454 233 onmia
1476 207 1587 233 iaceant.
1627 207 1687 232 Nisi

893 253 942 280 ego
959 253 1020 270 cum
1036 245 1195 271 tabernariis
1210 250 1235 271 et
1249 245 1368 279 aquariis
1380 252 1542 279 pugnarem,
1561 248 1688 270 veternus

892 282 1029 308 civitatem
1039 287 1206 316 occupasset.
1248 282 1276 308 Si
1287 282 1378 308 Parthi
1390 290 1437 308 vos
1450 281 1518 308 nibil
1530 280 1685 311 calfaciunt,

894 328 940 345 nos
953 319 997 345 hic
1014 319 1111 354 frigore
1128 319 1310 354 frigescimus.
1352 320 1465 349 Tamen,
1483 327 1593 354 quoquo
1609 318 1688 344 modo

894 357 937 383 liic
953 357 1042 382 omnia
1058 357 1174 387 iaceant,
1196 357 1282 391 potuit
1298 357 1356 382 sine
1370 356 1485 382 Parthis.
1526 355 1640 382 Bibulus
1662 356 1688 381 in

893 395 995 420 Amano
1011 394 1101 420 nescio
1116 394 1183 428 quid
1199 393 1425 420 cohorticularum
1441 394 1541 420 amisit.
1582 394 1636 419 lloc
1649 393 1689 418 sic

894 432 1045 457 nuntiatum
1057 435 1106 457 est.
1137 432 1162 457 5.
1183 430 1260 463 Quod
1272 432 1320 457 tibi
1332 440 1412 465 supra
1425 431 1530 465 scripsi,
1545 430 1689 457 Curionem

894 468 971 494 valde
983 468 1093 503 friger03
1108 468 1162 494 iam
1173 468 1250 494 calet.
1290 469 1358 494 Nam
1370 468 1568 494 ferventissime
1580 476 1690 494 concer-

894 507 975 540 pitur.
1005 506 1155 532 Levissime
1166 506 1252 536 enim,
1267 507 1330 540 quia
1341 506 1373 531 de
1385 505 1566 532 intercalando
1577 514 1629 532 non
1640 505 1690 531 ob-

894 544 1022 572 tinuerat,
1036 542 1181 578 transfugit
1192 543 1224 569 ad
1236 543 1381 577 populum,
1396 548 1421 569 et
1432 552 1480 577 pro
1491 543 1602 569 Caesare
1615 542 1689 577 loqui

893 581 994 615 coepit:
1017 580 1159 615 legemque
1174 581 1301 611 viariam,
1323 589 1375 606 non
1391 580 1554 606 dissimilem
1570 581 1690 615 agrariae

894 618 980 648 Rulli,
993 623 1017 644 et
1028 618 1237 648 alimentariam,
1254 626 1322 652 quae
1335 618 1410 644 iubet
1422 617 1522 644 aediles
1535 618 1636 647 metiri,
1650 618 1690 643 ia-

894 656 984 681 ctavit.
1025 655 1079 681 Hoc
1094 655 1215 681 nondum
1230 654 1340 686 fecerat,
1362 664 1447 689 quum
1460 656 1576 689 priorem
1587 660 1689 689 partem

893 691 1021 727 epistolae
1031 693 1140 726 scripsi.
1179 692 1282 718 Amabo
1294 697 1328 723 te,
1341 692 1451 727 siquid,
1468 692 1540 726 quod
1551 701 1620 726 opus
1631 691 1690 718 fue-

894 731 940 759 rit,
958 730 1045 763 Appio
1058 729 1152 760 facies,
1169 730 1260 763 ponito
1276 730 1356 755 mein
1371 730 1466 765 gratia.
1507 730 1542 755 De
1554 728 1688 755 Dolabella

895 768 1029 802 integrum
1041 767 1091 792 tibi
1101 774 1236 797 reserves,
1253 766 1364 793 suadeo.
1404 767 1437 793 Et
1448 766 1512 792 huic
1523 767 1575 796 rei,
1592 766 1624 792 de
1636 775 1690 800 qua

894 804 1001 839 loquor,
1019 809 1044 830 et
1058 803 1185 839 dignitati
1201 808 1274 834 tuae,
1293 804 1491 838 aequitatisque
1507 804 1628 838 opinioni
1640 804 1690 829 hoc

893 843 928 868 ita
940 841 1026 867 facere
1037 841 1157 875 expedit.
1184 841 1272 876 Turpe
1284 841 1333 867 tibi
1347 842 1404 872 erit,
1418 841 1562 876 pantheras
1574 842 1690 867 Graecas

893 887 935 905 me
946 887 999 905 non
1011 879 1119 905 habere.

947 949 995 970 VH.
1011 949 1089 969 ARG.
1107 949 1141 968 De
1151 947 1209 968 bello
1219 947 1333 972 Parthico,
1344 948 1371 967 de
1381 947 1467 974 nuptiis
1474 947 1589 967 cornificii
1600 951 1621 968 et
1631 946 1691 967 filiae·

894 984 1021 1009 Orestillae,
1033 984 1059 1004 ile
1066 983 1161 1005 Paultae
1171 983 1276 1007 divortio.
1287 983 1314 1003 de
1324 982 1412 1003 Ocellae
1423 982 1548 1003 adulteriis.

1090 1021 1178 1045 (Romae,
1189 1021 1263 1042 Paullo,
1273 1020 1366 1038 Marcello
1377 1026 1422 1037 coss.
1435 1022 1489 1040 70⁴.)

1076 1064 1247 1092 CAELIUS
1272 1063 1461 1091 CICERONI
1486 1063 1512 1089 S.

950 1104 972 1129 l.
995 1098 1089 1134 Quam
1105 1104 1157 1129 cito
1173 1107 1201 1129 tn
1218 1102 1298 1128 istinc
1314 1102 1443 1128 decedere
1458 1101 1567 1136 cupias,
1585 1100 1688 1126 nescio:

894 1149 943 1175 ego
954 1141 1065 1175 quidem
1077 1149 1108 1167 eo
1120 1141 1216 1175 magis,
1224 1148 1279 1174 quo
1285 1139 1374 1166 adhuc
1386 1138 1493 1165 felicius
1504 1146 1559 1164 rem
1570 1137 1690 1173 gessisti.

894 1179 962 1205 Dum
974 1179 1034 1205 istic
1046 1178 1108 1209 eris,
1121 1178 1154 1204 de
1166 1177 1354 1204 belliParthici
1365 1176 1485 1212 periculo
1497 1175 1645 1204 cruciabor,
1659 1182 1692 1200 ne

894 1216 967 1242 bunc
982 1216 1069 1242 risum
1086 1224 1178 1242 meum
1194 1219 1282 1241 metus
1298 1214 1382 1249 aliqui
1394 1213 1541 1248 perturbet.
1582 1212 1692 1238 Brevio-

894 1262 936 1280 res
956 1253 1004 1280 has
1025 1252 1126 1279 litteras
1145 1253 1298 1287 properanti
1320 1251 1528 1286 publicanorum
1553 1249 1692 1276 tabellario

893 1291 984 1317 subito
999 1290 1075 1316 dedi:
1098 1295 1143 1316 tuo
1159 1289 1255 1315 liberto
1271 1289 1397 1324 pluribus
1409 1288 1500 1314 verbis
1510 1288 1624 1321 scriptas
1635 1287 1692 1321 pri-

893 1328 937 1355 (lie
949 1328 1086 1354 dederam.
1126 1329 1152 1353 2.
1173 1328 1225 1353 Res
1235 1332 1325 1353 autem
1341 1334 1425 1353 novae
1440 1325 1530 1351 nullae
1545 1332 1608 1350 sane
1621 1323 1692 1350 acci-

893 1366 999 1396 derunt,
1014 1365 1067 1391 nisi
1079 1365 1145 1391 haec
1155 1365 1198 1390 vis
1209 1364 1258 1390 tibi
1269 1364 1361 1394 scribi,
1375 1372 1444 1398 quae
1455 1367 1526 1389 certe
1538 1362 1589 1388 vis.
1628 1362 1692 1387 Cor-

895 1404 1002 1429 nificius
1023 1401 1180 1429 adolescens
1199 1401 1340 1428 Orestillae
1361 1401 1443 1426 filiam
1464 1400 1517 1426 sibi
1536 1398 1690 1433 despondit.

894 1440 987 1467 Paulla
998 1439 1116 1470 Valeria,
1135 1448 1209 1465 soror
1223 1439 1334 1469 Triarii,
1352 1438 1498 1464 divortium
1516 1437 1574 1463 sine
1585 1444 1690 1466 caussa,

894 1487 948 1513 quo
960 1478 1004 1503 die
1015 1478 1057 1504 vir
1067 1485 1081 1503 e
1092 1477 1232 1512 provincia
1243 1481 1373 1502 venturus
1385 1480 1448 1505 erat,
1463 1474 1535 1500 fecit.
1570 1474 1691 1508 Nuptura

895 1521 935 1542 est
945 1516 975 1542 D.
987 1516 1077 1541 Bruto.
1119 1513 1244 1540 Nondum
1260 1513 1396 1539 retulerat.
1438 1512 1518 1538 Multa
1537 1512 1564 1538 in
1580 1511 1629 1537 hoc
1644 1519 1693 1546 ge-

895 1561 957 1579 nere
978 1551 1163 1582 incredibilia,
1187 1556 1211 1577 te
1230 1551 1353 1581 absente,
1376 1549 1540 1576 acciderunt.
1581 1548 1692 1574 Servius

894 1590 984 1617 Ocella
998 1589 1100 1616 nemini
1112 1589 1292 1623 persuasisset
1302 1596 1330 1614 se
1343 1587 1485 1613 moechum
1497 1594 1565 1616 esse,
1579 1586 1632 1612 nisi
1645 1585 1693 1612 tri-

895 1628 948 1654 duo
959 1628 1002 1654 bis
1013 1626 1199 1661 deprehensus
1213 1630 1294 1652 esset.
1333 1625 1464 1657 Quaeres,
1483 1623 1548 1650 ubi‘?
1561 1623 1613 1649 Ubi
1631 1623 1693 1649 ber-

894 1665 954 1691 cule
966 1673 1015 1701 ego
1026 1665 1139 1691 minime
1150 1663 1260 1690 vellem.
1286 1662 1420 1697 Relinquo
1431 1661 1490 1692 tibi,
1503 1660 1575 1696 quod
1587 1660 1620 1686 ab
1631 1660 1692 1686 aliis

894 1711 1018 1738 quaeras.
1059 1702 1152 1736 Neque
1169 1701 1241 1727 enim
1257 1699 1384 1735 displicet
1399 1699 1481 1729 mihi,
1504 1699 1691 1733 imperatorem

894 1740 1017 1777 singulos
1028 1739 1187 1774 percontari,
1200 1746 1263 1764 cum
1274 1746 1326 1772 qua
1338 1737 1374 1763 sit
1384 1736 1484 1771 aliquis
1494 1735 1690 1770 deprehensus.

948 1809 1008 1831 Vlu.
1022 1809 1099 1830 ARG.
1115 1808 1148 1829 De
1158 1807 1258 1832 iudiciis,
1269 1807 1296 1827 de
1305 1808 1347 1828 SC.
1358 1810 1379 1827 et
1390 1806 1417 1826 ile
1427 1805 1474 1826 suis
1485 1806 1550 1826 rcbnu
1561 1805 1635 1825 refert.

1079 1846 1166 1867 (numne,
1181 1845 1278 1868 Sulpicio,
1292 1843 1384 1862 Marcello
1395 1849 1440 1860 con.
1453 1844 1507 1864 703.)

992 1891 1027 1917 M.
1049 1888 1219 1917 CAELIUS
1239 1887 1266 1914 S.
1288 1888 1318 1914 D.
1341 1887 1376 1913 M.
1399 1885 1598 1913 CICERONI.

953 1929 975 1955 l.
988 1924 1059 1959 Etsi,
1071 1927 1104 1953 de
1116 1925 1255 1961 republica
1267 1933 1336 1960 quae
1349 1924 1398 1951 tibi
1409 1924 1536 1953 scribam,
1549 1922 1642 1951 babeo,
1653 1927 1691 1948 ta-

895 1974 955 1992 men
967 1965 1050 1996 nihil,
1071 1964 1144 2000 quod
1160 1963 1247 1998 magis
1258 1962 1417 1997 gavisurum
1430 1965 1454 1988 te
1466 1966 1557 1995 putem
1566 1980 1572 1991 ,
1596 1959 1690 1989 liabeo,

894 2012 975 2038 quam
992 2003 1051 2029 hoc.
1091 2002 1177 2032 Scito,
1195 2001 1224 2027 C.
1242 1999 1432 2034 Sempronium
1448 1997 1562 2026 Rufum.
1580 1996 1689 2025 Rufum,

895 2040 946 2066 mel
963 2049 993 2066 ac
1007 2039 1119 2066 delicias
1135 2043 1208 2068 tuas.
1229 2037 1394 2064 calumniam
1412 2036 1529 2062 maximo
1541 2034 1637 2069 plausu
1650 2039 1692 2059 tu-

895 2078 968 2104 lisse.
1008 2077 1130 2109 Quaeris.
1144 2084 1197 2110 qua
1210 2075 1236 2101 in
1248 2074 1362 2101 caussa?
1381 2074 1416 2100 M.
1429 2073 1568 2101 Tuccium,
1582 2080 1692 2097 accusa-

895 2120 977 2142 torem
989 2123 1083 2144 suum,
1102 2118 1161 2148 post
1173 2112 1250 2138 ludos
1262 2113 1394 2138 Romanos
1406 2119 1481 2136 rcum
1495 2109 1552 2145 lege
1564 2108 1646 2135 Plotia
1658 2108 1691 2133 ‹le

895 2153 921 2178 vi
933 2151 1004 2182 fccit.
1019 2151 1068 2177 boc
1078 2150 1200 2179 consilio,
1213 2149 1285 2184 quod
1298 2148 1415 2177 videbat,
1428 2148 1452 2173 si
1463 2146 1691 2173 extraordinarius

895 2198 956 2215 reus
977 2196 1056 2214 nemo
1075 2187 1246 2217 accessisset,
1267 2186 1321 2212 sibi
1345 2185 1393 2211 boc
1408 2193 1478 2211 anno
1493 2192 1615 2210 caussam
1632 2190 1691 2208 esse

894 2225 1047 2252 dicendam.
1079 2224 1197 2250 Dubium
1210 2232 1287 2257 porro
1300 2222 1338 2248 illi
1352 2231 1403 2248 non
1414 2226 1477 2251 crat,
1491 2221 1557 2256 quid
1570 2220 1690 2246 futurum

894 2268 974 2289 esset.
991 2262 1098 2289 Nemini
1110 2261 1159 2287 boc
1169 2260 1273 2286 deferre
1285 2258 1479 2285 munusculum
1492 2258 1594 2286 maluit,
1609 2265 1690 2291 «luam

894 2309 944 2327 suo
955 2299 1113 2326 accusatori.
1145 2299 1235 2332 ltaque
1247 2297 1305 2323 sine
1317 2296 1373 2322 ullo
1384 2296 1566 2330 subscriptore
1578 2294 1691 2319 ‹lcsccn-

894 2338 934 2364 ‹lit
944 2342 970 2364 et
980 2337 1111 2362 Tuccium
1124 2343 1198 2361 reum
1212 2334 1284 2360 fccit.
1324 2334 1357 2359 At
1373 2342 1435 2367 ego,
1453 2331 1535 2358 sinuit
1552 2336 1631 2366 atque
1643 2339 1691 2356 ati-

894 2375 961 2405 divi.
975 2374 1115 2400 invocatus
1126 2372 1159 2398 ad
1171 2370 1301 2398 subsellia
1312 2371 1350 2396 rci
1361 2378 1485 2396 occurro:
1498 2377 1589 2403 surgo,
1603 2376 1690 2402 ncque

896 2412 1009 2437 verbum
1022 2411 1054 2436 de
1066 2419 1092 2437 re
1105 2409 1186 2436 facio:
1201 2413 1284 2435 totum
1295 2408 1483 2442 Sempronium
1495 2414 1581 2440 usquc
1588 2414 1619 2431 co
1630 2414 1690 2439 pcr-

895 2458 958 2483 ngo,
972 2453 1001 2475 nt
1011 2448 1163 2474 Vestorium
1175 2454 1283 2481 qnoque
1294 2446 1475 2479 interponam.
1489 2449 1513 2469 ct
1527 2443 1598 2469 illam
1612 2442 1690 2468 falm-

897 2486 947 2512 lam
961 2494 1079 2515 narrem,
1097 2483 1326 2519 quemadmmlum
1342 2483 1391 2508 tibi
1409 2490 1455 2516 pro
1467 2480 1597 2507 beneficio
1607 2479 1690 2505 dedc-

895 2524 937 2554 rit,
950 2524 973 2549 si
985 2522 1052 2558 quid
1065 2522 1092 2548 in
1104 2521 1212 2548 iniuriis
1223 2521 1281 2546 suis
1293 2525 1371 2549 essct,
1384 2518 1456 2554 qnod
1468 2518 1604 2544 Vestorius
1616 2522 1690 2543 tene-

895 2565 943 2587 rct.
983 2562 1008 2587 2.
1031 2561 1100 2586 llaec
1117 2567 1226 2594 quoque
1247 2566 1342 2592 magna
1358 2565 1429 2583 nunc.
1448 2555 1581 2582 contcntio
1602 2554 1688 2581 sorum

895 2602 975 2625 tenet.
1010 2598 1045 2624 M.
1057 2596 1198 2626 Servilius,
1212 2601 1364 2630 postquam.
1379 2599 1407 2620 ut
1417 2598 1548 2628 coeperat,
1561 2592 1689 2619 omnibus

895 2636 921 2662 in
933 2635 1015 2662 rebus
1027 2634 1159 2665 turbarat,
1173 2642 1235 2663 nec,
1252 2631 1325 2669 quod
1337 2641 1388 2659 non
1401 2631 1542 2661 venderet,
1560 2630 1688 2666 cuiquam
