1941 3052
403 135 745 163 PARTITIONES
777 134 1078 162 ORATORIAE.
1113 134 1210 161 CAP.

87 209 148 240 mio,
164 209 188 234 si
200 208 284 244 gratia
298 207 418 240 adducti,
434 206 658 243 comparandique
668 208 803 242 superiore
813 215 874 233 cum

86 246 239 272 auctoritate
256 246 373 276 testium,
393 245 494 280 quibus
513 249 600 272 tamen
618 244 749 271 creditum
763 253 815 270 non
830 244 873 270 sit.

86 284 128 309 50.
140 282 223 318 Saepe
236 283 315 309 etiam
328 283 531 317 quaestionibus
545 281 725 309 resistendum
739 286 786 312 est,
804 280 876 316 quod

86 324 112 346 et
124 320 241 346 dolorem
256 319 388 355 fugientes
402 320 479 346 multi
495 320 521 346 in
536 320 672 346 tormentis
687 319 804 345 ementiti
816 327 877 353 per-

86 366 165 392 saepe
178 362 241 383 sunt
254 358 374 392 morique
389 357 540 383 maluerunt
553 356 651 383 falsum
666 356 779 386 fatendo,
795 364 876 390 quam

86 394 224 421 infitiando
237 394 334 421 dolere.
369 394 445 421 Multi
469 395 548 421 etiam
565 403 642 420 suam
658 394 737 419 vitam
753 393 878 428 neglexe—

86 436 156 463 runt,
177 436 207 458 ut
220 440 273 462 eos,
289 432 336 466 qui
351 432 393 458 his
407 432 530 463 cariores,
550 440 631 467 quam
645 431 698 465 ipsi
712 431 763 456 sibi
778 434 874 460 essent,

87 468 240 501 liberarent3
257 468 301 495 alii
316 474 402 495 autem
416 473 461 496 aut
475 474 567 495 natura
580 468 697 503 corporis
711 472 756 493 aut
765 475 878 493 consue-

86 506 178 533 tudine
196 506 303 532 dolendi
322 511 367 533 aut
381 510 453 533 metu
467 506 593 541 supplicii
607 514 636 531 ac
650 505 741 531 mortis
756 505 811 530 vim
825 508 877 530 tor-

86 548 236 570 mentorum
250 543 429 578 pertulerunt;
450 543 494 569 alii
506 543 624 569 ementiti
635 542 734 568 suntin
746 550 799 572 eos,
809 550 876 575 quos

86 581 204 608 oderant.
225 581 312 616 Atque
322 581 385 607 haec
396 580 526 615 exemplis
538 579 665 606 firmanda
676 583 747 605 sunt.
770 580 811 604 51.
825 579 877 604 Ne-

85 627 139 653 que
156 622 197 645 est
213 618 367 649 obscurum,
386 619 452 653 quin
470 618 605 653 (quoniam
620 617 647 643 in
662 620 802 650 utramque
816 624 877 649 par-

86 660 139 681 tem
154 660 217 682 sunt
230 655 361 690 exempla,
377 660 403 681 et
416 656 479 681 item
494 655 526 681 ad
539 655 717 681 coniecturam
729 652 876 679 faciendam

87 692 147 728 loci)
160 693 188 719 in
198 693 335 719 contrariis
344 693 472 719 contraria
482 693 536 718 sint
545 691 684 718 sumenda.
700 691 786 725 Atque
796 690 875 715 etiam

86 731 198 756 incurrit
215 730 265 756 alia
278 729 409 764 quaedam
424 730 450 755 in
466 729 579 755 testibus
593 733 618 754 et
630 729 658 754 in
672 727 875 763 quaestionibus

86 771 160 794 ratio.
194 767 278 802 Saepe
296 767 368 793 enim
381 775 420 798 ea,
440 775 509 801 quae
522 766 591 792 dicta
605 770 677 797 sunt,
693 766 716 791 si
731 769 777 791 aut
790 765 876 790 ambi-

85 813 139 840 gue
152 808 198 830 aut
215 805 394 830 inconstanter
407 808 453 830 aut
466 802 657 830 incredibiliter
670 803 739 828 dieta
754 806 817 828 sunt
831 806 875 827 aut

85 842 164 868 etiam
182 841 258 868 aliter
275 841 308 867 ab
326 841 378 868 alio
391 841 469 872 dicta,
485 841 619 867 subtiliter
633 839 873 874 reprehenduntur.

141 879 198 906 XV.
214 880 255 906 52.
272 879 300 906 C.
317 879 346 905 F.
361 879 487 905 Extrema
504 878 553 905 tibi
571 882 650 903 restat
664 886 724 912 pars
739 876 873 907 orationis,

85 923 154 950 quae
173 917 257 950 posita
275 916 303 943 in
318 916 463 951 perorando
477 920 525 943 est.
542 915 575 941 de
588 923 641 950 qua
655 923 718 940 sane
733 913 813 940 velim
829 922 876 939 au-

85 953 151 980 dire,
173 953 202 980 C.
217 954 246 980 P.
262 954 375 980 Facilior
388 957 429 980 est
441 953 582 988 explicatio
595 952 778 987 perorationis.
809 951 875 977 Nam

84 995 125 1017 est
142 990 228 1017 divisa
241 992 269 1017 in
283 991 350 1018 duas
364 995 460 1025 partes,
481 989 713 1025 amplificationem
728 993 753 1015 et
766 996 877 1014 enume—

84 1028 222 1055 rationem.
260 1028 382 1064 Augendi
404 1032 492 1054 autem
510 1032 537 1053 et
553 1027 597 1053 hic
611 1031 651 1053 est
664 1027 788 1061 proprius
803 1025 876 1052 locus

84 1066 112 1092 in
126 1065 281 1100 perorando,
297 1071 322 1092 et
335 1066 363 1092 in
376 1074 458 1092 cursu
472 1066 531 1100 ipso
544 1065 671 1091 orationis
685 1063 876 1090 declinationes

85 1102 118 1129 ad
140 1103 358 1138 amplificandum
381 1103 486 1134 dantur,
510 1102 664 1129 confirmata
682 1110 710 1128 re
727 1101 816 1135 aliqua
830 1105 875 1126 aut

85 1140 254 1175 reprehensa.
278 1142 319 1167 53.
335 1141 382 1167 Est
395 1141 478 1176 igitur
491 1139 661 1174 amplificatio
674 1139 780 1174 gravior
793 1146 877 1173 quae-

84 1176 146 1204 dam
159 1177 308 1209 affirmatio,
324 1186 392 1213 quae
406 1182 480 1204 motu
494 1178 643 1203 animorum
658 1176 779 1202 conciliet
793 1176 820 1202 in
835 1175 876 1201 di-

84 1215 167 1242 cendo
181 1215 270 1242 fidem.
290 1216 327 1242 Ea
341 1220 367 1242 et
380 1215 522 1242 verborum
536 1223 632 1250 genere
644 1213 783 1240 conficitur
796 1217 822 1239 et
835 1221 876 1238 re-

84 1260 155 1278 rum.
185 1253 271 1280 Verba
293 1253 414 1288 ponenda
433 1256 504 1284 sunt,
524 1260 593 1287 quac
611 1252 665 1278 vim
685 1251 798 1277 babeant
812 1250 876 1276 illu-

84 1289 185 1316 strandi
208 1299 256 1316 nec
278 1290 311 1316 ab
329 1299 381 1317 usu
399 1291 453 1316 sint
470 1289 646 1320 abhorrentia,
666 1289 766 1324 gravia,
787 1288 873 1322 plena,

84 1327 213 1358 sonantia,
239 1327 337 1359 iuncta,
362 1327 438 1359 facta,
462 1327 655 1362 cognominata,
684 1335 736 1352 non
755 1326 873 1361 vulgata,

85 1364 228 1399 superlata,
249 1365 276 1391 in
295 1366 443 1400 primisque
462 1365 562 1395 tralata,
583 1364 671 1390 necin
686 1363 801 1399 singulis
816 1371 876 1389 ver-

84 1401 135 1433 bis,
156 1402 203 1428 sed
222 1403 249 1428 in
268 1402 465 1429 continentibus
484 1401 579 1433 soluta,
595 1409 664 1436 quae
678 1401 804 1426 dicuntur
818 1400 876 1426 sine

83 1439 277 1471 coniunctione,
298 1444 328 1466 ut
346 1440 422 1475 plura
437 1439 586 1466 videantur.
620 1439 662 1465 54.
678 1438 784 1473 Augent
797 1438 875 1463 etiam

84 1476 165 1503 relata
179 1478 268 1508 verba,
285 1478 385 1508 iterata,
406 1477 540 1511 duplicata
554 1481 580 1502 et
593 1484 630 1507 ea,
647 1484 716 1510 quac
729 1475 876 1501 ascendunt

83 1514 214 1549 gradatim
228 1515 261 1541 ab
275 1515 464 1541 humilioribus
480 1514 568 1540 verbis
583 1513 615 1539 ad
628 1513 774 1547 superiora,
790 1512 877 1538 omni-

84 1560 172 1587 noque
185 1561 291 1587 semper
304 1553 381 1587 quasi
396 1551 524 1578 naturalis
535 1555 560 1577 et
571 1560 622 1577 non
634 1550 773 1585 explanata
783 1550 873 1580 oratio,

83 1589 132 1616 sed
144 1590 273 1625 gravibus
287 1589 381 1615 referta
395 1589 494 1620 verbis,
514 1588 547 1614 ad
561 1588 714 1623 augendum
729 1596 877 1613 accommo-

83 1627 177 1654 datior.
194 1628 262 1653 Haec
275 1627 357 1662 igitur
370 1627 397 1653 in
412 1626 510 1657 verbis,
521 1626 622 1660 quibus
636 1625 703 1651 actio
719 1625 799 1655 vocis,
816 1624 877 1650 vul-

84 1669 128 1692 tus
141 1669 167 1691 et
179 1669 271 1700 gestus
285 1672 435 1700 congruens
448 1667 474 1690 et
487 1667 546 1698 apta
561 1663 593 1689 ad
608 1663 710 1689 animos
720 1670 878 1697 permoven-

84 1701 132 1729 dos
146 1701 367 1729 accommodanda
381 1705 430 1728 est.
453 1701 505 1727 Sed
519 1705 544 1727 et
558 1701 585 1726 in
600 1700 689 1726 verbis
700 1704 725 1726 et
737 1700 763 1726 in
775 1700 877 1725 actione

83 1748 178 1766 caussa
195 1740 244 1766 erit
262 1739 373 1766 tenenda
391 1743 417 1765 et
434 1747 481 1773 pro
494 1746 522 1764 re
535 1737 679 1773 agendum.
720 1737 787 1763 Nam
802 1737 874 1767 haec,

84 1777 148 1812 quia
161 1776 287 1803 videntur
300 1776 472 1811 perabsurda,
488 1784 573 1810 quum
585 1775 705 1810 graviora
715 1779 786 1805 sunt,
795 1783 876 1809 quam

84 1822 179 1840 caussa
196 1813 255 1846 fert,
277 1814 426 1849 diligenter.
447 1813 514 1848 quid
531 1821 668 1848 quemque
686 1812 785 1843 deceat,
806 1811 878 1838 iudi-

83 1851 199 1878 candum
213 1855 262 1878 est.
296 1851 365 1878 XVI.
389 1853 431 1877 55.
452 1852 550 1877 Rerum
573 1849 743 1884 amplificatio
761 1849 878 1876 sumitur

84 1889 185 1915 eisdem
199 1897 233 1915 ex
247 1888 310 1915 locis
324 1889 458 1919 omnibus,
475 1888 576 1923 quibus
590 1887 721 1921 illa,quae
735 1887 804 1912 dicta
814 1891 877 1912 sunt

84 1926 118 1953 ad
131 1926 219 1958 iidem,
236 1927 406 1960 maximeque
423 1925 591 1952 definitiones
605 1924 694 1950 valent
706 1923 877 1959 conglobatae

83 1967 110 1990 et
122 1964 343 1999 consequentium
358 1963 534 1998 frequentatio
548 1966 574 1988 et
585 1962 775 1988 centrariarum
786 1966 812 1987 et
822 1961 878 1987 dis-

84 2001 215 2027 similium
233 2005 259 2027 et
276 2001 345 2027 inter
357 2009 386 2027 se
400 2000 580 2035 pugnantium
595 2007 684 2025 rerum
698 1998 836 2029 conflictio,
853 2003 878 2024 et

84 2046 194 2064 caussae
211 2042 237 2064 et
250 2046 288 2069 ea,
309 2046 377 2072 quae
391 2042 454 2064 sunt
467 2037 499 2064 de
513 2037 615 2063 caussis
629 2040 693 2067 orta,
707 2037 878 2070 maximeque

84 2075 276 2102 similitudines
287 2079 313 2101 et
326 2074 461 2110 exempla,
478 2075 551 2101 fictae
565 2075 644 2100 etiam
659 2082 795 2109 personae,
805 2078 877 2100 muta

85 2113 202 2148 denique
217 2112 367 2147 loquantur,
383 2113 546 2147 omninoque
559 2120 588 2138 ea
602 2116 666 2137 sunt
678 2111 838 2142 adhibenda,
854 2112 876 2137 si

83 2158 178 2177 caussa
202 2150 308 2184 patitur,
332 2158 401 2184 quae
424 2158 518 2185 magna
541 2149 681 2180 habentur,
704 2157 820 2183 quorum
838 2153 879 2175 est

84 2187 186 2222 duplex
198 2195 294 2223 genus.
310 2188 351 2213 56.
367 2186 425 2213 Alia
439 2188 510 2213 enim
525 2195 620 2222 magna
635 2190 728 2212 natura
742 2186 875 2216 videntur.

85 2224 136 2251 alia
149 2233 216 2251 usu:
237 2229 338 2255 natura,
360 2228 389 2250 ut
401 2224 533 2255 caelestia,
550 2229 579 2250 ut
591 2224 692 2255 divina,
713 2228 742 2250 ut
755 2232 793 2254 ea,
810 2232 878 2258 quo-

85 2270 146 2288 rum
159 2261 287 2288 obscurae
301 2270 419 2293 caussae,
437 2266 474 2292 ut,
490 2262 518 2288 in
533 2262 608 2288 terris
622 2261 778 2296 mundoque
791 2261 878 2287 admi-

85 2299 178 2326 rabilia
195 2307 264 2334 quae
282 2303 354 2330 sunt,
374 2308 407 2325 ex
425 2299 526 2334 quibus
540 2298 739 2333 similibusque,
756 2298 778 2324 si
793 2302 878 2324 atten—

85 2336 141 2368 das,
161 2336 194 2363 ad
215 2336 369 2372 augendum
391 2336 522 2371 permulta
540 2340 700 2371 suppetunt,
727 2344 788 2367 usu,
808 2343 877 2370 quae

85 2373 210 2400 videntur
232 2374 387 2400 hominibus
410 2378 455 2400 aut
477 2373 602 2408 prodesse
625 2377 671 2399 aut
688 2373 782 2399 obesse
796 2372 878 2398 vehe-

84 2411 211 2442 mentius,
222 2419 338 2446 quorum
352 2415 416 2438 sunt
429 2420 525 2447 genera
539 2410 571 2437 ad
585 2410 803 2445 amplificandum
817 2410 875 2436 tria.

85 2448 151 2474 Nam
170 2452 216 2475 aut
232 2449 339 2475 caritate
358 2453 498 2475 moventur
516 2448 648 2478 homines.
670 2451 699 2474 ut
711 2447 833 2479 deorum,
848 2451 878 2473 ut

86 2486 193 2520 patriae,
210 2490 239 2512 ut
252 2490 406 2520 parentum;
428 2490 473 2512 aut
486 2493 583 2516 amore,
600 2489 629 2511 ut
643 2484 802 2516 fratrum,ut
814 2493 878 2510 con-

85 2522 189 2558 iugum,
205 2527 235 2549 ut
249 2522 402 2554 liberorum,
419 2527 449 2549 ut
463 2522 648 2554 familiarium;
671 2526 717 2548 aut
730 2522 875 2553 honestate,

84 2564 114 2586 ιιι
127 2560 266 2592 virtutum,
283 2561 453 2596 maximeque
466 2569 566 2591 earum,
582 2568 651 2595 quae
665 2559 698 2586 ad
711 2559 879 2586 communio-

85 2605 145 2624 nem
164 2597 304 2624 hominum
322 2602 349 2624 et
366 2597 550 2624 liberalitatem
566 2597 663 2623 valent.
694 2597 736 2623 Ex
750 2597 782 2623 iis
796 2601 822 2623 et
834 2605 879 2623 co-

85 2633 245 2662 hortationes
267 2639 412 2662 sumuntur
435 2635 468 2662 ad
490 2644 520 2662 ea
538 2634 687 2666 retinenda,
709 2638 735 2661 et
752 2635 780 2660 in
794 2642 847 2665 eos,
864 2643 877 2660 a

84 2671 185 2706 quibus
208 2680 237 2699 ea
256 2671 352 2700 violata
369 2677 442 2704 sunt,
465 2672 526 2699 odia
545 2673 688 2699 incitantur
705 2676 731 2699 et
744 2672 878 2699 miseratio

1247 136 1272 160 Η
1297 137 1394 160 -19,
1668 138 1714 162 193

926 206 1052 232 nascitur.
1086 205 1167 231 XVII.
1183 206 1225 231 57.
1248 205 1375 239 Proprius
1395 205 1467 231 locus
1486 209 1526 231 est
1543 206 1668 240 augendi,
1688 207 1715 233 in

926 243 969 269 his
987 243 1067 269 rebus
1086 247 1131 268 aut
1148 243 1255 268 amissis
1269 247 1315 268 aut
1328 242 1464 268 amittendi
1479 242 1608 277 periculo.
1642 243 1715 269 Nihil

927 284 966 306 est
984 280 1055 306 enim
1074 284 1127 306 tam
1145 279 1306 310 miserabile,
1328 288 1408 314 quam
1424 288 1458 306 ex
1471 279 1546 306 beato
1560 280 1650 306 miser.
1684 281 1716 306 Et

927 317 977 343 hoc
995 321 1079 343 totum
1097 317 1207 352 quidem
1226 321 1338 347 moveat,
1358 317 1380 342 si
1399 317 1467 343 bona
1485 325 1519 343 ex
1537 316 1639 343 fortuna
1654 318 1716 351 quis

927 354 1011 385 cadat,
1032 358 1065 385 et,
1085 363 1099 380 a
1117 363 1231 389 quorum
1245 355 1351 380 caritate
1365 353 1516 385 divellatur,
1532 363 1601 389 quae
1616 355 1717 380 amittat

928 396 973 418 aut
987 392 1112 422 amiserit,
1128 392 1156 417 in
1170 392 1270 426 quibus
1284 391 1361 417 malis
1376 392 1410 417 sit
1424 391 1565 417 futurusve
1576 392 1717 426 sit,expri-

927 433 1014 454 matur
1029 429 1152 455 breviter.
1175 429 1232 455 Cito
1246 429 1316 454 enim
1330 429 1423 454 arescit
1434 428 1549 459 lacrima,
1562 430 1717 463 praesertim

927 467 954 492 in
969 466 1062 492 alienis
1077 465 1165 492 malis.
1187 466 1240 492 Nec
1254 466 1402 500 quidquam
1417 466 1444 492 in
1458 466 1662 500 amplificatione
1677 467 1718 492 ni—

929 504 979 529 mis
997 502 1192 529 enucleandum
1212 507 1265 535 est;
1297 504 1399 529 minuta
1417 508 1457 529 est
1469 504 1540 529 enim
1554 504 1642 530 omnis
1655 503 1718 530 dili-

927 541 1024 575 gentia.
1055 540 1103 566 Hic
1120 544 1208 566 autem
1223 540 1297 566 locus
1311 540 1421 575 grandia
1435 541 1555 575 requirit.
1589 542 1631 567 58.
1647 540 1717 567 Illud

928 578 979 603 iam
994 582 1034 603 est
1046 577 1148 608 iudicii,
1164 586 1219 612 quo
1232 586 1339 612 quaque
1353 578 1380 603 in
1394 586 1488 604 caussa
1501 586 1597 613 genere
1611 582 1718 604 utamur

928 614 1052 650 augendi.
1071 615 1100 640 In
1114 614 1168 640 illis
1183 615 1254 640 enim
1268 615 1457 649 caussis,quae
1470 615 1502 641 ad
1516 615 1717 642 delectationem

928 656 1096 682 exornantur,
1111 652 1130 677 ii
1146 651 1194 678 loci
1210 652 1335 678 tractandi
1350 653 1476 687 sunt,qui
1489 661 1594 679 movere
1606 657 1718 687 possunt

927 690 1159 723 exspectationem,
1173 689 1382 720 admirationem,
1392 689 1567 724 voluptatem:
1584 691 1611 716 in
1625 690 1719 716 cohor-

927 726 1071 752 tationibus
1086 731 1173 752 autem
1185 726 1314 752 bonorum
1325 735 1354 752 ac
1365 726 1494 752 malorum
1505 728 1718 754 enumerationes

927 768 952 789 et
965 763 1087 797 exempla
1106 763 1194 789 valent
1212 763 1370 797 plurimum.
1404 764 1432 790 ln
1451 764 1558 790 iudiciis
1572 766 1717 791 accusatori

927 800 989 831 fere,
1014 809 1083 835 quae
1102 800 1134 826 ad
1152 800 1326 831 iracundiam,
1352 809 1395 827 reo
1409 801 1577 836 plerumque,
1602 811 1670 836 quae
1685 802 1718 828 ad

926 837 1135 864 misericordiam
1149 838 1290 872 pertinent.
1316 839 1523 873 Nonnumquam
1539 843 1624 865 tamen
1640 848 1719 865 accu-

926 879 996 901 sator
1009 875 1218 901 misericordiam
1232 884 1337 901 movere
1351 875 1429 902 debet
1443 880 1467 902 et
1480 876 1603 902 defensor
1613 877 1719 903 iracun-

926 912 1007 938 diam.
1033 914 1075 938 59.
1090 913 1262 939 Enumeratio
1275 912 1377 948 reliqua
1391 917 1431 939 est
1445 922 1646 948 nonnumquam
1662 914 1719 940 lau-

927 949 1020 981 datori,
1045 951 1148 976 suasori
1171 959 1222 976 non
1245 959 1332 985 saepe,
1353 951 1497 977 accusatori
1516 951 1623 985 saepius
1637 960 1718 985 quam

927 996 971 1013 reo
985 988 1141 1013 necessaria.
1176 988 1261 1014 Huius
1280 992 1397 1022 tempora
1414 988 1468 1014 duo
1481 992 1551 1019 sunt,
1568 990 1591 1014 si
1605 993 1650 1014 aut
1663 997 1719 1014 me-

927 1026 1025 1051 moriae
1039 1024 1146 1051 diffidas
1160 1033 1260 1056 eorum,
1277 1025 1348 1060 apud
1362 1034 1430 1060 quos
1444 1025 1566 1061 agas,vel
1580 1026 1719 1052 intervallo

927 1063 1054 1097 temporis
1069 1062 1109 1088 vel
1126 1062 1292 1097 longitudine
1305 1063 1431 1089 orationis
1445 1067 1471 1089 et
1484 1063 1598 1089 breviter
1612 1064 1720 1098 exposi-

927 1100 961 1126 tis
975 1100 1030 1126 vim
1045 1104 1084 1126 est
1098 1100 1220 1126 habitura
1234 1109 1328 1126 caussa
1342 1101 1478 1126 maiorem.
1513 1102 1554 1126 60.
1575 1101 1608 1126 Et
1621 1109 1665 1127 reo
1679 1110 1720 1126 ra-

927 1138 983 1163 rius
998 1137 1128 1163 utendum
1143 1142 1191 1168 est,
1207 1138 1279 1172 quod
1294 1137 1415 1172 ponenda
1429 1142 1492 1164 sunt
1505 1138 1642 1168 contraria,
1652 1146 1720 1173 quo-

927 1184 987 1200 rum
1005 1174 1147 1201 dissolutio
1164 1175 1192 1201 in
1210 1175 1337 1201 brevitate
1357 1175 1464 1206 lucebit,
1485 1175 1570 1202 aculei
1589 1180 1718 1211 pungent.

927 1212 979 1238 Sed
993 1213 1043 1238 erit
1056 1213 1083 1238 in
1098 1213 1295 1239 enumeratione
1310 1213 1458 1244 vitandum,
1472 1222 1503 1239 ne
1516 1213 1654 1239 ostentatio
1665 1221 1720 1239 me-

927 1250 1025 1276 moriae
1043 1254 1166 1284 suscepta
1184 1250 1306 1276 videatur
1324 1259 1382 1276 esse
1405 1250 1525 1285 puerilis.
1559 1251 1588 1276 Id
1602 1250 1717 1285 effugiet,

927 1288 974 1322 qui
989 1296 1039 1313 non
1054 1288 1142 1313 omnia
1162 1288 1273 1314 minima
1287 1292 1393 1322 repetet,
1411 1288 1458 1314 sed
1472 1288 1547 1314 brevi
1562 1287 1668 1322 singula
1682 1292 1720 1314 at-

927 1325 1032 1360 tingens
1047 1325 1163 1359 pondera
1177 1334 1266 1351 rerum
1280 1326 1337 1360 ipsa
1352 1325 1567 1360 comprehendet.

983 1362 1075 1389 XVllI.
1092 1364 1133 1388 61.
1150 1362 1178 1389 C.
1195 1363 1224 1389 F.
1240 1362 1371 1394 Quoniam
1386 1367 1411 1389 et
1424 1363 1456 1389 de
1471 1363 1529 1397 ipso
1543 1367 1643 1389 oratore
1653 1367 1677 1389 et
1688 1363 1720 1388 de

927 1400 1043 1426 oratione
1065 1399 1167 1431 dixisti,
1192 1408 1295 1434 expone
1317 1409 1378 1426 eum
1402 1401 1468 1426 mihi
1492 1409 1571 1431 nunc,
1588 1409 1669 1435 quem
1688 1408 1721 1426 ex

928 1437 1014 1463 tribus
1028 1442 1177 1463 extremum
1192 1437 1364 1472 proposuisti,
1381 1438 1544 1472 quaestionis
1559 1438 1656 1464 locum.
1690 1437 1719 1463 C.

928 1475 956 1500 P.
972 1475 1029 1500 Duo
1043 1479 1113 1505 sunt,
1128 1479 1157 1500 ut
1170 1475 1246 1500 initio
1259 1475 1324 1505 dixi,
1341 1476 1528 1509 quaestionum
1540 1483 1721 1510 genera,qu0-

928 1521 988 1538 rum
1003 1511 1114 1538 alterum
1130 1512 1235 1538 linitum
1249 1512 1414 1547 temporibus
1429 1517 1454 1538 et
1468 1513 1588 1547 personis
1598 1521 1721 1538 caussam

928 1549 1041 1584 appello,
1062 1549 1175 1575 alterum
1190 1549 1323 1575 infinitum
1340 1549 1421 1575 nullis
1441 1558 1526 1584 neque
1541 1550 1660 1584 personis
1676 1558 1721 1575 ne-

927 1596 980 1622 que
1004 1587 1169 1621 temporibus
1188 1591 1305 1613 notatum
1325 1587 1490 1621 propositum
1506 1596 1579 1613 voco.
1616 1586 1667 1613 Sed
1682 1591 1722 1613 est

928 1625 1094 1659 propositum
1110 1624 1187 1658 quasi
1202 1624 1277 1650 latior
1291 1633 1351 1658 pars
1362 1633 1472 1650 caussae
1482 1624 1613 1658 quaedam
1625 1628 1649 1650 et
1659 1633 1722 1650 con-

929 1662 1081 1688 troversiae.
1104 1662 1174 1687 Inest
1187 1662 1259 1687 enim
1273 1662 1407 1687 inlinitum
1420 1662 1445 1687 in
1456 1661 1564 1687 delinito
1576 1661 1641 1687 etad
1655 1661 1722 1687 illud

929 1704 1016 1726 tamon
1040 1698 1191 1724 referuntur
1213 1699 1311 1725 omnia.
1347 1701 1388 1725 (32.
1408 1699 1585 1730 Quamobrem
1601 1699 1675 1733 prius
1689 1698 1722 1724 de

928 1737 1063 1772 proposito
1082 1736 1211 1767 dicamus,
1232 1737 1310 1762 cuius
1328 1744 1424 1771 genera
1438 1740 1501 1762 sunt
1515 1736 1576 1767 duo,
1593 1737 1723 1771 cognitio-

929 1775 970 1801 nis
994 1774 1121 1806 alterum3
1152 1774 1211 1799 eius
1233 1774 1343 1800 scientia
1357 1778 1397 1799 est
1411 1774 1480 1804 linis,
1497 1778 1539 1799 ut:
1566 1773 1656 1799 verine
1670 1774 1723 1799 sint

928 1820 1038 1838 sensus:
1061 1811 1175 1837 alterum
1189 1812 1313 1843 actionis3
1341 1811 1413 1846 quod
1433 1810 1545 1837 refertur
1559 1810 1591 1836 ad
1605 1810 1723 1836 cilicien—

928 1849 993 1876 dum
1016 1848 1092 1884 quid,
1119 1853 1147 1874 ut
1166 1849 1189 1874 si
1207 1854 1358 1883 quaeratur,
1380 1848 1481 1883 quibus
1499 1847 1593 1874 officiis
1608 1848 1722 1874 amicitia

928 1886 1038 1914 colenda
1052 1887 1095 1912 sit.
1130 1886 1233 1912 Rursus
1252 1886 1398 1920 superioris
1411 1894 1507 1921 genera
1521 1890 1584 1912 sunt
1599 1886 1660 1911 tria:
1689 1887 1723 1911 sit

929 1933 1021 1955 necne,
1038 1924 1104 1959 quid
1118 1924 1161 1955 sit,
1178 1923 1258 1958 quale
1272 1924 1315 1949 sit.
1350 1924 1390 1949 Sit
1404 1932 1495 1954 necne,
1512 1928 1554 1949 ut:
1577 1924 1620 1949 ius
1636 1924 1661 1949 in
1677 1932 1723 1949 na-

929 1966 988 1988 tura
1002 1962 1046 1992 sit,
1064 1970 1096 1987 an
1111 1962 1138 1987 in
1153 1969 1239 1993 more,
1266 1960 1332 1995 quid
1351 1965 1439 1987 autem
1458 1961 1500 1991 sit,
1517 1961 1569 1986 sic:
1597 1961 1666 1986 sitne
1681 1961 1722 1986 ius

929 1999 965 2030 id,
980 1998 1054 2034 quod
1068 1999 1160 2025 maiori
1175 1999 1242 2033 parti
1256 1999 1291 2024 sit
1305 1998 1383 2030 utile3
1410 1997 1488 2033 quale
1507 2002 1595 2024 autem
1609 1999 1652 2029 sit,
1669 1998 1720 2024 sic:

929 2037 999 2063 iuste
1013 2037 1103 2063 vivere
1116 2036 1151 2062 sit
1165 2044 1247 2062 necne
1262 2035 1336 2062 utile.
1376 2038 1416 2061 03.
1435 2035 1553 2062 Actionis
1567 2040 1654 2061 autem
1670 2035 1723 2061 duo

929 2078 993 2100 sunt
1011 2082 1121 2110 genera:
1148 2082 1242 2104 unum,
1263 2073 1296 2099 ad
1315 2073 1531 2108 persequendum
1552 2073 1654 2107 aliquid
1679 2078 1724 2098 aut

929 2111 1132 2143 declinandum
1155 2115 1192 2141 ut,
1201 2110 1302 2145 quibus
1316 2111 1396 2136 rebus
1410 2110 1522 2145 adipisci
1536 2110 1646 2145 gloriam
1662 2118 1723 2144 pos-

928 2149 966 2175 sis
988 2153 1034 2176 aut
1056 2148 1190 2184 quomodo
1213 2148 1314 2174 invidia
1329 2148 1439 2176 vitetur:
1466 2147 1588 2177 alterum,
1604 2147 1676 2182 quod
1690 2147 1722 2172 ad

929 2186 1038 2221 aliquod
1059 2185 1230 2212 commodum
1254 2194 1388 2220 usumque
1403 2184 1522 2215 refertur,
1539 2189 1576 2215 ut,
1593 2184 1723 2219 quemad-

929 2224 1039 2250 modum
1053 2224 1088 2249 sit
1102 2222 1253 2258 respublica
1267 2222 1476 2249 administramia
1491 2227 1536 2248 aut
1549 2221 1723 2256 qucuuulmo-

929 2261 994 2287 dum
1009 2261 1036 2287 in
1050 2264 1204 2295 paupertate
1219 2260 1376 2286 vivendum.
1412 2261 1452 2286 fit.
1470 2260 1573 2285 Rursus
1588 2264 1675 2284 anitum
1690 2267 1723 2284 ex

928 2298 1088 2333 cognitionis
1102 2297 1304 2329 consultatione,
1320 2297 1376 2327 ubi,
1393 2297 1427 2323 sit
1442 2305 1523 2322 necne
1537 2296 1571 2322 sit
1585 2301 1629 2321 aut
1644 2295 1723 2322 fucrit

930 2335 1086 2362 futurumve
1104 2335 1146 2365 sit,
1167 2335 1312 2369 quaeritur,
1334 2342 1418 2360 unum
1437 2342 1522 2369 genus
1536 2338 1576 2359 cst
1589 2333 1723 2368 quaestio-

930 2373 980 2403 nis.
1005 2372 1123 2407 possitne
1141 2371 1244 2406 aliquid
1263 2371 1341 2402 eflici,
1359 2376 1396 2402 ut,
1418 2380 1502 2406 quum
1517 2371 1663 2405 quaeritur,
1680 2379 1723 2397 ec-

929 2410 1053 2444 quisnam
1068 2408 1183 2443 perl'ecto
1197 2409 1303 2443 sapiens
1317 2417 1375 2435 esse
1387 2409 1483 2443 possit,
1497 2407 1723 2443 alterum,qucm-

929 2446 1074 2473 admodum
1092 2445 1213 2481 quidque
1231 2446 1284 2476 tiat,
1305 2450 1334 2472 ut
1351 2454 1468 2481 quonam
1488 2451 1562 2480 pacto
1576 2446 1662 2471 virtus
1677 2454 1723 2481 pa—

930 2485 1021 2515 riatur,
1047 2488 1175 2510 naturane
1192 2492 1225 2509 an
1244 2483 1343 2509 ratione
1361 2491 1393 2509 an
1412 2481 1483 2509 usu?
1510 2483 1594 2509 Cuius
1617 2484 1722 2519 generis

929 2526 992 2548 sunt
1009 2529 1110 2552 omneS,
1127 2521 1154 2547 in
1167 2520 1278 2556 quibus,
1287 2525 1316 2546 ut
1330 2521 1356 2546 in
1367 2520 1490 2546 obscuris
1501 2520 1723 2556 naturalibusque

929 2558 1145 2594 quaestionibus,
1165 2566 1275 2584 caussae
1293 2557 1462 2593 rationesque
1479 2566 1568 2584 rerum
1586 2558 1723 2593 explican-

931 2601 982 2623 tur.
1013 2595 1086 2622 ΧΙΧ.
1102 2597 1144 2622 65.
1164 2595 1239 2622 lilius
1253 2599 1341 2622 autem
1356 2595 1472 2631 generis,
1488 2595 1515 2622 in
1529 2603 1592 2630 quo.
1608 2595 1675 2631 quid
1689 2596 1723 2621 sit

929 2633 966 2665 id,
981 2633 1015 2660 de
1027 2641 1082 2669 quo
1099 2633 1194 2668 agitur.
1210 2633 1356 2667 quaeritur.
1376 2632 1431 2659 duo
1447 2637 1511 2659 sunt
1524 2641 1635 2669 genera:
1655 2641 1724 2669 quo-

929 2679 990 2698 rum
1013 2672 1040 2698 in
1059 2670 1140 2698 altero
1157 2669 1350 2706 disputandum
1369 2675 1422 2701 est.
1443 2669 1518 2697 atiud
1535 2679 1569 2697 an
1586 2670 1658 2697 idom
1677 2671 1720 2700 sit.

1459 2720 1490 2744 25
