<?xml version="1.0" encoding="UTF-8"?>
<!DOCTYPE html PUBLIC "-//W3C//DTD XHTML 1.0 Transitional//EN"
    "http://www.w3.org/TR/xhtml1/DTD/xhtml1-transitional.dtd">
<html xmlns="http://www.w3.org/1999/xhtml" xml:lang="en" lang="en">
 <head>
  <title>
</title>
<meta http-equiv="Content-Type" content="text/html;charset=utf-8" />
  <meta name='ocr-system' content='tesseract 3.04.00' />
  <meta name='ocr-capabilities' content='ocr_page ocr_carea ocr_par ocr_line ocrx_word'/>
</head>
<body>
  <div class='ocr_page' id='page_1' title='image "./operaomniaunovol00ciceuoft_1149.png"; bbox 0 0 1941 3052; ppageno 0'>
   <div class='ocr_carea' id='block_1_1' title="bbox 414 121 1078 149">
    <p class='ocr_par' dir='ltr' id='par_1_1' title="bbox 414 121 1078 149">
     <span class='ocr_line' id='line_1_1' title="bbox 414 121 1078 149; baseline 0 -1"><span class='ocrx_word' id='word_1_1' title='bbox 414 122 463 148; x_wconf 89' lang='lat' dir='ltr'>DE</span> <span class='ocrx_word' id='word_1_2' title='bbox 497 122 681 149; x_wconf 84' lang='lat' dir='ltr'><strong>NATURA</strong></span> <span class='ocrx_word' id='word_1_3' title='bbox 711 121 899 149; x_wconf 83' lang='lat' dir='ltr'><strong>DEORUM</strong></span> <span class='ocrx_word' id='word_1_4' title='bbox 930 122 1011 148; x_wconf 85' lang='lat' dir='ltr'>LIB.</span> <span class='ocrx_word' id='word_1_5' title='bbox 1042 122 1078 148; x_wconf 88' lang='lat' dir='ltr'>II.</span> 
     </span>
    </p>
   </div>
   <div class='ocr_carea' id='block_1_2' title="bbox 61 193 885 1762">
    <p class='ocr_par' dir='ltr' id='par_1_2' title="bbox 61 193 885 1762">
     <span class='ocr_line' id='line_1_2' title="bbox 64 193 860 229; baseline -0.004 -7"><span class='ocrx_word' id='word_1_6' title='bbox 64 201 107 222; x_wconf 92' lang='lat' dir='ltr'>tus</span> <span class='ocrx_word' id='word_1_7' title='bbox 118 193 297 229; x_wconf 80' lang='lat' dir='ltr'>amplificatur</span> <span class='ocrx_word' id='word_1_8' title='bbox 308 202 400 220; x_wconf 89' lang='lat' dir='ltr'>sonus.</span> <span class='ocrx_word' id='word_1_9' title='bbox 441 193 570 225; x_wconf 83' lang='lat' dir='ltr'>Quocirca</span> <span class='ocrx_word' id='word_1_10' title='bbox 587 194 650 220; x_wconf 87' lang='lat' dir='ltr'>etin</span> <span class='ocrx_word' id='word_1_11' title='bbox 664 193 764 220; x_wconf 85' lang='lat' dir='ltr'>fidibus</span> <span class='ocrx_word' id='word_1_12' title='bbox 776 197 860 220; x_wconf 86' lang='lat' dir='ltr'>testu-</span> 
     </span>
     <span class='ocr_line' id='line_1_3' title="bbox 64 230 860 259; baseline -0.004 0"><span class='ocrx_word' id='word_1_13' title='bbox 64 233 126 259; x_wconf 86' lang='lat' dir='ltr'><strong>dine</strong></span> <span class='ocrx_word' id='word_1_14' title='bbox 143 236 281 258; x_wconf 83' lang='lat' dir='ltr'><strong>resonatur</strong></span> <span class='ocrx_word' id='word_1_15' title='bbox 292 235 337 257; x_wconf 88' lang='lat' dir='ltr'>aut</span> <span class='ocrx_word' id='word_1_16' title='bbox 347 239 429 257; x_wconf 86' lang='lat' dir='ltr'>cornu</span> <span class='ocrx_word' id='word_1_17' title='bbox 441 235 467 257; x_wconf 86' lang='lat' dir='ltr'>et</span> <span class='ocrx_word' id='word_1_18' title='bbox 478 240 511 257; x_wconf 83' lang='lat' dir='ltr'>ex</span> <span class='ocrx_word' id='word_1_19' title='bbox 522 231 646 257; x_wconf 82' lang='lat' dir='ltr'>tortuosis</span> <span class='ocrx_word' id='word_1_20' title='bbox 659 231 723 257; x_wconf 88' lang='lat' dir='ltr'>locis</span> <span class='ocrx_word' id='word_1_21' title='bbox 735 235 761 257; x_wconf 91' lang='lat' dir='ltr'>et</span> <span class='ocrx_word' id='word_1_22' title='bbox 772 230 860 256; x_wconf 83' lang='lat' dir='ltr'>inelu-</span> 
     </span>
     <span class='ocr_line' id='line_1_4' title="bbox 64 268 858 302; baseline -0.003 -6"><span class='ocrx_word' id='word_1_23' title='bbox 64 271 102 296; x_wconf 86' lang='lat' dir='ltr'>sis</span> <span class='ocrx_word' id='word_1_24' title='bbox 113 270 172 296; x_wconf 89' lang='lat' dir='ltr'>soni</span> <span class='ocrx_word' id='word_1_25' title='bbox 187 268 339 295; x_wconf 87' lang='lat' dir='ltr'>referuntur</span> <span class='ocrx_word' id='word_1_26' title='bbox 355 268 509 302; x_wconf 88' lang='lat' dir='ltr'>ampliores.</span> <span class='ocrx_word' id='word_1_27' title='bbox 554 269 608 294; x_wconf 70' lang='lat'>145.</span> <span class='ocrx_word' id='word_1_28' title='bbox 630 268 760 294; x_wconf 76' lang='lat' dir='ltr'>Similiter</span> <span class='ocrx_word' id='word_1_29' title='bbox 772 276 858 298; x_wconf 76' lang='lat' dir='ltr'>nareS,</span> 
     </span>
     <span class='ocr_line' id='line_1_5' title="bbox 64 305 858 342; baseline -0.004 -9"><span class='ocrx_word' id='word_1_30' title='bbox 64 315 132 342; x_wconf 87' lang='lat' dir='ltr'>quae</span> <span class='ocrx_word' id='word_1_31' title='bbox 153 315 260 340; x_wconf 79' lang='lat' dir='ltr'>semper</span> <span class='ocrx_word' id='word_1_32' title='bbox 283 311 390 340; x_wconf 90' lang='lat' dir='ltr'>propter</span> <span class='ocrx_word' id='word_1_33' title='bbox 415 306 580 331; x_wconf 86' lang='lat' dir='ltr'>necessarias</span> <span class='ocrx_word' id='word_1_34' title='bbox 605 305 734 331; x_wconf 78' lang='lat' dir='ltr'>utilitates</span> <span class='ocrx_word' id='word_1_35' title='bbox 759 310 858 340; x_wconf 73' lang='lat' dir='ltr'>patent,</span> 
     </span>
     <span class='ocr_line' id='line_1_6' title="bbox 63 341 860 377; baseline -0.004 -7"><span class='ocrx_word' id='word_1_36' title='bbox 63 345 251 371; x_wconf 80' lang='lat' dir='ltr'>contractiores</span> <span class='ocrx_word' id='word_1_37' title='bbox 269 343 368 369; x_wconf 87' lang='lat' dir='ltr'>habent</span> <span class='ocrx_word' id='word_1_38' title='bbox 384 344 522 373; x_wconf 84' lang='lat' dir='ltr'>introitus,</span> <span class='ocrx_word' id='word_1_39' title='bbox 542 351 575 368; x_wconf 91' lang='lat' dir='ltr'>ne</span> <span class='ocrx_word' id='word_1_40' title='bbox 590 342 657 377; x_wconf 91' lang='lat' dir='ltr'>quid</span> <span class='ocrx_word' id='word_1_41' title='bbox 669 344 695 368; x_wconf 94' lang='lat' dir='ltr'>in</span> <span class='ocrx_word' id='word_1_42' title='bbox 711 352 770 373; x_wconf 85' lang='lat' dir='ltr'>eas,</span> <span class='ocrx_word' id='word_1_43' title='bbox 788 341 860 377; x_wconf 91' lang='lat' dir='ltr'>quod</span> 
     </span>
     <span class='ocr_line' id='line_1_7' title="bbox 64 380 858 416; baseline -0.004 -8"><span class='ocrx_word' id='word_1_44' title='bbox 64 386 165 412; x_wconf 85' lang='lat' dir='ltr'>noceat,</span> <span class='ocrx_word' id='word_1_45' title='bbox 175 380 421 416; x_wconf 81' lang='lat' dir='ltr'>possitpervadere.</span> <span class='ocrx_word' id='word_1_46' title='bbox 430 380 625 414; x_wconf 82' lang='lat' dir='ltr'>humoremque</span> <span class='ocrx_word' id='word_1_47' title='bbox 633 388 739 414; x_wconf 89' lang='lat' dir='ltr'>semper</span> <span class='ocrx_word' id='word_1_48' title='bbox 751 380 858 410; x_wconf 72' lang='lat' dir='ltr'>habeut,</span> 
     </span>
     <span class='ocr_line' id='line_1_8' title="bbox 63 416 859 453; baseline -0.003 -9"><span class='ocrx_word' id='word_1_49' title='bbox 63 419 97 445; x_wconf 90' lang='lat' dir='ltr'>ad</span> <span class='ocrx_word' id='word_1_50' title='bbox 112 418 253 453; x_wconf 88' lang='lat' dir='ltr'>pulverem</span> <span class='ocrx_word' id='word_1_51' title='bbox 269 417 408 452; x_wconf 85' lang='lat' dir='ltr'>multaque</span> <span class='ocrx_word' id='word_1_52' title='bbox 424 417 475 443; x_wconf 84' lang='lat' dir='ltr'>alia</span> <span class='ocrx_word' id='word_1_53' title='bbox 489 417 648 451; x_wconf 85' lang='lat' dir='ltr'>depellenda</span> <span class='ocrx_word' id='word_1_54' title='bbox 661 426 712 443; x_wconf 89' lang='lat' dir='ltr'>non</span> <span class='ocrx_word' id='word_1_55' title='bbox 726 416 859 443; x_wconf 88' lang='lat' dir='ltr'>inutilem.</span> 
     </span>
     <span class='ocr_line' id='line_1_9' title="bbox 64 455 883 490; baseline -0.004 -8"><span class='ocrx_word' id='word_1_56' title='bbox 64 456 193 483; x_wconf 81' lang='lat' dir='ltr'>Gustatus</span> <span class='ocrx_word' id='word_1_57' title='bbox 205 455 340 490; x_wconf 88' lang='lat' dir='ltr'>praeclare</span> <span class='ocrx_word' id='word_1_58' title='bbox 351 459 444 489; x_wconf 89' lang='lat' dir='ltr'>septus</span> <span class='ocrx_word' id='word_1_59' title='bbox 455 460 507 480; x_wconf 88' lang='lat' dir='ltr'>est:</span> <span class='ocrx_word' id='word_1_60' title='bbox 520 463 564 480; x_wconf 89' lang='lat' dir='ltr'>ore</span> <span class='ocrx_word' id='word_1_61' title='bbox 576 455 648 480; x_wconf 88' lang='lat' dir='ltr'>enim</span> <span class='ocrx_word' id='word_1_62' title='bbox 659 455 823 480; x_wconf 81' lang='lat' dir='ltr'>continetur:</span> <span class='ocrx_word' id='word_1_63' title='bbox 838 458 863 479; x_wconf 93' lang='lat' dir='ltr'>et</span> <span class='ocrx_word' id='word_1_64' title='bbox 882 461 883 476; x_wconf 62' lang='lat'>³</span> 
     </span>
     <span class='ocr_line' id='line_1_10' title="bbox 63 491 862 527; baseline -0.004 -8"><span class='ocrx_word' id='word_1_65' title='bbox 63 493 97 520; x_wconf 90' lang='lat' dir='ltr'>ad</span> <span class='ocrx_word' id='word_1_66' title='bbox 109 502 189 519; x_wconf 87' lang='lat' dir='ltr'>usum</span> <span class='ocrx_word' id='word_1_67' title='bbox 201 498 261 527; x_wconf 83' lang='lat' dir='ltr'>apte</span> <span class='ocrx_word' id='word_1_68' title='bbox 273 498 297 518; x_wconf 90' lang='lat' dir='ltr'>et</span> <span class='ocrx_word' id='word_1_69' title='bbox 309 492 341 518; x_wconf 91' lang='lat' dir='ltr'>ad</span> <span class='ocrx_word' id='word_1_70' title='bbox 354 492 547 518; x_wconf 82' lang='lat' dir='ltr'>incolumitatis</span> <span class='ocrx_word' id='word_1_71' title='bbox 561 492 721 517; x_wconf 86' lang='lat' dir='ltr'>custodiam.</span> <span class='ocrx_word' id='word_1_72' title='bbox 752 491 862 517; x_wconf 88' lang='lat' dir='ltr'>Omnis-</span> 
     </span>
     <span class='ocr_line' id='line_1_11' title="bbox 63 529 863 565; baseline -0.004 -8"><span class='ocrx_word' id='word_1_73' title='bbox 63 539 116 565; x_wconf 88' lang='lat' dir='ltr'>que</span> <span class='ocrx_word' id='word_1_74' title='bbox 129 540 225 557; x_wconf 90' lang='lat' dir='ltr'>sensus</span> <span class='ocrx_word' id='word_1_75' title='bbox 238 530 378 557; x_wconf 87' lang='lat' dir='ltr'>hominum</span> <span class='ocrx_word' id='word_1_76' title='bbox 391 529 474 555; x_wconf 86' lang='lat' dir='ltr'>multo</span> <span class='ocrx_word' id='word_1_77' title='bbox 489 529 863 555; x_wconf 83' lang='lat' dir='ltr'>antecellitsensibusbestia-</span> 
     </span>
     <span class='ocr_line' id='line_1_12' title="bbox 64 566 885 603; baseline -0.004 -9"><span class='ocrx_word' id='word_1_78' title='bbox 64 577 134 594; x_wconf 89' lang='lat' dir='ltr'>rum.</span> <span class='ocrx_word' id='word_1_79' title='bbox 176 569 262 594; x_wconf 82' lang='lat' dir='ltr'>LVIII.</span> <span class='ocrx_word' id='word_1_80' title='bbox 283 568 404 593; x_wconf 85' lang='lat' dir='ltr'>Primum</span> <span class='ocrx_word' id='word_1_81' title='bbox 416 567 488 592; x_wconf 90' lang='lat' dir='ltr'>enim</span> <span class='ocrx_word' id='word_1_82' title='bbox 499 566 571 592; x_wconf 86' lang='lat' dir='ltr'>oculi</span> <span class='ocrx_word' id='word_1_83' title='bbox 583 567 610 592; x_wconf 87' lang='lat' dir='ltr'>in</span> <span class='ocrx_word' id='word_1_84' title='bbox 623 567 656 592; x_wconf 91' lang='lat' dir='ltr'>iis</span> <span class='ocrx_word' id='word_1_85' title='bbox 668 567 781 596; x_wconf 84' lang='lat' dir='ltr'>artibus,</span> <span class='ocrx_word' id='word_1_86' title='bbox 795 574 863 600; x_wconf 87' lang='lat' dir='ltr'>qua-</span> <span class='ocrx_word' id='word_1_87' title='bbox 883 598 885 603; x_wconf 47' lang='lat'>‚</span> 
     </span>
     <span class='ocr_line' id='line_1_13' title="bbox 64 603 863 638; baseline -0.005 -6"><span class='ocrx_word' id='word_1_88' title='bbox 64 614 124 632; x_wconf 88' lang='lat' dir='ltr'>rum</span> <span class='ocrx_word' id='word_1_89' title='bbox 136 605 267 631; x_wconf 86' lang='lat' dir='ltr'>iudicium</span> <span class='ocrx_word' id='word_1_90' title='bbox 280 610 320 631; x_wconf 90' lang='lat' dir='ltr'>est</span> <span class='ocrx_word' id='word_1_91' title='bbox 329 604 483 634; x_wconf 74' lang='lat' dir='ltr'>oculorum,</span> <span class='ocrx_word' id='word_1_92' title='bbox 502 604 528 629; x_wconf 89' lang='lat' dir='ltr'>in</span> <span class='ocrx_word' id='word_1_93' title='bbox 544 604 636 638; x_wconf 85' lang='lat' dir='ltr'>pictis,</span> <span class='ocrx_word' id='word_1_94' title='bbox 656 603 724 630; x_wconf 82' lang='lat' dir='ltr'>fictis</span> <span class='ocrx_word' id='word_1_95' title='bbox 740 603 863 629; x_wconf 88' lang='lat' dir='ltr'>caelatis—</span> 
     </span>
     <span class='ocr_line' id='line_1_14' title="bbox 63 642 861 678; baseline -0.004 -10"><span class='ocrx_word' id='word_1_96' title='bbox 63 652 116 678; x_wconf 85' lang='lat' dir='ltr'>que</span> <span class='ocrx_word' id='word_1_97' title='bbox 133 642 239 673; x_wconf 89' lang='lat' dir='ltr'>formis,</span> <span class='ocrx_word' id='word_1_98' title='bbox 263 643 290 668; x_wconf 89' lang='lat' dir='ltr'>in</span> <span class='ocrx_word' id='word_1_99' title='bbox 305 650 446 676; x_wconf 87' lang='lat' dir='ltr'>corporum</span> <span class='ocrx_word' id='word_1_100' title='bbox 463 642 542 667; x_wconf 89' lang='lat' dir='ltr'>etiam</span> <span class='ocrx_word' id='word_1_101' title='bbox 559 642 675 667; x_wconf 85' lang='lat' dir='ltr'>motione</span> <span class='ocrx_word' id='word_1_102' title='bbox 690 646 770 675; x_wconf 89' lang='lat' dir='ltr'>atque</span> <span class='ocrx_word' id='word_1_103' title='bbox 784 644 861 675; x_wconf 87' lang='lat' dir='ltr'>gestu</span> 
     </span>
     <span class='ocr_line' id='line_1_15' title="bbox 64 678 861 713; baseline -0.005 -7"><span class='ocrx_word' id='word_1_104' title='bbox 64 680 148 706; x_wconf 88' lang='lat' dir='ltr'>multa</span> <span class='ocrx_word' id='word_1_105' title='bbox 159 685 273 706; x_wconf 87' lang='lat' dir='ltr'>cernunt</span> <span class='ocrx_word' id='word_1_106' title='bbox 283 679 426 711; x_wconf 84' lang='lat' dir='ltr'>subtilius;</span> <span class='ocrx_word' id='word_1_107' title='bbox 445 679 564 705; x_wconf 91' lang='lat' dir='ltr'>colorum</span> <span class='ocrx_word' id='word_1_108' title='bbox 581 679 660 704; x_wconf 87' lang='lat' dir='ltr'>etiam</span> <span class='ocrx_word' id='word_1_109' title='bbox 677 683 702 704; x_wconf 87' lang='lat' dir='ltr'>et</span> <span class='ocrx_word' id='word_1_110' title='bbox 714 678 861 713; x_wconf 84' lang='lat' dir='ltr'>figurarum</span> 
     </span>
     <span class='ocr_line' id='line_1_16' title="bbox 64 714 862 751; baseline -0.005 -7"><span class='ocrx_word' id='word_1_111' title='bbox 64 722 121 744; x_wconf 89' lang='lat' dir='ltr'>tum</span> <span class='ocrx_word' id='word_1_112' title='bbox 134 722 301 744; x_wconf 82' lang='lat' dir='ltr'>venustatem</span> <span class='ocrx_word' id='word_1_113' title='bbox 317 722 396 751; x_wconf 88' lang='lat' dir='ltr'>atque</span> <span class='ocrx_word' id='word_1_114' title='bbox 408 716 529 742; x_wconf 87' lang='lat' dir='ltr'>ordinem</span> <span class='ocrx_word' id='word_1_115' title='bbox 544 720 582 746; x_wconf 81' lang='lat' dir='ltr'>et,</span> <span class='ocrx_word' id='word_1_116' title='bbox 602 720 631 741; x_wconf 90' lang='lat' dir='ltr'>ut</span> <span class='ocrx_word' id='word_1_117' title='bbox 642 716 677 741; x_wconf 88' lang='lat' dir='ltr'>ita</span> <span class='ocrx_word' id='word_1_118' title='bbox 689 715 791 746; x_wconf 89' lang='lat' dir='ltr'>dicam,</span> <span class='ocrx_word' id='word_1_119' title='bbox 815 714 862 740; x_wconf 89' lang='lat' dir='ltr'>de-</span> 
     </span>
     <span class='ocr_line' id='line_1_17' title="bbox 63 752 862 788; baseline -0.005 -7"><span class='ocrx_word' id='word_1_120' title='bbox 63 756 178 781; x_wconf 85' lang='lat' dir='ltr'>centiam</span> <span class='ocrx_word' id='word_1_121' title='bbox 193 754 264 781; x_wconf 86' lang='lat' dir='ltr'>oculi</span> <span class='ocrx_word' id='word_1_122' title='bbox 278 754 411 780; x_wconf 89' lang='lat' dir='ltr'>iudicant.</span> <span class='ocrx_word' id='word_1_123' title='bbox 424 758 503 788; x_wconf 89' lang='lat' dir='ltr'>atque</span> <span class='ocrx_word' id='word_1_124' title='bbox 515 754 595 779; x_wconf 90' lang='lat' dir='ltr'>etiam</span> <span class='ocrx_word' id='word_1_125' title='bbox 607 752 658 778; x_wconf 89' lang='lat' dir='ltr'>alia</span> <span class='ocrx_word' id='word_1_126' title='bbox 666 753 776 778; x_wconf 90' lang='lat' dir='ltr'>maiora.</span> <span class='ocrx_word' id='word_1_127' title='bbox 794 753 862 777; x_wconf 88' lang='lat' dir='ltr'>Nam</span> 
     </span>
     <span class='ocr_line' id='line_1_18' title="bbox 63 789 862 827; baseline -0.005 -9"><span class='ocrx_word' id='word_1_128' title='bbox 63 797 89 819; x_wconf 90' lang='lat' dir='ltr'>et</span> <span class='ocrx_word' id='word_1_129' title='bbox 101 794 213 819; x_wconf 90' lang='lat' dir='ltr'>virtutes</span> <span class='ocrx_word' id='word_1_130' title='bbox 224 797 249 818; x_wconf 90' lang='lat' dir='ltr'>et</span> <span class='ocrx_word' id='word_1_131' title='bbox 260 792 324 818; x_wconf 88' lang='lat' dir='ltr'>vitia</span> <span class='ocrx_word' id='word_1_132' title='bbox 335 795 514 827; x_wconf 82' lang='lat' dir='ltr'>cognoscunt:</span> <span class='ocrx_word' id='word_1_133' title='bbox 528 791 625 816; x_wconf 88' lang='lat' dir='ltr'>iratum</span> <span class='ocrx_word' id='word_1_134' title='bbox 637 790 793 824; x_wconf 80' lang='lat' dir='ltr'>propitium,</span> <span class='ocrx_word' id='word_1_135' title='bbox 808 789 862 814; x_wconf 88' lang='lat' dir='ltr'>lae-</span> 
     </span>
     <span class='ocr_line' id='line_1_19' title="bbox 64 827 862 863; baseline -0.005 -7"><span class='ocrx_word' id='word_1_136' title='bbox 64 834 162 856; x_wconf 89' lang='lat' dir='ltr'>tantem</span> <span class='ocrx_word' id='word_1_137' title='bbox 175 829 318 859; x_wconf 81' lang='lat' dir='ltr'>dolentem,</span> <span class='ocrx_word' id='word_1_138' title='bbox 328 828 422 855; x_wconf 87' lang='lat' dir='ltr'>fortem</span> <span class='ocrx_word' id='word_1_139' title='bbox 435 829 573 863; x_wconf 84' lang='lat' dir='ltr'>ignavum,</span> <span class='ocrx_word' id='word_1_140' title='bbox 583 827 712 853; x_wconf 80' lang='lat' dir='ltr'>audacem</span> <span class='ocrx_word' id='word_1_141' title='bbox 720 827 862 853; x_wconf 88' lang='lat' dir='ltr'>timidum-</span> 
     </span>
     <span class='ocr_line' id='line_1_20' title="bbox 63 864 862 902; baseline -0.005 -9"><span class='ocrx_word' id='word_1_142' title='bbox 63 876 116 902; x_wconf 89' lang='lat' dir='ltr'>que</span> <span class='ocrx_word' id='word_1_143' title='bbox 130 871 304 902; x_wconf 87' lang='lat' dir='ltr'>cognoscunt.</span> <span class='ocrx_word' id='word_1_144' title='bbox 347 867 403 892; x_wconf 69' lang='lat'>⁴46.</span> <span class='ocrx_word' id='word_1_145' title='bbox 425 865 595 899; x_wconf 82' lang='lat' dir='ltr'>Auriumque</span> <span class='ocrx_word' id='word_1_146' title='bbox 612 865 675 890; x_wconf 90' lang='lat' dir='ltr'>item</span> <span class='ocrx_word' id='word_1_147' title='bbox 691 869 731 890; x_wconf 86' lang='lat' dir='ltr'>est</span> <span class='ocrx_word' id='word_1_148' title='bbox 744 864 862 890; x_wconf 88' lang='lat' dir='ltr'>admira-</span> 
     </span>
     <span class='ocr_line' id='line_1_21' title="bbox 63 901 862 939; baseline -0.005 -8"><span class='ocrx_word' id='word_1_149' title='bbox 63 905 118 931; x_wconf 82' lang='lat' dir='ltr'>bile</span> <span class='ocrx_word' id='word_1_150' title='bbox 129 904 265 939; x_wconf 88' lang='lat' dir='ltr'>quoddam</span> <span class='ocrx_word' id='word_1_151' title='bbox 277 903 506 937; x_wconf 78' lang='lat' dir='ltr'>artificiosumque</span> <span class='ocrx_word' id='word_1_152' title='bbox 523 902 669 933; x_wconf 84' lang='lat' dir='ltr'>iudicium,</span> <span class='ocrx_word' id='word_1_153' title='bbox 687 910 741 936; x_wconf 92' lang='lat' dir='ltr'>quo</span> <span class='ocrx_word' id='word_1_154' title='bbox 758 901 862 927; x_wconf 89' lang='lat' dir='ltr'>iudica—</span> 
     </span>
     <span class='ocr_line' id='line_1_22' title="bbox 63 939 861 974; baseline -0.005 -6"><span class='ocrx_word' id='word_1_155' title='bbox 63 947 106 968; x_wconf 90' lang='lat' dir='ltr'>tur</span> <span class='ocrx_word' id='word_1_156' title='bbox 116 942 180 968; x_wconf 90' lang='lat' dir='ltr'>etin</span> <span class='ocrx_word' id='word_1_157' title='bbox 195 942 283 972; x_wconf 81' lang='lat' dir='ltr'>vocis,</span> <span class='ocrx_word' id='word_1_158' title='bbox 301 946 326 967; x_wconf 84' lang='lat' dir='ltr'>et</span> <span class='ocrx_word' id='word_1_159' title='bbox 344 941 368 966; x_wconf 93' lang='lat' dir='ltr'>in</span> <span class='ocrx_word' id='word_1_160' title='bbox 386 940 513 966; x_wconf 88' lang='lat' dir='ltr'>tibiarum</span> <span class='ocrx_word' id='word_1_161' title='bbox 526 948 725 974; x_wconf 82' lang='lat' dir='ltr'>nervorumque</span> <span class='ocrx_word' id='word_1_162' title='bbox 736 939 861 965; x_wconf 84' lang='lat' dir='ltr'>cantibus</span> 
     </span>
     <span class='ocr_line' id='line_1_23' title="bbox 63 977 862 1011; baseline -0.004 -6"><span class='ocrx_word' id='word_1_163' title='bbox 63 980 178 1005; x_wconf 87' lang='lat' dir='ltr'>varietas</span> <span class='ocrx_word' id='word_1_164' title='bbox 189 987 325 1007; x_wconf 81' lang='lat' dir='ltr'>sonorum.</span> <span class='ocrx_word' id='word_1_165' title='bbox 340 977 489 1008; x_wconf 88' lang='lat' dir='ltr'>intervalla,</span> <span class='ocrx_word' id='word_1_166' title='bbox 502 977 641 1003; x_wconf 90' lang='lat' dir='ltr'>distinctio</span> <span class='ocrx_word' id='word_1_167' title='bbox 655 981 681 1003; x_wconf 88' lang='lat' dir='ltr'>et</span> <span class='ocrx_word' id='word_1_168' title='bbox 694 977 767 1003; x_wconf 89' lang='lat' dir='ltr'>vocis</span> <span class='ocrx_word' id='word_1_169' title='bbox 778 985 862 1011; x_wconf 84' lang='lat' dir='ltr'>gene-</span> 
     </span>
     <span class='ocr_line' id='line_1_24' title="bbox 62 1014 862 1051; baseline -0.004 -8"><span class='ocrx_word' id='word_1_170' title='bbox 62 1025 90 1043; x_wconf 82' lang='lat' dir='ltr'>ra</span> <span class='ocrx_word' id='word_1_171' title='bbox 101 1016 248 1051; x_wconf 87' lang='lat' dir='ltr'>permulta:</span> <span class='ocrx_word' id='word_1_172' title='bbox 261 1015 427 1042; x_wconf 85' lang='lat' dir='ltr'>candidum*</span> <span class='ocrx_word' id='word_1_173' title='bbox 440 1014 556 1045; x_wconf 89' lang='lat' dir='ltr'>fuscum,</span> <span class='ocrx_word' id='word_1_174' title='bbox 566 1014 624 1040; x_wconf 88' lang='lat' dir='ltr'>leve</span> <span class='ocrx_word' id='word_1_175' title='bbox 636 1023 771 1049; x_wconf 89' lang='lat' dir='ltr'>asperum,</span> <span class='ocrx_word' id='word_1_176' title='bbox 780 1022 862 1050; x_wconf 85' lang='lat' dir='ltr'>grave</span> 
     </span>
     <span class='ocr_line' id='line_1_25' title="bbox 63 1051 863 1087; baseline -0.004 -7"><span class='ocrx_word' id='word_1_177' title='bbox 63 1059 185 1085; x_wconf 79' lang='lat' dir='ltr'>acutum,</span> <span class='ocrx_word' id='word_1_178' title='bbox 201 1053 320 1080; x_wconf 77' lang='lat' dir='ltr'>flexibile</span> <span class='ocrx_word' id='word_1_179' title='bbox 337 1053 449 1085; x_wconf 80' lang='lat' dir='ltr'>durum3</span> <span class='ocrx_word' id='word_1_180' title='bbox 468 1061 537 1087; x_wconf 88' lang='lat' dir='ltr'>quae</span> <span class='ocrx_word' id='word_1_181' title='bbox 554 1052 695 1078; x_wconf 86' lang='lat' dir='ltr'>hominum</span> <span class='ocrx_word' id='word_1_182' title='bbox 709 1051 798 1078; x_wconf 88' lang='lat' dir='ltr'>solum</span> <span class='ocrx_word' id='word_1_183' title='bbox 814 1060 863 1077; x_wconf 92' lang='lat' dir='ltr'>au—</span> 
     </span>
     <span class='ocr_line' id='line_1_26' title="bbox 62 1089 863 1125; baseline -0.002 -8"><span class='ocrx_word' id='word_1_184' title='bbox 62 1092 138 1117; x_wconf 92' lang='lat' dir='ltr'>ribus</span> <span class='ocrx_word' id='word_1_185' title='bbox 151 1091 314 1117; x_wconf 89' lang='lat' dir='ltr'>iudicantur.</span> <span class='ocrx_word' id='word_1_186' title='bbox 355 1091 521 1124; x_wconf 84' lang='lat' dir='ltr'>Nariumque</span> <span class='ocrx_word' id='word_1_187' title='bbox 535 1090 597 1115; x_wconf 90' lang='lat' dir='ltr'>item</span> <span class='ocrx_word' id='word_1_188' title='bbox 609 1094 635 1116; x_wconf 84' lang='lat' dir='ltr'>et</span> <span class='ocrx_word' id='word_1_189' title='bbox 648 1089 775 1125; x_wconf 82' lang='lat' dir='ltr'>gustandi</span> <span class='ocrx_word' id='word_1_190' title='bbox 790 1090 863 1124; x_wconf 87' lang='lat' dir='ltr'>pari-</span> 
     </span>
     <span class='ocr_line' id='line_1_27' title="bbox 62 1127 862 1164; baseline -0.004 -9"><span class='ocrx_word' id='word_1_191' title='bbox 62 1134 102 1155; x_wconf 90' lang='lat' dir='ltr'>ter</span> <span class='ocrx_word' id='word_1_192' title='bbox 117 1134 142 1155; x_wconf 89' lang='lat' dir='ltr'>et</span> <span class='ocrx_word' id='word_1_193' title='bbox 156 1128 284 1164; x_wconf 84' lang='lat' dir='ltr'>tangendi</span> <span class='ocrx_word' id='word_1_194' title='bbox 299 1136 395 1163; x_wconf 83' lang='lat' dir='ltr'>magna</span> <span class='ocrx_word' id='word_1_195' title='bbox 408 1127 508 1154; x_wconf 91' lang='lat' dir='ltr'>iudicia</span> <span class='ocrx_word' id='word_1_196' title='bbox 519 1131 592 1153; x_wconf 86' lang='lat' dir='ltr'>sunt.</span> <span class='ocrx_word' id='word_1_197' title='bbox 633 1127 674 1153; x_wconf 83' lang='lat' dir='ltr'>Ad</span> <span class='ocrx_word' id='word_1_198' title='bbox 685 1135 753 1161; x_wconf 89' lang='lat' dir='ltr'>quos</span> <span class='ocrx_word' id='word_1_199' title='bbox 765 1136 862 1153; x_wconf 88' lang='lat' dir='ltr'>sensus</span> 
     </span>
     <span class='ocr_line' id='line_1_28' title="bbox 62 1164 860 1201; baseline -0.003 -9"><span class='ocrx_word' id='word_1_200' title='bbox 62 1166 207 1201; x_wconf 90' lang='lat' dir='ltr'>capiendos</span> <span class='ocrx_word' id='word_1_201' title='bbox 219 1171 244 1192; x_wconf 89' lang='lat' dir='ltr'>et</span> <span class='ocrx_word' id='word_1_202' title='bbox 256 1165 432 1200; x_wconf 89' lang='lat' dir='ltr'>perfruendos</span> <span class='ocrx_word' id='word_1_203' title='bbox 444 1164 535 1199; x_wconf 90' lang='lat' dir='ltr'>plures</span> <span class='ocrx_word' id='word_1_204' title='bbox 547 1165 642 1195; x_wconf 89' lang='lat' dir='ltr'>etiam,</span> <span class='ocrx_word' id='word_1_205' title='bbox 658 1173 740 1199; x_wconf 90' lang='lat' dir='ltr'>quam</span> <span class='ocrx_word' id='word_1_206' title='bbox 752 1164 860 1196; x_wconf 84' lang='lat' dir='ltr'>vellem,</span> 
     </span>
     <span class='ocr_line' id='line_1_29' title="bbox 62 1203 864 1238; baseline -0.002 -9"><span class='ocrx_word' id='word_1_207' title='bbox 62 1209 131 1230; x_wconf 85' lang='lat' dir='ltr'>artes</span> <span class='ocrx_word' id='word_1_208' title='bbox 143 1208 262 1238; x_wconf 85' lang='lat' dir='ltr'>repertae</span> <span class='ocrx_word' id='word_1_209' title='bbox 275 1208 348 1229; x_wconf 92' lang='lat' dir='ltr'>sunt.</span> <span class='ocrx_word' id='word_1_210' title='bbox 390 1203 566 1237; x_wconf 88' lang='lat' dir='ltr'>Perspicuum</span> <span class='ocrx_word' id='word_1_211' title='bbox 578 1206 618 1228; x_wconf 87' lang='lat' dir='ltr'>est</span> <span class='ocrx_word' id='word_1_212' title='bbox 628 1203 710 1232; x_wconf 82' lang='lat' dir='ltr'>enim,</span> <span class='ocrx_word' id='word_1_213' title='bbox 724 1211 778 1236; x_wconf 91' lang='lat' dir='ltr'>quo</span> <span class='ocrx_word' id='word_1_214' title='bbox 789 1211 864 1228; x_wconf 89' lang='lat' dir='ltr'>com-</span> 
     </span>
     <span class='ocr_line' id='line_1_30' title="bbox 62 1239 860 1277; baseline -0.003 -10"><span class='ocrx_word' id='word_1_215' title='bbox 62 1242 208 1276; x_wconf 88' lang='lat' dir='ltr'>positiones</span> <span class='ocrx_word' id='word_1_216' title='bbox 230 1245 442 1277; x_wconf 84' lang='lat' dir='ltr'>unguentorum,</span> <span class='ocrx_word' id='word_1_217' title='bbox 465 1248 519 1274; x_wconf 89' lang='lat' dir='ltr'>quo</span> <span class='ocrx_word' id='word_1_218' title='bbox 541 1239 663 1266; x_wconf 90' lang='lat' dir='ltr'>ciborum</span> <span class='ocrx_word' id='word_1_219' title='bbox 683 1239 860 1271; x_wconf 88' lang='lat' dir='ltr'>conditiones,</span> 
     </span>
     <span class='ocr_line' id='line_1_31' title="bbox 62 1277 863 1313; baseline -0.004 -8"><span class='ocrx_word' id='word_1_220' title='bbox 62 1288 116 1313; x_wconf 90' lang='lat' dir='ltr'>quo</span> <span class='ocrx_word' id='word_1_221' title='bbox 126 1287 268 1313; x_wconf 89' lang='lat' dir='ltr'>corporum</span> <span class='ocrx_word' id='word_1_222' title='bbox 281 1278 412 1304; x_wconf 85' lang='lat' dir='ltr'>lenocinia</span> <span class='ocrx_word' id='word_1_223' title='bbox 425 1278 613 1312; x_wconf 82' lang='lat' dir='ltr'>processerint.</span> <span class='ocrx_word' id='word_1_224' title='bbox 655 1277 723 1303; x_wconf 84' lang='lat' dir='ltr'>LIX.</span> <span class='ocrx_word' id='word_1_225' title='bbox 739 1278 794 1303; x_wconf 71' lang='lat'>⁴47.</span> <span class='ocrx_word' id='word_1_226' title='bbox 810 1278 863 1303; x_wconf 89' lang='lat' dir='ltr'>Iam</span> 
     </span>
     <span class='ocr_line' id='line_1_32' title="bbox 62 1315 860 1350; baseline -0.003 -8"><span class='ocrx_word' id='word_1_227' title='bbox 62 1325 125 1342; x_wconf 90' lang='lat' dir='ltr'>vero</span> <span class='ocrx_word' id='word_1_228' title='bbox 137 1317 259 1342; x_wconf 85' lang='lat' dir='ltr'>animum</span> <span class='ocrx_word' id='word_1_229' title='bbox 273 1316 364 1350; x_wconf 88' lang='lat' dir='ltr'>ipsum</span> <span class='ocrx_word' id='word_1_230' title='bbox 382 1320 553 1350; x_wconf 83' lang='lat' dir='ltr'>mentemque</span> <span class='ocrx_word' id='word_1_231' title='bbox 571 1315 702 1345; x_wconf 85' lang='lat' dir='ltr'>hominis,</span> <span class='ocrx_word' id='word_1_232' title='bbox 721 1315 860 1345; x_wconf 85' lang='lat' dir='ltr'>rationem,</span> 
     </span>
     <span class='ocr_line' id='line_1_33' title="bbox 61 1352 863 1388; baseline -0.002 -8"><span class='ocrx_word' id='word_1_233' title='bbox 61 1353 219 1384; x_wconf 81' lang='lat' dir='ltr'>consitium,</span> <span class='ocrx_word' id='word_1_234' title='bbox 241 1353 412 1388; x_wconf 83' lang='lat' dir='ltr'>prudentiam</span> <span class='ocrx_word' id='word_1_235' title='bbox 427 1353 475 1387; x_wconf 90' lang='lat' dir='ltr'>qui</span> <span class='ocrx_word' id='word_1_236' title='bbox 491 1362 542 1379; x_wconf 91' lang='lat' dir='ltr'>non</span> <span class='ocrx_word' id='word_1_237' title='bbox 557 1352 650 1379; x_wconf 86' lang='lat' dir='ltr'>divina</span> <span class='ocrx_word' id='word_1_238' title='bbox 667 1361 730 1378; x_wconf 89' lang='lat' dir='ltr'>cura</span> <span class='ocrx_word' id='word_1_239' title='bbox 747 1352 863 1387; x_wconf 85' lang='lat' dir='ltr'>perfecta</span> 
     </span>
     <span class='ocr_line' id='line_1_34' title="bbox 61 1390 861 1425; baseline -0.003 -8"><span class='ocrx_word' id='word_1_240' title='bbox 61 1399 120 1417; x_wconf 89' lang='lat' dir='ltr'>esse</span> <span class='ocrx_word' id='word_1_241' title='bbox 133 1391 274 1425; x_wconf 79' lang='lat' dir='ltr'>perspicit,</span> <span class='ocrx_word' id='word_1_242' title='bbox 294 1391 317 1416; x_wconf 90' lang='lat' dir='ltr'>is</span> <span class='ocrx_word' id='word_1_243' title='bbox 334 1391 375 1416; x_wconf 84' lang='lat' dir='ltr'>liis</span> <span class='ocrx_word' id='word_1_244' title='bbox 391 1391 458 1425; x_wconf 89' lang='lat' dir='ltr'>ipsis</span> <span class='ocrx_word' id='word_1_245' title='bbox 470 1390 551 1416; x_wconf 89' lang='lat' dir='ltr'>rebus</span> <span class='ocrx_word' id='word_1_246' title='bbox 563 1390 631 1416; x_wconf 83' lang='lat' dir='ltr'>milii</span> <span class='ocrx_word' id='word_1_247' title='bbox 644 1390 751 1416; x_wconf 87' lang='lat' dir='ltr'>videtur</span> <span class='ocrx_word' id='word_1_248' title='bbox 762 1398 861 1416; x_wconf 87' lang='lat' dir='ltr'>carere.</span> 
     </span>
     <span class='ocr_line' id='line_1_35' title="bbox 61 1427 864 1463; baseline 0 -9"><span class='ocrx_word' id='word_1_249' title='bbox 61 1430 97 1455; x_wconf 91' lang='lat' dir='ltr'>De</span> <span class='ocrx_word' id='word_1_250' title='bbox 108 1437 162 1463; x_wconf 92' lang='lat' dir='ltr'>quo</span> <span class='ocrx_word' id='word_1_251' title='bbox 173 1428 239 1454; x_wconf 89' lang='lat' dir='ltr'>dum</span> <span class='ocrx_word' id='word_1_252' title='bbox 251 1428 429 1463; x_wconf 84' lang='lat' dir='ltr'>disputarem,</span> <span class='ocrx_word' id='word_1_253' title='bbox 444 1433 517 1454; x_wconf 85' lang='lat' dir='ltr'>tuam</span> <span class='ocrx_word' id='word_1_254' title='bbox 531 1427 598 1454; x_wconf 84' lang='lat' dir='ltr'>milii</span> <span class='ocrx_word' id='word_1_255' title='bbox 610 1427 668 1453; x_wconf 87' lang='lat' dir='ltr'>dari</span> <span class='ocrx_word' id='word_1_256' title='bbox 681 1427 788 1458; x_wconf 84' lang='lat' dir='ltr'>vellem,</span> <span class='ocrx_word' id='word_1_257' title='bbox 803 1428 864 1454; x_wconf 87' lang='lat' dir='ltr'>Cot-</span> 
     </span>
     <span class='ocr_line' id='line_1_36' title="bbox 61 1465 860 1501; baseline -0.003 -9"><span class='ocrx_word' id='word_1_258' title='bbox 61 1471 95 1497; x_wconf 89' lang='lat' dir='ltr'>ta,</span> <span class='ocrx_word' id='word_1_259' title='bbox 119 1465 311 1501; x_wconf 84' lang='lat' dir='ltr'>eloquentiam.</span> <span class='ocrx_word' id='word_1_260' title='bbox 351 1466 410 1497; x_wconf 84' lang='lat' dir='ltr'>Quo</span> <span class='ocrx_word' id='word_1_261' title='bbox 434 1466 506 1491; x_wconf 88' lang='lat' dir='ltr'>enim</span> <span class='ocrx_word' id='word_1_262' title='bbox 528 1470 556 1492; x_wconf 87' lang='lat' dir='ltr'>tu</span> <span class='ocrx_word' id='word_1_263' title='bbox 579 1465 623 1491; x_wconf 82' lang='lat' dir='ltr'>illa</span> <span class='ocrx_word' id='word_1_264' title='bbox 645 1465 723 1491; x_wconf 90' lang='lat' dir='ltr'>modo</span> <span class='ocrx_word' id='word_1_265' title='bbox 744 1465 860 1491; x_wconf 82' lang='lat' dir='ltr'>diceres!</span> 
     </span>
     <span class='ocr_line' id='line_1_37' title="bbox 61 1502 862 1538; baseline -0.001 -9"><span class='ocrx_word' id='word_1_266' title='bbox 61 1504 165 1536; x_wconf 85' lang='lat' dir='ltr'>Quanta</span> <span class='ocrx_word' id='word_1_267' title='bbox 182 1504 302 1538; x_wconf 90' lang='lat' dir='ltr'>primum</span> <span class='ocrx_word' id='word_1_268' title='bbox 317 1503 510 1538; x_wconf 75' lang='lat' dir='ltr'>intelligentia!</span> <span class='ocrx_word' id='word_1_269' title='bbox 527 1502 626 1529; x_wconf 84' lang='lat' dir='ltr'>deinde</span> <span class='ocrx_word' id='word_1_270' title='bbox 637 1504 862 1538; x_wconf 84' lang='lat' dir='ltr'>consequentium</span> 
     </span>
     <span class='ocr_line' id='line_1_38' title="bbox 62 1541 865 1575; baseline -0.001 -8"><span class='ocrx_word' id='word_1_271' title='bbox 62 1550 151 1567; x_wconf 83' lang='lat' dir='ltr'>rerum</span> <span class='ocrx_word' id='word_1_272' title='bbox 172 1549 234 1567; x_wconf 92' lang='lat' dir='ltr'>cum</span> <span class='ocrx_word' id='word_1_273' title='bbox 251 1541 347 1575; x_wconf 87' lang='lat' dir='ltr'>primis</span> <span class='ocrx_word' id='word_1_274' title='bbox 363 1541 516 1567; x_wconf 86' lang='lat' dir='ltr'>coniunctio</span> <span class='ocrx_word' id='word_1_275' title='bbox 532 1545 558 1566; x_wconf 92' lang='lat' dir='ltr'>et</span> <span class='ocrx_word' id='word_1_276' title='bbox 572 1541 777 1574; x_wconf 83' lang='lat' dir='ltr'>comprehensio</span> <span class='ocrx_word' id='word_1_277' title='bbox 794 1545 865 1567; x_wconf 88' lang='lat' dir='ltr'>essct</span> 
     </span>
     <span class='ocr_line' id='line_1_39' title="bbox 62 1577 863 1613; baseline 0 -9"><span class='ocrx_word' id='word_1_278' title='bbox 62 1579 88 1604; x_wconf 91' lang='lat' dir='ltr'>in</span> <span class='ocrx_word' id='word_1_279' title='bbox 102 1578 193 1609; x_wconf 85' lang='lat' dir='ltr'>nobis,</span> <span class='ocrx_word' id='word_1_280' title='bbox 211 1586 245 1604; x_wconf 84' lang='lat' dir='ltr'>ex</span> <span class='ocrx_word' id='word_1_281' title='bbox 255 1586 309 1613; x_wconf 87' lang='lat' dir='ltr'>quo</span> <span class='ocrx_word' id='word_1_282' title='bbox 321 1577 461 1609; x_wconf 87' lang='lat' dir='ltr'>videlicet,</span> <span class='ocrx_word' id='word_1_283' title='bbox 479 1578 547 1612; x_wconf 89' lang='lat' dir='ltr'>quid</span> <span class='ocrx_word' id='word_1_284' title='bbox 563 1586 597 1604; x_wconf 80' lang='lat' dir='ltr'>ex</span> <span class='ocrx_word' id='word_1_285' title='bbox 612 1578 770 1613; x_wconf 84' lang='lat' dir='ltr'>quibusque</span> <span class='ocrx_word' id='word_1_286' title='bbox 783 1578 863 1604; x_wconf 88' lang='lat' dir='ltr'>rebus</span> 
     </span>
     <span class='ocr_line' id='line_1_40' title="bbox 61 1615 864 1651; baseline 0 -10"><span class='ocrx_word' id='word_1_287' title='bbox 61 1615 207 1646; x_wconf 83' lang='lat' dir='ltr'>efficiatur,</span> <span class='ocrx_word' id='word_1_288' title='bbox 226 1615 308 1650; x_wconf 91' lang='lat' dir='ltr'>idque</span> <span class='ocrx_word' id='word_1_289' title='bbox 325 1616 439 1646; x_wconf 88' lang='lat' dir='ltr'>ratione,</span> <span class='ocrx_word' id='word_1_290' title='bbox 458 1615 661 1641; x_wconf 86' lang='lat' dir='ltr'>concludimus:</span> <span class='ocrx_word' id='word_1_291' title='bbox 685 1616 864 1651; x_wconf 84' lang='lat' dir='ltr'>singulasque</span> 
     </span>
     <span class='ocr_line' id='line_1_41' title="bbox 61 1653 864 1688; baseline 0 -9"><span class='ocrx_word' id='word_1_292' title='bbox 61 1662 103 1679; x_wconf 90' lang='lat' dir='ltr'>res</span> <span class='ocrx_word' id='word_1_293' title='bbox 110 1653 255 1679; x_wconf 83' lang='lat' dir='ltr'>definimus</span> <span class='ocrx_word' id='word_1_294' title='bbox 262 1653 521 1687; x_wconf 87' lang='lat' dir='ltr'>circumscripteque</span> <span class='ocrx_word' id='word_1_295' title='bbox 533 1653 751 1687; x_wconf 77' lang='lat' dir='ltr'>complectimur3</span> <span class='ocrx_word' id='word_1_296' title='bbox 765 1662 799 1680; x_wconf 86' lang='lat' dir='ltr'>ex</span> <span class='ocrx_word' id='word_1_297' title='bbox 810 1661 864 1688; x_wconf 89' lang='lat' dir='ltr'>quo</span> 
     </span>
     <span class='ocr_line' id='line_1_42' title="bbox 61 1690 864 1726; baseline 0 -10"><span class='ocrx_word' id='word_1_298' title='bbox 61 1690 173 1716; x_wconf 90' lang='lat' dir='ltr'>scientia</span> <span class='ocrx_word' id='word_1_299' title='bbox 186 1690 347 1725; x_wconf 78' lang='lat' dir='ltr'>intelligitur</span> <span class='ocrx_word' id='word_1_300' title='bbox 358 1699 440 1724; x_wconf 85' lang='lat' dir='ltr'>quam</span> <span class='ocrx_word' id='word_1_301' title='bbox 454 1691 508 1716; x_wconf 86' lang='lat' dir='ltr'>vini</span> <span class='ocrx_word' id='word_1_302' title='bbox 523 1690 631 1721; x_wconf 89' lang='lat' dir='ltr'>habeat,</span> <span class='ocrx_word' id='word_1_303' title='bbox 644 1690 734 1726; x_wconf 80' lang='lat' dir='ltr'>qualis</span> <span class='ocrx_word' id='word_1_304' title='bbox 746 1691 794 1721; x_wconf 92' lang='lat' dir='ltr'>sit,</span> <span class='ocrx_word' id='word_1_305' title='bbox 811 1699 864 1726; x_wconf 89' lang='lat' dir='ltr'>qua</span> 
     </span>
     <span class='ocr_line' id='line_1_43' title="bbox 62 1727 864 1762; baseline 0 -8"><span class='ocrx_word' id='word_1_306' title='bbox 62 1736 94 1754; x_wconf 89' lang='lat' dir='ltr'>ne</span> <span class='ocrx_word' id='word_1_307' title='bbox 110 1727 137 1754; x_wconf 94' lang='lat' dir='ltr'>in</span> <span class='ocrx_word' id='word_1_308' title='bbox 154 1728 203 1754; x_wconf 92' lang='lat' dir='ltr'>deo</span> <span class='ocrx_word' id='word_1_309' title='bbox 219 1728 330 1762; x_wconf 87' lang='lat' dir='ltr'>quidem</span> <span class='ocrx_word' id='word_1_310' title='bbox 346 1732 386 1754; x_wconf 89' lang='lat' dir='ltr'>est</span> <span class='ocrx_word' id='word_1_311' title='bbox 401 1736 443 1754; x_wconf 89' lang='lat' dir='ltr'>res</span> <span class='ocrx_word' id='word_1_312' title='bbox 460 1727 514 1754; x_wconf 85' lang='lat' dir='ltr'>ulla</span> <span class='ocrx_word' id='word_1_313' title='bbox 533 1729 719 1762; x_wconf 81' lang='lat' dir='ltr'>praestantior.</span> <span class='ocrx_word' id='word_1_314' title='bbox 760 1728 864 1760; x_wconf 87' lang='lat' dir='ltr'>Quanta</span> 
     </span>
    </p>
   </div>
   <div class='ocr_carea' id='block_1_3' title="bbox 881 198 890 1806">
    <p class='ocr_par' dir='ltr' id='par_1_3' title="bbox 881 198 890 1806">
     <span class='ocr_line' id='line_1_44' title="bbox 881 198 890 1806; baseline 0 0"><span class='ocrx_word' id='word_1_315' title='bbox 881 198 890 1806; x_wconf 95' lang='lat' dir='ltr'> </span> 
     </span>
    </p>
   </div>
   <div class='ocr_carea' id='block_1_4' title="bbox 62 1765 865 1800">
    <p class='ocr_par' dir='ltr' id='par_1_4' title="bbox 62 1765 865 1800">
     <span class='ocr_line' id='line_1_45' title="bbox 62 1765 865 1800; baseline 0.001 -9"><span class='ocrx_word' id='word_1_316' title='bbox 62 1774 124 1791; x_wconf 89' lang='lat' dir='ltr'>vero</span> <span class='ocrx_word' id='word_1_317' title='bbox 141 1765 186 1791; x_wconf 86' lang='lat' dir='ltr'>illa</span> <span class='ocrx_word' id='word_1_318' title='bbox 201 1770 277 1796; x_wconf 87' lang='lat' dir='ltr'>sunt,</span> <span class='ocrx_word' id='word_1_319' title='bbox 295 1773 364 1800; x_wconf 88' lang='lat' dir='ltr'>quae</span> <span class='ocrx_word' id='word_1_320' title='bbox 377 1774 424 1791; x_wconf 87' lang='lat' dir='ltr'>vos</span> <span class='ocrx_word' id='word_1_321' title='bbox 436 1765 590 1791; x_wconf 75' lang='lat' dir='ltr'>Academici</span> <span class='ocrx_word' id='word_1_322' title='bbox 603 1766 744 1792; x_wconf 79' lang='lat' dir='ltr'>infirmatis</span> <span class='ocrx_word' id='word_1_323' title='bbox 756 1771 782 1792; x_wconf 92' lang='lat' dir='ltr'>et</span> <span class='ocrx_word' id='word_1_324' title='bbox 794 1766 865 1792; x_wconf 91' lang='lat' dir='ltr'>tolli-</span> 
     </span>
    </p>
   </div>
   <div class='ocr_carea' id='block_1_5' title="bbox 61 1802 895 1839">
    <p class='ocr_par' dir='ltr' id='par_1_5' title="bbox 61 1802 895 1839">
     <span class='ocr_line' id='line_1_46' title="bbox 61 1802 895 1839; baseline 0 -10"><span class='ocrx_word' id='word_1_325' title='bbox 61 1803 109 1833; x_wconf 84' lang='lat' dir='ltr'>tis,</span> <span class='ocrx_word' id='word_1_326' title='bbox 131 1802 204 1837; x_wconf 92' lang='lat' dir='ltr'>quod</span> <span class='ocrx_word' id='word_1_327' title='bbox 219 1807 245 1829; x_wconf 85' lang='lat' dir='ltr'>et</span> <span class='ocrx_word' id='word_1_328' title='bbox 260 1803 388 1829; x_wconf 85' lang='lat' dir='ltr'>sensibus</span> <span class='ocrx_word' id='word_1_329' title='bbox 403 1807 428 1829; x_wconf 88' lang='lat' dir='ltr'>et</span> <span class='ocrx_word' id='word_1_330' title='bbox 444 1803 533 1829; x_wconf 91' lang='lat' dir='ltr'>animo</span> <span class='ocrx_word' id='word_1_331' title='bbox 549 1811 593 1834; x_wconf 86' lang='lat' dir='ltr'>ea,</span> <span class='ocrx_word' id='word_1_332' title='bbox 616 1812 686 1838; x_wconf 86' lang='lat' dir='ltr'>quae</span> <span class='ocrx_word' id='word_1_333' title='bbox 701 1809 775 1830; x_wconf 83' lang='lat' dir='ltr'>extra</span> <span class='ocrx_word' id='word_1_334' title='bbox 790 1808 862 1834; x_wconf 83' lang='lat' dir='ltr'>sunt,</span> <span class='ocrx_word' id='word_1_335' title='bbox 886 1806 895 1839; x_wconf 32' lang='grc' dir='ltr'>ιβ</span> 
     </span>
    </p>
   </div>
   <div class='ocr_carea' id='block_1_6' title="bbox 61 1840 888 2324">
    <p class='ocr_par' dir='ltr' id='par_1_6' title="bbox 61 1840 888 2324">
     <span class='ocr_line' id='line_1_47' title="bbox 62 1840 887 1876; baseline 0.002 -11"><span class='ocrx_word' id='word_1_336' title='bbox 62 1840 228 1874; x_wconf 88' lang='lat' dir='ltr'>percipimus</span> <span class='ocrx_word' id='word_1_337' title='bbox 239 1844 319 1874; x_wconf 89' lang='lat' dir='ltr'>atque</span> <span class='ocrx_word' id='word_1_338' title='bbox 333 1840 603 1875; x_wconf 85' lang='lat' dir='ltr'>comprehendimus!</span> <span class='ocrx_word' id='word_1_339' title='bbox 634 1842 690 1867; x_wconf 72' lang='lat'>448.</span> <span class='ocrx_word' id='word_1_340' title='bbox 706 1842 746 1867; x_wconf 87' lang='lat' dir='ltr'>Ex</span> <span class='ocrx_word' id='word_1_341' title='bbox 762 1841 864 1876; x_wconf 88' lang='lat' dir='ltr'>quibus</span> <span class='ocrx_word' id='word_1_342' title='bbox 886 1845 887 1855; x_wconf 67' lang='lat'>¹</span> 
     </span>
     <span class='ocr_line' id='line_1_48' title="bbox 61 1876 862 1913; baseline 0.002 -11"><span class='ocrx_word' id='word_1_343' title='bbox 61 1876 166 1903; x_wconf 87' lang='lat' dir='ltr'>collatis</span> <span class='ocrx_word' id='word_1_344' title='bbox 179 1877 246 1903; x_wconf 87' lang='lat' dir='ltr'>inter</span> <span class='ocrx_word' id='word_1_345' title='bbox 262 1886 290 1903; x_wconf 87' lang='lat' dir='ltr'>se</span> <span class='ocrx_word' id='word_1_346' title='bbox 306 1881 331 1904; x_wconf 87' lang='lat' dir='ltr'>et</span> <span class='ocrx_word' id='word_1_347' title='bbox 342 1878 503 1912; x_wconf 86' lang='lat' dir='ltr'>comparatis</span> <span class='ocrx_word' id='word_1_348' title='bbox 515 1883 584 1904; x_wconf 86' lang='lat' dir='ltr'>artes</span> <span class='ocrx_word' id='word_1_349' title='bbox 596 1887 705 1913; x_wconf 88' lang='lat' dir='ltr'>quoque</span> <span class='ocrx_word' id='word_1_350' title='bbox 717 1878 862 1909; x_wconf 87' lang='lat' dir='ltr'>efficimus,</span> 
     </span>
     <span class='ocr_line' id='line_1_49' title="bbox 62 1898 888 1949; baseline 0.002 -9"><span class='ocrx_word' id='word_1_351' title='bbox 62 1915 159 1949; x_wconf 89' lang='lat' dir='ltr'>partim</span> <span class='ocrx_word' id='word_1_352' title='bbox 171 1914 204 1940; x_wconf 89' lang='lat' dir='ltr'>ad</span> <span class='ocrx_word' id='word_1_353' title='bbox 217 1923 297 1940; x_wconf 91' lang='lat' dir='ltr'>usum</span> <span class='ocrx_word' id='word_1_354' title='bbox 309 1915 389 1946; x_wconf 72' lang='lat' dir='ltr'>vitae,</span> <span class='ocrx_word' id='word_1_355' title='bbox 398 1915 495 1949; x_wconf 87' lang='lat' dir='ltr'>partim</span> <span class='ocrx_word' id='word_1_356' title='bbox 508 1915 540 1941; x_wconf 87' lang='lat' dir='ltr'>ad</span> <span class='ocrx_word' id='word_1_357' title='bbox 552 1915 758 1942; x_wconf 88' lang='lat' dir='ltr'>oblectationem</span> <span class='ocrx_word' id='word_1_358' title='bbox 771 1925 865 1942; x_wconf 86' lang='lat' dir='ltr'>neces-</span> <span class='ocrx_word' id='word_1_359' title='bbox 886 1898 888 1941; x_wconf 83' lang='lat' dir='ltr'>l</span> 
     </span>
     <span class='ocr_line' id='line_1_50' title="bbox 62 1951 861 1984; baseline 0.004 -7"><span class='ocrx_word' id='word_1_360' title='bbox 62 1952 156 1978; x_wconf 88' lang='lat' dir='ltr'>sarias.</span> <span class='ocrx_word' id='word_1_361' title='bbox 187 1952 242 1977; x_wconf 91' lang='lat' dir='ltr'>lam</span> <span class='ocrx_word' id='word_1_362' title='bbox 255 1960 317 1977; x_wconf 92' lang='lat' dir='ltr'>vero</span> <span class='ocrx_word' id='word_1_363' title='bbox 328 1951 436 1978; x_wconf 87' lang='lat' dir='ltr'>domina</span> <span class='ocrx_word' id='word_1_364' title='bbox 448 1960 547 1983; x_wconf 77' lang='lat' dir='ltr'>rerum,</span> <span class='ocrx_word' id='word_1_365' title='bbox 561 1957 591 1979; x_wconf 92' lang='lat' dir='ltr'>ut</span> <span class='ocrx_word' id='word_1_366' title='bbox 602 1962 649 1979; x_wconf 86' lang='lat' dir='ltr'>vos</span> <span class='ocrx_word' id='word_1_367' title='bbox 660 1953 752 1979; x_wconf 86' lang='lat' dir='ltr'>soletis</span> <span class='ocrx_word' id='word_1_368' title='bbox 764 1953 861 1984; x_wconf 82' lang='lat' dir='ltr'>dicere,</span> 
     </span>
     <span class='ocr_line' id='line_1_51' title="bbox 62 1982 888 2025; baseline 0.002 -10"><span class='ocrx_word' id='word_1_369' title='bbox 62 1988 208 2023; x_wconf 88' lang='lat' dir='ltr'>eloquendi</span> <span class='ocrx_word' id='word_1_370' title='bbox 221 1989 276 2019; x_wconf 88' lang='lat' dir='ltr'>vis,</span> <span class='ocrx_word' id='word_1_371' title='bbox 294 1997 376 2023; x_wconf 83' lang='lat' dir='ltr'>quam</span> <span class='ocrx_word' id='word_1_372' title='bbox 388 1994 428 2015; x_wconf 89' lang='lat' dir='ltr'>est</span> <span class='ocrx_word' id='word_1_373' title='bbox 438 1989 588 2023; x_wconf 84' lang='lat' dir='ltr'>praeclara,</span> <span class='ocrx_word' id='word_1_374' title='bbox 605 1998 742 2025; x_wconf 87' lang='lat' dir='ltr'>quamque</span> <span class='ocrx_word' id='word_1_375' title='bbox 754 1990 862 2017; x_wconf 86' lang='lat' dir='ltr'>divina!</span> <span class='ocrx_word' id='word_1_376' title='bbox 886 1982 888 2012; x_wconf 84' lang='lat' dir='ltr'>l</span> 
     </span>
     <span class='ocr_line' id='line_1_52' title="bbox 62 2022 888 2062; baseline 0.002 -10"><span class='ocrx_word' id='word_1_377' title='bbox 62 2035 131 2061; x_wconf 87' lang='lat' dir='ltr'>quae</span> <span class='ocrx_word' id='word_1_378' title='bbox 143 2027 261 2061; x_wconf 87' lang='lat' dir='ltr'>primum</span> <span class='ocrx_word' id='word_1_379' title='bbox 275 2026 366 2057; x_wconf 90' lang='lat' dir='ltr'>eflicit,</span> <span class='ocrx_word' id='word_1_380' title='bbox 380 2031 409 2052; x_wconf 95' lang='lat' dir='ltr'>ut</span> <span class='ocrx_word' id='word_1_381' title='bbox 420 2031 445 2052; x_wconf 88' lang='lat' dir='ltr'>et</span> <span class='ocrx_word' id='word_1_382' title='bbox 456 2035 500 2056; x_wconf 85' lang='lat' dir='ltr'>ea,</span> <span class='ocrx_word' id='word_1_383' title='bbox 514 2035 583 2061; x_wconf 87' lang='lat' dir='ltr'>quae</span> <span class='ocrx_word' id='word_1_384' title='bbox 596 2027 761 2062; x_wconf 85' lang='lat' dir='ltr'>ignoramus,</span> <span class='ocrx_word' id='word_1_385' title='bbox 775 2027 865 2054; x_wconf 83' lang='lat' dir='ltr'>disee·</span> <span class='ocrx_word' id='word_1_386' title='bbox 886 2022 888 2034; x_wconf 52' lang='lat' dir='ltr'>l</span> 
     </span>
     <span class='ocr_line' id='line_1_53' title="bbox 63 2063 866 2098; baseline 0.002 -9"><span class='ocrx_word' id='word_1_387' title='bbox 63 2073 89 2090; x_wconf 90' lang='lat' dir='ltr'>re</span> <span class='ocrx_word' id='word_1_388' title='bbox 104 2069 130 2090; x_wconf 89' lang='lat' dir='ltr'>et</span> <span class='ocrx_word' id='word_1_389' title='bbox 141 2072 184 2094; x_wconf 85' lang='lat' dir='ltr'>ea,</span> <span class='ocrx_word' id='word_1_390' title='bbox 200 2072 269 2098; x_wconf 85' lang='lat' dir='ltr'>quae</span> <span class='ocrx_word' id='word_1_391' title='bbox 281 2064 397 2094; x_wconf 85' lang='lat' dir='ltr'>scimus,</span> <span class='ocrx_word' id='word_1_392' title='bbox 410 2063 476 2090; x_wconf 89' lang='lat' dir='ltr'>alios</span> <span class='ocrx_word' id='word_1_393' title='bbox 488 2063 582 2090; x_wconf 87' lang='lat' dir='ltr'>docere</span> <span class='ocrx_word' id='word_1_394' title='bbox 596 2065 743 2098; x_wconf 88' lang='lat' dir='ltr'>possimus.</span> <span class='ocrx_word' id='word_1_395' title='bbox 785 2065 866 2091; x_wconf 85' lang='lat' dir='ltr'>Dein—</span> 
     </span>
     <span class='ocr_line' id='line_1_54' title="bbox 63 2101 866 2135; baseline 0.002 -8"><span class='ocrx_word' id='word_1_396' title='bbox 63 2101 96 2127; x_wconf 90' lang='lat' dir='ltr'>de</span> <span class='ocrx_word' id='word_1_397' title='bbox 109 2101 157 2127; x_wconf 77' lang='lat' dir='ltr'>liac</span> <span class='ocrx_word' id='word_1_398' title='bbox 168 2101 347 2132; x_wconf 85' lang='lat' dir='ltr'>cohortamur,</span> <span class='ocrx_word' id='word_1_399' title='bbox 357 2101 406 2127; x_wconf 87' lang='lat' dir='ltr'>hac</span> <span class='ocrx_word' id='word_1_400' title='bbox 419 2101 624 2135; x_wconf 85' lang='lat' dir='ltr'>persuademus,</span> <span class='ocrx_word' id='word_1_401' title='bbox 634 2102 682 2128; x_wconf 85' lang='lat' dir='ltr'>hac</span> <span class='ocrx_word' id='word_1_402' title='bbox 693 2102 866 2129; x_wconf 84' lang='lat' dir='ltr'>consolamur</span> 
     </span>
     <span class='ocr_line' id='line_1_55' title="bbox 62 2138 865 2175; baseline 0.001 -11"><span class='ocrx_word' id='word_1_403' title='bbox 62 2138 174 2165; x_wconf 84' lang='lat' dir='ltr'>afflictos</span> <span class='ocrx_word' id='word_1_404' title='bbox 183 2159 189 2169; x_wconf 92' lang='lat'>,</span> <span class='ocrx_word' id='word_1_405' title='bbox 203 2138 252 2164; x_wconf 90' lang='lat' dir='ltr'>hac</span> <span class='ocrx_word' id='word_1_406' title='bbox 263 2138 425 2164; x_wconf 87' lang='lat' dir='ltr'>deducimus</span> <span class='ocrx_word' id='word_1_407' title='bbox 438 2139 592 2173; x_wconf 85' lang='lat' dir='ltr'>perterritos</span> <span class='ocrx_word' id='word_1_408' title='bbox 603 2148 616 2164; x_wconf 89' lang='lat' dir='ltr'>a</span> <span class='ocrx_word' id='word_1_409' title='bbox 630 2139 738 2169; x_wconf 90' lang='lat' dir='ltr'>timore,</span> <span class='ocrx_word' id='word_1_410' title='bbox 758 2140 806 2165; x_wconf 85' lang='lat' dir='ltr'>huc</span> <span class='ocrx_word' id='word_1_411' title='bbox 817 2148 865 2175; x_wconf 76' lang='lat' dir='ltr'>ge-</span> 
     </span>
     <span class='ocr_line' id='line_1_56' title="bbox 63 2175 887 2212; baseline 0.001 -11"><span class='ocrx_word' id='word_1_412' title='bbox 63 2176 173 2202; x_wconf 87' lang='lat' dir='ltr'>stientes</span> <span class='ocrx_word' id='word_1_413' title='bbox 185 2175 405 2210; x_wconf 84' lang='lat' dir='ltr'>comprimimus,</span> <span class='ocrx_word' id='word_1_414' title='bbox 420 2175 469 2201; x_wconf 91' lang='lat' dir='ltr'>hac</span> <span class='ocrx_word' id='word_1_415' title='bbox 480 2175 643 2210; x_wconf 84' lang='lat' dir='ltr'>cupiditates</span> <span class='ocrx_word' id='word_1_416' title='bbox 656 2177 864 2212; x_wconf 77' lang='lat' dir='ltr'>iracundiasque</span> <span class='ocrx_word' id='word_1_417' title='bbox 886 2195 887 2200; x_wconf 61' lang='lat'>,</span> 
     </span>
     <span class='ocr_line' id='line_1_57' title="bbox 63 2213 888 2248; baseline 0.001 -9"><span class='ocrx_word' id='word_1_418' title='bbox 63 2214 273 2248; x_wconf 80' lang='lat' dir='ltr'>restinguinms3</span> <span class='ocrx_word' id='word_1_419' title='bbox 289 2213 407 2239; x_wconf 85' lang='lat' dir='ltr'>haecnos</span> <span class='ocrx_word' id='word_1_420' title='bbox 420 2213 497 2243; x_wconf 83' lang='lat' dir='ltr'>iuris,</span> <span class='ocrx_word' id='word_1_421' title='bbox 507 2213 607 2248; x_wconf 84' lang='lat' dir='ltr'>legum,</span> <span class='ocrx_word' id='word_1_422' title='bbox 617 2213 726 2240; x_wconf 89' lang='lat' dir='ltr'>urbium</span> <span class='ocrx_word' id='word_1_423' title='bbox 739 2215 865 2240; x_wconf 85' lang='lat' dir='ltr'>societate</span> <span class='ocrx_word' id='word_1_424' title='bbox 886 2243 888 2247; x_wconf 72' lang='lat'>‚</span> 
     </span>
     <span class='ocr_line' id='line_1_58' title="bbox 63 2250 863 2287; baseline 0.003 -11"><span class='ocrx_word' id='word_1_425' title='bbox 63 2250 196 2281; x_wconf 80' lang='lat' dir='ltr'>devinxit,</span> <span class='ocrx_word' id='word_1_426' title='bbox 211 2250 275 2276; x_wconf 86' lang='lat' dir='ltr'>haec</span> <span class='ocrx_word' id='word_1_427' title='bbox 287 2258 300 2275; x_wconf 88' lang='lat' dir='ltr'>a</span> <span class='ocrx_word' id='word_1_428' title='bbox 316 2250 370 2276; x_wconf 90' lang='lat' dir='ltr'>vita</span> <span class='ocrx_word' id='word_1_429' title='bbox 383 2250 494 2276; x_wconf 89' lang='lat' dir='ltr'>immani</span> <span class='ocrx_word' id='word_1_430' title='bbox 506 2255 531 2276; x_wconf 90' lang='lat' dir='ltr'>ct</span> <span class='ocrx_word' id='word_1_431' title='bbox 543 2250 596 2277; x_wconf 81' lang='lat' dir='ltr'>fera</span> <span class='ocrx_word' id='word_1_432' title='bbox 608 2252 772 2287; x_wconf 78' lang='lat' dir='ltr'>segregavit.</span> <span class='ocrx_word' id='word_1_433' title='bbox 807 2253 863 2278; x_wconf 64' lang='lat'>⁴49.</span> 
     </span>
     <span class='ocr_line' id='line_1_59' title="bbox 64 2287 865 2324; baseline 0.002 -11"><span class='ocrx_word' id='word_1_434' title='bbox 64 2287 102 2313; x_wconf 75' lang='lat' dir='ltr'>Ad</span> <span class='ocrx_word' id='word_1_435' title='bbox 115 2296 195 2314; x_wconf 89' lang='lat' dir='ltr'>usum</span> <span class='ocrx_word' id='word_1_436' title='bbox 207 2293 296 2313; x_wconf 88' lang='lat' dir='ltr'>autem</span> <span class='ocrx_word' id='word_1_437' title='bbox 307 2288 444 2317; x_wconf 84' lang='lat' dir='ltr'>orationis,</span> <span class='ocrx_word' id='word_1_438' title='bbox 454 2287 613 2314; x_wconf 83' lang='lat' dir='ltr'>incredibile</span> <span class='ocrx_word' id='word_1_439' title='bbox 625 2293 673 2319; x_wconf 85' lang='lat' dir='ltr'>est,</span> <span class='ocrx_word' id='word_1_440' title='bbox 687 2289 734 2315; x_wconf 92' lang='lat' dir='ltr'>ubi</span> <span class='ocrx_word' id='word_1_441' title='bbox 745 2289 865 2324; x_wconf 79' lang='lat' dir='ltr'>diligen—</span> 
     </span>
    </p>
   </div>
   <div class='ocr_carea' id='block_1_7' title="bbox 63 2325 895 2359">
    <p class='ocr_par' dir='ltr' id='par_1_7' title="bbox 63 2325 895 2359">
     <span class='ocr_line' id='line_1_60' title="bbox 63 2325 895 2359; baseline 0.004 -9"><span class='ocrx_word' id='word_1_442' title='bbox 63 2325 261 2355; x_wconf 76' lang='lat' dir='ltr'>terattenderis,</span> <span class='ocrx_word' id='word_1_443' title='bbox 270 2329 370 2359; x_wconf 83' lang='lat' dir='ltr'>quanta</span> <span class='ocrx_word' id='word_1_444' title='bbox 381 2333 461 2359; x_wconf 81' lang='lat' dir='ltr'>opera</span> <span class='ocrx_word' id='word_1_445' title='bbox 472 2325 623 2351; x_wconf 85' lang='lat' dir='ltr'>machinatu</span> <span class='ocrx_word' id='word_1_446' title='bbox 636 2330 728 2352; x_wconf 76' lang='lat' dir='ltr'>natura</span> <span class='ocrx_word' id='word_1_447' title='bbox 740 2327 784 2353; x_wconf 83' lang='lat' dir='ltr'>sit.</span> <span class='ocrx_word' id='word_1_448' title='bbox 808 2327 865 2353; x_wconf 83' lang='lat' dir='ltr'>l‘ri-</span> <span class='ocrx_word' id='word_1_449' title='bbox 894 2334 895 2339; x_wconf 66' lang='lat'>¹</span> 
     </span>
    </p>
   </div>
   <div class='ocr_carea' id='block_1_8' title="bbox 63 2362 863 2398">
    <p class='ocr_par' dir='ltr' id='par_1_8' title="bbox 63 2362 863 2398">
     <span class='ocr_line' id='line_1_61' title="bbox 63 2362 863 2398; baseline 0.001 -10"><span class='ocrx_word' id='word_1_450' title='bbox 63 2370 138 2388; x_wconf 87' lang='lat' dir='ltr'>mum</span> <span class='ocrx_word' id='word_1_451' title='bbox 150 2363 222 2388; x_wconf 87' lang='lat' dir='ltr'>enim</span> <span class='ocrx_word' id='word_1_452' title='bbox 235 2371 248 2388; x_wconf 87' lang='lat' dir='ltr'>a</span> <span class='ocrx_word' id='word_1_453' title='bbox 261 2362 437 2396; x_wconf 83' lang='lat' dir='ltr'>pulmonibus</span> <span class='ocrx_word' id='word_1_454' title='bbox 449 2363 544 2388; x_wconf 81' lang='lat' dir='ltr'>arteria</span> <span class='ocrx_word' id='word_1_455' title='bbox 557 2371 644 2398; x_wconf 83' lang='lat' dir='ltr'>usquo</span> <span class='ocrx_word' id='word_1_456' title='bbox 656 2363 688 2389; x_wconf 85' lang='lat' dir='ltr'>ad</span> <span class='ocrx_word' id='word_1_457' title='bbox 700 2373 730 2389; x_wconf 90' lang='lat' dir='ltr'>os</span> <span class='ocrx_word' id='word_1_458' title='bbox 739 2364 863 2390; x_wconf 90' lang='lat' dir='ltr'>intimum</span> 
     </span>
    </p>
   </div>
   <div class='ocr_carea' id='block_1_9' title="bbox 882 198 891 2415">
    <p class='ocr_par' dir='ltr' id='par_1_9' title="bbox 882 198 891 2415">
     <span class='ocr_line' id='line_1_62' title="bbox 882 198 891 2415; baseline 0 0"><span class='ocrx_word' id='word_1_459' title='bbox 882 198 891 2415; x_wconf 95' lang='lat' dir='ltr'> </span> 
     </span>
    </p>
   </div>
   <div class='ocr_carea' id='block_1_10' title="bbox 62 2400 888 2533">
    <p class='ocr_par' dir='ltr' id='par_1_10' title="bbox 62 2400 888 2533">
     <span class='ocr_line' id='line_1_63' title="bbox 62 2400 862 2434; baseline 0.003 -9"><span class='ocrx_word' id='word_1_460' title='bbox 62 2400 190 2434; x_wconf 86' lang='lat' dir='ltr'>pertinet,</span> <span class='ocrx_word' id='word_1_461' title='bbox 210 2408 349 2434; x_wconf 88' lang='lat' dir='ltr'>perquam</span> <span class='ocrx_word' id='word_1_462' title='bbox 363 2408 428 2430; x_wconf 86' lang='lat' dir='ltr'>vox,</span> <span class='ocrx_word' id='word_1_463' title='bbox 447 2400 613 2434; x_wconf 85' lang='lat' dir='ltr'>principium</span> <span class='ocrx_word' id='word_1_464' title='bbox 625 2409 638 2425; x_wconf 85' lang='lat' dir='ltr'>u</span> <span class='ocrx_word' id='word_1_465' title='bbox 651 2406 738 2427; x_wconf 90' lang='lat' dir='ltr'>mente</span> <span class='ocrx_word' id='word_1_466' title='bbox 751 2401 862 2432; x_wconf 81' lang='lat' dir='ltr'>ducens,</span> 
     </span>
     <span class='ocr_line' id='line_1_64' title="bbox 64 2431 888 2472; baseline 0.002 -10"><span class='ocrx_word' id='word_1_467' title='bbox 64 2437 211 2471; x_wconf 85' lang='lat' dir='ltr'>percipitur</span> <span class='ocrx_word' id='word_1_468' title='bbox 226 2441 252 2463; x_wconf 90' lang='lat' dir='ltr'>et</span> <span class='ocrx_word' id='word_1_469' title='bbox 267 2436 400 2463; x_wconf 89' lang='lat' dir='ltr'>funditur.</span> <span class='ocrx_word' id='word_1_470' title='bbox 442 2437 542 2463; x_wconf 81' lang='lat' dir='ltr'>Deinde</span> <span class='ocrx_word' id='word_1_471' title='bbox 555 2437 637 2463; x_wconf 87' lang='lat' dir='ltr'>inore</span> <span class='ocrx_word' id='word_1_472' title='bbox 648 2438 697 2463; x_wconf 88' lang='lat' dir='ltr'>situ</span> <span class='ocrx_word' id='word_1_473' title='bbox 711 2437 802 2472; x_wconf 72' lang='lat' dir='ltr'>lingua</span> <span class='ocrx_word' id='word_1_474' title='bbox 814 2444 862 2469; x_wconf 76' lang='lat' dir='ltr'>est,</span> <span class='ocrx_word' id='word_1_475' title='bbox 886 2431 888 2468; x_wconf 72' lang='lat' dir='ltr'>l</span> 
     </span>
     <span class='ocr_line' id='line_1_65' title="bbox 64 2471 888 2509; baseline 0.004 -10"><span class='ocrx_word' id='word_1_476' title='bbox 64 2474 137 2500; x_wconf 85' lang='lat' dir='ltr'>linita</span> <span class='ocrx_word' id='word_1_477' title='bbox 149 2474 286 2501; x_wconf 84' lang='lat' dir='ltr'>dentibus.</span> <span class='ocrx_word' id='word_1_478' title='bbox 323 2474 359 2500; x_wconf 86' lang='lat' dir='ltr'>Ea</span> <span class='ocrx_word' id='word_1_479' title='bbox 372 2482 464 2500; x_wconf 83' lang='lat' dir='ltr'>vocem</span> <span class='ocrx_word' id='word_1_480' title='bbox 479 2474 651 2500; x_wconf 84' lang='lat' dir='ltr'>immoderate</span> <span class='ocrx_word' id='word_1_481' title='bbox 664 2474 801 2509; x_wconf 84' lang='lat' dir='ltr'>profusam</span> <span class='ocrx_word' id='word_1_482' title='bbox 815 2476 865 2502; x_wconf 89' lang='lat' dir='ltr'>lin-</span> <span class='ocrx_word' id='word_1_483' title='bbox 886 2471 888 2509; x_wconf 66' lang='grc' dir='ltr'>Ξ</span> 
     </span>
     <span class='ocr_line' id='line_1_66' title="bbox 887 2521 888 2533; baseline 0 0"><span class='ocrx_word' id='word_1_484' title='bbox 887 2521 888 2533; x_wconf 91' lang='lat' dir='ltr'>l</span> 
     </span>
    </p>
   </div>
   <div class='ocr_carea' id='block_1_11' title="bbox 63 2511 894 2546">
    <p class='ocr_par' dir='ltr' id='par_1_11' title="bbox 63 2511 894 2546">
     <span class='ocr_line' id='line_1_67' title="bbox 63 2511 894 2546; baseline 0.001 -9"><span class='ocrx_word' id='word_1_485' title='bbox 63 2511 104 2546; x_wconf 78' lang='lat' dir='ltr'>git</span> <span class='ocrx_word' id='word_1_486' title='bbox 113 2515 138 2537; x_wconf 87' lang='lat' dir='ltr'>et</span> <span class='ocrx_word' id='word_1_487' title='bbox 150 2512 285 2538; x_wconf 87' lang='lat' dir='ltr'>terminat:</span> <span class='ocrx_word' id='word_1_488' title='bbox 300 2516 380 2546; x_wconf 85' lang='lat' dir='ltr'>atque</span> <span class='ocrx_word' id='word_1_489' title='bbox 391 2520 470 2538; x_wconf 81' lang='lat' dir='ltr'>sonos</span> <span class='ocrx_word' id='word_1_490' title='bbox 483 2512 556 2537; x_wconf 82' lang='lat' dir='ltr'>vocis</span> <span class='ocrx_word' id='word_1_491' title='bbox 567 2511 708 2538; x_wconf 87' lang='lat' dir='ltr'>distinctos</span> <span class='ocrx_word' id='word_1_492' title='bbox 720 2517 745 2538; x_wconf 89' lang='lat' dir='ltr'>et</span> <span class='ocrx_word' id='word_1_493' title='bbox 757 2521 865 2546; x_wconf 77' lang='lat' dir='ltr'>pressos</span> <span class='ocrx_word' id='word_1_494' title='bbox 886 2515 894 2543; x_wconf 49' lang='grc' dir='ltr'><strong><em>ᾖ</em></strong></span> 
     </span>
    </p>
   </div>
   <div class='ocr_carea' id='block_1_12' title="bbox 63 2548 864 2697">
    <p class='ocr_par' dir='ltr' id='par_1_12' title="bbox 63 2548 864 2697">
     <span class='ocr_line' id='line_1_68' title="bbox 63 2548 862 2584; baseline 0.001 -10"><span class='ocrx_word' id='word_1_495' title='bbox 63 2548 154 2578; x_wconf 83' lang='lat' dir='ltr'>efficit,</span> <span class='ocrx_word' id='word_1_496' title='bbox 168 2557 253 2583; x_wconf 89' lang='lat' dir='ltr'>quum</span> <span class='ocrx_word' id='word_1_497' title='bbox 265 2548 334 2575; x_wconf 86' lang='lat' dir='ltr'>etad</span> <span class='ocrx_word' id='word_1_498' title='bbox 346 2549 439 2575; x_wconf 89' lang='lat' dir='ltr'>dentes</span> <span class='ocrx_word' id='word_1_499' title='bbox 451 2549 520 2575; x_wconf 78' lang='lat' dir='ltr'>etad</span> <span class='ocrx_word' id='word_1_500' title='bbox 533 2548 599 2575; x_wconf 81' lang='lat' dir='ltr'>alias</span> <span class='ocrx_word' id='word_1_501' title='bbox 611 2554 699 2583; x_wconf 83' lang='lat' dir='ltr'>partes</span> <span class='ocrx_word' id='word_1_502' title='bbox 711 2549 787 2584; x_wconf 86' lang='lat' dir='ltr'>pellit</span> <span class='ocrx_word' id='word_1_503' title='bbox 798 2551 862 2577; x_wconf 85' lang='lat' dir='ltr'>oris.</span> 
     </span>
     <span class='ocr_line' id='line_1_69' title="bbox 63 2585 862 2621; baseline 0.003 -10"><span class='ocrx_word' id='word_1_504' title='bbox 63 2586 155 2620; x_wconf 84' lang='lat' dir='ltr'>ltaque</span> <span class='ocrx_word' id='word_1_505' title='bbox 171 2585 265 2620; x_wconf 86' lang='lat' dir='ltr'>plectri</span> <span class='ocrx_word' id='word_1_506' title='bbox 281 2586 400 2612; x_wconf 88' lang='lat' dir='ltr'>similem</span> <span class='ocrx_word' id='word_1_507' title='bbox 418 2586 538 2621; x_wconf 79' lang='lat' dir='ltr'>linguam</span> <span class='ocrx_word' id='word_1_508' title='bbox 555 2587 638 2612; x_wconf 86' lang='lat' dir='ltr'>nostri</span> <span class='ocrx_word' id='word_1_509' title='bbox 657 2586 744 2612; x_wconf 80' lang='lat' dir='ltr'>solent</span> <span class='ocrx_word' id='word_1_510' title='bbox 763 2586 862 2618; x_wconf 86' lang='lat' dir='ltr'>dicere,</span> 
     </span>
     <span class='ocr_line' id='line_1_70' title="bbox 63 2622 864 2659; baseline 0.004 -11"><span class='ocrx_word' id='word_1_511' title='bbox 63 2622 224 2649; x_wconf 88' lang='lat' dir='ltr'>chordarum</span> <span class='ocrx_word' id='word_1_512' title='bbox 235 2623 342 2655; x_wconf 87' lang='lat' dir='ltr'>dentes,</span> <span class='ocrx_word' id='word_1_513' title='bbox 361 2632 438 2649; x_wconf 83' lang='lat' dir='ltr'>nares</span> <span class='ocrx_word' id='word_1_514' title='bbox 453 2623 582 2650; x_wconf 75' lang='lat' dir='ltr'>cornilius</span> <span class='ocrx_word' id='word_1_515' title='bbox 598 2624 644 2654; x_wconf 90' lang='lat' dir='ltr'>iis,</span> <span class='ocrx_word' id='word_1_516' title='bbox 663 2625 710 2659; x_wconf 91' lang='lat' dir='ltr'>qui</span> <span class='ocrx_word' id='word_1_517' title='bbox 723 2623 755 2650; x_wconf 85' lang='lat' dir='ltr'>nd</span> <span class='ocrx_word' id='word_1_518' title='bbox 768 2633 864 2651; x_wconf 82' lang='lat' dir='ltr'>nervos</span> 
     </span>
     <span class='ocr_line' id='line_1_71' title="bbox 64 2660 862 2697; baseline 0.003 -11"><span class='ocrx_word' id='word_1_519' title='bbox 64 2664 188 2686; x_wconf 83' lang='lat' dir='ltr'>resonant</span> <span class='ocrx_word' id='word_1_520' title='bbox 204 2660 230 2686; x_wconf 90' lang='lat' dir='ltr'>in</span> <span class='ocrx_word' id='word_1_521' title='bbox 250 2660 386 2687; x_wconf 82' lang='lat' dir='ltr'>cuntibus.</span> <span class='ocrx_word' id='word_1_522' title='bbox 429 2661 484 2687; x_wconf 77' lang='lat' dir='ltr'>Lx.</span> <span class='ocrx_word' id='word_1_523' title='bbox 512 2662 565 2687; x_wconf 75' lang='lat'>150.</span> <span class='ocrx_word' id='word_1_524' title='bbox 587 2662 673 2693; x_wconf 84' lang='lat' dir='ltr'>Quam</span> <span class='ocrx_word' id='word_1_525' title='bbox 694 2670 757 2688; x_wconf 84' lang='lat' dir='ltr'>vero</span> <span class='ocrx_word' id='word_1_526' title='bbox 777 2667 862 2697; x_wconf 84' lang='lat' dir='ltr'>aptas,</span> 
     </span>
    </p>
   </div>
   <div class='ocr_carea' id='block_1_13' title="bbox 892 2603 895 2630">
    <p class='ocr_par' dir='ltr' id='par_1_13' title="bbox 892 2603 895 2630">
     <span class='ocr_line' id='line_1_72' title="bbox 892 2603 895 2630; baseline 0 0"><span class='ocrx_word' id='word_1_527' title='bbox 892 2603 895 2630; x_wconf 90' lang='lat' dir='ltr'>l</span> 
     </span>
    </p>
   </div>
   <div class='ocr_carea' id='block_1_14' title="bbox 889 193 898 2678">
    <p class='ocr_par' dir='ltr' id='par_1_14' title="bbox 889 193 898 2678">
     <span class='ocr_line' id='line_1_73' title="bbox 889 193 898 2678; baseline 0 0"><span class='ocrx_word' id='word_1_528' title='bbox 889 193 898 2678; x_wconf 95' lang='lat' dir='ltr'> </span> 
     </span>
    </p>
   </div>
   <div class='ocr_carea' id='block_1_15' title="bbox 912 121 1719 1726">
    <p class='ocr_par' dir='ltr' id='par_1_15' title="bbox 912 121 1719 1726">
     <span class='ocr_line' id='line_1_74' title="bbox 1110 121 1710 151; baseline 0.005 -3"><span class='ocrx_word' id='word_1_529' title='bbox 1110 121 1202 148; x_wconf 69' lang='lat' dir='ltr'>CAP.</span> <span class='ocrx_word' id='word_1_530' title='bbox 1224 123 1355 149; x_wconf 74' lang='lat'>55—02.</span> <span class='ocrx_word' id='word_1_531' title='bbox 1647 126 1710 151; x_wconf 73' lang='lat'>1125</span> 
     </span>
     <span class='ocr_line' id='line_1_75' title="bbox 912 192 1710 227; baseline 0.003 -9"><span class='ocrx_word' id='word_1_532' title='bbox 912 201 1049 227; x_wconf 84' lang='lat' dir='ltr'>quamque</span> <span class='ocrx_word' id='word_1_533' title='bbox 1065 192 1210 219; x_wconf 88' lang='lat' dir='ltr'>multarum</span> <span class='ocrx_word' id='word_1_534' title='bbox 1227 194 1325 219; x_wconf 86' lang='lat' dir='ltr'>artium</span> <span class='ocrx_word' id='word_1_535' title='bbox 1342 194 1479 219; x_wconf 91' lang='lat' dir='ltr'>ministras</span> <span class='ocrx_word' id='word_1_536' title='bbox 1499 202 1596 220; x_wconf 87' lang='lat' dir='ltr'>manus</span> <span class='ocrx_word' id='word_1_537' title='bbox 1616 199 1710 221; x_wconf 82' lang='lat' dir='ltr'>natura</span> 
     </span>
     <span class='ocr_line' id='line_1_76' title="bbox 913 230 1711 266; baseline 0.004 -11"><span class='ocrx_word' id='word_1_538' title='bbox 913 230 1016 256; x_wconf 90' lang='lat' dir='ltr'>homini</span> <span class='ocrx_word' id='word_1_539' title='bbox 1028 230 1114 256; x_wconf 87' lang='lat' dir='ltr'>dedit!</span> <span class='ocrx_word' id='word_1_540' title='bbox 1137 231 1288 266; x_wconf 76' lang='lat' dir='ltr'>Digitorum</span> <span class='ocrx_word' id='word_1_541' title='bbox 1303 232 1375 256; x_wconf 92' lang='lat' dir='ltr'>enim</span> <span class='ocrx_word' id='word_1_542' title='bbox 1387 232 1533 257; x_wconf 86' lang='lat' dir='ltr'>contractio</span> <span class='ocrx_word' id='word_1_543' title='bbox 1545 231 1632 258; x_wconf 88' lang='lat' dir='ltr'>facilis</span> <span class='ocrx_word' id='word_1_544' title='bbox 1644 232 1711 258; x_wconf 88' lang='lat' dir='ltr'>faci-</span> 
     </span>
     <span class='ocr_line' id='line_1_77' title="bbox 914 267 1711 302; baseline 0.003 -9"><span class='ocrx_word' id='word_1_545' title='bbox 914 267 1001 301; x_wconf 74' lang='lat' dir='ltr'>lisque</span> <span class='ocrx_word' id='word_1_546' title='bbox 1013 268 1144 301; x_wconf 88' lang='lat' dir='ltr'>porrectio</span> <span class='ocrx_word' id='word_1_547' title='bbox 1160 273 1268 302; x_wconf 87' lang='lat' dir='ltr'>propter</span> <span class='ocrx_word' id='word_1_548' title='bbox 1284 268 1377 294; x_wconf 88' lang='lat' dir='ltr'>molles</span> <span class='ocrx_word' id='word_1_549' title='bbox 1393 269 1585 295; x_wconf 88' lang='lat' dir='ltr'>commissuras</span> <span class='ocrx_word' id='word_1_550' title='bbox 1597 274 1621 295; x_wconf 85' lang='lat' dir='ltr'>et</span> <span class='ocrx_word' id='word_1_551' title='bbox 1638 274 1711 295; x_wconf 90' lang='lat' dir='ltr'>artus</span> 
     </span>
     <span class='ocr_line' id='line_1_78' title="bbox 913 304 1712 341; baseline 0.003 -11"><span class='ocrx_word' id='word_1_552' title='bbox 913 305 987 330; x_wconf 90' lang='lat' dir='ltr'>nullo</span> <span class='ocrx_word' id='word_1_553' title='bbox 999 305 1026 330; x_wconf 89' lang='lat' dir='ltr'>in</span> <span class='ocrx_word' id='word_1_554' title='bbox 1037 310 1110 331; x_wconf 83' lang='lat' dir='ltr'>nictu</span> <span class='ocrx_word' id='word_1_555' title='bbox 1123 304 1233 331; x_wconf 87' lang='lat' dir='ltr'>laborat.</span> <span class='ocrx_word' id='word_1_556' title='bbox 1274 306 1364 340; x_wconf 88' lang='lat' dir='ltr'>Itaque</span> <span class='ocrx_word' id='word_1_557' title='bbox 1377 306 1409 331; x_wconf 89' lang='lat' dir='ltr'>ad</span> <span class='ocrx_word' id='word_1_558' title='bbox 1420 306 1599 341; x_wconf 86' lang='lat' dir='ltr'>pingendum,</span> <span class='ocrx_word' id='word_1_559' title='bbox 1613 306 1646 333; x_wconf 90' lang='lat' dir='ltr'>ad</span> <span class='ocrx_word' id='word_1_560' title='bbox 1661 307 1712 332; x_wconf 79' lang='lat' dir='ltr'>fin-</span> 
     </span>
     <span class='ocr_line' id='line_1_79' title="bbox 912 342 1712 377; baseline 0.004 -10"><span class='ocrx_word' id='word_1_561' title='bbox 912 342 1041 377; x_wconf 85' lang='lat' dir='ltr'>gendum,</span> <span class='ocrx_word' id='word_1_562' title='bbox 1059 342 1090 367; x_wconf 93' lang='lat' dir='ltr'>ad</span> <span class='ocrx_word' id='word_1_563' title='bbox 1103 342 1293 377; x_wconf 78' lang='lat' dir='ltr'>scalpendum,</span> <span class='ocrx_word' id='word_1_564' title='bbox 1310 343 1343 368; x_wconf 90' lang='lat' dir='ltr'>ad</span> <span class='ocrx_word' id='word_1_565' title='bbox 1355 352 1497 369; x_wconf 83' lang='lat' dir='ltr'>nervorum</span> <span class='ocrx_word' id='word_1_566' title='bbox 1510 343 1657 370; x_wconf 87' lang='lat' dir='ltr'>eliciendos</span> <span class='ocrx_word' id='word_1_567' title='bbox 1669 353 1712 370; x_wconf 85' lang='lat' dir='ltr'>so-</span> 
     </span>
     <span class='ocr_line' id='line_1_80' title="bbox 913 379 1710 416; baseline 0.004 -12"><span class='ocrx_word' id='word_1_568' title='bbox 913 388 961 405; x_wconf 91' lang='lat' dir='ltr'>nos</span> <span class='ocrx_word' id='word_1_569' title='bbox 977 388 1006 404; x_wconf 84' lang='lat' dir='ltr'>ac</span> <span class='ocrx_word' id='word_1_570' title='bbox 1018 379 1145 405; x_wconf 86' lang='lat' dir='ltr'>tibiarum</span> <span class='ocrx_word' id='word_1_571' title='bbox 1158 385 1217 414; x_wconf 88' lang='lat' dir='ltr'>apta</span> <span class='ocrx_word' id='word_1_572' title='bbox 1231 389 1326 406; x_wconf 89' lang='lat' dir='ltr'>manus</span> <span class='ocrx_word' id='word_1_573' title='bbox 1338 386 1378 406; x_wconf 91' lang='lat' dir='ltr'>est</span> <span class='ocrx_word' id='word_1_574' title='bbox 1389 380 1540 407; x_wconf 88' lang='lat' dir='ltr'>admotione</span> <span class='ocrx_word' id='word_1_575' title='bbox 1552 381 1710 416; x_wconf 79' lang='lat' dir='ltr'>digitorum.</span> 
     </span>
     <span class='ocr_line' id='line_1_81' title="bbox 912 416 1712 450; baseline 0.005 -9"><span class='ocrx_word' id='word_1_576' title='bbox 912 416 999 450; x_wconf 78' lang='lat' dir='ltr'>Atque</span> <span class='ocrx_word' id='word_1_577' title='bbox 1012 416 1076 442; x_wconf 86' lang='lat' dir='ltr'>haec</span> <span class='ocrx_word' id='word_1_578' title='bbox 1087 417 1286 443; x_wconf 84' lang='lat' dir='ltr'>oblectationis:</span> <span class='ocrx_word' id='word_1_579' title='bbox 1302 417 1346 443; x_wconf 91' lang='lat' dir='ltr'>illa</span> <span class='ocrx_word' id='word_1_580' title='bbox 1358 419 1534 449; x_wconf 83' lang='lat' dir='ltr'>necessitatis,</span> <span class='ocrx_word' id='word_1_581' title='bbox 1551 419 1640 445; x_wconf 86' lang='lat' dir='ltr'>cultus</span> <span class='ocrx_word' id='word_1_582' title='bbox 1652 419 1712 445; x_wconf 90' lang='lat' dir='ltr'>dico</span> 
     </span>
     <span class='ocr_line' id='line_1_82' title="bbox 913 455 1714 491; baseline 0.004 -12"><span class='ocrx_word' id='word_1_583' title='bbox 913 462 1038 488; x_wconf 82' lang='lat' dir='ltr'>agrorum</span> <span class='ocrx_word' id='word_1_584' title='bbox 1047 474 1052 484; x_wconf 86' lang='lat'>,</span> <span class='ocrx_word' id='word_1_585' title='bbox 1066 455 1316 489; x_wconf 70' lang='lat' dir='ltr'>exstrue-tionesque</span> <span class='ocrx_word' id='word_1_586' title='bbox 1329 459 1470 485; x_wconf 87' lang='lat' dir='ltr'>tectorum,</span> <span class='ocrx_word' id='word_1_587' title='bbox 1490 461 1643 491; x_wconf 81' lang='lat' dir='ltr'>tegumenta</span> <span class='ocrx_word' id='word_1_588' title='bbox 1654 464 1714 482; x_wconf 87' lang='lat' dir='ltr'>cor-</span> 
     </span>
     <span class='ocr_line' id='line_1_83' title="bbox 914 490 1713 527; baseline 0.005 -11"><span class='ocrx_word' id='word_1_589' title='bbox 914 499 1009 525; x_wconf 89' lang='lat' dir='ltr'>porum</span> <span class='ocrx_word' id='word_1_590' title='bbox 1022 490 1063 516; x_wconf 93' lang='lat' dir='ltr'>vel</span> <span class='ocrx_word' id='word_1_591' title='bbox 1077 496 1146 517; x_wconf 86' lang='lat' dir='ltr'>texta</span> <span class='ocrx_word' id='word_1_592' title='bbox 1159 491 1200 517; x_wconf 84' lang='lat' dir='ltr'>vel</span> <span class='ocrx_word' id='word_1_593' title='bbox 1213 497 1281 521; x_wconf 84' lang='lat' dir='ltr'>suta,</span> <span class='ocrx_word' id='word_1_594' title='bbox 1291 501 1453 527; x_wconf 89' lang='lat' dir='ltr'>omnemque</span> <span class='ocrx_word' id='word_1_595' title='bbox 1462 493 1591 519; x_wconf 80' lang='lat' dir='ltr'>fabricam</span> <span class='ocrx_word' id='word_1_596' title='bbox 1603 494 1672 519; x_wconf 87' lang='lat' dir='ltr'>aeris</span> <span class='ocrx_word' id='word_1_597' title='bbox 1688 498 1713 520; x_wconf 89' lang='lat' dir='ltr'>et</span> 
     </span>
     <span class='ocr_line' id='line_1_84' title="bbox 914 527 1713 565; baseline 0.005 -12"><span class='ocrx_word' id='word_1_598' title='bbox 914 527 991 553; x_wconf 82' lang='lat' dir='ltr'>ferri:</span> <span class='ocrx_word' id='word_1_599' title='bbox 1007 537 1041 554; x_wconf 82' lang='lat' dir='ltr'>ex</span> <span class='ocrx_word' id='word_1_600' title='bbox 1052 537 1105 562; x_wconf 84' lang='lat' dir='ltr'>quo</span> <span class='ocrx_word' id='word_1_601' title='bbox 1118 528 1292 564; x_wconf 79' lang='lat' dir='ltr'>intelligitur,</span> <span class='ocrx_word' id='word_1_602' title='bbox 1306 529 1338 555; x_wconf 91' lang='lat' dir='ltr'>ad</span> <span class='ocrx_word' id='word_1_603' title='bbox 1351 531 1459 556; x_wconf 82' lang='lat' dir='ltr'>inventa</span> <span class='ocrx_word' id='word_1_604' title='bbox 1471 531 1574 562; x_wconf 86' lang='lat' dir='ltr'>animo,</span> <span class='ocrx_word' id='word_1_605' title='bbox 1588 536 1713 565; x_wconf 84' lang='lat' dir='ltr'>percepta</span> 
     </span>
     <span class='ocr_line' id='line_1_85' title="bbox 914 565 1714 600; baseline 0.006 -10"><span class='ocrx_word' id='word_1_606' title='bbox 914 565 1050 596; x_wconf 88' lang='lat' dir='ltr'>sensibus,</span> <span class='ocrx_word' id='word_1_607' title='bbox 1059 566 1190 592; x_wconf 90' lang='lat' dir='ltr'>adhibitis</span> <span class='ocrx_word' id='word_1_608' title='bbox 1201 566 1329 600; x_wconf 82' lang='lat' dir='ltr'>opificum</span> <span class='ocrx_word' id='word_1_609' title='bbox 1342 568 1477 598; x_wconf 75' lang='lat' dir='ltr'>manibus.</span> <span class='ocrx_word' id='word_1_610' title='bbox 1486 569 1576 595; x_wconf 82' lang='lat' dir='ltr'>onmia</span> <span class='ocrx_word' id='word_1_611' title='bbox 1589 578 1636 594; x_wconf 89' lang='lat' dir='ltr'>nos</span> <span class='ocrx_word' id='word_1_612' title='bbox 1649 577 1714 595; x_wconf 89' lang='lat' dir='ltr'>con—</span> 
     </span>
     <span class='ocr_line' id='line_1_86' title="bbox 914 604 1711 640; baseline 0.005 -12"><span class='ocrx_word' id='word_1_613' title='bbox 914 607 1033 634; x_wconf 87' lang='lat' dir='ltr'>secutos,</span> <span class='ocrx_word' id='word_1_614' title='bbox 1052 608 1081 629; x_wconf 92' lang='lat' dir='ltr'>ut</span> <span class='ocrx_word' id='word_1_615' title='bbox 1096 604 1172 634; x_wconf 88' lang='lat' dir='ltr'>tecti,</span> <span class='ocrx_word' id='word_1_616' title='bbox 1191 609 1220 629; x_wconf 94' lang='lat' dir='ltr'>ut</span> <span class='ocrx_word' id='word_1_617' title='bbox 1232 604 1335 635; x_wconf 79' lang='lat' dir='ltr'>vestiti,</span> <span class='ocrx_word' id='word_1_618' title='bbox 1354 609 1383 630; x_wconf 93' lang='lat' dir='ltr'>ut</span> <span class='ocrx_word' id='word_1_619' title='bbox 1400 605 1469 631; x_wconf 84' lang='lat' dir='ltr'>salvi</span> <span class='ocrx_word' id='word_1_620' title='bbox 1485 614 1544 631; x_wconf 90' lang='lat' dir='ltr'>esse</span> <span class='ocrx_word' id='word_1_621' title='bbox 1559 614 1711 640; x_wconf 81' lang='lat' dir='ltr'>possemuS,</span> 
     </span>
     <span class='ocr_line' id='line_1_87' title="bbox 914 640 1712 671; baseline 0.005 -6"><span class='ocrx_word' id='word_1_622' title='bbox 914 640 1009 671; x_wconf 71' lang='lat' dir='ltr'>urbes,</span> <span class='ocrx_word' id='word_1_623' title='bbox 1024 649 1128 671; x_wconf 81' lang='lat' dir='ltr'>muros,</span> <span class='ocrx_word' id='word_1_624' title='bbox 1145 640 1296 671; x_wconf 83' lang='lat' dir='ltr'>domicilia,</span> <span class='ocrx_word' id='word_1_625' title='bbox 1313 641 1426 668; x_wconf 86' lang='lat' dir='ltr'>delubra</span> <span class='ocrx_word' id='word_1_626' title='bbox 1438 642 1610 669; x_wconf 89' lang='lat' dir='ltr'>haberemus.</span> <span class='ocrx_word' id='word_1_627' title='bbox 1655 645 1712 669; x_wconf 74' lang='lat'>151.</span> 
     </span>
     <span class='ocr_line' id='line_1_88' title="bbox 914 678 1714 712; baseline 0.005 -10"><span class='ocrx_word' id='word_1_628' title='bbox 914 678 968 703; x_wconf 90' lang='lat' dir='ltr'>lam</span> <span class='ocrx_word' id='word_1_629' title='bbox 987 686 1048 703; x_wconf 92' lang='lat' dir='ltr'>vero</span> <span class='ocrx_word' id='word_1_630' title='bbox 1063 678 1192 712; x_wconf 87' lang='lat' dir='ltr'>operibus</span> <span class='ocrx_word' id='word_1_631' title='bbox 1209 678 1365 709; x_wconf 88' lang='lat' dir='ltr'>bominum,</span> <span class='ocrx_word' id='word_1_632' title='bbox 1390 679 1418 705; x_wconf 91' lang='lat' dir='ltr'>id</span> <span class='ocrx_word' id='word_1_633' title='bbox 1433 684 1474 706; x_wconf 91' lang='lat' dir='ltr'>est</span> <span class='ocrx_word' id='word_1_634' title='bbox 1494 681 1634 711; x_wconf 89' lang='lat' dir='ltr'>manibus,</span> <span class='ocrx_word' id='word_1_635' title='bbox 1658 680 1714 706; x_wconf 81' lang='lat' dir='ltr'>cibi</span> 
     </span>
     <span class='ocr_line' id='line_1_89' title="bbox 914 715 1714 753; baseline 0.006 -14"><span class='ocrx_word' id='word_1_636' title='bbox 914 715 994 740; x_wconf 86' lang='lat' dir='ltr'>etiam</span> <span class='ocrx_word' id='word_1_637' title='bbox 1009 715 1123 741; x_wconf 84' lang='lat' dir='ltr'>varietas</span> <span class='ocrx_word' id='word_1_638' title='bbox 1136 716 1273 741; x_wconf 79' lang='lat' dir='ltr'>invenitur</span> <span class='ocrx_word' id='word_1_639' title='bbox 1284 721 1309 742; x_wconf 90' lang='lat' dir='ltr'>et</span> <span class='ocrx_word' id='word_1_640' title='bbox 1319 717 1405 751; x_wconf 88' lang='lat' dir='ltr'>copia.</span> <span class='ocrx_word' id='word_1_641' title='bbox 1447 718 1514 743; x_wconf 90' lang='lat' dir='ltr'>Nam</span> <span class='ocrx_word' id='word_1_642' title='bbox 1526 723 1551 744; x_wconf 90' lang='lat' dir='ltr'>et</span> <span class='ocrx_word' id='word_1_643' title='bbox 1561 719 1618 753; x_wconf 84' lang='lat' dir='ltr'>agri</span> <span class='ocrx_word' id='word_1_644' title='bbox 1631 718 1714 744; x_wconf 84' lang='lat' dir='ltr'>multa</span> 
     </span>
     <span class='ocr_line' id='line_1_90' title="bbox 914 751 1712 788; baseline 0.006 -11"><span class='ocrx_word' id='word_1_645' title='bbox 914 751 1028 777; x_wconf 79' lang='lat' dir='ltr'>efferunt</span> <span class='ocrx_word' id='word_1_646' title='bbox 1040 761 1121 778; x_wconf 87' lang='lat' dir='ltr'>manu</span> <span class='ocrx_word' id='word_1_647' title='bbox 1133 754 1263 787; x_wconf 85' lang='lat' dir='ltr'>quaesita,</span> <span class='ocrx_word' id='word_1_648' title='bbox 1273 762 1341 788; x_wconf 87' lang='lat' dir='ltr'>quae</span> <span class='ocrx_word' id='word_1_649' title='bbox 1353 754 1396 779; x_wconf 81' lang='lat' dir='ltr'>vel</span> <span class='ocrx_word' id='word_1_650' title='bbox 1408 756 1497 780; x_wconf 90' lang='lat' dir='ltr'>statim</span> <span class='ocrx_word' id='word_1_651' title='bbox 1510 761 1712 786; x_wconf 83' lang='lat' dir='ltr'>consumantur,</span> 
     </span>
     <span class='ocr_line' id='line_1_91' title="bbox 914 789 1715 826; baseline 0.005 -12"><span class='ocrx_word' id='word_1_652' title='bbox 914 789 957 815; x_wconf 87' lang='lat' dir='ltr'>vel</span> <span class='ocrx_word' id='word_1_653' title='bbox 971 789 1130 815; x_wconf 84' lang='lat' dir='ltr'>mandentur</span> <span class='ocrx_word' id='word_1_654' title='bbox 1141 790 1247 816; x_wconf 83' lang='lat' dir='ltr'>condita</span> <span class='ocrx_word' id='word_1_655' title='bbox 1260 792 1396 818; x_wconf 83' lang='lat' dir='ltr'>vetustati.</span> <span class='ocrx_word' id='word_1_656' title='bbox 1438 792 1470 818; x_wconf 90' lang='lat' dir='ltr'>Et</span> <span class='ocrx_word' id='word_1_657' title='bbox 1480 798 1615 826; x_wconf 84' lang='lat' dir='ltr'>praeterea</span> <span class='ocrx_word' id='word_1_658' title='bbox 1628 793 1715 818; x_wconf 78' lang='lat' dir='ltr'>vesci-</span> 
     </span>
     <span class='ocr_line' id='line_1_92' title="bbox 915 826 1712 862; baseline 0.005 -11"><span class='ocrx_word' id='word_1_659' title='bbox 915 834 976 852; x_wconf 85' lang='lat' dir='ltr'>mur</span> <span class='ocrx_word' id='word_1_660' title='bbox 992 826 1086 852; x_wconf 86' lang='lat' dir='ltr'>bestiis</span> <span class='ocrx_word' id='word_1_661' title='bbox 1103 832 1128 852; x_wconf 91' lang='lat' dir='ltr'>et</span> <span class='ocrx_word' id='word_1_662' title='bbox 1144 829 1256 853; x_wconf 85' lang='lat' dir='ltr'>terrenis</span> <span class='ocrx_word' id='word_1_663' title='bbox 1273 833 1299 853; x_wconf 90' lang='lat' dir='ltr'>et</span> <span class='ocrx_word' id='word_1_664' title='bbox 1317 829 1482 862; x_wconf 84' lang='lat' dir='ltr'>aquatilibus</span> <span class='ocrx_word' id='word_1_665' title='bbox 1500 834 1525 855; x_wconf 88' lang='lat' dir='ltr'>et</span> <span class='ocrx_word' id='word_1_666' title='bbox 1546 829 1712 860; x_wconf 75' lang='lat' dir='ltr'>volatilibus,</span> 
     </span>
     <span class='ocr_line' id='line_1_93' title="bbox 914 864 1715 898; baseline 0.006 -10"><span class='ocrx_word' id='word_1_667' title='bbox 914 864 1012 898; x_wconf 88' lang='lat' dir='ltr'>partim</span> <span class='ocrx_word' id='word_1_668' title='bbox 1023 864 1163 898; x_wconf 77' lang='lat' dir='ltr'>capiendO,</span> <span class='ocrx_word' id='word_1_669' title='bbox 1177 866 1274 898; x_wconf 88' lang='lat' dir='ltr'>partim</span> <span class='ocrx_word' id='word_1_670' title='bbox 1287 865 1392 892; x_wconf 88' lang='lat' dir='ltr'>alendo.</span> <span class='ocrx_word' id='word_1_671' title='bbox 1421 866 1564 893; x_wconf 81' lang='lat' dir='ltr'>Efficimus</span> <span class='ocrx_word' id='word_1_672' title='bbox 1575 868 1656 893; x_wconf 80' lang='lat' dir='ltr'>etiam</span> <span class='ocrx_word' id='word_1_673' title='bbox 1667 867 1715 893; x_wconf 83' lang='lat' dir='ltr'>do·</span> 
     </span>
     <span class='ocr_line' id='line_1_94' title="bbox 915 902 1716 938; baseline 0.006 -12"><span class='ocrx_word' id='word_1_674' title='bbox 915 902 982 927; x_wconf 82' lang='lat' dir='ltr'>niitu</span> <span class='ocrx_word' id='word_1_675' title='bbox 995 906 1084 927; x_wconf 91' lang='lat' dir='ltr'>nostro</span> <span class='ocrx_word' id='word_1_676' title='bbox 1096 902 1305 936; x_wconf 88' lang='lat' dir='ltr'>quadrupedum</span> <span class='ocrx_word' id='word_1_677' title='bbox 1318 904 1467 930; x_wconf 85' lang='lat' dir='ltr'>vectiones:</span> <span class='ocrx_word' id='word_1_678' title='bbox 1490 913 1606 938; x_wconf 87' lang='lat' dir='ltr'>quorum</span> <span class='ocrx_word' id='word_1_679' title='bbox 1621 904 1716 931; x_wconf 87' lang='lat' dir='ltr'>celeri-</span> 
     </span>
     <span class='ocr_line' id='line_1_95' title="bbox 915 939 1716 973; baseline 0.005 -9"><span class='ocrx_word' id='word_1_680' title='bbox 915 943 954 964; x_wconf 88' lang='lat' dir='ltr'>tas</span> <span class='ocrx_word' id='word_1_681' title='bbox 966 943 1046 973; x_wconf 90' lang='lat' dir='ltr'>atque</span> <span class='ocrx_word' id='word_1_682' title='bbox 1059 940 1100 964; x_wconf 84' lang='lat' dir='ltr'>vis</span> <span class='ocrx_word' id='word_1_683' title='bbox 1113 939 1190 964; x_wconf 88' lang='lat' dir='ltr'>nobis</span> <span class='ocrx_word' id='word_1_684' title='bbox 1204 940 1270 973; x_wconf 83' lang='lat' dir='ltr'>ipsis</span> <span class='ocrx_word' id='word_1_685' title='bbox 1282 940 1356 966; x_wconf 81' lang='lat' dir='ltr'>ati&#39;ert</span> <span class='ocrx_word' id='word_1_686' title='bbox 1368 941 1424 966; x_wconf 77' lang='lat' dir='ltr'>vim</span> <span class='ocrx_word' id='word_1_687' title='bbox 1436 946 1460 967; x_wconf 87' lang='lat' dir='ltr'>et</span> <span class='ocrx_word' id='word_1_688' title='bbox 1471 941 1644 968; x_wconf 84' lang='lat' dir='ltr'>celeritatem.</span> <span class='ocrx_word' id='word_1_689' title='bbox 1662 943 1716 968; x_wconf 71' lang='lat' dir='ltr'>Nos</span> 
     </span>
     <span class='ocr_line' id='line_1_96' title="bbox 914 976 1716 1013; baseline 0.006 -12"><span class='ocrx_word' id='word_1_690' title='bbox 914 984 994 1002; x_wconf 87' lang='lat' dir='ltr'>onera</span> <span class='ocrx_word' id='word_1_691' title='bbox 1010 976 1177 1010; x_wconf 87' lang='lat' dir='ltr'>quibusdam</span> <span class='ocrx_word' id='word_1_692' title='bbox 1194 977 1302 1008; x_wconf 82' lang='lat' dir='ltr'>bestiis,</span> <span class='ocrx_word' id='word_1_693' title='bbox 1326 986 1373 1003; x_wconf 91' lang='lat' dir='ltr'>nos</span> <span class='ocrx_word' id='word_1_694' title='bbox 1389 979 1452 1013; x_wconf 86' lang='lat' dir='ltr'>iuga</span> <span class='ocrx_word' id='word_1_695' title='bbox 1469 979 1649 1013; x_wconf 81' lang='lat' dir='ltr'>imponimus;</span> <span class='ocrx_word' id='word_1_696' title='bbox 1668 988 1716 1005; x_wconf 83' lang='lat' dir='ltr'>nos</span> 
     </span>
     <span class='ocr_line' id='line_1_97' title="bbox 915 1013 1717 1052; baseline 0.005 -13"><span class='ocrx_word' id='word_1_697' title='bbox 915 1013 1120 1048; x_wconf 86' lang='lat' dir='ltr'>elephantorum</span> <span class='ocrx_word' id='word_1_698' title='bbox 1132 1015 1298 1040; x_wconf 85' lang='lat' dir='ltr'>acutissimis</span> <span class='ocrx_word' id='word_1_699' title='bbox 1310 1016 1447 1045; x_wconf 87' lang='lat' dir='ltr'>sensibus,</span> <span class='ocrx_word' id='word_1_700' title='bbox 1457 1025 1504 1042; x_wconf 89' lang='lat' dir='ltr'>nos</span> <span class='ocrx_word' id='word_1_701' title='bbox 1516 1018 1660 1052; x_wconf 82' lang='lat' dir='ltr'>sagacitate</span> <span class='ocrx_word' id='word_1_702' title='bbox 1672 1026 1717 1043; x_wconf 84' lang='lat' dir='ltr'>ca-</span> 
     </span>
     <span class='ocr_line' id='line_1_98' title="bbox 915 1051 1717 1086; baseline 0.005 -10"><span class='ocrx_word' id='word_1_703' title='bbox 915 1060 980 1077; x_wconf 92' lang='lat' dir='ltr'>num</span> <span class='ocrx_word' id='word_1_704' title='bbox 993 1051 1026 1077; x_wconf 90' lang='lat' dir='ltr'>ad</span> <span class='ocrx_word' id='word_1_705' title='bbox 1038 1051 1182 1078; x_wconf 89' lang='lat' dir='ltr'>utilitatem</span> <span class='ocrx_word' id='word_1_706' title='bbox 1195 1057 1313 1078; x_wconf 89' lang='lat' dir='ltr'>nostram</span> <span class='ocrx_word' id='word_1_707' title='bbox 1324 1053 1475 1086; x_wconf 68' lang='lat' dir='ltr'>abutimur,</span> <span class='ocrx_word' id='word_1_708' title='bbox 1493 1062 1540 1080; x_wconf 84' lang='lat' dir='ltr'>nos</span> <span class='ocrx_word' id='word_1_709' title='bbox 1551 1064 1565 1080; x_wconf 92' lang='lat' dir='ltr'>e</span> <span class='ocrx_word' id='word_1_710' title='bbox 1578 1060 1660 1081; x_wconf 88' lang='lat' dir='ltr'>terrae</span> <span class='ocrx_word' id='word_1_711' title='bbox 1672 1064 1717 1080; x_wconf 83' lang='lat' dir='ltr'>ca-</span> 
     </span>
     <span class='ocr_line' id='line_1_99' title="bbox 915 1088 1716 1127; baseline 0.005 -13"><span class='ocrx_word' id='word_1_712' title='bbox 915 1089 1005 1115; x_wconf 90' lang='lat' dir='ltr'>vernis</span> <span class='ocrx_word' id='word_1_713' title='bbox 1019 1088 1119 1114; x_wconf 88' lang='lat' dir='ltr'>ferrum</span> <span class='ocrx_word' id='word_1_714' title='bbox 1133 1088 1268 1120; x_wconf 88' lang='lat' dir='ltr'>elicimus,</span> <span class='ocrx_word' id='word_1_715' title='bbox 1282 1099 1338 1116; x_wconf 78' lang='lat' dir='ltr'>reni</span> <span class='ocrx_word' id='word_1_716' title='bbox 1351 1090 1383 1116; x_wconf 92' lang='lat' dir='ltr'>ad</span> <span class='ocrx_word' id='word_1_717' title='bbox 1394 1090 1521 1117; x_wconf 89' lang='lat' dir='ltr'>colendos</span> <span class='ocrx_word' id='word_1_718' title='bbox 1533 1100 1610 1127; x_wconf 87' lang='lat' dir='ltr'>agros</span> <span class='ocrx_word' id='word_1_719' title='bbox 1622 1100 1716 1118; x_wconf 85' lang='lat' dir='ltr'>neces-</span> 
     </span>
     <span class='ocr_line' id='line_1_100' title="bbox 915 1127 1717 1163; baseline 0.006 -12"><span class='ocrx_word' id='word_1_720' title='bbox 915 1127 1026 1158; x_wconf 80' lang='lat' dir='ltr'>sarian1;</span> <span class='ocrx_word' id='word_1_721' title='bbox 1041 1135 1089 1152; x_wconf 88' lang='lat' dir='ltr'>nos</span> <span class='ocrx_word' id='word_1_722' title='bbox 1100 1127 1183 1157; x_wconf 81' lang='lat' dir='ltr'>aeris,</span> <span class='ocrx_word' id='word_1_723' title='bbox 1197 1128 1314 1163; x_wconf 79' lang='lat' dir='ltr'>argenti,</span> <span class='ocrx_word' id='word_1_724' title='bbox 1328 1129 1387 1154; x_wconf 82' lang='lat' dir='ltr'>auri</span> <span class='ocrx_word' id='word_1_725' title='bbox 1400 1137 1481 1155; x_wconf 86' lang='lat' dir='ltr'>venas</span> <span class='ocrx_word' id='word_1_726' title='bbox 1492 1130 1600 1163; x_wconf 88' lang='lat' dir='ltr'>penitus</span> <span class='ocrx_word' id='word_1_727' title='bbox 1612 1129 1717 1156; x_wconf 87' lang='lat' dir='ltr'>abditas</span> 
     </span>
     <span class='ocr_line' id='line_1_101' title="bbox 916 1164 1715 1199; baseline 0.005 -10"><span class='ocrx_word' id='word_1_728' title='bbox 916 1164 1071 1190; x_wconf 88' lang='lat' dir='ltr'>invenimus</span> <span class='ocrx_word' id='word_1_729' title='bbox 1088 1168 1112 1190; x_wconf 85' lang='lat' dir='ltr'>et</span> <span class='ocrx_word' id='word_1_730' title='bbox 1128 1164 1160 1190; x_wconf 86' lang='lat' dir='ltr'>ad</span> <span class='ocrx_word' id='word_1_731' title='bbox 1177 1173 1256 1191; x_wconf 89' lang='lat' dir='ltr'>usum</span> <span class='ocrx_word' id='word_1_732' title='bbox 1272 1170 1346 1199; x_wconf 89' lang='lat' dir='ltr'>aptas</span> <span class='ocrx_word' id='word_1_733' title='bbox 1362 1170 1388 1192; x_wconf 86' lang='lat' dir='ltr'>et</span> <span class='ocrx_word' id='word_1_734' title='bbox 1403 1165 1436 1192; x_wconf 91' lang='lat' dir='ltr'>ad</span> <span class='ocrx_word' id='word_1_735' title='bbox 1451 1171 1575 1193; x_wconf 86' lang='lat' dir='ltr'>ornatum</span> <span class='ocrx_word' id='word_1_736' title='bbox 1591 1167 1715 1193; x_wconf 80' lang='lat' dir='ltr'>decoras:</span> 
     </span>
     <span class='ocr_line' id='line_1_102' title="bbox 915 1201 1718 1238; baseline 0.006 -12"><span class='ocrx_word' id='word_1_737' title='bbox 915 1201 1041 1227; x_wconf 88' lang='lat' dir='ltr'>arborum</span> <span class='ocrx_word' id='word_1_738' title='bbox 1058 1206 1147 1227; x_wconf 88' lang='lat' dir='ltr'>autem</span> <span class='ocrx_word' id='word_1_739' title='bbox 1162 1203 1331 1229; x_wconf 89' lang='lat' dir='ltr'>consectione</span> <span class='ocrx_word' id='word_1_740' title='bbox 1346 1204 1476 1238; x_wconf 89' lang='lat' dir='ltr'>omnique</span> <span class='ocrx_word' id='word_1_741' title='bbox 1488 1205 1598 1231; x_wconf 88' lang='lat' dir='ltr'>materia</span> <span class='ocrx_word' id='word_1_742' title='bbox 1610 1210 1635 1231; x_wconf 91' lang='lat' dir='ltr'>et</span> <span class='ocrx_word' id='word_1_743' title='bbox 1646 1204 1718 1230; x_wconf 83' lang='lat' dir='ltr'>culta</span> 
     </span>
     <span class='ocr_line' id='line_1_103' title="bbox 915 1238 1719 1277; baseline 0.005 -13"><span class='ocrx_word' id='word_1_744' title='bbox 915 1244 940 1265; x_wconf 90' lang='lat' dir='ltr'>et</span> <span class='ocrx_word' id='word_1_745' title='bbox 955 1238 1074 1265; x_wconf 87' lang='lat' dir='ltr'>silvestri</span> <span class='ocrx_word' id='word_1_746' title='bbox 1091 1240 1188 1273; x_wconf 87' lang='lat' dir='ltr'>partim</span> <span class='ocrx_word' id='word_1_747' title='bbox 1205 1240 1237 1265; x_wconf 91' lang='lat' dir='ltr'>ad</span> <span class='ocrx_word' id='word_1_748' title='bbox 1252 1239 1465 1267; x_wconf 84' lang='lat' dir='ltr'>calefaciendum</span> <span class='ocrx_word' id='word_1_749' title='bbox 1482 1250 1580 1276; x_wconf 88' lang='lat' dir='ltr'>corpus</span> <span class='ocrx_word' id='word_1_750' title='bbox 1596 1243 1653 1277; x_wconf 87' lang='lat' dir='ltr'>igni</span> <span class='ocrx_word' id='word_1_751' title='bbox 1670 1241 1719 1268; x_wconf 85' lang='lat' dir='ltr'>ad-</span> 
     </span>
     <span class='ocr_line' id='line_1_104' title="bbox 916 1276 1718 1314; baseline 0.004 -12"><span class='ocrx_word' id='word_1_752' title='bbox 916 1276 1002 1302; x_wconf 83' lang='lat' dir='ltr'>hibito</span> <span class='ocrx_word' id='word_1_753' title='bbox 1014 1281 1039 1302; x_wconf 90' lang='lat' dir='ltr'>et</span> <span class='ocrx_word' id='word_1_754' title='bbox 1050 1276 1082 1302; x_wconf 86' lang='lat' dir='ltr'>ad</span> <span class='ocrx_word' id='word_1_755' title='bbox 1095 1278 1275 1312; x_wconf 85' lang='lat' dir='ltr'>mitigandum</span> <span class='ocrx_word' id='word_1_756' title='bbox 1286 1278 1379 1304; x_wconf 88' lang='lat' dir='ltr'>cibum</span> <span class='ocrx_word' id='word_1_757' title='bbox 1392 1279 1503 1309; x_wconf 87' lang='lat' dir='ltr'>utimur,</span> <span class='ocrx_word' id='word_1_758' title='bbox 1520 1280 1616 1314; x_wconf 87' lang='lat' dir='ltr'>partim</span> <span class='ocrx_word' id='word_1_759' title='bbox 1629 1279 1661 1305; x_wconf 89' lang='lat' dir='ltr'>ad</span> <span class='ocrx_word' id='word_1_760' title='bbox 1673 1288 1718 1305; x_wconf 86' lang='lat' dir='ltr'>ae-</span> 
     </span>
     <span class='ocr_line' id='line_1_105' title="bbox 915 1314 1719 1351; baseline 0.004 -12"><span class='ocrx_word' id='word_1_761' title='bbox 915 1314 1095 1344; x_wconf 83' lang='lat' dir='ltr'>dificandum,</span> <span class='ocrx_word' id='word_1_762' title='bbox 1110 1320 1151 1345; x_wconf 88' lang='lat' dir='ltr'>ut,</span> <span class='ocrx_word' id='word_1_763' title='bbox 1168 1317 1245 1341; x_wconf 79' lang='lat' dir='ltr'>tectis</span> <span class='ocrx_word' id='word_1_764' title='bbox 1256 1316 1338 1350; x_wconf 87' lang='lat' dir='ltr'>septi,</span> <span class='ocrx_word' id='word_1_765' title='bbox 1356 1315 1454 1351; x_wconf 76' lang='lat' dir='ltr'>frigora</span> <span class='ocrx_word' id='word_1_766' title='bbox 1465 1316 1621 1351; x_wconf 82' lang='lat' dir='ltr'>caloresque</span> <span class='ocrx_word' id='word_1_767' title='bbox 1633 1317 1719 1351; x_wconf 83' lang='lat' dir='ltr'>pella-</span> 
     </span>
     <span class='ocr_line' id='line_1_106' title="bbox 917 1353 1719 1389; baseline 0.004 -12"><span class='ocrx_word' id='word_1_768' title='bbox 917 1360 987 1378; x_wconf 90' lang='lat' dir='ltr'>mus.</span> <span class='ocrx_word' id='word_1_769' title='bbox 1024 1353 1078 1378; x_wconf 71' lang='lat'>152.</span> <span class='ocrx_word' id='word_1_770' title='bbox 1094 1353 1204 1387; x_wconf 80' lang='lat' dir='ltr'>Magnos</span> <span class='ocrx_word' id='word_1_771' title='bbox 1217 1362 1278 1379; x_wconf 84' lang='lat' dir='ltr'>vero</span> <span class='ocrx_word' id='word_1_772' title='bbox 1290 1362 1356 1379; x_wconf 87' lang='lat' dir='ltr'>usus</span> <span class='ocrx_word' id='word_1_773' title='bbox 1368 1354 1441 1380; x_wconf 84' lang='lat' dir='ltr'>atl&#39;ert</span> <span class='ocrx_word' id='word_1_774' title='bbox 1452 1353 1485 1380; x_wconf 90' lang='lat' dir='ltr'>ad</span> <span class='ocrx_word' id='word_1_775' title='bbox 1497 1355 1604 1389; x_wconf 78' lang='lat' dir='ltr'>navigia</span> <span class='ocrx_word' id='word_1_776' title='bbox 1617 1354 1719 1380; x_wconf 83' lang='lat' dir='ltr'>facien-</span> 
     </span>
     <span class='ocr_line' id='line_1_107' title="bbox 916 1389 1718 1426; baseline 0.005 -12"><span class='ocrx_word' id='word_1_777' title='bbox 916 1389 962 1420; x_wconf 78' lang='lat' dir='ltr'>‹la,</span> <span class='ocrx_word' id='word_1_778' title='bbox 986 1398 1102 1424; x_wconf 87' lang='lat' dir='ltr'>quorum</span> <span class='ocrx_word' id='word_1_779' title='bbox 1118 1391 1246 1416; x_wconf 87' lang='lat' dir='ltr'>cursibus</span> <span class='ocrx_word' id='word_1_780' title='bbox 1262 1391 1471 1425; x_wconf 82' lang='lat' dir='ltr'>suppeditantur</span> <span class='ocrx_word' id='word_1_781' title='bbox 1485 1401 1579 1417; x_wconf 83' lang='lat' dir='ltr'>omnes</span> <span class='ocrx_word' id='word_1_782' title='bbox 1596 1392 1718 1426; x_wconf 83' lang='lat' dir='ltr'>undique</span> 
     </span>
     <span class='ocr_line' id='line_1_108' title="bbox 916 1427 1718 1463; baseline 0.004 -11"><span class='ocrx_word' id='word_1_783' title='bbox 916 1427 949 1453; x_wconf 90' lang='lat' dir='ltr'>ad</span> <span class='ocrx_word' id='word_1_784' title='bbox 965 1428 1047 1453; x_wconf 90' lang='lat' dir='ltr'>vitam</span> <span class='ocrx_word' id='word_1_785' title='bbox 1063 1428 1170 1462; x_wconf 85' lang='lat' dir='ltr'>copiae.-</span> <span class='ocrx_word' id='word_1_786' title='bbox 1193 1437 1316 1463; x_wconf 89' lang='lat' dir='ltr'>quasque</span> <span class='ocrx_word' id='word_1_787' title='bbox 1333 1438 1374 1454; x_wconf 88' lang='lat' dir='ltr'>res</span> <span class='ocrx_word' id='word_1_788' title='bbox 1392 1428 1603 1455; x_wconf 82' lang='lat' dir='ltr'>violentissimas</span> <span class='ocrx_word' id='word_1_789' title='bbox 1624 1435 1718 1455; x_wconf 85' lang='lat' dir='ltr'>natura</span> 
     </span>
     <span class='ocr_line' id='line_1_109' title="bbox 915 1465 1718 1500; baseline 0.002 -10"><span class='ocrx_word' id='word_1_790' title='bbox 915 1466 1019 1500; x_wconf 83' lang='lat' dir='ltr'>genuit,</span> <span class='ocrx_word' id='word_1_791' title='bbox 1029 1474 1121 1491; x_wconf 88' lang='lat' dir='ltr'>earum</span> <span class='ocrx_word' id='word_1_792' title='bbox 1130 1465 1340 1492; x_wconf 87' lang='lat' dir='ltr'>moderationem</span> <span class='ocrx_word' id='word_1_793' title='bbox 1353 1475 1400 1492; x_wconf 89' lang='lat' dir='ltr'>nos</span> <span class='ocrx_word' id='word_1_794' title='bbox 1412 1466 1462 1492; x_wconf 90' lang='lat' dir='ltr'>soli</span> <span class='ocrx_word' id='word_1_795' title='bbox 1475 1467 1621 1497; x_wconf 79' lang='lat' dir='ltr'>habemus,</span> <span class='ocrx_word' id='word_1_796' title='bbox 1636 1468 1718 1492; x_wconf 83' lang='lat' dir='ltr'>maris</span> 
     </span>
     <span class='ocr_line' id='line_1_110' title="bbox 916 1504 1715 1538; baseline 0.004 -11"><span class='ocrx_word' id='word_1_797' title='bbox 916 1507 995 1537; x_wconf 86' lang='lat' dir='ltr'>atque</span> <span class='ocrx_word' id='word_1_798' title='bbox 1003 1508 1153 1534; x_wconf 74' lang='lat' dir='ltr'>ventorum,</span> <span class='ocrx_word' id='word_1_799' title='bbox 1163 1504 1446 1538; x_wconf 84' lang='lat' dir='ltr'>propternauticarum</span> <span class='ocrx_word' id='word_1_800' title='bbox 1459 1513 1547 1530; x_wconf 89' lang='lat' dir='ltr'>rerum</span> <span class='ocrx_word' id='word_1_801' title='bbox 1560 1505 1715 1537; x_wconf 68' lang='lat' dir='ltr'>scientiam,</span> 
     </span>
     <span class='ocr_line' id='line_1_111' title="bbox 916 1540 1717 1576; baseline 0.002 -11"><span class='ocrx_word' id='word_1_802' title='bbox 916 1540 1097 1575; x_wconf 83' lang='lat' dir='ltr'>plurimisque</span> <span class='ocrx_word' id='word_1_803' title='bbox 1115 1542 1258 1567; x_wconf 75' lang='lat' dir='ltr'>maritimis</span> <span class='ocrx_word' id='word_1_804' title='bbox 1275 1541 1355 1567; x_wconf 85' lang='lat' dir='ltr'>rebus</span> <span class='ocrx_word' id='word_1_805' title='bbox 1372 1541 1488 1568; x_wconf 89' lang='lat' dir='ltr'>fruimur</span> <span class='ocrx_word' id='word_1_806' title='bbox 1503 1547 1583 1576; x_wconf 85' lang='lat' dir='ltr'>atque</span> <span class='ocrx_word' id='word_1_807' title='bbox 1604 1543 1717 1568; x_wconf 89' lang='lat' dir='ltr'>utimur.</span> 
     </span>
     <span class='ocr_line' id='line_1_112' title="bbox 916 1578 1718 1606; baseline 0.002 -3"><span class='ocrx_word' id='word_1_808' title='bbox 916 1578 1093 1604; x_wconf 80' lang='lat' dir='ltr'>&#39;l&#39;crrenoruin</span> <span class='ocrx_word' id='word_1_809' title='bbox 1111 1579 1173 1605; x_wconf 90' lang='lat' dir='ltr'>item</span> <span class='ocrx_word' id='word_1_810' title='bbox 1189 1579 1392 1605; x_wconf 91' lang='lat' dir='ltr'>commodorum</span> <span class='ocrx_word' id='word_1_811' title='bbox 1408 1580 1497 1605; x_wconf 88' lang='lat' dir='ltr'>omnis</span> <span class='ocrx_word' id='word_1_812' title='bbox 1513 1585 1553 1606; x_wconf 85' lang='lat' dir='ltr'>est</span> <span class='ocrx_word' id='word_1_813' title='bbox 1570 1580 1596 1605; x_wconf 91' lang='lat' dir='ltr'>in</span> <span class='ocrx_word' id='word_1_814' title='bbox 1609 1579 1718 1605; x_wconf 82' lang='lat' dir='ltr'>homino</span> 
     </span>
     <span class='ocr_line' id='line_1_113' title="bbox 916 1614 1719 1651; baseline 0 -10"><span class='ocrx_word' id='word_1_815' title='bbox 916 1614 1079 1642; x_wconf 88' lang='lat' dir='ltr'>dominatus.</span> <span class='ocrx_word' id='word_1_816' title='bbox 1121 1617 1174 1642; x_wconf 81' lang='lat' dir='ltr'>Nos</span> <span class='ocrx_word' id='word_1_817' title='bbox 1186 1617 1299 1651; x_wconf 75' lang='lat' dir='ltr'>campis,</span> <span class='ocrx_word' id='word_1_818' title='bbox 1317 1626 1364 1642; x_wconf 88' lang='lat' dir='ltr'>nos</span> <span class='ocrx_word' id='word_1_819' title='bbox 1377 1617 1514 1643; x_wconf 91' lang='lat' dir='ltr'>montibus</span> <span class='ocrx_word' id='word_1_820' title='bbox 1526 1616 1656 1646; x_wconf 81' lang='lat' dir='ltr'>fruimur;</span> <span class='ocrx_word' id='word_1_821' title='bbox 1672 1626 1719 1642; x_wconf 86' lang='lat' dir='ltr'>no-</span> 
     </span>
     <span class='ocr_line' id='line_1_114' title="bbox 916 1653 1719 1689; baseline 0.002 -11"><span class='ocrx_word' id='word_1_822' title='bbox 916 1653 963 1678; x_wconf 84' lang='lat' dir='ltr'>stri</span> <span class='ocrx_word' id='word_1_823' title='bbox 975 1659 1039 1679; x_wconf 87' lang='lat' dir='ltr'>sunt</span> <span class='ocrx_word' id='word_1_824' title='bbox 1050 1662 1153 1685; x_wconf 80' lang='lat' dir='ltr'>amnes,</span> <span class='ocrx_word' id='word_1_825' title='bbox 1167 1655 1249 1680; x_wconf 88' lang='lat' dir='ltr'>nostri</span> <span class='ocrx_word' id='word_1_826' title='bbox 1264 1654 1350 1680; x_wconf 87' lang='lat' dir='ltr'>lacus:</span> <span class='ocrx_word' id='word_1_827' title='bbox 1368 1664 1415 1680; x_wconf 88' lang='lat' dir='ltr'>nos</span> <span class='ocrx_word' id='word_1_828' title='bbox 1428 1654 1519 1689; x_wconf 73' lang='lat' dir='ltr'>fruges</span> <span class='ocrx_word' id='word_1_829' title='bbox 1531 1655 1657 1685; x_wconf 85' lang='lat' dir='ltr'>serimus,</span> <span class='ocrx_word' id='word_1_830' title='bbox 1672 1663 1719 1680; x_wconf 87' lang='lat' dir='ltr'>nos</span> 
     </span>
     <span class='ocr_line' id='line_1_115' title="bbox 916 1691 1719 1726; baseline 0.002 -10"><span class='ocrx_word' id='word_1_831' title='bbox 916 1691 1036 1722; x_wconf 66' lang='lat' dir='ltr'>arbores-3</span> <span class='ocrx_word' id='word_1_832' title='bbox 1055 1700 1102 1717; x_wconf 88' lang='lat' dir='ltr'>nos</span> <span class='ocrx_word' id='word_1_833' title='bbox 1114 1701 1245 1726; x_wconf 89' lang='lat' dir='ltr'>aquarum</span> <span class='ocrx_word' id='word_1_834' title='bbox 1263 1691 1466 1718; x_wconf 70' lang='lat' dir='ltr'>inductionibus</span> <span class='ocrx_word' id='word_1_835' title='bbox 1479 1693 1555 1718; x_wconf 88' lang='lat' dir='ltr'>terris</span> <span class='ocrx_word' id='word_1_836' title='bbox 1569 1692 1719 1718; x_wconf 77' lang='lat' dir='ltr'>fecundita-</span> 
     </span>
    </p>
   </div>
   <div class='ocr_carea' id='block_1_16' title="bbox 893 1728 1719 1765">
    <p class='ocr_par' dir='ltr' id='par_1_16' title="bbox 893 1728 1719 1765">
     <span class='ocr_line' id='line_1_116' title="bbox 893 1728 1719 1765; baseline 0.001 -11"><span class='ocrx_word' id='word_1_837' title='bbox 893 1756 894 1765; x_wconf 16' lang='grc' dir='ltr'>ἵ</span> <span class='ocrx_word' id='word_1_838' title='bbox 917 1733 969 1754; x_wconf 88' lang='lat' dir='ltr'>tem</span> <span class='ocrx_word' id='word_1_839' title='bbox 981 1728 1091 1760; x_wconf 82' lang='lat' dir='ltr'>danius;</span> <span class='ocrx_word' id='word_1_840' title='bbox 1111 1738 1158 1755; x_wconf 90' lang='lat' dir='ltr'>nos</span> <span class='ocrx_word' id='word_1_841' title='bbox 1173 1728 1283 1755; x_wconf 82' lang='lat' dir='ltr'>flumina</span> <span class='ocrx_word' id='word_1_842' title='bbox 1296 1738 1432 1759; x_wconf 86' lang='lat' dir='ltr'>arcemus,</span> <span class='ocrx_word' id='word_1_843' title='bbox 1446 1729 1606 1765; x_wconf 73' lang='lat' dir='ltr'>dirigimus,</span> <span class='ocrx_word' id='word_1_844' title='bbox 1620 1730 1719 1756; x_wconf 73' lang='lat' dir='ltr'>averti-</span> 
     </span>
    </p>
   </div>
   <div class='ocr_carea' id='block_1_17' title="bbox 916 1766 1720 2361">
    <p class='ocr_par' dir='ltr' id='par_1_17' title="bbox 916 1766 1720 2361">
     <span class='ocr_line' id='line_1_117' title="bbox 917 1766 1719 1802; baseline 0.001 -11"><span class='ocrx_word' id='word_1_845' title='bbox 917 1774 991 1798; x_wconf 73' lang='lat' dir='ltr'>mus3</span> <span class='ocrx_word' id='word_1_846' title='bbox 1011 1767 1108 1792; x_wconf 82' lang='lat' dir='ltr'>nostris</span> <span class='ocrx_word' id='word_1_847' title='bbox 1124 1766 1242 1801; x_wconf 85' lang='lat' dir='ltr'>denique</span> <span class='ocrx_word' id='word_1_848' title='bbox 1255 1767 1381 1793; x_wconf 80' lang='lat' dir='ltr'>manibus</span> <span class='ocrx_word' id='word_1_849' title='bbox 1394 1768 1420 1793; x_wconf 92' lang='lat' dir='ltr'>in</span> <span class='ocrx_word' id='word_1_850' title='bbox 1434 1775 1522 1793; x_wconf 85' lang='lat' dir='ltr'>reruni</span> <span class='ocrx_word' id='word_1_851' title='bbox 1535 1772 1628 1794; x_wconf 86' lang='lat' dir='ltr'>natura</span> <span class='ocrx_word' id='word_1_852' title='bbox 1640 1767 1719 1802; x_wconf 84' lang='lat' dir='ltr'>quasi</span> 
     </span>
     <span class='ocr_line' id='line_1_118' title="bbox 916 1803 1719 1837; baseline 0 -8"><span class='ocrx_word' id='word_1_853' title='bbox 916 1803 1026 1829; x_wconf 86' lang='lat' dir='ltr'>alteram</span> <span class='ocrx_word' id='word_1_854' title='bbox 1039 1808 1162 1830; x_wconf 85' lang='lat' dir='ltr'>naturam</span> <span class='ocrx_word' id='word_1_855' title='bbox 1174 1804 1280 1830; x_wconf 82' lang='lat' dir='ltr'>efficere</span> <span class='ocrx_word' id='word_1_856' title='bbox 1296 1813 1434 1830; x_wconf 84' lang='lat' dir='ltr'>conamur.</span> <span class='ocrx_word' id='word_1_857' title='bbox 1477 1805 1544 1831; x_wconf 81' lang='lat' dir='ltr'>LXI.</span> <span class='ocrx_word' id='word_1_858' title='bbox 1570 1806 1625 1831; x_wconf 73' lang='lat'>153.</span> <span class='ocrx_word' id='word_1_859' title='bbox 1647 1804 1719 1837; x_wconf 81' lang='lat' dir='ltr'>Quid</span> 
     </span>
     <span class='ocr_line' id='line_1_119' title="bbox 917 1840 1720 1877; baseline 0.002 -11"><span class='ocrx_word' id='word_1_860' title='bbox 917 1840 997 1867; x_wconf 80' lang='lat' dir='ltr'>vero?</span> <span class='ocrx_word' id='word_1_861' title='bbox 1019 1841 1159 1867; x_wconf 82' lang='lat' dir='ltr'>hominurn</span> <span class='ocrx_word' id='word_1_862' title='bbox 1177 1843 1243 1868; x_wconf 82' lang='lat' dir='ltr'>ratio</span> <span class='ocrx_word' id='word_1_863' title='bbox 1260 1851 1310 1868; x_wconf 89' lang='lat' dir='ltr'>non</span> <span class='ocrx_word' id='word_1_864' title='bbox 1329 1843 1355 1868; x_wconf 89' lang='lat' dir='ltr'>in</span> <span class='ocrx_word' id='word_1_865' title='bbox 1372 1841 1476 1868; x_wconf 84' lang='lat' dir='ltr'>eaelum</span> <span class='ocrx_word' id='word_1_866' title='bbox 1494 1851 1580 1877; x_wconf 84' lang='lat' dir='ltr'>usque</span> <span class='ocrx_word' id='word_1_867' title='bbox 1597 1848 1720 1877; x_wconf 84' lang='lat' dir='ltr'>pcnetra—</span> 
     </span>
     <span class='ocr_line' id='line_1_120' title="bbox 918 1878 1717 1909; baseline 0 -5"><span class='ocrx_word' id='word_1_868' title='bbox 918 1878 974 1904; x_wconf 72' lang='lat' dir='ltr'>vit‘?</span> <span class='ocrx_word' id='word_1_869' title='bbox 994 1878 1049 1904; x_wconf 87' lang='lat' dir='ltr'>Soli</span> <span class='ocrx_word' id='word_1_870' title='bbox 1071 1880 1143 1905; x_wconf 86' lang='lat' dir='ltr'>enini</span> <span class='ocrx_word' id='word_1_871' title='bbox 1165 1888 1199 1906; x_wconf 82' lang='lat' dir='ltr'>cx</span> <span class='ocrx_word' id='word_1_872' title='bbox 1219 1879 1403 1905; x_wconf 86' lang='lat' dir='ltr'>animantibus</span> <span class='ocrx_word' id='word_1_873' title='bbox 1423 1889 1470 1906; x_wconf 87' lang='lat' dir='ltr'>nos</span> <span class='ocrx_word' id='word_1_874' title='bbox 1486 1885 1618 1906; x_wconf 86' lang='lat' dir='ltr'>astrorum</span> <span class='ocrx_word' id='word_1_875' title='bbox 1633 1885 1717 1909; x_wconf 80' lang='lat' dir='ltr'>ortus,</span> 
     </span>
     <span class='ocr_line' id='line_1_121' title="bbox 916 1916 1719 1952; baseline 0.002 -11"><span class='ocrx_word' id='word_1_876' title='bbox 916 1916 1008 1942; x_wconf 82' lang='lat' dir='ltr'>obitus</span> <span class='ocrx_word' id='word_1_877' title='bbox 1028 1925 1181 1952; x_wconf 86' lang='lat' dir='ltr'>cursusque</span> <span class='ocrx_word' id='word_1_878' title='bbox 1198 1918 1390 1951; x_wconf 70' lang='lat' dir='ltr'>cognovimus,</span> <span class='ocrx_word' id='word_1_879' title='bbox 1414 1917 1448 1943; x_wconf 87' lang='lat' dir='ltr'>ab</span> <span class='ocrx_word' id='word_1_880' title='bbox 1465 1917 1605 1943; x_wconf 89' lang='lat' dir='ltr'>hominum</span> <span class='ocrx_word' id='word_1_881' title='bbox 1622 1926 1719 1952; x_wconf 79' lang='lat' dir='ltr'>genere</span> 
     </span>
     <span class='ocr_line' id='line_1_122' title="bbox 918 1954 1720 1986; baseline 0 -7"><span class='ocrx_word' id='word_1_882' title='bbox 918 1954 1010 1980; x_wconf 85' lang='lat' dir='ltr'>finitus</span> <span class='ocrx_word' id='word_1_883' title='bbox 1021 1959 1061 1980; x_wconf 88' lang='lat' dir='ltr'>est</span> <span class='ocrx_word' id='word_1_884' title='bbox 1073 1954 1140 1984; x_wconf 74' lang='lat' dir='ltr'>dies,</span> <span class='ocrx_word' id='word_1_885' title='bbox 1151 1956 1261 1985; x_wconf 82' lang='lat' dir='ltr'>mensis,</span> <span class='ocrx_word' id='word_1_886' title='bbox 1271 1964 1371 1986; x_wconf 77' lang='lat' dir='ltr'>annus;</span> <span class='ocrx_word' id='word_1_887' title='bbox 1389 1954 1552 1981; x_wconf 73' lang='lat' dir='ltr'>defectiones</span> <span class='ocrx_word' id='word_1_888' title='bbox 1564 1954 1629 1981; x_wconf 88' lang='lat' dir='ltr'>solis</span> <span class='ocrx_word' id='word_1_889' title='bbox 1641 1960 1665 1981; x_wconf 87' lang='lat' dir='ltr'>et</span> <span class='ocrx_word' id='word_1_890' title='bbox 1679 1954 1720 1979; x_wconf 78' lang='lat' dir='ltr'>lu-</span> 
     </span>
     <span class='ocr_line' id='line_1_123' title="bbox 917 1992 1717 2027; baseline 0 -11"><span class='ocrx_word' id='word_1_891' title='bbox 917 1999 965 2018; x_wconf 88' lang='lat' dir='ltr'>nae</span> <span class='ocrx_word' id='word_1_892' title='bbox 977 1993 1098 2026; x_wconf 74' lang='lat' dir='ltr'>cognitae</span> <span class='ocrx_word' id='word_1_893' title='bbox 1112 1992 1318 2027; x_wconf 75' lang='lat' dir='ltr'>praedictaeque</span> <span class='ocrx_word' id='word_1_894' title='bbox 1333 1993 1358 2018; x_wconf 91' lang='lat' dir='ltr'>in</span> <span class='ocrx_word' id='word_1_895' title='bbox 1370 1997 1717 2027; x_wconf 76' lang='lat' dir='ltr'>omneposterumtempus,</span> 
     </span>
     <span class='ocr_line' id='line_1_124' title="bbox 917 2029 1719 2064; baseline 0 -10"><span class='ocrx_word' id='word_1_896' title='bbox 917 2037 1000 2062; x_wconf 85' lang='lat' dir='ltr'>quae,</span> <span class='ocrx_word' id='word_1_897' title='bbox 1017 2035 1146 2063; x_wconf 89' lang='lat' dir='ltr'>quantae,</span> <span class='ocrx_word' id='word_1_898' title='bbox 1163 2030 1271 2064; x_wconf 88' lang='lat' dir='ltr'>quando</span> <span class='ocrx_word' id='word_1_899' title='bbox 1284 2029 1388 2056; x_wconf 90' lang='lat' dir='ltr'>futurae</span> <span class='ocrx_word' id='word_1_900' title='bbox 1401 2031 1463 2056; x_wconf 88' lang='lat' dir='ltr'>sint.</span> <span class='ocrx_word' id='word_1_901' title='bbox 1505 2030 1578 2062; x_wconf 86' lang='lat' dir='ltr'>Quae</span> <span class='ocrx_word' id='word_1_902' title='bbox 1590 2035 1719 2056; x_wconf 75' lang='lat' dir='ltr'>contuens</span> 
     </span>
     <span class='ocr_line' id='line_1_125' title="bbox 917 2067 1719 2101; baseline 0 -10"><span class='ocrx_word' id='word_1_903' title='bbox 917 2067 1025 2092; x_wconf 85' lang='lat' dir='ltr'>animus</span> <span class='ocrx_word' id='word_1_904' title='bbox 1048 2067 1146 2101; x_wconf 81' lang='lat' dir='ltr'>accipit</span> <span class='ocrx_word' id='word_1_905' title='bbox 1161 2067 1194 2092; x_wconf 83' lang='lat' dir='ltr'>ab</span> <span class='ocrx_word' id='word_1_906' title='bbox 1215 2067 1258 2093; x_wconf 85' lang='lat' dir='ltr'>his</span> <span class='ocrx_word' id='word_1_907' title='bbox 1276 2068 1457 2101; x_wconf 75' lang='lat' dir='ltr'>cognitionem</span> <span class='ocrx_word' id='word_1_908' title='bbox 1474 2067 1600 2097; x_wconf 83' lang='lat' dir='ltr'>deorum,</span> <span class='ocrx_word' id='word_1_909' title='bbox 1618 2076 1652 2093; x_wconf 84' lang='lat' dir='ltr'>ex</span> <span class='ocrx_word' id='word_1_910' title='bbox 1666 2076 1719 2101; x_wconf 81' lang='lat' dir='ltr'>qua</span> 
     </span>
     <span class='ocr_line' id='line_1_126' title="bbox 916 2104 1719 2139; baseline -0.001 -10"><span class='ocrx_word' id='word_1_911' title='bbox 916 2104 1001 2129; x_wconf 90' lang='lat' dir='ltr'>oritur</span> <span class='ocrx_word' id='word_1_912' title='bbox 1017 2104 1115 2138; x_wconf 77' lang='lat' dir='ltr'>pietas=</span> <span class='ocrx_word' id='word_1_913' title='bbox 1139 2105 1183 2130; x_wconf 85' lang='lat' dir='ltr'>eui</span> <span class='ocrx_word' id='word_1_914' title='bbox 1198 2105 1340 2130; x_wconf 84' lang='lat' dir='ltr'>coniuncta</span> <span class='ocrx_word' id='word_1_915' title='bbox 1361 2105 1463 2131; x_wconf 79' lang='lat' dir='ltr'>iustitia</span> <span class='ocrx_word' id='word_1_916' title='bbox 1484 2110 1523 2131; x_wconf 87' lang='lat' dir='ltr'>est</span> <span class='ocrx_word' id='word_1_917' title='bbox 1545 2105 1719 2139; x_wconf 72' lang='lat' dir='ltr'>reliquaeque</span> 
     </span>
     <span class='ocr_line' id='line_1_127' title="bbox 918 2141 1719 2176; baseline 0 -11"><span class='ocrx_word' id='word_1_918' title='bbox 918 2141 1045 2171; x_wconf 75' lang='lat' dir='ltr'>vii-tutes,</span> <span class='ocrx_word' id='word_1_919' title='bbox 1069 2150 1082 2166; x_wconf 88' lang='lat' dir='ltr'>e</span> <span class='ocrx_word' id='word_1_920' title='bbox 1103 2141 1205 2175; x_wconf 74' lang='lat' dir='ltr'>quilius</span> <span class='ocrx_word' id='word_1_921' title='bbox 1224 2142 1277 2167; x_wconf 81' lang='lat' dir='ltr'>vita</span> <span class='ocrx_word' id='word_1_922' title='bbox 1299 2141 1374 2167; x_wconf 84' lang='lat' dir='ltr'>beatu</span> <span class='ocrx_word' id='word_1_923' title='bbox 1395 2143 1501 2168; x_wconf 85' lang='lat' dir='ltr'>exsistit</span> <span class='ocrx_word' id='word_1_924' title='bbox 1519 2151 1565 2176; x_wconf 84' lang='lat' dir='ltr'>par</span> <span class='ocrx_word' id='word_1_925' title='bbox 1580 2147 1604 2167; x_wconf 89' lang='lat' dir='ltr'>et</span> <span class='ocrx_word' id='word_1_926' title='bbox 1620 2141 1719 2167; x_wconf 76' lang='lat' dir='ltr'>similis</span> 
     </span>
     <span class='ocr_line' id='line_1_128' title="bbox 917 2177 1718 2213; baseline 0.001 -11"><span class='ocrx_word' id='word_1_927' title='bbox 917 2177 1042 2209; x_wconf 82' lang='lat' dir='ltr'>deorum;</span> <span class='ocrx_word' id='word_1_928' title='bbox 1066 2177 1139 2203; x_wconf 88' lang='lat' dir='ltr'>nulla</span> <span class='ocrx_word' id='word_1_929' title='bbox 1151 2178 1203 2204; x_wconf 88' lang='lat' dir='ltr'>alia</span> <span class='ocrx_word' id='word_1_930' title='bbox 1216 2187 1255 2208; x_wconf 83' lang='lat' dir='ltr'>re,</span> <span class='ocrx_word' id='word_1_931' title='bbox 1273 2179 1324 2204; x_wconf 86' lang='lat' dir='ltr'>nisi</span> <span class='ocrx_word' id='word_1_932' title='bbox 1338 2179 1550 2207; x_wconf 80' lang='lat' dir='ltr'>inuuortalitate,</span> <span class='ocrx_word' id='word_1_933' title='bbox 1569 2188 1637 2213; x_wconf 87' lang='lat' dir='ltr'>quae</span> <span class='ocrx_word' id='word_1_934' title='bbox 1650 2178 1718 2204; x_wconf 88' lang='lat' dir='ltr'>nihil</span> 
     </span>
     <span class='ocr_line' id='line_1_129' title="bbox 917 2215 1718 2249; baseline 0.002 -10"><span class='ocrx_word' id='word_1_935' title='bbox 917 2215 949 2240; x_wconf 82' lang='lat' dir='ltr'>ad</span> <span class='ocrx_word' id='word_1_936' title='bbox 963 2215 1030 2240; x_wconf 84' lang='lat' dir='ltr'>bene</span> <span class='ocrx_word' id='word_1_937' title='bbox 1044 2215 1192 2240; x_wconf 80' lang='lat' dir='ltr'>vivendum</span> <span class='ocrx_word' id='word_1_938' title='bbox 1205 2215 1328 2249; x_wconf 83' lang='lat' dir='ltr'>pertinet,</span> <span class='ocrx_word' id='word_1_939' title='bbox 1342 2216 1441 2241; x_wconf 83' lang='lat' dir='ltr'>cedens</span> <span class='ocrx_word' id='word_1_940' title='bbox 1453 2216 1625 2242; x_wconf 83' lang='lat' dir='ltr'>caelestibus.</span> <span class='ocrx_word' id='word_1_941' title='bbox 1653 2216 1718 2247; x_wconf 78' lang='lat' dir='ltr'>Qui-</span> 
     </span>
     <span class='ocr_line' id='line_1_130' title="bbox 918 2252 1718 2286; baseline 0 -9"><span class='ocrx_word' id='word_1_942' title='bbox 918 2253 969 2278; x_wconf 88' lang='lat' dir='ltr'>bus</span> <span class='ocrx_word' id='word_1_943' title='bbox 986 2252 1066 2277; x_wconf 80' lang='lat' dir='ltr'>rcbus</span> <span class='ocrx_word' id='word_1_944' title='bbox 1082 2252 1228 2286; x_wconf 81' lang='lat' dir='ltr'>expositis.</span> <span class='ocrx_word' id='word_1_945' title='bbox 1251 2252 1317 2278; x_wconf 79' lang='lat' dir='ltr'>sutis</span> <span class='ocrx_word' id='word_1_946' title='bbox 1332 2253 1458 2279; x_wconf 81' lang='lat' dir='ltr'>docuisse</span> <span class='ocrx_word' id='word_1_947' title='bbox 1476 2253 1580 2282; x_wconf 79' lang='lat' dir='ltr'>videor,</span> <span class='ocrx_word' id='word_1_948' title='bbox 1601 2253 1718 2278; x_wconf 80' lang='lat' dir='ltr'>lioniiiiis</span> 
     </span>
     <span class='ocr_line' id='line_1_131' title="bbox 918 2289 1719 2324; baseline -0.001 -9"><span class='ocrx_word' id='word_1_949' title='bbox 918 2295 1010 2315; x_wconf 81' lang='lat' dir='ltr'>nutura</span> <span class='ocrx_word' id='word_1_950' title='bbox 1022 2294 1122 2323; x_wconf 79' lang='lat' dir='ltr'>qtniuto</span> <span class='ocrx_word' id='word_1_951' title='bbox 1133 2298 1227 2315; x_wconf 81' lang='lat' dir='ltr'>omnes</span> <span class='ocrx_word' id='word_1_952' title='bbox 1237 2290 1349 2315; x_wconf 79' lang='lat' dir='ltr'>anteiret</span> <span class='ocrx_word' id='word_1_953' title='bbox 1361 2291 1520 2316; x_wconf 78' lang='lat' dir='ltr'>animantes.</span> <span class='ocrx_word' id='word_1_954' title='bbox 1556 2291 1594 2316; x_wconf 64' lang='lat' dir='ltr'>lix</span> <span class='ocrx_word' id='word_1_955' title='bbox 1607 2299 1660 2324; x_wconf 83' lang='lat' dir='ltr'>quo</span> <span class='ocrx_word' id='word_1_956' title='bbox 1671 2289 1719 2314; x_wconf 86' lang='lat' dir='ltr'>de-</span> 
     </span>
     <span class='ocr_line' id='line_1_132' title="bbox 919 2327 1718 2361; baseline 0 -9"><span class='ocrx_word' id='word_1_957' title='bbox 919 2327 962 2352; x_wconf 83' lang='lat' dir='ltr'>l›et</span> <span class='ocrx_word' id='word_1_958' title='bbox 975 2327 1103 2361; x_wconf 72' lang='lat' dir='ltr'>intelligi,</span> <span class='ocrx_word' id='word_1_959' title='bbox 1122 2336 1169 2352; x_wconf 86' lang='lat' dir='ltr'>nec</span> <span class='ocrx_word' id='word_1_960' title='bbox 1183 2327 1296 2361; x_wconf 76' lang='lat' dir='ltr'>liguram</span> <span class='ocrx_word' id='word_1_961' title='bbox 1308 2328 1447 2361; x_wconf 84' lang='lat' dir='ltr'>situmque</span> <span class='ocrx_word' id='word_1_962' title='bbox 1459 2328 1640 2353; x_wconf 80' lang='lat' dir='ltr'>membrorum</span> <span class='ocrx_word' id='word_1_963' title='bbox 1650 2348 1655 2355; x_wconf 83' lang='lat'><em>.</em></span> <span class='ocrx_word' id='word_1_964' title='bbox 1670 2336 1718 2352; x_wconf 83' lang='lat' dir='ltr'>nec</span> 
     </span>
    </p>
   </div>
   <div class='ocr_carea' id='block_1_18' title="bbox 894 2364 1716 2399">
    <p class='ocr_par' dir='ltr' id='par_1_18' title="bbox 894 2364 1716 2399">
     <span class='ocr_line' id='line_1_133' title="bbox 894 2364 1716 2399; baseline 0 -9"><span class='ocrx_word' id='word_1_965' title='bbox 894 2377 895 2380; x_wconf 50' lang='lat'>¹</span> <span class='ocrx_word' id='word_1_966' title='bbox 919 2364 1020 2397; x_wconf 62' lang='lat' dir='ltr'>ingenii</span> <span class='ocrx_word' id='word_1_967' title='bbox 1043 2364 1196 2398; x_wconf 82' lang='lat' dir='ltr'>mentisque</span> <span class='ocrx_word' id='word_1_968' title='bbox 1213 2365 1267 2389; x_wconf 69' lang='lat' dir='ltr'>vim</span> <span class='ocrx_word' id='word_1_969' title='bbox 1285 2364 1363 2390; x_wconf 86' lang='lat' dir='ltr'>tulem</span> <span class='ocrx_word' id='word_1_970' title='bbox 1375 2364 1446 2390; x_wconf 88' lang='lat' dir='ltr'>cftici</span> <span class='ocrx_word' id='word_1_971' title='bbox 1466 2366 1586 2399; x_wconf 82' lang='lat' dir='ltr'>potuisse</span> <span class='ocrx_word' id='word_1_972' title='bbox 1602 2364 1716 2391; x_wconf 83' lang='lat' dir='ltr'>fortuna.</span> 
     </span>
    </p>
   </div>
   <div class='ocr_carea' id='block_1_19' title="bbox 916 2401 1717 2547">
    <p class='ocr_par' dir='ltr' id='par_1_19' title="bbox 916 2401 1717 2510">
     <span class='ocr_line' id='line_1_134' title="bbox 922 2401 1715 2436; baseline 0 -9"><span class='ocrx_word' id='word_1_973' title='bbox 922 2403 975 2427; x_wconf 57' lang='lat' dir='ltr'>liii.</span> <span class='ocrx_word' id='word_1_974' title='bbox 1003 2402 1105 2431; x_wconf 83' lang='lat' dir='ltr'>llestut.</span> <span class='ocrx_word' id='word_1_975' title='bbox 1138 2406 1165 2427; x_wconf 88' lang='lat' dir='ltr'>ut</span> <span class='ocrx_word' id='word_1_976' title='bbox 1185 2401 1295 2427; x_wconf 81' lang='lat' dir='ltr'>doceam</span> <span class='ocrx_word' id='word_1_977' title='bbox 1316 2406 1396 2436; x_wconf 80' lang='lat' dir='ltr'>atque</span> <span class='ocrx_word' id='word_1_978' title='bbox 1417 2401 1564 2436; x_wconf 77' lang='lat' dir='ltr'>aliquando</span> <span class='ocrx_word' id='word_1_979' title='bbox 1585 2410 1715 2435; x_wconf 80' lang='lat' dir='ltr'>perorem,</span> 
     </span>
     <span class='ocr_line' id='line_1_135' title="bbox 916 2439 1717 2473; baseline 0.001 -9"><span class='ocrx_word' id='word_1_980' title='bbox 916 2439 1016 2468; x_wconf 80' lang='lat' dir='ltr'>omnia.</span> <span class='ocrx_word' id='word_1_981' title='bbox 1030 2447 1099 2473; x_wconf 86' lang='lat' dir='ltr'>quae</span> <span class='ocrx_word' id='word_1_982' title='bbox 1110 2439 1202 2464; x_wconf 84' lang='lat' dir='ltr'>sintin</span> <span class='ocrx_word' id='word_1_983' title='bbox 1217 2439 1265 2464; x_wconf 83' lang='lat' dir='ltr'>lioc</span> <span class='ocrx_word' id='word_1_984' title='bbox 1278 2439 1497 2473; x_wconf 82' lang='lat' dir='ltr'>mundn.quil›us</span> <span class='ocrx_word' id='word_1_985' title='bbox 1511 2444 1618 2465; x_wconf 84' lang='lat' dir='ltr'>utantur</span> <span class='ocrx_word' id='word_1_986' title='bbox 1630 2439 1717 2465; x_wconf 86' lang='lat' dir='ltr'>homi-</span> 
     </span>
     <span class='ocr_line' id='line_1_136' title="bbox 918 2476 1537 2510; baseline 0.002 -9"><span class='ocrx_word' id='word_1_987' title='bbox 918 2484 973 2505; x_wconf 82' lang='lat' dir='ltr'>nes,</span> <span class='ocrx_word' id='word_1_988' title='bbox 992 2476 1132 2502; x_wconf 88' lang='lat' dir='ltr'>hominum</span> <span class='ocrx_word' id='word_1_989' title='bbox 1145 2484 1239 2501; x_wconf 82' lang='lat' dir='ltr'>caussa</span> <span class='ocrx_word' id='word_1_990' title='bbox 1253 2476 1319 2502; x_wconf 90' lang='lat' dir='ltr'>fucta</span> <span class='ocrx_word' id='word_1_991' title='bbox 1331 2485 1390 2502; x_wconf 75' lang='lat' dir='ltr'>essi·</span> <span class='ocrx_word' id='word_1_992' title='bbox 1402 2482 1425 2502; x_wconf 85' lang='lat' dir='ltr'>et</span> <span class='ocrx_word' id='word_1_993' title='bbox 1439 2482 1537 2510; x_wconf 81' lang='lat' dir='ltr'>parata.</span> 
     </span>
    </p>

    <p class='ocr_par' dir='ltr' id='par_1_20' title="bbox 974 2513 1716 2547">
     <span class='ocr_line' id='line_1_137' title="bbox 974 2513 1716 2547; baseline 0.001 -9"><span class='ocrx_word' id='word_1_994' title='bbox 974 2513 1053 2539; x_wconf 72' lang='lat' dir='ltr'>ini.</span> <span class='ocrx_word' id='word_1_995' title='bbox 1076 2513 1211 2547; x_wconf 83' lang='lat' dir='ltr'>Principio</span> <span class='ocrx_word' id='word_1_996' title='bbox 1229 2515 1285 2547; x_wconf 77' lang='lat' dir='ltr'>ipse</span> <span class='ocrx_word' id='word_1_997' title='bbox 1302 2514 1421 2539; x_wconf 84' lang='lat' dir='ltr'>mundus</span> <span class='ocrx_word' id='word_1_998' title='bbox 1437 2513 1547 2539; x_wconf 83' lang='lat' dir='ltr'>deorum</span> <span class='ocrx_word' id='word_1_999' title='bbox 1562 2513 1716 2540; x_wconf 88' lang='lat' dir='ltr'>hominum-</span> 
     </span>
    </p>
   </div>
   <div class='ocr_carea' id='block_1_20' title="bbox 886 2550 1715 2586">
    <p class='ocr_par' dir='ltr' id='par_1_21' title="bbox 886 2550 1715 2586">
     <span class='ocr_line' id='line_1_138' title="bbox 886 2550 1715 2586; baseline 0.001 -10"><span class='ocrx_word' id='word_1_1000' title='bbox 886 2555 895 2582; x_wconf 62' lang='lat'>&#39;3</span> <span class='ocrx_word' id='word_1_1001' title='bbox 916 2559 968 2585; x_wconf 84' lang='lat' dir='ltr'>que</span> <span class='ocrx_word' id='word_1_1002' title='bbox 983 2559 1077 2576; x_wconf 85' lang='lat' dir='ltr'>cuussu</span> <span class='ocrx_word' id='word_1_1003' title='bbox 1091 2550 1176 2576; x_wconf 83' lang='lat' dir='ltr'>factus</span> <span class='ocrx_word' id='word_1_1004' title='bbox 1187 2556 1235 2579; x_wconf 78' lang='lat' dir='ltr'>est,</span> <span class='ocrx_word' id='word_1_1005' title='bbox 1245 2559 1368 2585; x_wconf 68' lang='lat' dir='ltr'>quin-que</span> <span class='ocrx_word' id='word_1_1006' title='bbox 1381 2552 1406 2576; x_wconf 93' lang='lat' dir='ltr'>in</span> <span class='ocrx_word' id='word_1_1007' title='bbox 1419 2560 1448 2575; x_wconf 86' lang='lat' dir='ltr'>eo</span> <span class='ocrx_word' id='word_1_1008' title='bbox 1459 2557 1531 2578; x_wconf 79' lang='lat' dir='ltr'>sunt.</span> <span class='ocrx_word' id='word_1_1009' title='bbox 1540 2560 1569 2577; x_wconf 84' lang='lat' dir='ltr'>en</span> <span class='ocrx_word' id='word_1_1010' title='bbox 1583 2557 1670 2586; x_wconf 79' lang='lat' dir='ltr'>pai-uta</span> <span class='ocrx_word' id='word_1_1011' title='bbox 1683 2552 1715 2577; x_wconf 86' lang='lat' dir='ltr'>ad</span> 
     </span>
    </p>
   </div>
   <div class='ocr_carea' id='block_1_21' title="bbox 916 2587 1715 2697">
    <p class='ocr_par' dir='ltr' id='par_1_22' title="bbox 916 2587 1715 2697">
     <span class='ocr_line' id='line_1_139' title="bbox 918 2587 1715 2615; baseline 0.001 -2"><span class='ocrx_word' id='word_1_1012' title='bbox 918 2587 1034 2614; x_wconf 81' lang='lat' dir='ltr'>fructum</span> <span class='ocrx_word' id='word_1_1013' title='bbox 1047 2587 1187 2614; x_wconf 85' lang='lat' dir='ltr'>hominum</span> <span class='ocrx_word' id='word_1_1014' title='bbox 1200 2593 1223 2614; x_wconf 81' lang='lat' dir='ltr'>et</span> <span class='ocrx_word' id='word_1_1015' title='bbox 1238 2589 1344 2614; x_wconf 72' lang='lat' dir='ltr'>inu-niu</span> <span class='ocrx_word' id='word_1_1016' title='bbox 1357 2593 1428 2614; x_wconf 84' lang='lat' dir='ltr'>suut.</span> <span class='ocrx_word' id='word_1_1017' title='bbox 1455 2589 1499 2614; x_wconf 69' lang='lat' dir='ltr'>list</span> <span class='ocrx_word' id='word_1_1018' title='bbox 1512 2590 1583 2614; x_wconf 87' lang='lat' dir='ltr'>enim</span> <span class='ocrx_word' id='word_1_1019' title='bbox 1597 2589 1715 2615; x_wconf 87' lang='lat' dir='ltr'>mundus</span> 
     </span>
     <span class='ocr_line' id='line_1_140' title="bbox 916 2625 1715 2660; baseline 0.003 -10"><span class='ocrx_word' id='word_1_1020' title='bbox 916 2626 993 2659; x_wconf 86' lang='lat' dir='ltr'>quasi</span> <span class='ocrx_word' id='word_1_1021' title='bbox 1010 2626 1163 2651; x_wconf 85' lang='lat' dir='ltr'>communis</span> <span class='ocrx_word' id='word_1_1022' title='bbox 1178 2625 1289 2651; x_wconf 85' lang='lat' dir='ltr'>deorum</span> <span class='ocrx_word' id='word_1_1023' title='bbox 1306 2631 1386 2660; x_wconf 84' lang='lat' dir='ltr'>utque</span> <span class='ocrx_word' id='word_1_1024' title='bbox 1403 2625 1542 2652; x_wconf 86' lang='lat' dir='ltr'>hominum</span> <span class='ocrx_word' id='word_1_1025' title='bbox 1559 2626 1656 2652; x_wconf 86' lang='lat' dir='ltr'>domus</span> <span class='ocrx_word' id='word_1_1026' title='bbox 1671 2632 1715 2652; x_wconf 79' lang='lat' dir='ltr'>aut</span> 
     </span>
     <span class='ocr_line' id='line_1_141' title="bbox 917 2662 1714 2697; baseline -0.001 -9"><span class='ocrx_word' id='word_1_1027' title='bbox 917 2662 981 2688; x_wconf 85' lang='lat' dir='ltr'>urbs</span> <span class='ocrx_word' id='word_1_1028' title='bbox 994 2668 1180 2697; x_wconf 83' lang='lat' dir='ltr'>utrorumque.</span> <span class='ocrx_word' id='word_1_1029' title='bbox 1222 2662 1278 2689; x_wconf 81' lang='lat' dir='ltr'>Soli</span> <span class='ocrx_word' id='word_1_1030' title='bbox 1293 2663 1365 2689; x_wconf 84' lang='lat' dir='ltr'>enim</span> <span class='ocrx_word' id='word_1_1031' title='bbox 1383 2663 1483 2689; x_wconf 85' lang='lat' dir='ltr'>ratione</span> <span class='ocrx_word' id='word_1_1032' title='bbox 1500 2668 1603 2690; x_wconf 81' lang='lat' dir='ltr'>utentes</span> <span class='ocrx_word' id='word_1_1033' title='bbox 1618 2665 1674 2690; x_wconf 87' lang='lat' dir='ltr'>iure</span> <span class='ocrx_word' id='word_1_1034' title='bbox 1686 2673 1714 2688; x_wconf 71' lang='lat' dir='ltr'>m·</span> 
     </span>
    </p>
   </div>
  </div>
 </body>
</html>
