1941 3052
532 145 825 172 PHILIPPICA
858 145 905 172 xl.

49 219 146 249 facem,
168 217 205 244 dii
221 216 398 244 immortales!
421 217 493 252 quod
508 216 624 243 facinus!
647 217 719 252 quod
738 216 840 243 scelus!

47 265 126 292 quem
146 256 294 291 gurgitem!
321 264 403 290 quam
423 255 592 290 voraginem!
615 254 685 286 Quid
706 263 768 280 eum
791 263 842 280 non

47 294 153 320 sorbere
172 294 274 323 animo,
296 292 362 327 quid
377 301 429 318 non
450 292 557 318 haurire
571 292 742 327 cogitatione,
764 292 843 318 cuius

47 331 206 366 sanguinem
218 339 270 356 non
281 330 372 356 bibere
383 329 516 356 censetis?
530 330 558 356 in
569 330 647 355 cuius
658 329 842 364 possessiones

47 373 127 403 atque
150 367 269 394 fortunas
294 375 347 393 non
368 367 618 401 impudentissimos
638 366 729 393 oeulos
750 374 797 401 spe
818 370 844 392 et

48 410 135 432 mente
150 404 285 440 defigere?
326 406 365 430 Η.
386 404 457 436 Quid
471 403 666 431 Censorinum?
685 404 732 438 qui
745 412 773 429 se
785 411 844 429 ver-

47 444 82 470 bo
97 447 244 477 praetorem
261 450 320 467 esse
335 441 468 467 urbanum
483 450 581 476 cupere
596 441 713 472 dicebat,
732 449 758 467 re
774 445 844 466 certe

48 479 143 507 noluit.
183 479 254 511 Quid
269 478 403 505 Bestiam?
423 479 469 513 qui
491 487 519 504 se
539 477 708 504 consulatum
729 479 756 504 in
770 478 844 504 Bruti

49 517 136 544 locum
152 521 241 552 petere
257 516 405 551 profitetur.
445 516 533 550 Atque
549 516 598 542 hoc
609 515 719 550 quidem
730 515 845 541 detesta-

47 554 102 582 bile
117 562 195 581 omen
211 558 311 580 avertat
325 553 458 588 Iuppiter!
481 552 566 585 Quam
582 552 729 579 absurdum
744 556 842 582 autem,

47 592 95 627 qui
108 596 210 626 praetor
222 591 277 617 fieri
290 600 341 617 non
353 591 477 625 potuerit,
485 598 547 616 eum
559 594 647 624 petere
657 588 846 616 consulatum?

47 630 106 656 Nisi
128 628 193 655 forte
214 628 412 654 damnationem
432 636 480 662 pro
499 632 622 662 praetura
645 631 728 661 putat.
772 626 845 652 Alter

47 667 156 696 Caesar,
174 666 305 700 Vopiscus
317 665 375 696 ille,
394 665 473 691 homo
484 673 591 690 summo
601 664 722 700 ingenio,
739 672 844 689 summa

47 704 178 739 potentia,
195 704 242 738 qui
258 712 292 729 ex
306 702 439 728 aedilitate
449 701 617 728 consulatum
630 702 708 736 petit,
726 701 846 727 solvatur

49 741 169 777 legibus:
191 748 356 776 quamquam
377 739 449 775 leges
464 747 526 765 eum
541 747 594 765 non
614 743 716 769 tenent,
739 742 846 773 propter

48 779 185 809 eximiam,
200 777 286 807 eredo,
300 777 466 812 dignitatem.
507 776 542 802 At
552 776 608 807 hic,
622 784 664 802 me
675 775 843 806 defendente,

47 816 194 851 quinquies
204 814 344 841 absolutus
355 818 404 840 est.
445 813 523 840 Sexta
534 813 622 848 palma
634 813 748 844 urbana,
766 813 845 839 etiam

48 854 75 879 in
87 852 231 889 gladiatore
241 851 370 878 difficilis.
411 851 464 877 Sed
475 851 539 877 haec
550 850 671 877 iudicum
683 850 775 885 culpa.
793 859 845 876 non

48 899 106 916 mea
117 894 166 916 est.
201 890 258 925 Ego
269 888 376 915 defendi
388 888 439 915 fide
450 889 563 923 optima:
579 888 620 914 illi
631 888 782 914 debuerunt
792 887 846 913 cla-

47 928 186 954 rissimum
207 931 232 952 et
250 926 510 961 praestantissimum
532 930 680 952 senatorem
696 927 723 952 in
739 926 845 951 civitate

47 965 169 991 retinere.
210 964 261 996 Qui
277 968 365 990 tamen
377 972 448 990 nunc
462 963 529 989 nihil
546 963 619 989 aliud
635 971 712 998 agere
729 963 843 993 videtur,

48 1003 100 1029 nisi
112 1006 141 1028 ut
152 1001 344 1037 intelligamus,
357 1000 551 1036 illOS,quorum
563 1009 605 1026 res
616 1001 746 1026 iudicatas
758 1001 845 1026 irritas

48 1039 171 1070 fecimus,
184 1039 252 1065 bene
263 1043 289 1065 et
299 1047 312 1064 e
323 1038 460 1073 republica
471 1038 644 1064 iudicavisse.
689 1039 730 1064 42.
752 1039 845 1072 Neque

47 1076 136 1103 hocin
148 1076 198 1102 hoc
209 1085 262 1102 uno
272 1080 326 1102 est:
349 1080 412 1102 sunt
422 1075 467 1101 alii
479 1076 507 1102 in
518 1075 618 1101 eisdem
630 1076 723 1102 castris
734 1075 845 1101 honeste

47 1113 229 1143 condemnati,
252 1114 365 1148 turpiter
380 1114 504 1139 restituti.
545 1112 622 1145 Quod
642 1113 737 1139 horum
757 1112 846 1139 consi-

48 1151 129 1183 lium,
142 1152 190 1186 qui
201 1151 327 1177 omnibus
339 1151 417 1177 bonis
429 1150 518 1176 hostes
530 1155 606 1181 sunt,
625 1151 676 1176 nisi
688 1150 846 1176 crudelissi-

48 1197 137 1219 mum,
154 1189 254 1223 putatis
269 1187 342 1215 fore?
362 1187 471 1214 Accedit
482 1187 563 1218 Saxa,
577 1188 667 1214 nescio
678 1188 749 1222 quis,
763 1195 844 1222 quem

48 1226 126 1253 nobis
138 1226 233 1252 Caesar
246 1234 278 1252 ex
289 1225 383 1252 ultima
396 1225 537 1252 Celtiberia
549 1225 687 1251 tribunum
699 1225 787 1259 plebis
798 1224 845 1251 de-

47 1263 101 1293 dit,
114 1268 261 1289 castrorum
275 1267 349 1289 antea
361 1267 479 1293 metator,
494 1271 577 1293 nunc,
594 1267 623 1288 ut
634 1266 735 1297 sperat,
750 1262 842 1289 Urbis:

48 1310 62 1327 a
74 1309 127 1336 qua
138 1309 223 1336 quum
234 1301 270 1326 sit
280 1300 393 1331 alienus,
406 1309 455 1326 suo
466 1300 558 1334 capiti,
574 1299 657 1326 salvis
669 1300 759 1331 nobis,
777 1300 845 1326 omi-

49 1343 136 1365 netur.

48 1413 75 1439 in
92 1413 218 1439 civilibus
235 1412 312 1438 malis
328 1416 495 1446 acceperant,
513 1420 607 1447 agrum
624 1412 789 1447 Campanum
805 1416 846 1438 est

49 1449 161 1486 largitus
172 1450 318 1481 Antonius,
335 1454 366 1476 ut
378 1450 506 1476 haberent
520 1449 685 1484 reliquorum
697 1448 845 1476 nutriculas

48 1488 233 1522 praediorum:
256 1487 358 1522 quibus
376 1488 478 1513 utinam
499 1487 615 1513 contenti
635 1487 736 1513 essent!
764 1486 846 1512 ferre-

49 1533 123 1551 mus:
147 1525 196 1551 etsi
213 1524 348 1551 tolerabile
359 1533 411 1551 non
422 1528 491 1550 erat:
508 1524 555 1550 sed
566 1524 675 1559 quidvis
690 1524 845 1559 patiendum

49 1561 108 1592 fuit,
122 1567 152 1589 ut
163 1562 212 1588 hoc
226 1562 407 1588 taeterrimum
417 1561 519 1588 bellum
532 1570 583 1587 non
597 1562 765 1588 haberemus.

105 1600 148 1626 vt.
172 1601 212 1626 13.
233 1598 322 1631 Quid‘?
338 1599 383 1625 illa
398 1604 544 1625 castrorum
560 1599 595 1625 M.
613 1599 720 1626 Antonii
733 1599 843 1630 lumina,

49 1645 136 1664 nonne
151 1641 211 1663 ante
225 1637 317 1663 oculos
333 1636 500 1671 proponitis?
519 1637 639 1662 Primum
651 1637 719 1663 duos
730 1636 846 1671 collegas

48 1675 223 1701 Antoniorum
235 1679 261 1700 et
271 1673 434 1705 Dolabellae,
448 1673 580 1700 Nuculam
592 1679 618 1700 et
629 1675 782 1705 Lentonem,
796 1675 847 1700 lta·

50 1711 99 1738 liae
110 1711 241 1738 divisores
255 1711 311 1747 lege
321 1720 364 1742 ea,
378 1720 457 1746 quam
469 1716 577 1738 senatus
589 1720 636 1746 per
649 1712 701 1738 vim
714 1711 792 1738 latam
804 1712 847 1738 iu-

49 1748 161 1776 dicavit:
184 1757 299 1784 quorum
316 1749 380 1775 alter
395 1753 590 1775 commentatus
601 1754 641 1775 est
652 1750 763 1780 mimos,
781 1748 847 1775 alter

49 1787 103 1822 egit
113 1786 284 1822 tragoediam.
306 1786 377 1818 Quid
391 1786 477 1812 dicam
489 1786 522 1812 de
532 1786 620 1821 Apulo
626 1786 757 1813 Domitio‘?
767 1787 846 1813 cuius

49 1823 117 1850 bona
133 1823 212 1850 modo
232 1824 378 1859 proscripta
398 1823 532 1850 vidimus:
554 1828 625 1850 tanta
645 1828 845 1859 procuratorum

50 1865 90 1888 est
103 1860 272 1897 negligentia.
312 1861 346 1888 At
360 1861 404 1887 hic
419 1870 506 1896 nuper
516 1861 614 1888 sororis
626 1862 680 1888 lilio
690 1861 789 1888 infudit
800 1870 847 1887 ve-

50 1906 148 1925 nenum
158 1918 164 1929 ,
182 1907 233 1925 non
245 1898 327 1925 dedit.
368 1898 421 1925 Sed
432 1907 484 1925 non
495 1903 610 1934 possunt
621 1907 672 1925 non
684 1899 794 1935 prodige
806 1900 847 1925 vi—

50 1943 124 1965 vere,
145 1936 193 1970 qui
209 1939 297 1962 nostra
313 1936 381 1962 bona
396 1941 516 1970 sperant,
533 1944 618 1971 quum
635 1937 772 1963 effundant
786 1945 844 1963 sua.

50 1972 174 1999 Vidimus
185 1973 264 1999 etiam
271 1972 377 1999 P.Decii
388 1974 547 2005 auctionem,
556 1974 697 2001 clarissimi
710 1975 774 2000 viri:
787 1974 844 2009 qui,

50 2010 181 2036 maiorum
199 2018 309 2036 suorum
325 2010 448 2045 exempla
463 2019 641 2046 persequens,
659 2020 706 2046 pro
722 2011 808 2038 alieno
818 2020 847 2038 se

50 2055 110 2074 aere
125 2047 241 2073 devovit.
282 2047 392 2082 Empwr
409 2052 496 2074 tamen
511 2049 538 2075 in
549 2057 578 2075 ea
589 2050 710 2075 auctione
722 2050 847 2075 inventus

51 2089 91 2111 est
110 2093 197 2111 nemo.
238 2084 377 2111 Hominem
399 2084 557 2117 ridiculum,
580 2087 626 2121 qui
647 2095 676 2112 se
695 2087 768 2113 exire
789 2095 847 2113 aero

50 2121 137 2148 alieno
157 2126 232 2156 putet
248 2130 340 2156 posse,
362 2130 448 2156 quum
469 2123 566 2149 vendat
581 2123 675 2149 aliena.
718 2124 758 2150 lli.
780 2124 846 2150 Nam

50 2159 116 2194 quid
128 2167 177 2194 ego
188 2158 221 2185 de
232 2158 364 2185 Trebellio
374 2159 480 2185 dicam‘?
494 2169 574 2195 quem
587 2161 657 2187 ultae
669 2161 794 2188 videntur
806 2161 846 2188 su-

50 2196 104 2223 riae
119 2196 285 2223 debitorum:
310 2196 442 2223 vindicem
459 2198 530 2223 enim
546 2198 696 2224 tabularum
718 2207 846 2225 novarum

51 2241 147 2260 novam
164 2233 282 2260 tabulam
294 2234 429 2260 videmus.
469 2234 539 2266 Quid
551 2235 584 2261 de
596 2235 624 2262 T.
638 2235 753 2262 Planco‘?
766 2245 847 2271 quem

52 2272 298 2306 praestantissimus
313 2272 394 2302 civis,
416 2271 526 2306 Aquila,
544 2272 672 2299 Pollentia
688 2273 805 2308 expulit,
823 2278 849 2300 et

51 2308 161 2344 quidem
171 2317 248 2335 crure
261 2308 354 2335 l'racto:
376 2309 449 2343 quod
462 2309 563 2335 utinam
577 2309 614 2335 illi
627 2315 686 2336 ante.
698 2311 846 2342 accidisset,

53 2353 86 2372 ue
97 2345 148 2373 huc
159 2346 245 2372 redire
257 2346 400 2381 potuissetl
419 2347 521 2372 Lumen
532 2351 558 2372 et
568 2346 650 2373 decus
662 2347 736 2374 illius
746 2349 849 2374 exerci-

52 2386 96 2409 tus
106 2391 189 2418 paene
201 2384 336 2418 praeterii,
350 2383 379 2410 C.
393 2383 509 2409 Annium
522 2384 660 2410 Cimbrum
669 2405 675 2415 ,
689 2385 806 2420 Lysidici
819 2386 849 2411 n-

53 2418 128 2452 lium,
137 2421 292 2457 Lysidicum
304 2422 403 2455 ipsum,
413 2421 514 2447 Graeco
524 2421 613 2452 verbo,
622 2422 748 2456 quoniam
760 2423 848 2449 onmia

53 2456 110 2484 iura
121 2457 258 2485 dissolvit:
276 2459 327 2485 nisi
340 2458 405 2484 forte
415 2459 474 2484 iure
486 2458 649 2485 Germanum
661 2459 768 2485 Cimber
779 2460 849 2486 occi-

53 2493 101 2520 dit.
140 2494 230 2528 Quum
246 2495 314 2522 lianc
329 2500 354 2522 et
366 2496 447 2522 liuius
458 2496 564 2531 generis
575 2496 678 2530 copiam
691 2501 788 2523 tantam
802 2497 849 2523 ba-

54 2529 262 2559 beatAntonius:
275 2533 347 2568 quod
358 2533 447 2559 scelus
457 2534 567 2563 omittet,
577 2542 637 2559 cum
646 2533 779 2559 Dolabella
791 2538 849 2560 tan-

55 2568 87 2595 tis
101 2577 130 2595 se
143 2569 315 2597 obstrinxerit
331 2570 493 2605 parricidiis,
517 2579 685 2605 nequaquam
702 2571 757 2605 pari
771 2571 849 2597 latro-

54 2613 118 2632 num
130 2615 209 2633 manu
221 2611 247 2633 et
256 2607 350 2642 copia?
375 2609 415 2634 ⁴5.
428 2607 602 2642 Quapropter,
616 2613 645 2634 ut
656 2608 758 2634 invitus
769 2616 848 2642 saepo

54 2641 169 2670 dissensi
184 2652 198 2670 a
214 2643 245 2676 Q.
261 2644 350 2676 Fufio,
369 2645 404 2671 ita
419 2653 480 2671 sum
496 2646 555 2672 eius
571 2645 717 2671 sententiae
737 2645 848 2672 libenter

54 2687 190 2707 assensus.
230 2681 269 2708 Ex
285 2690 339 2717 quo
349 2682 467 2710 iudicare
478 2682 595 2713 debetis,
612 2691 655 2709 me
666 2691 717 2709 non
727 2691 788 2710 cum
802 2683 849 2709 lio-

172 1338 238 1364 Cum
251 1338 300 1363 boc
311 1342 451 1364 veteranus
463 1337 566 1372 Capho:
588 1345 643 1372 quo
654 1338 787 1363 neminem
801 1345 846 1362 ve·
866 1346 868 1349 ’

48 1376 131 1402 terani
144 1375 220 1409 peius
230 1375 352 1401 oderunt.
383 1375 438 1406 His,
452 1375 530 1409 quasi
541 1379 643 1409 praeter
654 1374 750 1405 dotem,
763 1382 844 1409 quam
867 1394 868 1400 ,

945 145 964 172 C
979 146 1000 172 Α
1015 146 1043 172 Ρ.
1080 148 1088 172 i
1114 161 1149 165 —
1170 148 1195 172 8,
1639 148 1688 173 ⁴343

894 217 967 243 mine
982 216 1080 247 solere,
1098 217 1146 243 sed
1161 226 1223 243 curn
1239 225 1333 242 caussa
1349 216 1488 242 dissidere.
1531 217 1621 251 ltaque
1637 226 1687 243 non

894 255 1024 280 assentior
1035 254 1131 285 solum,
1145 254 1191 280 sed
1203 255 1281 280 etiam
1293 254 1390 289 gratias
1401 262 1450 289 ago
1461 253 1492 285 Q.
1506 254 1589 280 Fufio.
1619 255 1690 280 Dixit

895 292 965 317 enim
977 299 1106 320 severam.
1119 300 1236 327 gravem,
1251 291 1386 326 republica
1396 291 1504 326 dignam
1516 292 1687 317 sententiam:

895 328 1023 355 iudicavit
1038 329 1140 355 bostem
1156 328 1332 355 Dolabellam:
1356 328 1424 355 bona
1439 329 1498 354 eius
1517 329 1621 355 censuit
1640 337 1691 363 pu-

895 365 964 392 blice
979 366 1151 400 possidenda.
1173 366 1232 398 Quo
1247 375 1331 401 quum
1344 365 1405 392 addi
1418 365 1484 392 nihil
1497 370 1600 400 posset:
1614 366 1690 401 (quid

895 403 967 429 enim
979 404 1093 429 atrocius
1105 405 1203 437 potuit,
1226 404 1291 438 quid
1304 404 1424 429 severius
1435 403 1603 438 decernereP)
1623 403 1691 429 dixit

896 444 996 470 tamen,
1014 441 1037 466 si
1047 441 1110 475 quis
1121 449 1226 472 eorum,
1250 441 1297 476 qui
1308 445 1367 475 post
1379 449 1407 466 se
1418 441 1501 476 rogati
1513 445 1614 471 essent,
1631 449 1692 476 gra-

896 479 995 503 viorem
1009 479 1167 504 sententiam
1180 478 1302 509 dixisset,
1316 479 1342 504 in
1354 486 1411 503 eam
1423 486 1451 503 se
1463 479 1574 504 iturum.
1606 477 1690 510 Quam

896 516 1064 541 severitatem
1074 516 1137 550 quis
1148 520 1234 550 potest
1247 524 1298 541 non
1311 514 1437 541 laudare?

952 553 1006 578 VII.
1031 554 1070 578 46.
1092 553 1178 583 Nunc,
1194 553 1320 587 quoniam
1338 553 1422 578 hostis
1438 557 1477 579 est
1492 552 1626 578 iudicatus
1642 553 1692 578 Do—

898 589 1001 620 labella,
1024 589 1094 616 bello
1109 594 1150 616 est
1164 590 1378 625 persequendus.
1424 590 1517 625 Neque
1532 590 1603 616 enim
1615 590 1693 624 quie-

897 631 964 653 scet:
1000 627 1079 653 habet
1092 626 1232 662 legionem,
1246 627 1325 653 habet
1337 627 1475 663 fugitivos,
1489 627 1568 653 habet
1579 627 1692 653 scelera-

897 668 949 689 tam
962 664 1106 698 impiorum
1119 673 1242 691 manum:
1274 669 1314 691 est
1324 665 1383 699 ipse
1393 664 1538 695 conlidens,
1548 665 1688 699 impotens,

896 701 1052 736 gladiatorio
1083 703 1174 737 generi
1200 703 1292 728 mortis
1317 701 1448 728 addictus.
1502 701 1689 734 Quamobrem.

897 739 1024 773 quoniam
1045 747 1107 765 cum
1127 739 1262 765 Dolabella
1283 739 1407 765 hesterno
1427 739 1470 765 die
1491 739 1567 765 hoste
1587 739 1693 765 decreto

897 775 999 801 bellum
1027 776 1176 811 gerendum
1205 781 1254 806 est,
1286 777 1430 810 imperator
1456 781 1496 802 est
1521 776 1690 811 deligendus.

896 813 969 839 Duae
979 813 1065 839 dictae
1076 818 1138 840 sunt
1149 814 1308 840 sententiae:
1335 822 1449 848 quarum
1462 818 1583 839 neutram
1594 814 1690 848 probo:

897 850 1015 882 alteram,
1033 851 1096 885 quia
1112 859 1226 885 semper,
1244 851 1296 877 nisi
1308 859 1393 886 quum
1405 855 1445 876 est
1456 859 1574 881 necesse,
1588 851 1693 885 pericu-

898 887 980 914 losam
1001 888 1126 915 arbitror:
1168 888 1286 920 alteram,
1304 889 1366 923 quia
1382 888 1496 914 alienam
1513 888 1556 914 his
1568 888 1693 922 tempori-

897 925 948 951 bus
965 926 1098 952 existimo.
1146 927 1186 952 ⁴7.
1202 926 1279 956 Nam,
1297 925 1531 952 extraordinarium
1549 926 1692 960 imperium

898 962 1025 997 populare
1040 968 1120 998 atque
1136 967 1277 989 ventosum
1293 968 1341 994 est,
1358 963 1470 989 minime
1486 967 1590 989 nostrae
1605 963 1694 998 gravi-

897 1001 966 1031 tatis,
989 1001 1101 1027 minime
1122 1001 1204 1027 huius
1219 1000 1329 1027 ordinis.
1374 1000 1448 1027 Bello
1463 1000 1585 1027 Antiochi
1598 1008 1694 1035 magno

897 1042 923 1064 et
936 1038 1020 1073 gravi,
1034 1047 1119 1073 quum
1132 1039 1161 1064 L.
1176 1038 1295 1073 Scipioni
1307 1039 1443 1073 provincia
1454 1038 1608 1064 obvenisset
1620 1038 1691 1063 Asia.

897 1084 1047 1110 parumque
1063 1076 1088 1102 in
1101 1084 1131 1102 eo
1147 1080 1286 1110 putaretur
1296 1084 1354 1102 esse
1366 1076 1457 1106 animi,
1474 1083 1569 1110 parum
1581 1075 1692 1103 roboris,

896 1117 1061 1148 senatusque
1076 1113 1109 1139 ad
1124 1113 1253 1149 collegam
1270 1114 1337 1144 eius,
1358 1113 1387 1140 C.
1409 1112 1539 1143 Laelium,
1553 1113 1634 1138 huius
1647 1112 1694 1137 Sa-

897 1150 994 1185 pientis
1009 1155 1119 1185 patrem,
1139 1152 1275 1186 negotium
1287 1150 1413 1177 deferret:
1455 1151 1572 1176 surrexit
1583 1150 1610 1176 P.
1624 1149 1695 1176 Afri-

873 1200 875 1207 ν
896 1196 988 1219 canus,
1007 1187 1086 1214 frater
1096 1189 1181 1214 maior
1192 1189 1221 1214 L.
1244 1188 1385 1224 Scipionis,
1399 1187 1507 1215 etillam
1520 1188 1694 1223 ignominiam

897 1234 910 1251 a
932 1224 1033 1251 familia
1053 1225 1210 1260 deprecatus
1231 1230 1284 1252 est:
1325 1226 1448 1261 dixitque
1468 1230 1494 1252 et
1509 1226 1536 1252 in
1553 1224 1631 1251 fratre
1646 1233 1695 1251 suo

896 1271 1029 1289 summam
1050 1263 1176 1290 virtutem
1192 1271 1251 1289 esse
1266 1271 1460 1298 summumque
1474 1262 1632 1293 consilium,
1649 1270 1695 1288 ne—

896 1308 949 1335 que
964 1309 993 1326 se
1008 1301 1032 1326 ei
1048 1300 1175 1336 legatum,
1192 1300 1220 1327 id
1238 1301 1330 1327 aetatis
1344 1301 1432 1336 iisque
1443 1300 1524 1326 rebus
1538 1301 1630 1336 gestis,
1649 1299 1695 1325 de-

897 1337 1027 1364 futurum.
1071 1338 1148 1370 Quod
1163 1346 1247 1373 quum
1260 1338 1293 1364 ab
1305 1346 1335 1364 eo
1348 1343 1418 1364 esset
1429 1338 1544 1364 dictum:
1577 1337 1644 1363 nihil
1657 1342 1694 1362 est

896 1374 929 1401 de
941 1375 1074 1409 Scipionis
1086 1376 1223 1410 provincia
1234 1380 1443 1402 commutatum:
1476 1384 1523 1401 nec
1536 1374 1597 1409 plus
1609 1379 1696 1400 extra-

874 1409 875 1438 Ῐ
896 1412 1061 1439 ordinarium
1082 1413 1227 1447 imperium
1242 1413 1274 1438 ad
1287 1413 1313 1439 id
1324 1412 1425 1439 bellum
1438 1412 1600 1447 quaesitum,
1613 1420 1694 1446 quam

897 1449 1003 1476 duobus
1019 1455 1092 1476 antea
1114 1451 1239 1476 maximis
1250 1450 1358 1476 Punicis
1374 1450 1461 1481 bellis,
1474 1458 1542 1484 quae
1553 1458 1567 1475 a
1577 1448 1696 1475 consuli—

898 1487 959 1518 bus,
982 1492 1027 1513 aut
1047 1496 1061 1513 a
1081 1487 1256 1514 dictatoribus
1276 1492 1349 1523 gesta
1369 1492 1395 1513 et
1409 1487 1526 1513 confecta
1543 1490 1619 1513 sunt:
1651 1491 1696 1512 aut

897 1533 979 1559 quam
991 1524 1093 1560 Pyrrhi,
1107 1533 1188 1559 quam
1201 1525 1328 1559 Philippi,
1337 1533 1417 1559 quam
1430 1523 1693 1559 postA‹·haicol›ello,

897 1570 978 1597 quam
1000 1562 1100 1588 Punico
1121 1563 1210 1588 tertio:
1241 1562 1274 1588 ad
1288 1562 1361 1597 quod
1382 1561 1498 1597 populus
1510 1562 1645 1587 Romanus
1661 1562 1696 1587 ita

897 1599 951 1625 sibi
971 1600 1030 1634 ipse
1051 1599 1150 1634 delegit
1165 1599 1291 1626 idoneum
1309 1600 1414 1630 ducem,
1437 1600 1466 1625 P.
1484 1598 1645 1634 Scipionem,
1668 1603 1695 1624 ut

898 1645 959 1664 eum
973 1642 1059 1663 tamen
1071 1637 1173 1663 bellum
1184 1645 1275 1672 gerere
1286 1637 1424 1663 consulem
1438 1636 1526 1663 vellet.

955 1674 1020 1700 Vlll.
1044 1676 1084 1700 ⁴8.
1109 1674 1177 1701 Cum
1193 1675 1342 1701 Aristonico
1357 1674 1458 1701 bellum
1475 1673 1621 1709 gerendum
1635 1672 1694 1702 suit,

898 1712 927 1738 P.
941 1712 1051 1743 Licinio,
1066 1712 1094 1738 L.
1108 1712 1212 1739 Valerio
1222 1712 1390 1739 consulibus.
1432 1712 1549 1746 Rogatus
1560 1715 1599 1736 est
1612 1719 1697 1744 popu-

900 1749 951 1781 lus,
964 1758 1045 1784 quem
1058 1749 1084 1775 id
1096 1749 1198 1775 bellum
1209 1758 1302 1785 gerere
1314 1749 1440 1784 placeret:
1464 1750 1586 1778 Crassus,
1603 1747 1696 1773 consul

898 1791 924 1813 et
935 1786 1055 1822 pontifex
1067 1788 1211 1817 maximus,
1222 1787 1314 1813 Flacco
1325 1787 1450 1822 collegae,
1460 1785 1559 1812 flamini
1572 1784 1694 1815 Martiali,

898 1824 1025 1851 mulctam
1047 1824 1124 1856 dixit,
1147 1825 1170 1850 si
1187 1833 1200 1850 a
1215 1826 1297 1851 sacris
1309 1824 1487 1850 discessisset.
1528 1822 1614 1855 Quam
1627 1822 1697 1848 mul-

898 1866 966 1888 ctam
987 1861 1104 1896 populus
1126 1863 1242 1888 remisit:
1275 1862 1393 1897 pontifici
1407 1866 1492 1887 tamen
1506 1860 1638 1886 flaminem
1652 1868 1697 1894 pa-

899 1908 955 1926 rere
975 1899 1064 1926 iussit.
1106 1899 1158 1925 Sed
1181 1908 1212 1926 ne
1233 1905 1289 1926 tum
1305 1899 1415 1934 quidem
1433 1898 1550 1933 populus
1562 1898 1697 1924 Romanus

899 1937 932 1963 ad
953 1937 1088 1972 privatum
1110 1936 1206 1963 detulit
1227 1936 1342 1963 bellum:
1375 1944 1540 1971 quamquam
1557 1939 1612 1961 erat
1627 1934 1698 1960 Airi-

899 1983 991 2005 canus,
1016 1975 1062 2009 qui
1084 1983 1154 2001 anno
1169 1979 1228 2001 ante
1241 1974 1275 2001 de
1287 1974 1458 2000 Numantinis
1471 1972 1694 2007 triumphaverat:

898 2013 946 2048 qui
965 2021 1050 2047 quum
1072 2012 1148 2048 longe
1168 2020 1261 2038 omnes
1283 2011 1346 2038 belli
1365 2011 1449 2047 gloria
1465 2015 1489 2037 et
1505 2011 1603 2036 virtute
1616 2018 1697 2043 supe-

899 2054 981 2081 raret,
1003 2050 1071 2076 duas
1093 2054 1195 2076 tantum
1218 2049 1304 2075 tribus
1325 2048 1395 2075 solas
1417 2048 1486 2075 tulit.
1528 2048 1564 2074 lta
1582 2047 1697 2082 populus

900 2088 1035 2114 Romanus
1058 2087 1162 2113 consuli
1185 2087 1274 2121 potius
1291 2086 1394 2117 Crasso,
1413 2094 1494 2121 quam
1511 2085 1613 2119 privato
1629 2084 1698 2110 Mn-

899 2134 964 2151 cano
985 2124 1086 2151 bellum
1107 2124 1255 2159 gerendum
1276 2123 1359 2149 dedit.
1399 2123 1435 2149 De
1451 2124 1500 2149 Cn.
1513 2122 1630 2156 Pompeii
1648 2122 1697 2147 im-

901 2163 990 2197 periiS,
1013 2162 1113 2187 summi
1130 2162 1188 2192 viri,
1207 2165 1287 2196 atque
1309 2161 1430 2187 omnium
1441 2160 1580 2194 principis,
1597 2159 1696 2184 tribuni

901 2200 987 2234 plebis
1000 2198 1146 2225 turbulenti
1159 2198 1288 2224 tulerunt.
1324 2198 1389 2223 Nam
1403 2197 1583 2223 Sertorianum
1596 2195 1697 2221 bellum

900 2246 913 2263 a
927 2241 1021 2262 senatu
1034 2237 1136 2271 privato
1146 2235 1238 2261 datum
1250 2239 1298 2265 est,
1311 2235 1375 2269 quia
1387 2233 1512 2260 consules
1524 2233 1695 2259 recusabant:

900 2282 985 2309 quum
999 2274 1027 2299 1..
1041 2272 1184 2307 Philippus
1196 2280 1243 2306 pro
1253 2271 1412 2298 consulibus
1423 2280 1485 2297 eum
1502 2279 1530 2297 se
1541 2271 1645 2296 mittere
1656 2269 1698 2294 di-

901 2312 946 2341 xit,
971 2319 1022 2337 non
1045 2318 1092 2344 pro
1107 2310 1226 2335 consule.
1259 2311 1299 2335 ⁴9.
1316 2308 1389 2340 Quae
1405 2309 1488 2344 igitur
1500 2308 1562 2334 baec
1573 2305 1698 2333 coniitia?

899 2354 944 2374 aut
959 2356 1040 2383 quam
1056 2347 1228 2373 ambitionem
1241 2346 1474 2372 constantissimus
1484 2350 1509 2370 et
1519 2344 1698 2377 gravissimus

899 2386 976 2416 civis,
999 2385 1028 2411 L.
1046 2385 1150 2413 Caesar,
1174 2384 1201 2409 in
1217 2388 1340 2409 senatum
1356 2382 1523 2409 introduxit?
1543 2381 1698 2407 Clarissimo

901 2423 958 2448 viro
973 2426 1052 2456 atque
1067 2421 1288 2447 innocentissimo
1297 2420 1416 2446 decrevit
1428 2420 1582 2454 imperium,
1596 2419 1698 2453 privato

901 2465 998 2486 tamen.
1040 2459 1068 2485 ln
1079 2467 1134 2494 quo
1149 2458 1296 2485 maximum
1309 2457 1386 2483 nobis
1397 2465 1465 2483 onus
1477 2456 1615 2490 imposuit.
1647 2456 1697 2481 As-

900 2505 996 2523 sensus
1008 2504 1065 2522 cro:
1081 2495 1254 2522 ambitionem
1265 2494 1397 2521 induxero
1407 2494 1433 2520 in
1445 2494 1556 2519 curiam.
1580 2493 1694 2527 Negaro:

901 2534 1010 2560 videbor
1030 2533 1157 2569 suffragio
1178 2541 1249 2562 mec,
1271 2537 1407 2566 tamquam
1422 2531 1552 2560 comitiis,
1571 2530 1695 2556 bonorem

902 2571 1001 2597 bomini
1013 2571 1178 2597 amicissimo
1187 2570 1344 2604 denegasse.
1370 2568 1447 2601 Quod
1459 2569 1481 2594 si
1493 2569 1598 2594 comitia
1612 2567 1696 2602 placet

900 2609 926 2634 in
952 2613 1045 2634 senatu
1072 2608 1182 2634 babere.-
1217 2612 1353 2642 petamus,
1376 2606 1538 2632 ambiamus.
1588 2604 1696 2630 ‘Fabella

900 2645 979 2672 modo
998 2645 1076 2672 detur
1092 2645 1177 2675 nobis,
1195 2645 1265 2671 sicut
1281 2643 1379 2678 populo
1393 2643 1453 2669 data
1469 2647 1518 2669 est.
1560 2642 1613 2668 Cur
1623 2650 1696 2667 com-

901 2683 994 2714 mittis,
1012 2684 1116 2714 Caesar,
1130 2688 1158 2709 ut
1170 2687 1215 2710 aut
1227 2681 1473 2717 praestantissimus
1485 2680 1534 2711 vir,
1548 2680 1571 2706 si
1584 2680 1631 2705 tibi
1645 2688 1694 2705 non

1432 2728 1490 2754 81·
