1941 3052
339 126 669 154 EPISTOLARUM
700 127 753 153 AD
784 126 986 152 ATTICUM
1018 126 1098 152 LIB.
1131 126 1217 152 XIII.

90 198 246 233 scripseras.
287 199 311 223 3.
334 198 361 223 In
373 197 489 224 Varrone
505 198 555 224 ista
570 206 664 224 caussa
676 206 718 224 me
731 206 782 224 non
794 206 887 224 move-

91 241 143 266 ret,
166 243 198 261 ne
215 233 321 261 viderer
335 235 500 269 φιλένδοξοςῑ
524 236 572 269 (sic
588 236 659 261 enim
678 235 884 265 constituebam,

91 273 227 299 neminem
238 271 376 298 includere
388 273 415 298 in
426 272 549 308 dialogos
560 281 662 303 eorum,
679 274 726 307 qui
739 274 861 299 viverent
870 272 888 307 :)

90 309 151 340 sed.
169 309 233 344 quia
248 309 346 336 scribis
356 314 383 335 et
392 309 541 336 desiderari
553 319 566 336 a
577 310 701 341 Varrone,
716 315 741 336 et
752 310 843 345 magni
855 309 889 335 il-

91 347 148 374 lum
159 347 313 378 aestimare,
332 355 376 373 eos
392 346 508 373 confeci:
526 352 552 373 et
567 347 685 378 absolvi,
704 348 888 382 nescioquam
916 350 918 355 ’

90 384 168 414 bene,
182 383 230 410 sed
241 384 278 410 ita
289 389 420 415 accurate,
433 389 463 411 ut
473 384 541 410 nihil
554 389 644 419 posset
655 393 746 420 supra,
754 386 889 411 Academi-

91 430 147 448 cam
158 429 265 448 omnem
277 425 448 455 quaestionem
460 421 537 448 libris
548 426 683 456 quattuor.
717 422 746 448 In
757 423 806 451 eis,
820 429 889 456 quae
910 415 919 456 ¹

91 463 166 485 erant
181 463 271 485 contra
287 457 468 492 ἀκαταληψίαν
482 458 617 493 praeclare
632 458 741 485 collecta
753 459 786 485 ab
796 459 890 485 Antio·
911 470 912 478 ι

91 496 151 526 cho,
165 496 277 522 Varroni
287 495 364 522 dedi:
379 496 412 522 ad
423 504 453 522 ea
464 497 522 531 ipse
534 496 697 531 respondeo:
715 501 743 523 tu
755 505 783 522 es
795 496 889 522 tertius

92 533 120 559 in
132 541 255 559 sermone
270 537 370 560 nostro.
411 533 439 560 Si
450 533 551 560 Cottam
568 539 594 560 et
604 534 749 560 Varronem
765 533 889 559 fecissem
911 564 912 567 ¹

92 571 161 596 inter
175 579 204 596 se
219 570 403 605 disputantes,
424 575 454 597 ut
468 579 482 596 a
499 575 523 597 te
537 571 670 605 proximis
686 570 781 597 litteris
797 569 890 596 admo-
911 568 913 613 ¹

91 616 168 639 neor}
187 616 278 634 meum
294 608 384 641 κωφὸν
399 607 538 644 πρόςωπον
548 612 628 634 esset.

91 645 155 680 quis
171 645 294 679 personis
309 645 429 671 suaviter
444 645 486 675 fit,
503 650 532 671 ut
543 650 568 671 et
578 644 732 671 Heraclides
744 646 772 670 in
784 643 887 674 multis,
911 645 913 674 Ξ

92 687 117 708 et
128 691 176 708 nos
187 690 236 708 sex
247 685 276 708 [le
288 683 425 715 Republica
436 681 514 708 libris
526 682 650 708 fecimus.
690 682 758 708 Sunt
769 682 849 708 etiam
861 684 891 707 cle
911 685 913 697 ’

93 720 203 746 oratore
214 720 297 745 nostri
311 724 372 750 tres,
389 719 456 745 mihi
469 719 642 746 vehementer
655 719 770 754 probati.

92 794 206 821 Crassus
217 794 289 820 enim
306 793 436 828 loquitur,
454 794 600 824 Antonius,
617 793 728 820 Catulus
744 802 840 823 senex,
859 792 888 818 C.

92 831 187 862 Iulius,
201 830 280 857 frater
291 830 388 861 Catuli,
401 830 488 862 Cotta,
505 830 655 865 Sulpicius.
695 831 781 857 Puero
793 838 835 856 me
847 829 890 855 hie

92 877 180 895 sermo
192 867 343 898 inducitur,
360 872 390 894 ut
405 867 494 894 nullae
509 876 568 894 esse
584 872 694 902 possent
704 872 793 903 partes
804 875 889 893 meae.

91 905 165 938 Quae
176 909 265 931 autem
277 905 320 931 his
331 905 499 940 temporibus
510 905 821 942 scripsissflqtoerore'lezov
833 913 891 931 mo-

93 951 149 969 rem
161 942 273 975 habent3
287 943 315 968 in
327 951 381 977 quo
393 951 481 968 sermo
493 943 528 969 ita
540 943 679 970 inducitur
689 948 848 973 ceterorum,
863 946 892 968 ut

91 988 175 1015 penes
187 980 277 1015 ipsum
288 980 324 1006 sit
334 979 512 1015 principatus.
553 981 590 1007 Ita
605 980 709 1007 confeci
723 981 845 1015 quinque
858 979 891 1005 li—

92 1018 154 1044 bros
170 1017 230 1053 περὶ
243 1018 336 1048 τελῶν,
352 1022 382 1043 ιιι
392 1017 525 1052 Epicurea
541 1018 571 1044 L.
588 1018 735 1053 Torquato,
753 1017 840 1045 Stoica
853 1017 889 1043 M.
912 1030 914 1035 ⁴

91 1055 194 1085 Catoni,
207 1054 394 1090 περιπατητικά
404 1055 440 1082 Μ.
454 1055 543 1081 Pisoni
555 1055 657 1082 darem.
689 1054 891 1089 ’Λζηλοτύπητον

91 1092 120 1118 id
132 1091 186 1118 fore
198 1096 329 1127 putaram,
343 1092 416 1127 quod
426 1101 519 1119 omnes
530 1092 571 1119 illi
582 1093 762 1120 decesserant.
783 1094 808 1119 5.
822 1093 891 1119 Haec

91 1131 258 1161 Academica,
272 1134 303 1156 ut
317 1130 385 1161 seis,
403 1138 465 1156 cum
480 1129 587 1162 Catulo,
605 1130 732 1161 Lucullo,
750 1130 891 1157 Hortensio

91 1166 267 1194 contuleram.
308 1166 378 1193 Sane
389 1167 416 1193 in
428 1176 556 1202 personas
568 1177 620 1195 non
632 1168 773 1194 cadebant.
809 1169 891 1194 Erant

91 1205 166 1231 enim
181 1203 353 1240 λογικώτερα,
369 1213 452 1239 quam
467 1210 497 1232 ut
512 1205 553 1231 illi
569 1205 602 1232 de
619 1206 652 1232 iis
668 1207 818 1232 somniasse
830 1214 891 1232 um-

91 1250 174 1277 quam
192 1241 358 1268 viderentur.
399 1243 504 1277 Itaque,
527 1247 556 1269 ut
575 1243 628 1278 legi
642 1248 702 1270 tuas
717 1243 750 1270 de
765 1244 888 1273 Varrone,

93 1284 230 1313 tamquam
246 1279 354 1314 ἑρμαῒον
370 1280 484 1314 arripui.
525 1280 622 1315 Aptius
638 1289 697 1307 esse
719 1280 787 1307 nihil
804 1281 892 1315 potuit
913 1290 915 1301 ι

92 1316 165 1342 adid
177 1315 365 1351 philosophiae
375 1325 476 1352 genus,
494 1325 548 1352 quo
565 1317 610 1344 ille
627 1318 745 1345 maxime
761 1319 830 1345 mihi
844 1317 892 1344 de-

93 1353 184 1380 lectari
195 1353 310 1384 videtur,
324 1362 424 1389 easque
435 1359 537 1389 partes,
553 1360 644 1382 utnon
655 1356 708 1382 sim
719 1360 889 1386 consecutuS,

92 1396 122 1418 ut
137 1392 260 1426 superior
275 1400 333 1417 mea
349 1400 444 1418 caussa
460 1392 593 1419 videatur.
633 1393 701 1420 Sunt
719 1394 792 1420 enim
809 1394 892 1419 vehe-

670 609 694 634 Ιι.
717 609 770 634 Hoc
781 608 809 633 in
820 607 890 633 anti-
911 614 920 637 t}

810 719 838 744 In
850 718 890 744 eis
912 738 920 749 ¹¹

91 765 201 791 quoque
212 765 257 782 eae
272 764 401 791 personae
415 760 491 787 sunt,
510 761 539 782 ut
554 756 621 782 mihi
639 756 782 782 tacendum
799 755 888 782 fuerit.
912 754 920 766 '¹

93 1433 198 1455 menter
213 1429 318 1455 πιθανὰ
333 1428 485 1463 Ἀντιόχειαε
508 1438 577 1464 quae
595 1430 740 1466 diligenter
755 1439 768 1457 a
785 1440 828 1457 me
843 1439 891 1457 ex-

94 1474 199 1501 pressa,
222 1474 335 1492 acumen
351 1466 451 1493 habent
465 1467 604 1498 Antiochi,
628 1469 742 1495 nitorem
763 1469 891 1495 orationis

93 1508 227 1535 nostrum.
249 1504 273 1529 si
295 1503 374 1530 modo
395 1505 417 1530 is
433 1509 473 1530 est
488 1503 589 1540 aliquis
607 1506 634 1532 in
651 1505 739 1532 nobis.
781 1506 834 1533 Sed
851 1511 888 1537 tu.

92 1540 230 1568 dandosne
241 1545 319 1576 putes
331 1540 380 1567 hos
393 1541 475 1568 libros
488 1542 612 1573 Varroni,
625 1543 705 1570 etiam
718 1548 798 1578 atque
810 1544 890 1570 etiam

94 1578 210 1605 videbis.
250 1578 318 1605 Mihi
329 1578 462 1614 quaedam
473 1585 630 1613 occurrunt:
649 1580 696 1607 sed
708 1589 737 1607 ea
751 1589 851 1608 coram.

147 1687 198 1706 xx.
229 1689 258 1709 (ln
269 1689 364 1712 Arpinati,
376 1689 454 1707 Caesare
465 1689 498 1707 1v.
510 1696 548 1707 cos.
559 1696 574 1708 s.
585 1691 628 1708 coll.
641 1692 697 1712 709.)

279 1748 449 1776 CICERO
480 1749 648 1776 ATTICO
678 1750 706 1777 S.

152 1805 175 1829 l.
196 1798 225 1829 A
241 1803 352 1830 Caesare
370 1803 470 1830 litteras
486 1805 578 1839 accepi
593 1804 798 1836 consolatorias,
816 1805 892 1832 datas

93 1839 164 1875 prid.
182 1839 240 1866 Kal.
257 1841 320 1867 Mai.
338 1841 451 1876 Hispali.
492 1842 528 1868 De
544 1841 614 1868 Urbe
630 1842 753 1878 augenda
770 1843 838 1878 quid
858 1844 893 1870 sit

93 1877 302 1913 promulgatum,
311 1878 505 1911 nonintellexi3
520 1878 548 1905 id
559 1888 623 1905 sane
634 1880 702 1906 scire
714 1880 807 1907 velim.
827 1881 893 1907 Tor-

92 1919 174 1950 quato
185 1919 273 1941 nostra
284 1914 372 1942 officia
383 1921 457 1951 grata
468 1924 537 1947 esse,
546 1916 623 1943 facile
634 1918 732 1951 patior,
747 1926 832 1953 eaque
844 1927 892 1944 au-

92 1960 155 1987 gere
171 1950 372 1978 non'desinam.
413 1954 438 1979 2.
461 1953 501 1979 Ad
514 1954 682 1987 Liqarimmm
697 1954 731 1981 de
743 1963 825 1981 uxore
837 1956 892 1982 Tu-

93 1989 202 2016 beronis
217 1993 243 2016 et
263 1989 388 2025 privigna
404 1997 492 2025 neque
508 1999 619 2025 possum
638 1991 690 2018 iam
707 1991 819 2023 addere,
842 1993 892 2027 (est

92 2027 166 2053 enim
180 2026 360 2062 pervulgata.)
375 2035 463 2062 neque
479 2027 648 2054 Tuberonem
669 2029 728 2055 volo
745 2028 890 2056 offendere.

93 2063 205 2091 Mirifice
221 2068 262 2090 est
277 2064 350 2090 enim
365 2065 498 2098 φιλαίτιος.
538 2064 684 2092 Theatrum
699 2066 812 2101 quidem
827 2075 891 2093 sane

94 2100 196 2128 bellum
209 2100 339 2127 habuisti.
373 2103 398 2128 3.
420 2101 485 2137 Ego,
499 2102 549 2128 etsi
561 2102 610 2129 hoc
623 2102 679 2129 loco
691 2102 819 2130 facillime
830 2113 893 2130 sus-

94 2143 191 2170 tentor,
213 2143 301 2165 tamen
313 2142 338 2165 te
349 2138 441 2165 videre
453 2139 543 2174 cupio.
584 2140 690 2175 Itaque,
708 2145 737 2167 ut
752 2142 889 2172 constitui,

93 2175 183 2202 adero.
225 2176 342 2202 Fratrem
358 2175 438 2202 credo
451 2185 465 2202 a
482 2181 506 2203 te
521 2185 581 2203 esse
601 2182 775 2204 conventum.
817 2178 891 2205 Scire

94 2214 178 2249 igitur
188 2213 292 2244 studeo,
306 2212 373 2248 quid
385 2214 483 2249 egeris.
522 2215 546 2240 4.
568 2214 603 2241 De
616 2213 684 2241 tama
697 2215 764 2241 nihil
777 2225 841 2242 sane
854 2215 892 2242 ln-

94 2251 171 2278 boro:
189 2251 239 2278 etsi
254 2251 415 2285 scripseram
431 2250 464 2277 ad
481 2256 505 2277 te
521 2255 584 2278 tunc
598 2251 693 2283 stulte,
711 2254 776 2278 nihil
791 2255 890 2280 melius.

93 2287 249 2315 Curandum
261 2288 334 2314 enim
346 2297 397 2314 non
409 2292 460 2315 est.
486 2288 573 2324 Atque
586 2288 644 2320 hoc,
658 2292 686 2316 ιη
698 2292 767 2316 omini
777 2292 830 2317 vitu
844 2300 892 2317 sua

94 2334 216 2360 quemque
230 2335 246 2352 α
261 2330 333 2352 recta
352 2328 508 2352 conscientia
526 2331 701 2353 lrarwvercum
716 2336 824 2361 utiquam
842 2337 891 2354 non

94 2367 191 2396 oportet
205 2365 346 2393 discedere,
365 2362 454 2389 viden'
470 2371 551 2398 qnam
568 2363 740 2398 φιλοσόφωςῗ
754 2374 787 2391 an
804 2369 831 2392 ιιι
844 2374 892 2392 nos

95 2399 194 2426 frustra
205 2400 344 2427 existimas
360 2399 425 2426 haec
440 2401 466 2427 in
483 2400 610 2427 manibus
626 2400 742 2427 habere?
763 2401 892 2436 δεδεῖχθαι

94 2441 120 2464 te
134 2436 246 2468 nollem,
262 2437 335 2473 quod
352 2436 420 2464 nihil
437 2442 501 2464 erat.
543 2437 630 2464 Redeo
645 2439 718 2465 enim
737 2447 831 2465 rursus
847 2448 893 2466 co-

94 2473 167 2500 dem.
195 2474 387 2510 Quidquamno
399 2483 441 2501 me
452 2479 531 2509 putas
542 2483 636 2501 curare
648 2476 674 2502 in
687 2480 748 2506 toto.
762 2476 814 2502 nisi
828 2481 856 2502 ut
867 2477 892 2502 ei

96 2519 128 2538 ne
140 2511 245 2538 desim?
264 2512 293 2539 ld
313 2520 363 2548 ago
379 2512 495 2543 scilicet,
519 2517 549 2538 ut
566 2512 666 2539 indicia
684 2512 776 2540 videar
793 2518 891 2540 oenere.

96 2548 143 2582 Μὴ
153 2549 206 2585 γὰρ
217 2548 316 2580 αὐτοῖς.
357 2549 459 2576 Vellem
472 2555 524 2576 tam
536 2549 681 2576 domesticu
695 2549 761 2576 serre
773 2559 890 2585 possem.

95 2593 177 2620 quam
189 2586 239 2613 ista
250 2591 430 2614 contemnere.
464 2587 544 2614 Putas
556 2591 644 2613 autem
658 2595 699 2613 me
712 2587 831 2614 voluisse
842 2587 893 2614 ali-

94 2622 176 2658 quid,
192 2623 265 2658 quod
276 2623 425 2658 perfectum
438 2632 489 2651 non
501 2623 554 2651 sit?
574 2625 631 2650 Non
645 2623 706 2651 licet
716 2624 820 2652 scilicet
830 2634 893 2652 sen-

96 2660 206 2687 tentiam
221 2669 316 2688 suam:
337 2661 386 2688 sed
401 2666 489 2688 tamen
505 2670 574 2697 quae
590 2665 647 2688 tum
663 2667 718 2689 ueta
739 2667 816 2693 suut.
840 2671 891 2690 non

1250 127 1309 152 ΕΡ.
1334 128 1362 153 ι3
1384 142 1419 145 —
1441 128 1480 152 21.
1645 151 1655 159 ,
1685 129 1732 154 923

938 205 1049 231 possum
1066 206 1117 223 non
1139 197 1264 232 probare;
1288 202 1314 224 et
1332 202 1420 224 tamen
1437 205 1488 224 non
1509 205 1602 223 curare
1622 196 1735 232 pulchre

938 243 1059 268 possum,
1073 235 1153 261 sicuti
1165 234 1243 261 facio.
1283 235 1334 262 Sed
1346 235 1462 261 nimium
1472 233 1556 261 multa
1567 233 1600 260 de
1612 235 1703 270 nugis.

992 303 1058 323 XXI.

1088 306 1117 322 (In
1128 306 1223 329 Arpinati,
1235 306 1313 323 Caesari:
1323 306 1356 323 IV.
1366 312 1404 323 cos.
1415 312 1430 322 s.

1126 348 1292 375 CICERO
1321 348 1489 376 ATTICO
1519 347 1548 375 S.

997 387 1020 411 1.
1042 380 1088 411 Ad
1100 386 1216 412 Hirtium
1231 385 1357 412 dederam
1368 385 1510 420 epistolam
1521 394 1585 412 sane
1595 385 1735 421 grandem,

941 430 1023 457 quam
1034 423 1196 457 scripseram
1208 424 1329 457 proxime
1342 424 1368 449 in
1380 423 1542 450 Tusculano.
1565 423 1642 454 Huic,
1655 431 1737 458 quam

941 464 998 485 tum
1011 459 1078 485 mihi
1091 460 1203 490 misisti,
1221 460 1368 486 rescribam
1379 460 1455 487 alias.
1496 461 1573 486 Nunc
1584 460 1645 486 aliis
1655 460 1735 487 malo.

940 498 966 522 2.
987 496 1058 528 Quid
1076 505 1186 530 possum
1197 496 1230 523 de
1242 498 1388 532 Torquato,
1407 498 1459 523 nisi
1474 496 1578 532 aliquid
1589 506 1602 523 a
1614 496 1738 524 Dolabel-

942 532 984 559 la‘?
1004 533 1081 565 Quod
1096 533 1178 560 simul
1195 542 1239 564 ac,
1256 535 1383 561 continuo
1398 535 1500 561 scietis.
1540 535 1736 569 Exspectabam

942 570 1031 601 hodie,
1040 575 1085 596 aut
1096 579 1235 597 summum
1247 580 1314 601 cras,
1328 572 1362 598 ab
1373 580 1404 598 eo
1415 571 1581 598 tabellarios:
1595 572 1643 606 qui
1654 572 1737 598 simul

942 616 972 633 ac
985 609 1115 638 venerint,
1129 609 1267 635 mittentur
1278 608 1311 635 ad
1323 614 1357 635 te.
1379 610 1400 635 A
1407 608 1506 640 Quinto
1517 614 1652 644 exspecto.
1674 609 1739 635 Pro-

943 644 1065 670 ficiscens
1077 645 1149 671 enim
1161 654 1175 671 e
1187 646 1338 672 Tusculano
1350 654 1406 672 vin.
1420 645 1489 677 Kal.,
1505 651 1533 672 ut
1544 647 1612 676 scis,
1631 647 1693 673 misi
1705 646 1738 672 ad

942 690 1003 707 eum
1018 681 1180 708 tabellarios.
1222 685 1246 709 3.
1268 684 1358 714 Nune,
1376 683 1409 709 ad
1425 692 1480 709 rem
1492 688 1521 709 ut
1533 683 1652 714 redeam,
1670 685 1739 710 inhi-

942 721 999 745 bere
1010 718 1078 744 illud
1089 725 1179 750 tuum,
1193 720 1266 754 quod
1278 720 1355 746 valde
1367 720 1434 746 mihi
1446 721 1578 751 arriserat,
1592 721 1738 747 vehemen-

943 760 982 782 ter
1000 755 1137 790 displicet.
1177 757 1225 783 Est
1244 758 1317 783 enim
1344 757 1458 784 verbum
1483 762 1567 784 totum
1589 759 1736 784 nauticum.

942 793 1112 828 Quamquam
1125 793 1153 820 id
1163 794 1275 829 quidem
1287 794 1419 821 sciebam:
1437 794 1485 820 sed
1496 794 1644 821 arbitrabar
1655 796 1739 821 susti-

942 831 1000 856 neri
1011 839 1112 861 remos,
1129 839 1215 866 quum
1228 832 1351 858 inhibere
1363 836 1453 858 essent
1464 832 1580 867 remiges
1592 833 1669 858 iussi.
1710 832 1739 858 Id

943 876 995 894 non
1006 876 1066 894 esse
1079 868 1228 899 eiusmodi,
1246 869 1330 895 didici
1346 869 1418 899 heri,
1436 877 1521 903 quum
1537 868 1570 894 ad
1586 868 1679 895 villam
1692 878 1740 895 no-

942 909 1025 931 stram
1041 906 1119 931 navis
1134 905 1325 940 appelleretur.
1365 907 1422 933 Non
1438 906 1510 932 enim
1526 907 1674 937 sustinent,
1691 906 1739 932 sed

942 942 995 968 alio
1010 942 1089 969 modo
1105 944 1247 978 remigant.
1281 943 1310 970 Id
1325 943 1359 970 ab
1373 946 1454 979 ἐποχῇ
1465 944 1677 970 remotissimum
1689 948 1738 970 est.

943 979 1030 1011 Quare
1042 979 1138 1011 facies,
1156 985 1185 1006 ut
1196 981 1231 1006 ita
1243 981 1278 1007 sit
1290 982 1317 1007 in
1329 980 1411 1011 libro,
1430 980 1660 1015 quemadmodum
1677 980 1737 1007 fuit.

942 1018 1020 1043 Dices
1032 1017 1081 1044 hoc
1093 1017 1293 1049 idemVarroni,
1306 1019 1330 1044 si
1341 1017 1407 1044 forte
1419 1018 1542 1044 mutavit.
1568 1018 1621 1044 Nec
1633 1023 1673 1044 est
1684 1026 1741 1044 me-

944 1054 997 1081 lius
1007 1054 1168 1090 quidquam,
1182 1064 1264 1090 quam
1275 1060 1305 1082 ut
1315 1055 1446 1082 Lucullus

979 1094 1104 1119 sustineat
1115 1101 1228 1124 currum,
1241 1098 1268 1119 ut
1282 1094 1354 1120 bonu'
1365 1102 1440 1126 saepe
1449 1095 1571 1126 aquator,
1584 1094 1723 1126 equosque!

944 1129 1111 1165 Semperque
1118 1129 1268 1157 Carneades
1274 1130 1405 1167 προβολήν
1416 1129 1518 1165 pugilis
1529 1134 1555 1156 et
1566 1131 1740 1156 retentionem

943 1169 1053 1202 aurigae
1068 1167 1187 1194 similem
1204 1167 1266 1194 facit
1281 1167 1371 1203 ἐποχῇ.
1412 1167 1541 1194 Inhibitio
1556 1172 1644 1193 autem
1660 1167 1742 1193 remi-

943 1213 1009 1240 gum
1025 1209 1127 1231 motum
1143 1205 1237 1236 habet,
1255 1210 1280 1232 et
1294 1205 1522 1232 vehementiorem
1536 1204 1647 1240 quidem
1660 1205 1741 1230 remi—

943 1242 1073 1277 gationis,
1101 1251 1198 1268 navem
1221 1243 1402 1270 convertentis
1427 1242 1461 1269 ad
1481 1243 1606 1277 puppim.
1648 1241 1738 1270 Videsv

943 1284 1044 1314 quanto
1060 1279 1109 1306 hoc
1123 1279 1284 1316 diligentius
1299 1288 1406 1310 curem,
1427 1288 1509 1315 quam
1525 1284 1571 1306 aut
1585 1279 1618 1306 de
1634 1287 1741 1305 rumore

944 1321 989 1343 aut
999 1316 1032 1343 de
1043 1316 1176 1344 Pollione:
1189 1317 1222 1344 de
1234 1318 1317 1344 Pansa
1329 1318 1419 1348 etiam,
1435 1318 1459 1343 si
1470 1316 1537 1352 quid
1547 1317 1661 1343 certius:
1674 1317 1742 1350 (cre-

944 1354 978 1381 do
989 1355 1061 1380 enim
1073 1354 1162 1389 palam
1173 1354 1272 1382 factum
1284 1363 1342 1382 esse
1351 1355 1369 1390 :)
1382 1354 1416 1381 de
1427 1354 1558 1385 Critonio,
1576 1355 1600 1380 si
1615 1353 1682 1388 quid
1698 1362 1741 1379 es—

943 1396 996 1418 set:
1009 1396 1080 1418 certe
1093 1401 1124 1418 ne
1136 1392 1170 1418 de
1181 1392 1286 1419 Metello
1298 1397 1323 1419 et
1333 1392 1454 1419 Balbino.
1488 1393 1512 1418 4.
1535 1392 1581 1418 Dic
1593 1391 1670 1421 mihi.
1683 1390 1742 1425 pla-

943 1433 1019 1455 cetne
1031 1428 1094 1459 tibi,
1111 1430 1244 1464 primum,
1263 1429 1341 1456 edere
1352 1431 1459 1456 iniussu
1471 1428 1548 1455 meo?
1567 1429 1619 1454 lloc
1631 1436 1664 1455 ne
1677 1428 1742 1454 ller-

945 1465 1071 1493 modorus
1082 1467 1194 1502 quidem
1207 1467 1330 1498 faciebat,
1344 1468 1380 1497 is,
1393 1468 1442 1502 qui
1453 1466 1570 1493 Platonis
1582 1465 1665 1492 libros
1676 1465 1742 1491 soli-

944 1509 987 1530 tus
998 1509 1039 1530 est
1049 1503 1204 1540 divulgare,
1223 1513 1256 1531 ex
1267 1513 1330 1540 quo,
1344 1503 1639 1540 λόγοισινἙρμόδωρος.
1669 1502 1741 1535 Quid

945 1540 1030 1568 illud‘?
1042 1547 1179 1568 rectumne
1191 1543 1331 1569 existimas
1341 1542 1469 1577 cuiquam
1479 1546 1548 1571 ante.
1557 1549 1638 1576 quam
1645 1539 1742 1567 Bruto?

944 1579 988 1605 cui
1005 1583 1029 1606 te
1045 1584 1152 1606 auctore
1167 1583 1325 1615 προςφωνῶ.
1366 1579 1481 1614 Scripsit
1499 1579 1572 1605 enim
1588 1577 1687 1604 Balbus
1707 1577 1741 1604 ad

945 1625 997 1647 me,
1010 1624 1038 1642 se
1051 1625 1064 1642 a
1077 1622 1100 1643 te
1111 1620 1228 1651 quintum
1242 1619 1272 1643 ‹le
1283 1617 1389 1644 Finibus
1401 1619 1493 1643 librum
1503 1616 1694 1650 descripsisse:
1714 1615 1740 1640 in

944 1662 998 1689 quo
1009 1662 1060 1680 non
1072 1662 1136 1680 sane
1149 1654 1232 1681 multa
1244 1655 1346 1681 mutavi
1355 1675 1361 1686 ,
1374 1654 1422 1680 sed
1435 1659 1521 1680 tamen
1533 1652 1676 1688 quaedam.
1701 1652 1741 1678 Tu

1441 305 1486 322 mn.
1497 306 1551 327 τοο.)

922 1721 923 1727 ¹
944 1696 1032 1717 autem
1045 1692 1184 1718 commode
1196 1691 1300 1723 seceris,
1314 1693 1338 1718 si
1350 1691 1468 1727 reliquos
1479 1691 1658 1720 continueris,
1673 1698 1705 1716 ne
1717 1695 1742 1716 et

922 1732 923 1766 ᾗ
944 1728 1100 1765 ἀδιόρθωτα
1113 1729 1209 1756 habeat
1220 1729 1328 1760 Balbus.
1342 1734 1368 1756 et
1379 1729 1445 1755 ἕωλα
1457 1729 1564 1755 Brutus.

922 1778 923 1783 ι
946 1766 1090 1797 hactenus,
1108 1776 1140 1793 ne
1152 1767 1244 1793 videar
1255 1767 1404 1803 περῖμικρά
1418 1766 1589 1797 σπουδάζεινῑ
1608 1766 1658 1791 etsi
1670 1773 1741 1791 nunc

922 1829 923 1836 ¹
944 1804 1056 1839 quidem
1079 1805 1196 1831 maxima
1219 1805 1287 1831 mihi
1307 1809 1371 1831 sunt
1392 1804 1466 1830 haec.

1609 1727 1661 1754 Sed
1677 1727 1742 1753 hacc

1513 1802 1583 1835 Quid
1609 1807 1648 1829 est
1669 1803 1742 1828 enim

945 1841 1038 1868 aliud?
1048 1842 1159 1868 Varroni
1171 1842 1282 1877 quidem
1294 1850 1363 1877 quae
1375 1842 1471 1876 scripsi
1484 1845 1629 1869 tcauctore,
1640 1841 1673 1866 ita
1681 1848 1742 1874 pro-

945 1888 1008 1913 pero
1025 1880 1143 1910 mittere,
1167 1885 1195 1906 ut
1212 1880 1264 1906 iam
1279 1880 1389 1906 Romam
1411 1879 1532 1905 miserim
1553 1876 1739 1904 describenda.

944 1917 981 1943 Ea
992 1917 1016 1943 si
1029 1917 1116 1947 voles,
1133 1918 1222 1944 statim
1239 1917 1361 1943 habebis.
1402 1916 1504 1950 Scripsi
1522 1917 1594 1941 enim
1611 1915 1643 1940 nd
1660 1914 1742 1940 libra-

945 1955 1012 1985 rios,
1026 1959 1055 1981 ut
1067 1955 1139 1981 lieret
1151 1956 1218 1985 tuis,
1234 1956 1296 1981 situ
1311 1954 1408 1983 velleS,
1427 1952 1599 1980 describendi
1614 1957 1739 1987 potestas.

944 1992 981 2018 Ea
993 2000 1056 2018 vero
1066 1992 1232 2023 continebis,
1251 1991 1339 2027 quoad
1352 1992 1409 2026 ipse
1422 1996 1445 2018 te
1458 1990 1578 2021 videam,
1594 1989 1666 2024 quod
1678 1989 1742 2015 dili-

944 2029 1103 2062 gentissime
1121 2029 1206 2055 facere
1222 2029 1306 2060 soles,
1324 2037 1409 2064 quum
1425 2037 1438 2054 a
1454 2036 1496 2054 me
1513 2028 1561 2054 tibi
1573 2027 1676 2053 dictum
1691 2032 1728 2052 est

944 2068 969 2092 5.
991 2066 1068 2098 Quod
1082 2066 1092 2078 ‘
1104 2072 1193 2093 alitem
1207 2066 1276 2102 fugit
1288 2075 1330 2092 me
1342 2066 1391 2093 tibi
1403 2066 1502 2096 dicere,
1517 2064 1741 2091 miriliceCacrcl-

946 2103 979 2129 lia
996 2103 1086 2130 studio
1103 2104 1229 2130 videlicet
1244 2103 1432 2138 philosophiae
1451 2102 1564 2138 flagrans
1579 2101 1707 2128 describit
1728 2110 1740 2126 a

945 2141 1013 2167 tuis:
1037 2141 1102 2167 istos
1118 2141 1190 2175 ipsos
1206 2141 1239 2167 dc
1254 2141 1368 2167 Finibus
1386 2140 1474 2167 habet.
1516 2140 1572 2175 Ego
1587 2144 1674 2165 nutem
1693 2138 1741 2164 tibi

943 2177 1082 2208 confirmo,
1096 2180 1217 2212 (possum
1231 2177 1296 2208 salli,
1306 2182 1335 2204 ιιι
1347 2178 1503 2210 humanus.)
1514 2186 1527 2202 a
1540 2177 1608 2202 meis
1619 2185 1676 2202 eam
1690 2184 1740 2201 non

945 2215 1058 2241 habere:
1081 2224 1230 2250 numquam
1246 2216 1318 2241 cnim
1334 2215 1367 2241 ab
1387 2214 1474 2241 oculis
1499 2215 1566 2240 meis
1586 2213 1738 2239 abfuerunt.

944 2253 1059 2279 Tantum
1072 2260 1150 2287 porro
1161 2252 1264 2281 uberat.
1279 2257 1307 2278 ut
1319 2252 1397 2278 binos
1408 2251 1570 2281 scriberent;
1589 2251 1634 2277 vix
1646 2251 1741 2284 singu-

946 2289 984 2316 los
995 2289 1177 2316 confecerunt.
1203 2290 1321 2315 'l‘uornm
1333 2294 1420 2315 tamen
1435 2298 1484 2323 ego
1495 2288 1600 2315 nullum
1612 2287 1741 2313 delictum

944 2327 1071 2357 arbitror.
1096 2327 1222 2361 idemque
1238 2331 1262 2353 te
1284 2326 1343 2353 volo
1363 2326 1527 2352 existimare.
1569 2326 1588 2351 A
1606 2333 1647 2351 me
1668 2325 1740 2350 enim

945 2364 1164 2400 praetermissum
1178 2369 1227 2394 est.
1241 2368 1270 2390 ιιι
1280 2363 1412 2392 dicerem.
1426 2372 1468 2389 me
1479 2371 1524 2389 eos
1534 2363 1607 2388 exire
1622 2361 1740 2388 nondum

944 2401 1023 2428 velle.
1059 2402 1124 2428 llui!
1137 2410 1218 2436 quam
1231 2401 1278 2427 diu
1290 2400 1323 2427 de
1335 2400 1433 2435 nugis?
1443 2401 1478 2426 Dc
1490 2408 1516 2425 rc
1527 2400 1599 2425 enim
1613 2398 1680 2425 nihil
1694 2399 1741 2425 lta-

945 2439 1003 2469 beo.
1017 2439 1089 2473 quod
1103 2439 1205 2474 loquar.
1231 2440 1256 2464 6.
1272 2439 1307 2464 De
1319 2437 1453 2464 Dolabella
1465 2437 1514 2463 tibi
1526 2437 1666 2463 assentior.
1691 2437 1741 2462 Co·

945 2476 1071 2506 heredes,
1090 2481 1118 2502 ut
1132 2476 1244 2505 scribis,
1262 2476 1289 2502 in
1305 2475 1466 2502 Tusculano.
1507 2475 1542 2500 Dc
1557 2475 1678 2500 Caesaris
1694 2474 1742 2500 nd-

944 2518 1036 2543 ventu,
1049 2514 1158 2548 scripsit
1170 2513 1202 2539 nd
1215 2522 1256 2539 me
1269 2513 1376 2542 Bulbus,
1391 2521 1442 2538 non
1454 2517 1514 2538 anto
1527 2511 1585 2538 Kal.
1597 2511 1670 2538 Sext.
1706 2512 1740 2538 De

945 2551 1030 2578 Attica
1040 2551 1155 2585 optime,
1171 2551 1244 2586 quod
1258 2550 1346 2577 levius
1357 2559 1387 2576 nc
1400 2549 1500 2579 lenius,
1517 2554 1543 2576 et
1553 2548 1626 2584 quod
1638 2548 1688 2575 fert
1699 2548 1741 2576 αὖ·

943 2588 1034 2619 κάλως.
1068 2589 1093 2614 7.
1110 2588 1188 2620 Quod
1199 2594 1288 2615 nutem
1300 2588 1333 2614 de
1346 2587 1390 2613 illa
1403 2592 1490 2613 nostra
1501 2587 1662 2622 cogitatione
1673 2587 1741 2613 scri-

945 2625 996 2656 bis,
1011 2626 1037 2652 in
1049 2634 1102 2661 qua
1114 2626 1181 2653 nihil
1195 2626 1243 2653 tibi
1255 2625 1370 2654 cedo—¹
1379 2633 1418 2653 en.
1427 2633 1497 2659 quae
1508 2624 1580 2653 novi.
1590 2623 1667 2650 valde
1678 2632 1741 2659 pro-

945 2663 992 2694 bo,
1009 2663 1160 2694 hominem,
1177 2663 1302 2694 domum,
1320 2662 1467 2689 facultates.
1507 2661 1583 2694 Quod
1598 2666 1678 2696 caput
1689 2666 1737 2689 cst.

1462 2711 1506 2735 ns.
1524 2709 1532 2718 '
