1941 3052
207 168 255 191 :¹152

403 168 443 190 020.
468 165 501 190 M.
524 165 553 190 Τ.
576 164 788 190 tlttltitt‹)NlS
814 165 850 190 ΙΝ
879 164 1035 190 vultui-{tt
1064 164 1143 189 Atl'l'.

1173 165 1203 190 ll.
1231 164 1298 190 ΜΒ.
1327 165 1345 191 l.
1372 165 1453 191 CM».
1481 167 1511 190 5⁸
1535 181 1568 185 -—
1589 168 1629 191 ct.

207 236 230 261 si
249 236 310 270 quis
328 235 361 261 de
381 235 478 269 populo
497 234 645 268 redemptor
663 235 829 264 uecossisnet,
857 242 907 260 non
925 237 996 259 esset
1016 234 1019 248 l
1046 234 1105 262 «lans,
1122 242 1202 268 quam
1219 234 1262 259 ille
1275 243 1368 260 omnes
1382 235 1556 262 aedificandas
1572 235 1713 262 lwaverit‘?
1733 236 1835 271 Exspe-

207 281 287 299 usus:
303 282 387 307 qtium
402 273 444 298 ilii·
458 277 556 297 veti-ros
568 272 744 305 redemptores
755 270 921 300 ext-lusisset.
939 275 994 296 turn

208 310 233 336 in
248 311 306 336 eim
321 310 458 335 arbitrium
474 319 502 333 nc
518 313 669 342 potestatem
687 309 775 333 venire
790 307 926 337 nolebant,
948 308 995 342 qui
1016 298 1019 319 l

206 348 257 374 sibi
277 352 391 381 ert-ptum
412 346 533 380 prat-(lam
553 346 731 371 arbitraretur.
774 345 848 370 Nunc
868 353 899 370 ne
917 353 996 377 argu-

208 390 364 413 mentemur.
381 392 435 417 quo
449 384 496 408 ista
512 382 622 416 pecunia
638 382 794 416 pervenerit,
813 381 873 407 facit
888 382 944 415 ipse
956 381 996 407 in-

206 422 316 447 dicium.
345 421 461 446 l'rimum
475 428 559 453 quum
577 419 759 444 vehementium
773 428 834 444 cum
849 428 879 444 eo
890 419 918 444 l).
931 419 996 444 nru-

208 464 249 485 tus
263 457 442 486 contu-niteret,
463 456 510 490 qui
529 456 560 481 dt·
579 465 626 481 sun
642 456 751 490 pecunia
767 455 830 481 ll-S
845 463 898 481 nux
913 455 996 481 millia

208 495 369 522 inum-ravit;
397 493 468 527 quod
488 494 539 518 iam
559 493 606 518 iste
625 493 691 519 ferre
711 502 760 519 nun
782 497 894 527 poterat,
919 501 996 526 opere

207 532 324 559 addicto.
346 530 488 565 praedibus
507 531 633 564 acceptis,
654 530 686 556 dc
707 530 768 556 ll-S
784 538 844 555 iux
865 529 994 560 millibus,

207 569 308 595 remisit
327 568 355 593 l).
377 568 455 593 Bruto
475 566 537 593 ll-S
556 575 588 592 ‹zx
610 567 703 593 millia.
744 568 796 593 lloc
815 567 837 593 si
857 566 940 593 aliena
955 575 996 592 res

206 610 282 634 esset,
299 609 367 630 certe
382 603 465 630 facere
480 613 530 630 non
546 605 685 638 potuisset.
716 604 814 630 Deinde
830 604 931 630 nummi
947 612 997 630 nu—

207 643 298 668 merati
317 646 380 668 sunt
398 642 550 668 Cornilicio:
572 650 652 676 quem
672 642 785 668 scribam
808 650 888 667 suum
913 641 996 667 fuisse

206 688 303 715 negare
318 688 368 705 non
384 683 477 712 potest.
519 679 652 705 Postremo
668 679 752 713 ipsius
767 679 876 704 Ralioriii
893 678 996 704 tabulae

207 716 329 751 praedam
345 715 416 742 illam
432 716 510 742 istius
525 715 608 742 fuisse
626 715 748 742 clamant.
791 726 802 742 ιι
811 725 895 742 neira
914 725 996 741 uoui-

206 763 240 779 κΛ
263 762 395 779 Μυοκιι.
437 754 523 779 LVlll.
548 755 604 779 ta'it.
626 753 673 779 llic
691 754 769 779 etiam
789 754 875 788 priore
895 753 996 778 actione

205 790 236 823 Q.
249 790 404 817 Hortensius
420 790 554 824 pupillum
566 791 670 816 lunium
685 791 789 817 venisse
805 795 994 825 praetextatum

205 829 232 854 in
253 832 369 854 vestrum
388 832 558 862 conspectum
578 832 603 854 et
621 829 725 854 stetisse
740 837 800 854 cum
816 832 908 862 patruo
923 827 996 853 testi-

206 865 324 891 monium
339 864 442 891 dicente
456 869 567 899 questus
582 869 634 891 est:
651 869 676 891 et
689 873 730 891 me
745 865 906 899 populariter
920 873 996 899 agere

205 907 284 937 atque
303 902 430 928 invidiam
450 910 628 932 commovere,
648 902 720 936 quod
740 911 851 936 puerum
867 902 996 936 produce-

205 948 269 970 rem,
286 939 439 965 clamitavit.
480 939 550 970 Quid
564 943 626 968 crat.
644 939 772 969 Hortensi,
790 939 894 965 tandein
910 940 935 965 in
951 939 996 964 illo

206 985 287 1011 puero
305 975 451 1010 populare?
470 976 535 1011 quid
555 976 737 1002 invidiosum?
757 976 882 1006 Gracchi,
907 976 992 1006 credo,
1017 1005 1019 1014 k

205 1018 250 1040 aut
263 1013 398 1039 Saturnini
417 1017 462 1039 aut
479 1013 593 1039 alicuius
613 1013 728 1039 hominis
747 1013 878 1039 eiusmodi
898 1013 996 1047 produ-

205 1059 295 1088 peram
310 1050 409 1082 lilium,
430 1055 458 1076 ut
474 1051 578 1076 nomine
592 1051 650 1085 ipso
664 1055 689 1077 et
703 1051 827 1077 memoria
844 1051 924 1085 patris
938 1051 996 1076 ani-

205 1096 262 1113 mos
277 1088 414 1122 imperitae
428 1087 610 1114 multitudinis
620 1087 796 1114 concitarem?
810 1088 837 1114 Ρ.
850 1088 918 1114 lunii
930 1092 992 1118 erat,

206 1125 321 1151 hominis
332 1125 364 1151 de
376 1124 453 1159 plebe
465 1125 589 1155 Romana,
603 1125 688 1151 filius:
705 1134 784 1159 quem
797 1130 869 1159 pater
880 1125 995 1151 moriens

203 1171 288 1196 quum
304 1162 434 1188 tutoribus
449 1166 474 1188 et
488 1162 658 1196 propinquis,
675 1167 732 1188 tum
747 1162 864 1197 legibus,
881 1167 937 1188 tum
952 1170 995 1188 ae-

204 1199 299 1233 quitati
314 1200 532 1235 magistratuum.
553 1203 610 1225 tum
629 1199 735 1225 iudiciis
750 1200 846 1226 vestris
860 1208 995 1225 commen-

203 1236 322 1262 dandum
337 1237 450 1271 putavit.
493 1238 548 1263 ⁴52.
571 1237 618 1263 llic
632 1237 710 1263 istius
724 1236 848 1263 scelerata
868 1236 994 1263 locatione

204 1273 358 1308 nefarioque
373 1273 509 1300 latrocinio
522 1274 598 1300 bonis
614 1274 705 1308 patriis
725 1274 890 1308 fortunisque
909 1274 996 1300 omni-

204 1310 255 1337 bus
269 1310 398 1345 spoliatus
413 1311 485 1337 venit
499 1311 525 1337 in
541 1311 684 1337 iudicium:
707 1311 730 1337 si
749 1311 815 1337 niliil
834 1311 920 1341 aliud.
942 1310 995 1336 sal-

204 1352 270 1378 tem,
290 1353 319 1374 ut
337 1357 411 1378 eum,
431 1348 509 1374 cuius
527 1356 605 1382 opera
623 1349 681 1382 ipse
698 1347 796 1374 multos
814 1356 896 1374 annos
915 1348 995 1374 estin

203 1385 342 1416 sordibus,
363 1385 454 1420 paullo
471 1389 558 1411 tamen
575 1385 722 1411 obsoletius
742 1386 868 1412 vestitum
883 1385 993 1411 videret.

203 1422 294 1457 Itaque
313 1422 374 1453 tibi,
395 1422 531 1453 Hortensi,
553 1431 604 1448 non
623 1422 697 1448 illius
715 1427 798 1452 aetas,
820 1422 867 1448 sed
885 1430 992 1448 caussa:
1016 1453 1019 1462 Ι

204 1468 255 1485 non
270 1460 391 1490 vestitus,
407 1459 453 1485 sed
465 1459 576 1490 fortuna,
593 1459 729 1494 popularis
739 1459 892 1486 videbatur:
909 1467 995 1494 neque

203 1501 228 1522 te
247 1500 299 1522 tam
317 1496 512 1526 commovebat,
536 1496 608 1531 quod
626 1496 672 1523 ille
689 1505 750 1523 cum
770 1501 828 1532 toga
851 1501 992 1531 praetexta,

202 1541 283 1568 quam
297 1533 369 1568 quod
383 1533 441 1560 sine
454 1533 527 1559 bulla
543 1538 658 1560 venerat.
693 1534 809 1560 Vestitus
824 1534 895 1560 enirn
910 1535 996 1560 nemi-

204 1578 264 1596 nem
278 1571 461 1597 commovebat
474 1571 506 1601 is.
522 1579 603 1605 quem
614 1570 653 1597 illi
668 1580 724 1598 mos
735 1571 812 1597 etius
823 1571 995 1606 ingenuitatis

203 1607 291 1634 dabat.
331 1607 408 1640 Quod
430 1612 616 1634 ornamentum
639 1609 768 1643 pueritiae
787 1613 860 1643 pater
877 1607 992 1639 dederat,

203 1644 334 1671 indicium
349 1649 428 1679 atque
441 1645 548 1680 insigne
562 1644 694 1676 fortunae,
711 1645 760 1672 hoc
773 1646 807 1671 ab
820 1646 872 1672 isto
885 1645 996 1680 praedo-

204 1690 236 1707 ne
250 1686 370 1716 ereptum
384 1690 443 1708 esse
456 1682 571 1717 graviter
585 1686 610 1708 et
623 1682 716 1708 acerbe
730 1682 851 1708 homines
866 1681 993 1708 ferebant.

205 1720 261 1745 ⁴53.
277 1719 369 1753 Neque
379 1723 452 1745 erant
462 1718 510 1745 hae
523 1718 644 1745 lacrimae
654 1719 796 1754 populares
807 1720 902 1755 magis,
913 1728 994 1754 quam

203 1760 318 1786 nostrae,
338 1764 419 1790 quam
434 1760 506 1786 tuae,
522 1755 553 1788 Q.
569 1756 703 1787 Hortensi,
723 1765 804 1791 quam
819 1757 927 1787 horum,
947 1757 995 1791 qui

203 1793 360 1819 sententiam
384 1792 462 1819 laturi
484 1797 560 1819 sunt:
588 1793 660 1824 ideo,
689 1793 761 1828 quod
783 1794 934 1820 communis
956 1798 996 1819 est

203 1838 306 1861 caussa,
322 1838 463 1856 commune
477 1829 641 1864 periculum:
661 1831 796 1856 communi
811 1830 944 1865 praesidio
957 1835 996 1856 ta-

204 1866 237 1892 lis
252 1867 420 1901 improbitas,
441 1871 576 1902 tamquam
591 1866 699 1901 aliquod
714 1867 880 1896 incendium,
900 1868 995 1894 restin—

202 1903 309 1939 guenda
323 1908 371 1930 est.
393 1904 528 1930 Habemus
542 1904 613 1930 enim
628 1904 725 1930 liberos
739 1913 848 1939 parvos:
864 1905 994 1931 incertum

203 1945 255 1972 est,
279 1949 361 1975 quam
379 1940 456 1976 longa
475 1945 594 1967 nostrum
612 1941 744 1976 cuiusque
763 1942 816 1968 vita
834 1941 922 1968 futura
945 1943 992 1968 sit:

203 1977 341 2004 consulere
355 1978 410 2004 vivi
425 1986 454 2004 ac
467 1979 618 2012 prospicere
631 1978 770 2009 debemus,
787 1983 817 2005 ut
829 1978 937 2005 illorum
951 1987 996 2005 so-

204 2014 289 2041 litudo
306 2019 332 2041 et
349 2015 461 2050 pueritia
479 2024 559 2050 quam
579 2015 733 2042 firmissimo
747 2015 879 2050 praesidio
892 2016 995 2042 munita

203 2052 248 2078 sit.
288 2051 354 2084 Quis
368 2057 408 2078 est
421 2052 506 2083 enim,
522 2053 569 2087 qui
584 2053 651 2079 tueri
665 2053 750 2087 possit
764 2053 878 2079 liberum
893 2057 995 2080 nostro-

204 2097 263 2115 rum
281 2089 422 2124 pueritiam
445 2094 532 2116 contra
556 2090 751 2124 improbitatem
773 2090 996 2126 magistratuum?

203 2126 298 2158 Mater,
317 2126 406 2153 credo.
447 2126 554 2152 Scilicet
571 2135 666 2162 magno
684 2127 816 2162 praesidio
831 2127 880 2154 fuit
892 2128 994 2154 Anniae

202 2163 322 2198 pupillae
340 2167 436 2194 mater,
456 2163 554 2190 femina
572 2164 710 2198 primaria:
738 2165 842 2196 minus,
868 2165 912 2192 illa
931 2165 994 2192 deos

203 2200 379 2235 hominesque
393 2199 558 2235 implorante,
575 2201 625 2227 iste
639 2201 733 2228 infanti
747 2202 865 2237 pupillae
876 2201 993 2229 fortunas

202 2238 300 2272 patrias
326 2237 435 2264 ademit.
474 2238 619 2264 Tutoresne
645 2238 834 2266 defenderent?
869 2239 993 2274 perfacile

202 2282 265 2301 vero
283 2275 354 2310 apud
371 2274 523 2302 istiusmodi
542 2280 700 2310 praetorem,
721 2285 736 2302 a
753 2285 807 2311 quo
825 2277 860 2303 M.
877 2276 992 2303 Marcelli

202 2312 296 2338 tutoris
310 2312 338 2338 in
351 2320 445 2338 caussa
459 2311 556 2347 pupilli
570 2313 639 2339 Iunii
653 2317 679 2340 et
690 2314 772 2340 oratio
785 2318 811 2340 et
829 2314 950 2341 voluntas
968 2319 994 2340 et

203 2349 343 2376 auctoritas
357 2349 495 2384 repudiata
508 2353 557 2376 est.

259 2403 326 2429 LIX.
349 2404 406 2430 ⁴54.
428 2402 587 2436 Quaerimus
601 2404 692 2435 etiam,
713 2404 780 2439 quid
794 2405 844 2430 iste
857 2405 884 2431 in
898 2404 993 2431 ultima

202 2439 330 2475 Phrygia,
345 2439 411 2475 quid
424 2441 451 2467 in
465 2441 590 2467 extremis
605 2441 776 2477 Pamphyliae
790 2442 910 2476 partibus
924 2441 994 2468 fece-

203 2476 255 2502 rit‘?
273 2477 361 2512 qualis
380 2478 406 2503 in
424 2477 495 2504 bello
516 2477 680 2512 praedonum
702 2478 800 2513 praedo
821 2479 879 2513 ipse
903 2478 990 2510 fuerit,

203 2513 250 2547 qui
264 2514 291 2539 in
305 2513 360 2540 soro
373 2514 464 2549 populi
479 2514 589 2541 Romani
603 2515 686 2549 pirata
700 2514 817 2542 nefarius
830 2515 995 2551 reperiatur?

203 2550 374 2581 Dubitamus,
395 2551 461 2586 quid
479 2552 529 2578 iste
542 2552 570 2578 in
584 2552 701 2578 hostium
715 2552 812 2587 praeda
825 2553 934 2580 molitus
947 2553 990 2584 sit,

203 2587 251 2621 qui
265 2587 403 2614 manubias
417 2588 469 2614 sibi
483 2593 566 2615 tantas
580 2597 613 2615 ex
623 2589 652 2615 L.
664 2589 761 2615 Metelli
776 2590 910 2617 manubiis
924 2590 994 2616 fece-

203 2623 254 2650 rit‘?
273 2625 320 2659 qui
335 2625 432 2651 maiore
445 2626 557 2660 pecunia
570 2630 695 2661 quattuor
712 2626 849 2654 columnas
867 2627 994 2654 dealban-

1046 276 1162 300 ctemun,
1178 270 1242 305 quid
1257 270 1346 297 dicant
1359 280 1391 298 ex
1405 272 1494 298 Sicilia
1510 274 1607 299 tentes?
1625 274 1692 304 Quin
1707 282 1833 308 umquam

1048 308 1175 341 templum
1191 307 1257 333 illud
1272 309 1387 342 aspexit.
1407 310 1472 343 quin
1487 311 1611 336 avaritiae
1626 315 1698 340 tuae,
1713 311 1778 345 quin
1795 312 1835 337 in-

1047 345 1142 374 iuriae,
1162 344 1227 379 quin
1242 344 1366 371 audaciae
1381 347 1454 372 tenti„
1471 347 1558 372 enset‘?
1576 348 1642 379 Quis
1656 356 1669 373 ει
1683 348 1760 382 signo
1773 347 1836 374 Ver-

1048 382 1132 407 tumni
1152 382 1177 407 in
1196 382 1295 407 circum
1316 383 1462 408 maximum
1482 385 1565 413 venit.
1585 385 1651 419 quin
1667 384 1688 410 iu
1704 393 1757 410 uno
1769 393 1836 419 quo-

1047 426 1099 452 que
1117 418 1200 451 gradu
1218 418 1251 444 de
1269 420 1377 445 avaritia
1397 424 1439 445 tua
1457 421 1685 447 commoneretur?
1703 430 1784 456 quam
1808 427 1836 448 tu

1050 456 1117 481 viam
1133 455 1285 482 tlrenuarum
1300 461 1379 490 atque
1393 465 1503 491 pompae
1517 458 1647 484 eiuarnudi
1662 459 1787 493 exegisti.
1809 464 1837 486 ut

1048 497 1074 518 tu
1087 492 1143 526 ipse
1155 492 1198 518 illa
1211 493 1247 518 ire
1259 502 1309 519 non
1321 493 1428 519 audeas.
1455 494 1490 520 Te
1502 499 1575 529 putet
1584 496 1738 530 quisquam,
1751 505 1836 530 quum

1047 530 1079 555 ali
1099 529 1170 555 ltalia
1191 529 1255 556 freto
1272 530 1423 556 disiunctus
1445 539 1532 562 esses,
1557 533 1636 558 sociis
1659 532 1838 567 temperasse?

1047 567 1093 600 qui
1108 567 1199 593 aedem
1214 568 1330 593 Castoris
1344 572 1437 594 tentem
1453 568 1582 595 furtorum
1598 574 1703 596 tuorum
1718 579 1776 596 ease
1792 579 1838 595 vo-

1048 603 1142 630 lueris:
1165 613 1245 638 (quam
1262 605 1377 638 impulus
1392 605 1526 632 ltornanua
1539 607 1667 640 quotidie.
1684 607 1785 633 iudices
1798 612 1835 633 ct-

1048 641 1098 667 iam
1114 646 1180 671 tum,
1195 650 1280 675 quum
1295 642 1327 667 dc
1342 647 1365 667 te
1379 643 1535 669 sententiam
1552 643 1656 673 ferrent,
1674 643 1810 670 viderent?

1104 678 1159 704 Lx.
1177 680 1233 704 ⁴55.
1249 679 1335 713 Atque
1345 680 1423 705 ctiam
1435 680 1564 706 iudicium
1576 681 1602 706 in
1613 685 1733 714 praetura
1748 680 1837 715 publi—

1047 723 1107 741 cum
1127 716 1257 742 exercuit:
1281 725 1331 742 non
1355 717 1425 742 enim
1450 717 1670 751 praetereundum
1693 722 1733 743 cst
1756 726 1788 744 ne
1810 717 1837 744 id

1047 752 1166 786 quidem.
1207 753 1287 779 Petita
1307 753 1403 779 mulcta
1422 758 1462 780 est
1479 754 1550 788 apud
1570 755 1650 780 istum
1665 759 1809 789 praetorem
1823 763 1837 781 a

1047 790 1204 824 Q.Opimi0:
1217 791 1263 824 qui
1275 790 1405 816 adductus
1415 796 1455 817 est
1465 791 1489 817 in
1502 791 1640 821 iudicium,
1654 792 1742 822 verbo,
1754 791 1836 827 quod,

1047 835 1131 861 quum
1146 832 1214 853 esset
1229 827 1353 853 tribunus
1367 827 1466 862 plebis,
1487 829 1680 854 intercessisset
1697 834 1786 855 contra
1801 828 1839 855 Ιο-

1047 872 1106 897 gem
1122 864 1283 890 Corneliam:
1307 874 1346 895 re,
1367 865 1438 899 quod
1459 866 1485 891 in
1500 866 1634 892 tribunatu
1649 865 1762 892 dixisset
1775 874 1838 892 oon-

1048 906 1085 926 tra
1099 900 1213 927 alicuius
1228 901 1344 928 hominis
1360 902 1456 928 nobilis
1471 902 1642 929 voluntatem.
1683 904 1718 929 De
1728 912 1782 938 quo
1796 903 1838 929 iu-

1047 938 1115 964 dicio
1129 939 1152 964 si
1167 938 1246 964 velim
1261 938 1348 964 dicere
1361 940 1458 970 onmia.
1475 939 1551 966 multi
1566 939 1716 975 appellandi
1733 940 1838 967 laeden-

1046 975 1128 1009 dique
1141 980 1219 1001 sunt:
1242 975 1269 1002 id
1283 975 1354 1010 quod
1370 977 1434 1002 mihi
1450 985 1501 1003 non
1516 981 1554 1003 est
1569 985 1685 1003 necesse.
1724 977 1838 1004 Tantum

1046 1012 1132 1038 dicam
1148 1021 1245 1047 paucos
1260 1013 1389 1043 homines
1407 1018 1434 1039 ut
1446 1013 1581 1040 levissime
1591 1014 1676 1040 dicam
1688 1019 1838 1049 arrogantes

1047 1049 1095 1075 hoc
1109 1050 1227 1076 adiutore
1241 1049 1272 1082 Q.
1288 1049 1426 1084 Opimium
1440 1059 1487 1086 per
1502 1051 1595 1077 ludum
1609 1055 1635 1078 et
1649 1051 1736 1078 iocum
1756 1051 1839 1078 fortu-

1016 1088 1018 1095 '
1047 1087 1087 1112 nis
1100 1087 1226 1113 omnibus
1240 1087 1376 1113 evertisse.

1103 1125 1159 1150 456.
1181 1124 1205 1150 ls
1221 1124 1286 1150 mihi
1300 1125 1379 1150 etiarn
1393 1125 1522 1159 queritur.
1537 1124 1609 1160 quod
1624 1133 1637 1151 a
1649 1124 1725 1152 nobis
1737 1124 1838 1152 txsolia

1045 1160 1141 1187 diebus
1161 1162 1245 1196 prima
1263 1162 1330 1188 actio
1351 1162 1394 1188 sui
1417 1162 1508 1188 iudicii
1533 1167 1660 1188 transacta
1683 1163 1731 1188 sit:
1753 1171 1838 1198 quum

1047 1198 1119 1232 apud
1133 1199 1223 1233 ipsum
1239 1199 1322 1225 tribus
1337 1199 1409 1225 horis
1422 1198 1453 1231 Q.
1469 1198 1607 1234 Opimius,
1627 1204 1732 1226 senator
1745 1199 1837 1234 populi

1046 1236 1170 1266 Romani.
1186 1236 1267 1267 bona,
1286 1235 1417 1266 fortunas,
1436 1241 1588 1262 ornamenta
1602 1237 1690 1263 omnia
1704 1236 1839 1263 amiserit?

1046 1273 1124 1299 cuius
1150 1277 1256 1307 propter
1283 1273 1467 1308 indignitatem
1495 1273 1586 1300 iudicii
1617 1274 1774 1308 saepissime
1799 1278 1839 1300 oet

1046 1315 1133 1336 actum
1149 1310 1175 1336 in
1190 1315 1296 1341 senatu,
1317 1315 1345 1336 ut
1362 1319 1448 1346 genus
1467 1311 1515 1337 hoc
1533 1315 1617 1336 toturn
1635 1310 1795 1337 muletarum
1809 1319 1839 1337 ac

1047 1347 1207 1373 iudiciorum
1226 1347 1357 1373 eiusmodi
1376 1347 1520 1373 tolleretur.
1561 1348 1614 1374 lam
1633 1355 1695 1374 vero
1712 1348 1739 1374 in
1761 1347 1838 1375 bonis

1046 1384 1077 1416 Q.
1089 1383 1188 1418 Opimii
1203 1384 1358 1415 vendendis,
1374 1392 1442 1419 quas
1452 1385 1501 1411 iste
1513 1384 1632 1419 praedas,
1647 1393 1728 1420 quam
1739 1389 1836 1420 aperte,

1046 1430 1127 1456 quam
1142 1421 1262 1456 improbe
1277 1421 1376 1452 fecerit,
1394 1421 1502 1457 longum
1517 1426 1556 1448 est
1569 1422 1666 1448 dicere.
1696 1422 1750 1449 Hoc
1763 1421 1835 1449 dico:

1046 1459 1098 1485 nisi
1113 1458 1189 1485 vobis
1203 1458 1231 1484 id
1245 1458 1384 1485 hominum
1400 1458 1648 1486 honestissimorum
1664 1458 1761 1486 tabulis
1781 1458 1839 1494 pla-

1046 1504 1111 1522 num
1131 1495 1228 1527 fecero,
1253 1495 1317 1531 fingi
1335 1504 1349 1522 a
1368 1504 1410 1522 me
1428 1495 1477 1522 hoc
1495 1500 1579 1523 totum
1597 1497 1723 1531 temporis
1744 1504 1838 1524 caussa

1046 1537 1173 1568 putatote.

1102 1570 1159 1596 ⁴57.
1182 1570 1235 1596 lam
1253 1570 1299 1604 qui
1319 1578 1352 1596 ex
1369 1569 1517 1596 calamitate
1534 1570 1663 1596 senatoris
1681 1569 1773 1605 populi
1787 1570 1839 1597 Ro-

1047 1608 1132 1638 mani,
1153 1615 1238 1642 quum
1253 1611 1356 1641 praetor
1369 1607 1469 1633 iudicio
1482 1607 1540 1633 eius
1558 1606 1731 1642 praefuisset,
1753 1606 1837 1642 spolia

1046 1644 1156 1670 domum
1170 1652 1246 1670 suam
1261 1643 1370 1675 referre,
1386 1648 1411 1670 et
1425 1643 1565 1670 manubias
1578 1643 1715 1670 detrahere
1728 1649 1838 1670 conatus

1046 1681 1094 1712 sit;
1117 1681 1140 1707 is
1158 1680 1241 1707 ullam
1259 1681 1292 1707 ab
1310 1689 1369 1707 sese
1387 1680 1563 1707 calamitatem
1578 1681 1672 1716 poterit
1685 1680 1839 1716 deprecari?

1047 1718 1115 1744 Lxl.
1131 1718 1197 1744 Nam
1211 1717 1244 1744 de
1258 1717 1447 1744 subsortitione
1461 1717 1505 1744 illa
1517 1718 1625 1744 Iuniana
1636 1718 1756 1744 iudicum
1771 1717 1838 1745 nihil

1047 1755 1116 1782 dico.
1149 1754 1220 1788 Quid
1234 1754 1324 1781 enim‘?
1336 1760 1424 1781 contra
1439 1755 1552 1786 tabulas,
1567 1764 1635 1790 quas
1649 1760 1677 1781 tu
1693 1755 1835 1790 protulisti,

1047 1792 1158 1819 audeam
1177 1791 1282 1818 dicere‘?
1300 1791 1412 1818 Difficile
1429 1797 1478 1818 est.
1519 1793 1577 1819 Non
1595 1793 1665 1818 enim
1680 1801 1722 1818 me
1737 1797 1781 1819 tua
1794 1801 1838 1819 so·-

1047 1829 1103 1856 lum
1117 1833 1143 1855 et
1156 1829 1276 1855 iudicum
1290 1830 1440 1861 auctoritas,
1456 1828 1504 1856 sed
1517 1830 1595 1856 etiam
1610 1829 1727 1856 annulus
1741 1838 1837 1856 aureus

1046 1867 1148 1893 scribae
1166 1867 1205 1893 tui
1223 1865 1345 1892 deterret.
1386 1867 1443 1893 Non
1461 1866 1548 1893 dicam
1566 1866 1606 1897 id.
1631 1866 1704 1901 quod
1726 1866 1838 1902 probare

1046 1903 1156 1930 difficile
1174 1907 1226 1929 est:
1249 1903 1298 1930 hoc
1315 1903 1415 1934 dicam,
1434 1903 1507 1938 quod
1524 1903 1662 1930 ostendam
1685 1903 1783 1930 multos
1804 1912 1837 1930 ex

1047 1945 1071 1967 te
1080 1941 1151 1967 viros
1162 1941 1301 1975 primarios
1314 1940 1430 1970 audisse,
1446 1949 1531 1975 quum
1545 1940 1656 1971 diceres.
1672 1941 1774 1976 ignosci
1788 1940 1837 1968 tihi

1045 1982 1173 2013 oportere,
1189 1977 1262 2012 quod
1276 1977 1373 2004 falsum
1387 1977 1505 2004 codicem
1519 1977 1670 2012 protuleris.
1692 1978 1768 2009 Nam.
1783 1986 1837 2013 qua

1045 2015 1147 2042 invidia
1166 2014 1194 2042 C.
1210 2015 1304 2041 lunius
1321 2013 1505 2050 conflagrarat,
1525 2023 1568 2047 ea,
1590 2015 1643 2042 nisi
1661 2015 1834 2050 providisses,

1046 2053 1094 2078 tibi
1107 2052 1160 2086 ipsi
1174 2056 1232 2078 tum
1246 2051 1412 2086 pereundum
1428 2051 1521 2078 fuisse.

1101 2091 1159 2115 ⁴58.
1181 2089 1234 2115 Hoc
1248 2088 1327 2115 modo
1339 2090 1389 2115 iste
1402 2089 1454 2115 sibi
1469 2093 1494 2115 et
1507 2087 1587 2115 saluti
1605 2097 1669 2115 suae
1686 2089 1837 2124 prospicere

1045 2126 1151 2157 didicit,
1171 2125 1310 2152 referendo
1327 2126 1354 2152 in
1373 2125 1478 2152 tabulas
1496 2131 1521 2152 et
1534 2126 1650 2161 privatas
1664 2130 1691 2152 et
1702 2125 1834 2161 publicas,

1045 2163 1116 2198 quod
1129 2168 1235 2199 gestum
1250 2171 1302 2190 non
1313 2167 1396 2190 esset:
1413 2163 1537 2194 tollendo,
1553 2162 1626 2198 quod
1636 2167 1715 2194 esset,
1730 2167 1756 2190 et
1765 2171 1837 2189 sem-

1045 2209 1092 2235 per
1109 2200 1212 2235 aliquid
1233 2200 1377 2231 demendo,
1401 2200 1542 2231 mutando,
1566 2199 1758 2235 interpolando.
1797 2199 1836 2227 Eo

1044 2238 1116 2264 enim
1134 2245 1222 2272 usque
1239 2237 1420 2273 progreditur,
1440 2241 1471 2264 ut
1484 2246 1517 2264 ne
1529 2236 1712 2264 defensionem
1725 2236 1836 2272 quidem

1044 2274 1236 2301 maleficiorum
1261 2283 1372 2301 suorum
1398 2275 1456 2301 sine
1481 2274 1541 2301 aliis
1563 2272 1700 2300 maleficiis
1721 2274 1837 2308 reperire

1043 2312 1136 2346 possit.
1174 2311 1303 2338 Eiusdem
1321 2311 1394 2338 modi
1410 2312 1574 2338 sortitionem
1592 2310 1671 2337 homo
1685 2311 1837 2338 amentissi-

1044 2357 1104 2375 mus
1122 2357 1232 2375 suorum
1250 2357 1358 2383 quoque
1375 2348 1496 2375 iudicum
1514 2347 1569 2375 fore
1582 2347 1685 2382 putavit
1698 2356 1746 2383 per
1757 2347 1837 2374 soda—

1044 2386 1097 2412 lem
1107 2395 1197 2417 suum,
1213 2385 1244 2418 Q.
1257 2385 1387 2416 Curtium,
1404 2385 1519 2412 iudicem
1532 2385 1709 2420 quaestionis:
1724 2385 1769 2411 cui
1783 2384 1835 2411 nisi

1044 2431 1094 2459 ego
1111 2424 1138 2449 vi
1156 2422 1250 2458 populi
1268 2427 1294 2449 et
1316 2422 1455 2449 bominum
1478 2421 1591 2448 clamore
1614 2425 1693 2456 atque
1715 2421 1836 2448 convicio

1044 2461 1216 2486 restitissem:
1232 2468 1266 2486 ex
1278 2459 1327 2486 hac
1336 2459 1442 2486 decuria
1453 2463 1550 2490 nostra,
1565 2459 1644 2485 cuius
1654 2458 1721 2485 mihi
1731 2459 1835 2493 copiam

1043 2505 1126 2532 quam
1141 2497 1290 2533 largissime
1303 2496 1397 2523 factam
1411 2496 1554 2530 oportebat,
1570 2499 1658 2530 erepta
1669 2500 1740 2522 esset
1749 2494 1835 2522 facui-

1044 2539 1083 2560 tas
1097 2542 1199 2566 eorum,
1214 2542 1283 2569 quos
1295 2541 1381 2568 quum
1395 2533 1444 2559 iste
1457 2537 1593 2563 annuerat,
1609 2533 1638 2559 in
1650 2540 1732 2559 suum
1745 2533 1834 2560 consi-

1045 2571 1113 2598 lium
1125 2572 1184 2598 sine
1196 2579 1291 2598 caussa
1303 2569 1524 2597 subsortiebatur.
1535 2569 1547 2582 ⁸
1558 2569 1571 2583 *
1580 2569 1594 2583 *

1341 2624 1426 2650 Multa
1437 2625 1534 2650 desunt.

901 2682 1131 2698 v——thop—
