1941 3052
215 148 264 173 250
792 146 821 169 20
861 143 894 169 M.
925 144 953 169 Τ.

215 218 384 249 ηηιαέκιηιῑυει
400 225 507 250 remque
522 215 654 250 publicam
667 216 784 244 arce-suit.
799 214 892 240 lrabeat
904 222 949 248 per
960 222 1001 239 mc

214 255 330 281 notatum
346 264 374 279 nc
390 254 511 279 liberum.
546 253 659 278 Silo-ntur
674 252 705 277 ‹li-
721 252 855 277 nnc-turnis
869 251 927 276 cius
942 250 1002 276 liac—

214 292 381 318 vtmiinnibm
396 300 424 315 nc
441 290 551 324 vigiliis,
576 289 711 318 lenonum,
732 288 889 318 aleatorum,
905 287 1003 321 perdu-

214 334 315 355 ctorum
332 328 402 354 nulla
418 328 515 353 mentio
529 328 584 355 liat·,
607 326 711 355 «tauma,
727 325 862 354 dedecora,
878 333 946 359 quae
961 333 1002 350 res

215 367 296 401 patriis
310 367 380 393 eius.
401 369 470 390 net-¹12·
485 364 569 397 ipsius
585 362 705 397 pertulit,
728 366 934 396 praetereantur:
962 361 1002 387 lu-
1024 361 1025 394 J

214 408 301 428 cretur
315 403 410 428 indii-in
426 402 520 426 vett-ris
535 400 670 429 intamim·;
695 400 808 433 patiatur
822 399 880 424 eius
895 399 947 424 vita
962 407 1002 424 re-
1024 402 1025 417 1

217 441 286 474 liqui·
311 448 351 465 mc
375 439 440 464 lianc
463 442 559 463 tantam
585 438 709 462 iacturam
737 436 879 462 criminum
908 435 1001 462 facere.

215 478 255 503 :it
278 479 404 508 Quaestor
417 476 464 500 (ln.
482 474 584 508 l’npirio
597 473 699 499 consuli
714 473 787 499 fuisti
807 473 903 499 abhinc
921 481 1003 499 annos

214 513 436 548 quattuordecim:
462 520 494 537 ex
508 520 536 536 ca
551 511 593 536 ‹lie
608 511 640 536 nd
655 511 721 536 lianc
735 510 804 536 diem
820 519 888 544 quw
908 509 1001 540 fecisti,
1024 503 1026 539 l

215 552 240 576 in
257 550 383 576 iudicium
400 558 471 574 voco.
506 549 571 574 llora
587 548 659 573 nulla
675 557 756 574 vacua
770 557 784 573 a
799 547 877 577 furto,
894 547 1000 577 scelere,
1024 552 1026 558 ¹

213 587 379 616 erudelitate,
405 585 501 621 flagitio
523 586 676 620 reperietur.
718 586 747 611 lli
772 589 835 611 aunt
858 585 918 611 anni
941 594 1004 610 con·
1024 606 1026 629 Ι

213 625 312 658 sumpti
333 624 358 649 in
378 628 533 658 quaestura,
553 627 578 648 et
597 622 725 656 legatione
739 622 866 652 Asiatica,
885 626 911 647 ct
930 630 1003 656 prae·
1024 635 1026 645 ι

215 666 270 687 tura
290 661 389 686 urbana
408 665 433 686 ct
453 665 571 694 praetura
587 659 730 686 Siciliensi.
770 660 856 691 Quare
875 659 938 684 liaec
959 667 1003 684 ea·
1024 651 1027 669 l

213 698 272 724 dem
287 698 336 723 crit
349 698 539 732 quadripartita
558 697 712 724 distributio
731 697 810 723 totius
829 697 1003 722 accusationis

214 744 296 761 meae.

268 772 338 798 Xlll.
368 771 496 804 Quaestor
521 780 553 798 ex
579 770 810 797 senatusconsulto
840 771 1002 805 provinciam
1024 799 1026 808 Δ

213 810 321 835 sortitus
339 818 376 834 es.
417 809 518 843 Obtigit
535 809 582 835 tibi
596 808 756 839 consularis,
778 813 805 834 ut
819 817 880 834 cum
895 807 1003 833 consule

213 847 261 872 (In.
289 847 406 873 Carbone
433 855 505 872 esses
532 854 643 880 eamque
671 846 832 880 provinciam
859 845 1001 871 obtineres.

213 884 274 909 Erat
288 889 344 910 tum
359 883 490 909 dissensio
503 884 616 914 civium,
639 883 671 909 dc
689 892 741 918 qua
761 882 827 908 nibil
842 891 902 908 sum
917 882 1004 907 dictu-

214 930 272 951 ηις,
289 921 353 956 quid
368 921 464 947 sentire
477 921 615 946 debueris:
638 929 721 946 unum
737 920 785 946 hoc
799 920 870 949 dico,
891 920 916 945 in
931 920 1003 945 eius—

214 958 284 984 modi
304 963 419 992 tempore
437 967 466 983 ac
484 963 552 983 sorte
569 962 683 983 statuere
702 962 725 983 te
748 957 886 986 debuisse.
914 961 1001 982 utrum

213 995 306 1021 malles
320 996 416 1022 sentire
431 999 508 1030 atque
522 994 672 1021 defendere.
710 994 794 1021 Carbo
807 995 922 1029 graviter
937 993 1003 1019 l'cre-

213 1032 269 1063 bat,
294 1033 346 1059 sibi
373 1037 537 1067 quaestorem
560 1033 688 1067 obtigisse
715 1032 849 1058 bominem
872 1030 1001 1066 singulari

202 1069 319 1096 ¹luxuria
347 1074 424 1104 atque
451 1070 552 1095 inertia.
594 1070 780 1095 Verumtamen
806 1068 915 1095 ornabat
940 1076 1001 1094 eum

213 1107 348 1133 beneficiis
361 1107 496 1133 omnibus.
538 1107 574 1132 Ne
588 1106 690 1132 diutius
706 1111 820 1136 teneam,
837 1106 949 1140 pecunia
963 1109 1003 1131 at—

212 1145 319 1175 tributa,
336 1148 469 1170 numerata
484 1148 532 1170 est.
564 1143 697 1170 Profectus
711 1148 751 1169 est
763 1148 887 1178 quaestor
901 1143 927 1169 in
943 1150 1003 1176 pro-

212 1182 337 1208 vinciam.
368 1181 445 1208 Venit
457 1185 625 1216 exspectatus
640 1182 666 1207 in
681 1180 794 1206 Galliam
809 1180 842 1206 ad
855 1180 1001 1206 exercitum

211 1219 376 1245 consularem
391 1227 452 1245 cum
467 1219 588 1253 pecunia.
628 1218 747 1244 Simulac
762 1218 878 1252 primum
893 1218 915 1243 ei
927 1226 1002 1243 occa-

212 1256 252 1282 sio
261 1257 318 1282 visa
329 1261 376 1286 est.
389 1256 547 1291 (cognoscite
559 1256 674 1281 hominis
685 1255 846 1290 principium
862 1255 1002 1289 magistra-

212 1298 288 1319 tuum
318 1293 493 1329 gerendorum
519 1297 545 1319 et
570 1292 731 1327 reipublicae
757 1291 1001 1326 administrandae,)

211 1340 302 1356 aversa
313 1331 424 1365 pecunia
436 1329 541 1365 publica
551 1334 676 1364 quaestor
685 1329 831 1360 consulem,
844 1329 999 1359 exercitum,

211 1372 307 1394 sortem
323 1368 540 1402 provinciamque
554 1367 680 1393 deseruit.
707 1368 748 1393 35.
764 1366 846 1393 Video
859 1365 926 1401 quid
940 1374 1002 1401 ege-

211 1405 274 1431 rim:
301 1405 379 1439 erigit
400 1413 442 1431 se:
471 1409 570 1439 sperat,
595 1404 647 1430 sibi
671 1412 761 1430 auram
785 1412 862 1438 posse
884 1403 1001 1437 aliquam

210 1441 292 1468 afflari
305 1443 331 1468 in
344 1443 392 1469 boc
401 1442 511 1468 crimine
522 1441 665 1468 voluntatis
674 1441 890 1475 assensionisque
899 1449 998 1471 eorum,

210 1480 310 1514 quibus
325 1479 372 1506 Cn.
389 1479 515 1506 Carbonis
529 1479 625 1505 mortui
640 1487 736 1505 nomen
753 1478 814 1504 odio
831 1478 878 1504 sit:
901 1477 1001 1512 quibus

211 1516 282 1542 illam
297 1517 459 1543 relictionem
473 1515 703 1551 proditionemque
716 1515 834 1542 consulis
847 1515 889 1541 sui
900 1519 1001 1550 gratam

210 1558 298 1588 sperat
315 1553 378 1580 fore.
418 1553 499 1586 Quasi
523 1561 584 1579 vero
604 1552 632 1579 id
654 1553 799 1587 cupiditate
821 1551 1002 1579 defendendae

212 1591 356 1617 nobilitatis
374 1595 419 1617 aut
432 1590 520 1618 studio
535 1591 650 1625 partium
665 1589 763 1621 fecerit,
780 1598 809 1616 ac
823 1598 875 1616 non
889 1589 1002 1624 apertis-

210 1629 278 1654 sime
291 1628 440 1659 consulem,
460 1628 606 1654 exercitum
620 1627 840 1662 provinciamque
852 1626 1002 1661 compilarit

210 1669 236 1692 et
249 1670 354 1700 propter
367 1665 632 1700 impudentissimum
651 1663 752 1690 furtum
771 1663 914 1699 aufugerit.
954 1663 1001 1689 Est

210 1703 280 1729 enim
295 1703 452 1733 obscurum,
472 1706 498 1728 et
510 1701 642 1728 eiusmodi
662 1700 759 1727 factum
778 1702 850 1731 eius.
871 1706 900 1727 ut
918 1701 1002 1735 possit

211 1739 308 1774 aliquis
322 1739 461 1774 suspicari,
477 1739 506 1766 C.
518 1739 635 1769 Verrem,
651 1738 722 1773 quod
737 1737 804 1764 serre
818 1746 900 1764 novos
914 1738 1001 1764 homi—

211 1785 257 1803 ues
269 1785 319 1803 non
332 1777 453 1811 potuerit,
462 1776 495 1802 ad
506 1776 679 1805 nobilitatem.
688 1775 737 1801 hoc
747 1779 787 1802 est
797 1775 830 1801 ad
841 1784 904 1801 suos
916 1780 1001 1801 trans-

210 1815 272 1844 isse,
290 1813 356 1840 nihil
372 1813 465 1840 secisse
479 1817 585 1848 propter
599 1813 749 1847 pecuniam.
787 1814 828 1839 36.
844 1813 997 1843 Videamus,

211 1852 323 1878 rationes
337 1850 562 1886 quemadmodum
577 1849 705 1876 retulerit.
731 1851 785 1876 Iam
798 1850 856 1884 ipse
869 1849 998 1879 ostendet,

210 1888 382 1923 quamobrem
404 1888 452 1915 Cn.
472 1887 617 1914 Carbonem
640 1886 790 1922 reliquerit:
817 1888 869 1913 iam
892 1895 920 1913 se
943 1887 1001 1921 ipse

210 1925 346 1952 indicabit.
377 1925 446 1951 XIV.
461 1925 579 1951 Primum
594 1924 750 1950 brevitatem
763 1925 922 1959 cognoscite.
954 1932 1001 1950 Ac·

210 1971 288 1994 cari,
313 1963 414 1997 inquit,
441 1971 538 1988 weiss
560 1970 694 1988 nuceum
716 1970 852 1988 rarorum
870 1969 999 1991 oeisour.

210 2008 313 2026 ιιιιιιΛ
326 2008 570 2030 ουΑυιιικσεπτοε
583 2009 596 2025 x
611 2008 644 2025 ετ
657 2007 692 2025 vu
705 2007 833 2025 annuos.
860 2007 929 2024 neni
942 2006 1000 2024 sri-

210 2046 328 2068 rennio,
345 2046 511 2067 raanan-ro,
532 2045 735 2067 taonis,1=no
751 2045 936 2067 ouans-roas,
952 2044 1000 2061 co-

210 2083 296 2101 non-ri
320 2083 518 2105 rumonus,
542 2083 593 2100 n—s
611 2082 698 2099 urnas
716 2082 867 2100 sexceni-A
888 2082 1000 2099 ruiniu-

210 2121 242 2137 τΛ
262 2120 391 2142 ouisous
415 2120 516 2137 υιιιιᾼ
534 2119 778 2141 ουΛυιυικ-αεκτοε
800 2119 849 2136 xvu
872 2119 998 2137 annuos,-

211 2157 330 2179 rismoui
354 2157 470 2174 Λιιιυικι
493 2157 543 2174 n·s
565 2157 716 2174 saxeam-A
738 2157 850 2174 ῃιιιιᾼ.
890 2147 944 2174 Hoc
960 2151 1001 2173 est

210 2186 324 2212 rationes
338 2185 451 2212 reserre‘?
476 2185 526 2212 hoc
539 2185 618 2211 modo
631 2189 676 2211 aut
689 2193 737 2220 ego
750 2189 796 2211 aut
809 2189 851 2216 tu,
866 2184 997 2215 Hortensi,

210 2227 254 2250 aut
267 2223 411 2258 quisquam
426 2223 563 2249 hominum
578 2221 686 2248 retulit‘?
705 2222 774 2254 Quid
793 2222 843 2248 hoc
855 2221 913 2248 est‘?
931 2230 1000 2257 quae

209 2259 392 2295 impudentia?
415 2268 483 2294 quae
501 2258 628 2286 audacia‘?
651 2259 723 2294 quod
741 2258 895 2293 exemplum
913 2267 947 2286 ex
964 2263 1001 2286 tot

211 2297 348 2323 bominum
360 2297 505 2324 rationibus
516 2296 605 2323 relatis
617 2296 770 2322 huiusmodi
782 2296 839 2322 est?
851 2296 899 2322 Illa
912 2300 1000 2322 tamen

210 2334 271 2360 H-S
288 2338 411 2360 sexcenta
429 2334 526 2365 millia,
549 2342 618 2368 quae
637 2341 669 2359 ne
687 2332 753 2360 salso
770 2333 881 2368 quidem
903 2334 998 2368 potuit,

209 2371 309 2406 quibus
323 2371 381 2398 data
395 2375 491 2402 essent,
508 2371 669 2401 describere,
685 2379 753 2405 quae
767 2379 795 2397 se
808 2371 921 2397 Arimini
935 2371 1001 2397 scri-

210 2408 248 2434 bit
261 2408 414 2443 reliquisse,
431 2416 500 2443 quae
513 2408 571 2443 ipsa
584 2407 647 2434 H-S
662 2412 785 2434 sexcenta
799 2407 883 2434 millia
897 2407 1000 2443 reliqua

211 2444 276 2471 facta
290 2450 360 2476 sunt,
373 2454 459 2480 neque
470 2445 554 2472 Carbo
566 2445 660 2480 attigit,
674 2453 761 2479 neque
772 2444 846 2471 Sulla
861 2444 936 2476 vidit,
953 2453 1000 2471 ne-

210 2490 263 2516 que
280 2483 307 2508 in
326 2483 456 2509 aerarium
473 2482 552 2509 relata
574 2486 647 2508 sunt.
687 2481 824 2516 Oppidum
845 2482 898 2508 sibi
919 2481 1000 2517 elegit

210 2519 373 2550 Ariminum,
392 2520 464 2554 quod
477 2524 548 2550 tum,
568 2528 654 2554 quum
668 2519 718 2545 iste
731 2519 845 2545 rationes
859 2518 996 2550 referebat,

209 2563 368 2589 oppressum
381 2556 569 2591 direptumque
582 2561 646 2583 erat.
686 2556 744 2583 Non
761 2556 948 2590 suspicabatur
959 2555 996 2587 id,

209 2592 281 2626 quod
299 2601 369 2619 nuuc
390 2594 496 2625 sentiet,
521 2594 586 2620 satis
608 2592 706 2620 multos
729 2601 763 2620 ex
784 2592 830 2619 illa
851 2592 998 2619 calamitate

210 2629 418 2656 Ariminensium
432 2635 511 2657 testes
526 2631 602 2657 nobis
615 2631 642 2657 in
656 2630 724 2656 hanc
733 2638 789 2656 rem
799 2629 917 2665 reliquos
927 2638 996 2656 esse.

209 2665 298 2692 Recita
312 2666 408 2693 denuo.
448 2668 489 2693 37.
511 2668 539 2694 P.
555 2668 705 2698 Len-runo,
722 2667 751 2693 L.
767 2667 895 2693 Turn-io
907 2675 998 2697 ουΛε-

985 142 1258 169 (llClillONlS

1022 215 1032 248 :l
1053 222 1190 239 nimi-rs
1221 222 1360 244 cuiauis,
1393 223 1444 240 au
1473 222 1624 241 anione!
1655 224 1839 243 uttan-cn.

1024 250 1031 278 1
1054 251 1150 276 lli-cita.
1177 251 1216 276 Ex
1230 251 1258 276 S.
1273 251 1302 276 C.
1334 250 1365 277 Ut
1379 250 1427 276 lioc
1442 257 1516 285 pacto
1529 253 1655 279 rationem
1669 252 1765 279 referre
1780 253 1842 280 lice-

1054 292 1104 315 ret,
1124 296 1155 312 eo
1169 287 1296 313 suit-uun·
1310 293 1415 322 repente
1429 288 1513 314 lactus
1530 294 1583 319 ent,
1604 299 1654 316 non
1674 295 1702 315 ut
1721 290 1804 317 bonos
1817 296 1843 317 et

1053 324 1170 357 «lignium
1188 324 1318 351 nobilitati
1338 326 1527 352 restitueretur.
1567 327 1642 358 Quod
1662 328 1683 352 ei
1699 327 1772 353 illinc
1786 328 1843 354 ina-

1055 362 1095 387 nis
1111 361 1287 395 profugium.
1305 366 1391 388 tamen
1406 363 1454 388 ista
1469 367 1511 388 tua
1529 362 1591 396 ῐιιμει
1606 363 1713 393 nefaria.
1730 364 1844 399 proditio

1055 398 1174 424 consulis
1193 399 1230 424 tui
1249 398 1423 424 conscelerata
1447 400 1616 426 iudicaretur.
1657 401 1742 427 status
1764 402 1841 432 civis.

1032 463 1033 471 ἵ
1056 435 1193 469 improbus
1217 435 1323 466 consul,
1347 436 1490 462 seditiosus
1513 436 1591 463 homo
1607 438 1655 464 Cn.
1676 439 1760 464 Carbo
1783 438 1841 465 luit.

1056 473 1144 498 Fuerit
1158 472 1231 498 aliis:
1249 473 1295 498 tibi
1310 473 1417 507 quando
1426 482 1484 499 esse
1493 474 1597 508 coepit?
1611 475 1782 510 Posteaquam
1795 476 1842 502 tibi

1055 510 1208 544 pecuniam.
1232 519 1285 536 rem
1305 509 1515 540 frumentariam.
1542 511 1653 537 rationes
1671 521 1763 538 omnes
1782 522 1844 539 suaa

1055 548 1254 581 exercitumque
1271 548 1414 573 commisit.
1455 548 1520 573 Nam
1538 548 1560 574 si
1581 548 1627 574 tibi
1651 554 1725 575 antea
1748 549 1844 584 displi-

1054 585 1166 610 cuisset:
1197 584 1266 610 idem
1294 584 1414 614 fecisses.
1442 584 1513 619 quod
1540 594 1608 611 anno
1634 591 1692 620 post
1713 587 1749 612 M.
1773 587 1842 613 Piso.

1054 622 1182 653 Quaestor
1199 630 1284 656 quum
1305 622 1333 647 L.
1353 621 1470 656 Scipioni
1489 622 1592 648 munuli
1615 623 1767 655 obtigisset.
1792 632 1843 651 non

1055 659 1141 693 attigit
1163 659 1315 693 pecuniam,
1341 667 1391 685 non
1415 658 1446 684 ad
1470 660 1616 686 exercitum
1639 659 1772 695 profectus
1789 666 1842 693 eeu

1054 696 1126 730 quod
1144 696 1177 721 de
1196 696 1330 730 republica
1348 696 1444 725 sensit,
1471 697 1504 722 ita
1522 698 1619 727 sensit.
1645 702 1673 723 ut
1696 707 1742 723 nec
1765 697 1843 724 [idem

1055 741 1130 759 suam
1140 754 1146 762 .
1163 741 1210 759 nec
1229 742 1328 759 morem
1343 734 1472 759 maiorum
1487 743 1534 760 nec
1549 734 1771 761 necessitudinem
1787 744 1844 761 sor-

1055 770 1088 796 tis
1112 769 1234 796 laederet.
1276 770 1331 796 XV.
1359 772 1399 796 38.
1427 771 1530 797 Etenim
1557 772 1579 797 si
1605 772 1668 798 baec
1691 772 1844 806 perturbare

1053 807 1142 833 omnia
1156 812 1181 833 et
1196 808 1354 841 permiscere
1369 807 1506 839 volumus,
1524 813 1602 834 totam
1618 810 1698 835 vitam
1713 809 1844 844 periculo-

1054 853 1124 874 sam.
1141 845 1295 870 insidiosam
1319 844 1495 880 infestamque
1519 846 1674 877 reddemus;
1696 847 1719 872 si
1743 846 1843 872 nullam

1055 881 1209 916 religionem
1224 890 1281 907 sors
1296 881 1415 912 habebit,
1436 882 1536 908 nullam
1555 884 1719 909 sanctitatem
1732 884 1844 910 coniun-

1054 919 1105 944 ctio
1118 918 1250 945 secundae
1263 919 1414 953 dubiaeque
1432 919 1564 950 fortunae.
1586 920 1686 946 nullam
1705 921 1845 947 auctorita-

1055 959 1106 981 tem
1126 964 1212 982 mores
1234 960 1313 990 atque
1336 956 1453 982 instituta
1478 958 1616 983 maiorum.
1656 957 1783 984 Omnium
1805 963 1845 985 est

1054 994 1204 1019 communis
1219 993 1358 1023 inimicus.
1378 994 1425 1028 qui
1441 993 1490 1019 l'uit
1505 994 1588 1020 bostis
1602 1003 1722 1021 suorum.
1762 995 1845 1021 Nemo

1055 1038 1182 1065 umquam
1197 1030 1303 1064 sapiens
1317 1030 1443 1065 proditori
1457 1030 1619 1057 credendum
1634 1032 1746 1066 putavit.
1786 1032 1845 1067 lpse

1053 1067 1136 1097 Sulla.
1148 1068 1191 1093 cui
1206 1067 1336 1093 adventus
1351 1068 1428 1093 istius
1441 1068 1611 1103 gratissimus
1625 1077 1684 1095 esse
1697 1068 1798 1100 debuit,
1811 1069 1845 1095 ab

1053 1113 1082 1130 se
1094 1104 1228 1131 hominem
1239 1109 1317 1139 atque
1328 1104 1361 1131 ab
1372 1105 1489 1131 exercitu
1499 1114 1548 1132 suo
1562 1107 1687 1132 removit:
1703 1106 1845 1133 Beneventi

1053 1150 1112 1167 esse
1127 1142 1206 1168 iussit
1219 1142 1290 1176 apud
1303 1150 1361 1172 eos,
1381 1151 1449 1177 quos
1463 1143 1520 1169 suis
1534 1143 1654 1177 partibus
1667 1144 1844 1170 amicissimos

1053 1187 1111 1205 esse
1133 1179 1310 1242 intelli-febrit:
1336 1179 1382 1206 ubi
1405 1180 1455 1206 iste
1477 1188 1599 1206 summae
1622 1181 1658 1206 rei
1681 1189 1845 1215 caussaeque

1054 1224 1146 1242 nocere
1164 1216 1220 1242 nihi
1251 1221 1348 1251 posset.
1388 1217 1420 1243 Ei
1438 1222 1527 1251 postca
1547 1218 1662 1252 praemia
1677 1222 1763 1244 tamen
1779 1217 1845 1244 libe-

1054 1253 1142 1279 raliter
1161 1253 1266 1280 tribuit:
1289 1254 1356 1280 bona
1374 1254 1504 1288 quaedam
1520 1255 1727 1289 proscriptorum
1741 1255 1767 1281 in
1782 1263 1844 1290 agro

1053 1290 1237 1317 Beneventano
1249 1290 1399 1325 diripienda
1412 1293 1555 1318 concessit:
1572 1291 1665 1318 habuit
1679 1292 1804 1318 bonorem
1816 1296 1845 1318 ut

1053 1328 1192 1361 proditori,
1212 1336 1264 1354 non
1279 1333 1308 1354 ut
1321 1329 1405 1354 amico
1419 1328 1507 1355 [idem.
1548 1330 1589 1356 39.
1611 1329 1700 1360 Nunc,
1720 1329 1845 1364 quamvis

1052 1365 1106 1390 sint
1124 1365 1259 1396 homines,
1279 1366 1325 1400 qui
1345 1369 1479 1392 mortuum
1498 1366 1547 1392 Cn.
1563 1366 1708 1393 Carbonem
1725 1366 1842 1393 oderint:

1054 1406 1141 1428 tamen
1160 1402 1187 1428 hi
1205 1402 1315 1433 debent,
1336 1411 1401 1434 non,
1425 1403 1491 1438 quid
1509 1403 1548 1430 illi
1566 1403 1683 1430 accidere
1702 1403 1842 1435 voluerint.

1053 1439 1100 1465 sed
1117 1439 1182 1474 quid
1202 1439 1268 1474 ipsis
1287 1440 1314 1466 in
1333 1439 1377 1466 tali
1400 1448 1427 1466 re
1450 1440 1623 1467 metuendum
1645 1440 1692 1472 sit,
1716 1441 1842 1476 cogitare.

1053 1476 1199 1503 Commune
1209 1481 1249 1503 est
1260 1476 1308 1503 hoc
1319 1476 1429 1508 malum,
1439 1478 1589 1504 eommunis
1600 1482 1845 1509 metus,commune

1053 1513 1213 1548 periculum.
1253 1514 1348 1540 Nullae
1366 1519 1430 1540 sunt
1448 1514 1603 1542 occultiores
1617 1515 1742 1546 insidiae,
1761 1523 1843 1550 quam

1053 1559 1110 1582 eae,
1131 1559 1200 1585 quae
1218 1550 1299 1577 latent
1316 1552 1343 1578 in
1361 1551 1530 1579 simulatione
1548 1552 1628 1579 officii
1646 1557 1692 1578 aut
1709 1553 1736 1579 in
1754 1552 1845 1588 aliquo

1053 1587 1259 1614 necessitudinis
1282 1589 1398 1615 nomine.
1439 1589 1505 1615 Nam
1523 1598 1599 1620 eum,
1623 1589 1670 1624 qui
1694 1589 1781 1624 palam
1804 1594 1845 1616 est

1052 1624 1234 1656 adversarius,
1258 1624 1335 1651 facile
1352 1626 1470 1652 cavendo
1487 1627 1569 1653 vitare
1587 1627 1688 1661 possis:
1711 1626 1760 1653 hoc
1782 1635 1845 1654 vero

1052 1661 1200 1693 occultum,
1228 1662 1385 1689 intestinum
1411 1672 1440 1690 ac
1465 1663 1642 1690 domesticum
1667 1663 1768 1690 malum
1791 1672 1843 1691 non

1053 1699 1131 1726 modo
1144 1708 1197 1726 non
1211 1700 1323 1730 exsistit,
1339 1708 1432 1726 verum
1446 1701 1525 1727 etiam
1542 1701 1681 1736 opprimit,
1701 1706 1843 1736 antequam

1053 1737 1203 1771 prospicere
1217 1741 1296 1772 atque
1310 1736 1446 1772 explorare
1461 1739 1587 1772 potueris.
1619 1739 1660 1764 60,
1680 1738 1750 1764 Itane
1765 1737 1845 1765 vero?

1053 1774 1105 1805 Tu,
1126 1782 1212 1808 quum
1225 1779 1351 1809 quaestor
1363 1774 1397 1801 ad
1410 1776 1555 1802 exercitum
1570 1775 1669 1802 missus
1683 1776 1734 1806 sis,
1753 1781 1843 1802 custos

1052 1820 1103 1838 non
1122 1811 1210 1838 solum
1229 1812 1371 1846 pecuniae,
1395 1812 1443 1838 sed
1461 1813 1539 1839 etiam
1557 1812 1689 1839 consulis:
1712 1813 1843 1848 particeps

1051 1849 1172 1875 omnium
1186 1857 1274 1875 rerum
1288 1848 1514 1884 consiliorumque
1529 1848 1624 1876 fueris:
1643 1849 1751 1876 habitus
1764 1850 1802 1876 sis
1815 1851 1843 1877 in

1052 1885 1166 1912 liberum
1186 1884 1254 1916 loco.
1279 1886 1349 1912 sicut
1366 1895 1424 1913 mos
1443 1887 1573 1913 maiorum
1597 1886 1708 1913 ferebat:
1736 1892 1843 1922 repente

1051 1922 1205 1957 relinquas?
1225 1922 1350 1949 deseras?
1370 1923 1403 1950 ad
1417 1923 1581 1950 adversarios
1595 1923 1730 1950 transeas?
1750 1923 1773 1951 O
1785 1933 1844 1951 sce-

1052 1959 1107 1986 lus!
1135 1968 1151 1986 o
1173 1964 1325 1994 portentum
1347 1961 1374 1987 in
1397 1960 1506 1987 ultimas
1527 1965 1609 1988 terras
1634 1961 1840 1996 exportandum!

1051 1997 1109 2024 Non
1123 1998 1194 2023 enim
1209 2002 1294 2032 potest
1307 2006 1336 2024 ea
1351 2003 1451 2030 natura,
1463 2006 1532 2033 quae
1543 2003 1646 2025 tantum
1656 1998 1760 2025 facinus
1769 2007 1843 2026 com—

1051 2035 1166 2066 miserit,
1187 2034 1236 2061 hoc
1254 2043 1307 2061 uno
1323 2035 1422 2062 scelere
1435 2043 1493 2062 esse
1505 2040 1637 2062 contenta.
1677 2035 1790 2063 Necesse
1802 2041 1843 2063 est

1051 2080 1157 2106 semper
1169 2071 1272 2106 aliquid
1286 2072 1418 2099 eiusmodi
1433 2072 1570 2099 moliatur:
1590 2081 1698 2099 necesse
1711 2077 1751 2099 est
1763 2073 1791 2099 in
1804 2073 1843 2100 si-

1051 2108 1110 2135 mili
1127 2109 1237 2135 audacia
1256 2109 1419 2144 perfidiaque
1433 2114 1562 2136 versetur.
1603 2110 1644 2136 tt.
1666 2110 1758 2145 Itaque
1770 2109 1841 2137 idem

1051 2147 1114 2177 iste.
1134 2154 1216 2181 quem
1230 2145 1278 2173 Cn.
1294 2145 1427 2173 Dolabella
1440 2151 1544 2182 postea,
1565 2146 1594 2174 C.
1610 2146 1731 2174 Malleolo
1743 2147 1839 2178 occiso,

1051 2192 1098 2218 pro
1111 2187 1250 2218 quaestore
1265 2183 1367 2215 habuit,
1379 2183 1462 2219 (haud
1471 2184 1535 2215 scio,
1548 2193 1582 2210 an
1591 2185 1675 2210 maior
1684 2184 1762 2210 etiam
1777 2183 1842 2210 haec

1051 2220 1220 2247 necessitudo
1233 2219 1326 2251 fuerit,
1341 2229 1422 2256 quam
1436 2220 1482 2248 illa
1496 2221 1636 2252 Carbonis,
1651 2228 1681 2247 ac
1694 2220 1756 2255 plus
1769 2221 1841 2248 iudi-

1050 2258 1123 2284 cium
1137 2257 1281 2284 voluntatis
1295 2257 1396 2289 valere,
1411 2266 1493 2293 quam
1505 2259 1584 2285 sortis
1596 2257 1715 2292 debean)
1727 2257 1799 2285 idem
1812 2259 1840 2285 in

1052 2294 1100 2322 Cn.
1118 2294 1294 2326 Dolabellam,
1313 2295 1361 2329 qui
1378 2295 1407 2322 in
1425 2295 1473 2322 Cn.
1493 2295 1651 2325 Carbonem,
1673 2294 1734 2321 fuit.
1773 2295 1840 2322 Nam

1050 2340 1118 2367 quae
1136 2332 1164 2358 in
1182 2332 1273 2366 ipsum
1290 2332 1413 2359 valebant
1429 2332 1553 2363 crimina,
1576 2331 1688 2358 contulit
1705 2332 1733 2358 in
1750 2331 1838 2364 illum,

1050 2377 1227 2403 caussamque
1239 2368 1314 2395 illius
1326 2377 1432 2396 omnem
1445 2369 1479 2395 ad
1488 2369 1610 2395 inimicos
1620 2373 1840 2404 accusatoresque

1049 2406 1158 2433 detulit:
1181 2406 1239 2440 ipse
1252 2406 1280 2432 in
1293 2415 1370 2437 eum,
1388 2407 1433 2432 cui
1447 2405 1562 2442 legatus,
1581 2406 1625 2432 cui
1639 2414 1687 2440 pro
1699 2411 1840 2441 quaestore

1050 2443 1148 2474 fuerat,
1173 2443 1390 2469 inimicissimum
1411 2447 1491 2478 atque
1512 2442 1742 2478 improbissimum
1765 2444 1840 2470 testi-

1050 2481 1171 2507 monium
1183 2479 1262 2506 dixit.
1294 2479 1342 2506 Ille
1355 2480 1436 2506 miser
1448 2488 1533 2514 quum
1547 2485 1626 2511 esset,
1642 2479 1690 2507 Cn.
1704 2479 1839 2507 Dolabella

1050 2522 1107 2544 tum
1125 2516 1273 2552 proditione
1290 2517 1369 2543 istius
1386 2516 1498 2547 nefaria,
1519 2521 1576 2543 tum
1594 2516 1717 2552 improbo
1733 2521 1759 2544 et
1773 2516 1839 2544 falso

1048 2554 1169 2582 eiusdem
1192 2554 1354 2585 testimonio,
1382 2558 1439 2580 tum
1461 2553 1546 2581 multo
1566 2554 1646 2580 etiam
1667 2562 1702 2581 ex
1722 2555 1838 2581 maxima

1049 2596 1122 2626 parte
1134 2591 1214 2618 istius
1227 2590 1358 2618 furtorum
1371 2598 1401 2617 ac
1414 2589 1574 2626 flagitiorum
1583 2590 1686 2618 invidia
1693 2590 1839 2627 conflagra-
1881 2587 1884 2611 ἓ
1920 2599 1922 2602 ·

1048 2629 1096 2655 vit.
1128 2628 1198 2655 XVI.
1214 2629 1256 2655 42.
1270 2627 1341 2660 Quid
1351 2627 1401 2654 hoc
1409 2627 1518 2654 homine
1527 2627 1646 2654 faciatis?
1658 2632 1704 2655 aut
1713 2627 1746 2654 ad
1755 2636 1838 2663 quam

1047 2674 1123 2700 spem
1137 2670 1190 2692 tam
1203 2664 1389 2700 perfidiosum,
1410 2668 1463 2691 tam
1480 2665 1664 2700 importunum
1681 2664 1778 2692 animal
1796 2673 1838 2692 re-
