1941 3052
429 161 614 189 ORATIO
646 161 695 188 IN
727 161 757 187 L.
791 159 1024 187 PISONEM.

68 235 148 261 etiam
169 233 285 260 amicum
306 241 365 259 esse
385 232 500 259 debere‘?
518 241 632 268 quorum
653 232 732 263 alter,
749 231 777 258 id
792 230 864 266 quod

69 272 215 298 meminero
235 279 353 305 semper,
377 279 462 305 aeque
483 270 549 296 mihi
566 269 617 296 fuit
633 270 735 295 amicus
751 277 780 294 ac
795 268 862 295 sibi:

67 309 142 339 alter,
156 308 184 334 id
194 308 267 343 quod
278 307 422 334 obliviscar
433 307 586 342 aliquando,
594 307 647 333 sibi
658 307 776 337 amicior,
784 315 864 341 quam

68 346 147 373 mihi.
187 347 229 372 81.
251 345 352 371 Deinde
368 345 418 371 hoc
434 345 469 371 ita
486 346 527 375 iit,
545 349 574 370 ut
590 345 640 370 viri
652 343 747 374 forteS,
761 344 865 370 etiamsi

68 383 138 410 ferro
149 383 218 409 inter
227 391 256 409 se
267 383 390 409 cominus
401 382 570 413 decertarint,
578 386 666 408 tamen
678 381 746 407 illud
758 385 867 407 conten-

69 421 149 447 tionis
165 420 258 447 odium
269 419 351 446 simul
363 429 425 446 cum
436 420 495 454 ipsa
506 428 595 455 pugna
608 419 744 454 armisque
755 423 864 453 ponant.

69 458 162 493 Neque
172 466 216 484 me
227 457 272 484 ille
282 457 372 484 odisse
384 466 513 491 umquam
525 457 619 491 potuit,
633 464 666 482 ne
678 460 734 482 tum
744 456 864 491 quidem,

69 503 155 530 quum
171 495 382 521 dissidebamus.

69 532 102 559 de
118 532 184 559 facie
199 532 310 568 quidem
326 532 408 563 nosti,
422 536 452 558 ut
467 532 538 558 viros
554 531 634 558 fortes
651 531 754 565 species
773 531 831 557 eius
843 534 868 556 et

69 569 244 605 pulchritudo
257 570 336 596 etiam
348 570 375 596 in
388 569 463 596 hoste
475 569 559 603 posita
571 568 693 594 delectet.

126 607 251 634 xxxin.
264 607 398 642 Equidem
404 606 490 632 dicam
503 615 536 632 ex
547 606 643 636 animo,
653 610 740 640 patres
751 604 869 631 conscri—

69 645 121 680 pti,
139 645 212 680 quod
223 645 321 675 sentio.
336 648 361 670 et
371 644 444 679 quod
455 643 531 670 vobis
542 642 714 669 audientibus
725 650 804 676 saepe
815 642 866 668 iam

70 681 138 709 dixi.
179 682 208 708 Si
229 682 297 708 mihi
318 690 466 716 numquam
482 681 585 707 amicus
601 680 630 706 C.
649 679 745 706 Caesar
760 679 866 710 fuisset,

70 718 118 746 sed
138 727 244 754 semper
260 720 357 745 iratus:
380 719 403 744 si
419 722 606 753 aspernaretur
620 717 765 743 amicitiam
781 725 868 744 meam

71 765 185 792 seseque
202 756 268 783 mihi
282 755 480 791 implacabilem
495 754 743 790 inexpiabilemque
759 754 870 788 praebe-

71 799 123 821 ret:
147 799 234 821 tamen
254 794 292 824 ei,
309 802 395 828 quum
410 797 495 819 tantas
510 801 552 819 res
568 792 699 828 gessisset
713 796 870 827 gereretque

70 831 204 867 quotidie,
228 840 280 857 non
301 831 404 856 amicus
419 839 478 856 esse
494 838 546 856 non
561 837 679 864 possem.
721 830 805 856 Cuius
821 837 870 864 ego

70 869 185 904 imperio
205 877 257 895 non
277 867 387 902 Alpium
403 867 505 893 vallum
521 871 610 894 contra
626 875 767 893 ascensum
783 871 870 893 trans-

69 906 291 943 gressionemque
307 905 460 936 Gallorum.
477 913 530 931 non
544 904 631 931 Rheni
650 903 763 935 fossam,
776 905 871 940 gurgi-

70 944 143 971 tibus
158 943 214 970 illis
230 942 438 973 redundantem,
456 942 650 969 Germanorum
664 942 870 968 immanissimis

69 981 197 1018 gentibus
218 980 315 1007 obiicio
336 984 362 1006 et
380 988 498 1015 oppono;
522 982 563 1007 82.
587 979 698 1014 perfecit
718 979 776 1011 ille,
803 984 832 1005 ut
847 979 869 1005 si

71 1022 174 1046 montes
195 1018 368 1048 residissent,
390 1026 482 1044 amnes
498 1018 679 1048 exaruissent,
695 1026 746 1043 non
762 1021 870 1044 naturae

71 1055 213 1092 praesidio,
227 1055 274 1082 sed
285 1055 394 1082 victoria
405 1064 454 1081 sua
465 1055 600 1090 rebusque
611 1056 695 1090 gestis
702 1054 803 1081 ltaliam
811 1063 872 1080 mu-

71 1094 154 1121 nitam
176 1093 346 1120 haberemus,
378 1092 431 1119 Sed
454 1101 539 1128 quum
559 1100 603 1118 me
623 1096 742 1127 expetat,
766 1092 868 1127 diligat,

71 1131 146 1158 omni
161 1130 240 1157 laude
252 1130 365 1166 dignum
377 1135 466 1165 putet:
490 1135 518 1156 tu
530 1138 572 1156 me
584 1139 597 1156 a
610 1131 663 1156 tuis
675 1130 826 1156 inimicitiis
838 1129 871 1155 ad

71 1168 236 1195 simultatem
254 1167 409 1194 revocabis?
429 1169 468 1194 sic
484 1168 538 1194 tuis
549 1167 696 1194 sceleribus
708 1167 871 1202 reipublicae

72 1206 213 1241 praeterita
231 1205 283 1232 fata
299 1204 456 1232 refricabis‘?
476 1205 553 1237 Quod
569 1205 679 1240 quidem
693 1209 730 1235 tu,
744 1205 792 1239 qui
804 1205 871 1231 bene

72 1252 166 1270 nosses
187 1243 402 1270 coniunctionem
425 1251 511 1269 meam
532 1248 558 1269 et
579 1243 713 1273 Caesaris,
732 1242 869 1273 eludebas,

72 1289 158 1316 quum
178 1289 193 1306 a
214 1289 256 1307 me
275 1280 453 1306 trementibus
469 1281 578 1307 omnino
594 1280 690 1311 labris,
709 1280 756 1306 sed
772 1284 870 1311 tamen,

72 1318 175 1345 curtibi
187 1326 283 1344 nomen
296 1326 346 1344 non
353 1317 494 1349 deferrem,
504 1318 669 1353 requirebas,
692 1317 871 1352 Quamquam,

73 1355 146 1391 quod
157 1354 190 1382 ad
202 1363 244 1381 me
254 1355 356 1386 attinet,

130 1393 275 1426 Numquam
287 1394 363 1419 islam
377 1395 527 1419 imminuam
539 1395 628 1419 miram
639 1394 775 1426 infitiando
785 1393 831 1418 tibi
837 1401 844 1418 :

74 1435 163 1457 tamen
179 1434 220 1456 est
235 1430 302 1456 mihi
317 1429 555 1460 considerandum.
574 1434 705 1465 quantum
722 1429 776 1460 illi,
795 1429 874 1455 tantis

74 1467 239 1503 reipublicae
251 1468 364 1503 negotiis
372 1472 497 1502 tantoque
504 1467 718 1502 belloimpedito,
728 1475 785 1502 ego,
795 1466 875 1493 homo

75 1505 270 1535 amicissimus.
294 1504 484 1531 sollicitudinis
509 1509 589 1540 atque
612 1505 701 1531 oneris
726 1504 872 1539 imponam.

75 1543 129 1569 Nec
144 1542 258 1577 despero
269 1547 366 1574 tamen,
379 1551 544 1577 quamquam
558 1542 666 1578 languet
676 1542 812 1572 iuventus,
828 1550 875 1568 nec

75 1579 196 1615 perinde.
209 1584 289 1614 atque
300 1579 422 1611 debebat,
440 1581 468 1606 in
484 1579 572 1606 laudis
584 1584 609 1606 et
619 1578 719 1615 gloriae
729 1579 875 1614 cupiditate
905 1584 906 1587 ’

75 1621 210 1648 versatur,
229 1616 333 1643 futuros
349 1616 470 1652 aliquos,
487 1617 534 1652 qui
551 1617 685 1643 abiectum
703 1616 752 1643 hoc
762 1615 876 1643 cadaver

74 1653 262 1681 consularibus
273 1654 368 1689 spoliis
380 1654 480 1681 nudare
487 1663 538 1681 non
552 1654 644 1686 nolint,
653 1654 809 1689 praesertim
823 1659 874 1681 tam

75 1691 185 1723 afflicto,
199 1696 253 1718 tam
264 1692 380 1723 infirmo,
393 1696 446 1718 tam
458 1696 583 1718 enervato
594 1700 652 1718 reo:
674 1692 721 1726 qui
734 1696 758 1718 te
769 1692 803 1718 ita
814 1700 876 1727 ges-

75 1729 152 1761 seris,
166 1733 196 1756 ut
207 1730 325 1761 timeres,
342 1738 375 1756 ne
386 1729 515 1765 indignus
528 1729 658 1756 beneficio
669 1728 808 1761 videreris,
822 1730 875 1756 nisi

75 1767 145 1798 eius,
158 1775 173 1793 a
183 1775 238 1801 quo
249 1767 351 1793 missus
362 1775 430 1799 eras,
444 1766 603 1794 simillimus
614 1767 775 1793 exstitisses.

132 1804 257 1831 XXXIV.
278 1806 320 1831 83.
337 1804 377 1831 An
390 1813 452 1831 vero
464 1810 491 1831 tu
503 1813 597 1840 parum
611 1809 690 1839 putas
701 1804 876 1840 investigatas

76 1850 134 1869 esse
149 1850 164 1868 a
180 1842 258 1868 nobis
274 1841 347 1869 labes
363 1842 468 1877 imperii
482 1843 520 1869 tui
536 1847 693 1877 stragesque
705 1842 877 1877 provinciae?

75 1888 144 1915 quas
164 1879 275 1914 quidem
297 1888 344 1906 nos
365 1888 416 1906 non
438 1880 560 1916 vestigiis
580 1880 720 1906 odorantes
736 1880 876 1915 ingressus

77 1921 151 1948 tuos,
174 1916 221 1943 sed
242 1917 304 1943 totis
325 1917 536 1944 volutationibus
557 1918 675 1952 corporis
695 1922 721 1944 et
738 1917 876 1944 cubilibus

78 1954 212 1989 persecuti
223 1962 328 1981 sumus.
369 1955 461 1981 Notata
480 1963 495 1981 a
512 1954 588 1981 nobis
604 1959 676 1986 sunt,
694 1959 719 1981 et
734 1955 819 1989 prima
831 1954 876 1981 illa

77 1990 178 2017 scelera
193 1991 221 2017 in
236 1991 367 2022 adventu,
384 2000 480 2026 quum,
493 1996 599 2026 accepta
612 1993 723 2027 pecunia
735 2001 749 2018 a
760 1992 878 2028 Dyrrha-

76 2027 166 2055 chinis
181 2028 216 2054 ob
231 2036 323 2055 necem
340 2028 454 2064 hospitis
469 2030 507 2056 tui
524 2029 649 2060 Platoris,
663 2030 721 2056 eius
733 2029 819 2064 ipsius
829 2029 878 2056 do-

79 2074 153 2092 mum
170 2066 303 2096 evertisti,
321 2066 400 2092 cuius
411 2066 570 2101 sanguinem
583 2066 733 2097 addixerim.
749 2075 875 2102 eumque,

78 2103 163 2130 servis
184 2102 385 2138 symphoniacis
406 2108 432 2130 et
447 2103 507 2130 aliis
524 2104 682 2130 muneribus
697 2105 826 2139 acceptis,
845 2105 878 2130 ti-

79 2144 206 2171 mentem,
220 2140 392 2176 multumque
402 2140 569 2167 dubitantem
581 2141 754 2172 confirmasti,
763 2141 879 2168 etThes—

79 2177 225 2204 salonicam
239 2177 291 2204 {lde
303 2182 346 2204 tua
359 2178 450 2204 venire
462 2179 576 2205 iussisti.
602 2178 687 2211 Quem
700 2188 732 2206 ne
747 2179 878 2206 maiorum

78 2214 189 2250 quidem
205 2223 278 2242 more
293 2215 429 2250 supplicio
443 2215 566 2247 affecisti.
584 2224 669 2251 quum
686 2217 768 2243 miser
779 2216 824 2243 ille
836 2225 879 2242 se-

79 2252 190 2279 curibus
211 2252 326 2287 hospitis
342 2253 385 2279 sui
401 2253 518 2279 cervices
537 2253 670 2280 subiicere
684 2254 808 2290 gestiret,
832 2253 878 2279 sed

79 2289 104 2316 ei
116 2289 233 2321 medico,
251 2298 332 2325 quem
345 2294 431 2317 tecum
441 2290 582 2321 eduxeras,
596 2291 743 2325 imperasti,
758 2295 786 2317 ut
798 2299 879 2317 venas

80 2326 199 2354 hominis
219 2327 361 2354 incideret:
388 2329 429 2354 st.
447 2336 532 2362 quum
548 2327 659 2362 quidem
676 2329 724 2355 tibi
741 2329 820 2354 etiam
837 2337 880 2354 ac-

81 2364 168 2391 cessio
182 2363 234 2391 fuit
248 2364 280 2391 ad
298 2373 389 2391 ucccm
406 2365 517 2392 Platoris
533 2365 682 2396 Pleuratus,
700 2366 758 2392 eius
773 2374 878 2398 comes;

80 2409 162 2465 quem
172 2403 271 2429 necasti
279 2402 445 2434 verberibus,
453 2411 559 2429 summa
570 2407 706 2429 senectute
717 2402 878 2429 confectum.

93 2437 210 2474 demque
226 2443 254 2466 tu
270 2440 465 2471 Rabocentum,
483 2440 605 2466 Bessicae
619 2440 708 2475 gentis
720 2441 878 2474 principem,

82 2483 168 2511 quum
184 2481 209 2503 te
225 2478 349 2504 trecentis
363 2477 470 2504 talentis
486 2478 541 2513 regi
556 2476 631 2504 Cotto
646 2477 825 2507 vendidisses,
837 2486 881 2503 se-

83 2513 141 2539 curi
157 2515 326 2548 percussisti:
347 2523 433 2550 quum
450 2514 495 2541 ille
507 2515 539 2541 ad
551 2519 575 2541 te
587 2514 690 2549 legatus
702 2515 727 2541 in
739 2519 824 2541 castra
836 2523 882 2540 ve-

85 2549 182 2591 nisset,
199 2555 225 2578 et
239 2552 286 2578 tibi
303 2561 398 2588 magna
414 2552 547 2588 praesidia
561 2557 587 2578 et
597 2551 697 2578 auxilia
709 2561 723 2578 a
733 2551 824 2578 Bessis
835 2560 881 2586 pe-

85 2586 177 2630 ditum.
191 2588 368 2625 equitumque
389 2590 571 2625 polliceretur:
596 2598 683 2624 neque
703 2597 764 2616 eum
781 2588 880 2621 solum,

85 2623 134 2650 sed
143 2628 223 2652 etiam
233 2630 333 2655 eeteros
346 2627 454 2663 legatos,
462 2627 510 2663 qui
517 2626 598 2653 simul
612 2631 752 2658 venerunt;
765 2635 880 2661 quorum

85 2661 207 2703 omnium
217 2663 303 2698 capita
314 2665 453 2701 regiCotto
464 2664 619 2691 vendidisti.
641 2663 798 2694 Denseletis,
812 2672 881 2698 quae

88 2702 288 2736 natio,semper
306 2702 434 2730 obediens
454 2703 517 2729 huic
537 2701 662 2737 imperio.
684 2701 764 2728 etiam
785 2702 812 2728 in
836 2701 881 2728 illa

1071 158 1124 185 CA
1140 159 1168 184 P.
1205 160 1235 184 30
1255 173 1291 177 —
1313 159 1354 184 36.
1663 158 1713 184 555

916 230 1036 257 omnium
1049 230 1223 256 barbarorum
1234 228 1382 255 defectione
1398 227 1579 254 Macedoniam
1587 227 1615 254 C.
1625 227 1716 253 Sentio

917 272 1036 302 praetore
1057 271 1139 293 tutata
1154 271 1207 297 est,
1226 266 1357 292 nefarium
1369 265 1471 292 bellum
1488 270 1514 291 et
1524 264 1632 291 crudele
1643 265 1717 291 intu-

894 309 895 315 ¹
918 305 986 331 listi:
1009 305 1113 339 eisque,
1126 313 1212 339 quum
1225 303 1392 330 fidelissimis
1404 303 1484 329 sociis
1495 303 1535 328 uti
1547 310 1654 337 posses,
1668 302 1717 328 ho-

918 343 1005 369 stibus
1021 343 1060 369 uti
1072 342 1207 368 acerrimis
1219 341 1350 368 maluisti.
1390 341 1426 367 Ita
1438 344 1581 375 perpetuos
1593 338 1717 366 defenso-

918 389 959 406 res
976 379 1145 406 Macedoniae
1157 383 1294 405 vexatores
1306 387 1334 404 ac
1347 377 1494 413 perditores
1505 377 1625 403 effecisti.
1666 377 1718 403 Ve-

918 417 1024 453 ctigalia
1036 422 1123 443 nostra
1135 416 1333 451 perturbarunt,
1343 415 1423 441 urbes
1434 419 1571 450 ceperunt,
1580 419 1718 440 vastarunt

896 481 897 484 ,
919 464 1005 490 agros,
1019 455 1105 481 socios
1118 459 1222 480 nostros
1234 454 1261 479 in
1273 453 1431 479 servitutem
1442 452 1626 482 abduxerunt,
1640 451 1719 478 fami-

423 495 507 521 Habet
523 495 571 520 hoc
587 494 686 524 virtus,
700 501 782 528 quam
795 498 823 519 tu
836 501 867 518 ne
896 491 897 495 ’

920 492 968 518 lias
984 492 1169 526 abripuerunt,
1184 500 1266 526 pecus
1278 491 1438 526 abegerunt3
1454 489 1716 519 Thessalonicenses,

919 538 1005 564 quum
1024 529 1125 564 oppido
1135 529 1332 563 desperassent,
1348 528 1452 554 munire
1464 535 1551 554 arcem
1562 531 1716 562 coegerunt.

919 567 1032 594 XXXV.
1055 568 1097 593 85.
1109 566 1131 592 Α
1143 571 1167 592 te
1178 566 1309 592 lovisUrii
1322 565 1414 591 fanum
1426 565 1647 600 antiquissimum
1659 564 1720 590 bar—

920 605 1046 631 barorum
1061 604 1318 638 sanctissimumque
1329 603 1464 637 direptum
1477 607 1526 628 est.
1553 602 1609 627 Tua
1620 601 1719 627 scelera

920 642 957 668 dii
982 641 1145 668 immortales
1167 642 1194 667 in
1215 645 1318 667 nostros
1340 640 1439 666 milites
1459 640 1650 674 expiaverunt:
1672 639 1719 673 qui

921 689 1006 714 quum
1023 688 1076 705 uno
1087 687 1184 714 genere
1196 678 1281 704 morbi
1292 677 1482 713 affligerentur,
1496 685 1583 711 neque
1595 685 1623 703 se
1634 684 1721 702 recre-

921 726 964 743 are
979 717 1126 751 quisquam
1138 720 1240 750 posset,
1253 715 1300 750 qui
1312 714 1394 741 semel
1407 714 1558 745 incidisset,
1581 713 1722 740 dubitabat

922 763 1008 784 nemo,
1022 755 1088 788 quin
1100 753 1191 779 violati
1204 753 1332 787 hospites,
1347 752 1425 787 legati
1436 752 1530 782 necati.
1545 752 1629 786 pacati
1641 755 1721 786 atque

921 792 986 818 socii
1004 791 1104 817 nefario
1120 790 1190 816 bello
1207 790 1336 821 lacessiti,
1351 789 1409 815 fana
1422 794 1525 819 vexata,
1542 789 1610 815 hanc
1621 793 1721 815 tantam

922 829 1058 856 efficerent
1079 829 1239 854 vastitatem.
1281 827 1426 863 Cognoscis
1448 835 1481 852 ex
1496 825 1625 861 particula
1642 834 1720 861 parva

922 866 1054 893 scelerum
1067 870 1092 892 et
1103 865 1271 892 crudelitatis
1284 869 1344 891 tuae
1355 873 1441 900 genus
1453 864 1622 890 universum.

978 906 1020 930 86.
1043 903 1114 935 Quid
1129 903 1269 933 avaritiae,
1287 911 1356 937 quae
1371 901 1532 928 criminibus
1547 901 1659 927 infinitis
1671 901 1722 926 im—

922 942 1018 977 plicata
1034 946 1088 971 est,
1106 949 1241 967 summam
1259 948 1331 966 nunc
1342 938 1493 974 explicem?
1516 938 1668 965 Generatim
1682 946 1720 967 ea,

923 988 992 1015 quae
1013 979 1131 1006 maxime
1152 982 1212 1004 nota
1228 982 1305 1008 sunt,
1323 977 1421 1003 dicam,
1462 977 1555 1002 Nonne
1569 975 1722 1002 sestertium

922 1017 1023 1043 centies
1044 1022 1069 1043 et
1089 1016 1214 1051 octogies,
1237 1015 1323 1050 quod,
1342 1015 1420 1049 quasi
1444 1014 1541 1040 vasarii
1558 1014 1678 1043 nomine.
1696 1013 1723 1039 in

924 1054 1076 1081 venditione
1091 1062 1144 1080 mei
1155 1053 1249 1088 capitis
1261 1052 1430 1087 ascripseras,
1439 1060 1473 1078 ex
1483 1051 1582 1077 aerario
1589 1050 1639 1077 tibi
1650 1051 1724 1076 attri—

923 1093 1033 1123 butum,
1056 1092 1154 1118 Romae
1171 1091 1196 1117 in
1213 1095 1328 1125 quaestu
1344 1088 1496 1124 reliquisti?
1515 1089 1622 1119 Nonne,
1638 1096 1723 1124 quum

924 1138 959 1156 cc
972 1129 1068 1156 talenta
1082 1129 1129 1155 tibi
1144 1128 1327 1163 Apolloniatae
1339 1126 1590 1156 Romaededissent,
1601 1134 1632 1152 ne
1644 1134 1725 1160 pecu-

924 1168 982 1194 nias
998 1166 1113 1193 creditas
1129 1166 1276 1196 solverent,
1294 1165 1365 1191 ultro
1376 1164 1526 1195 Fufidium,
1540 1164 1659 1198 equitem
1675 1163 1726 1189 Ro-

925 1213 1048 1235 manum,
1065 1204 1201 1230 hominem
1212 1203 1414 1229 ornatissimum
1423 1223 1429 1233 ,
1442 1201 1609 1232 creditorem,
1622 1200 1726 1227 debito-

925 1243 1001 1269 ribus
1022 1242 1080 1268 suis
1101 1240 1247 1268 addixisti?
1272 1241 1377 1271 Nonne,
1401 1240 1512 1266 hiberna
1531 1247 1618 1274 quum
1641 1238 1727 1273 legato

926 1279 1112 1315 praefectoque
1133 1278 1305 1309 tradidisses,
1329 1278 1448 1304 evertisti
1470 1277 1582 1303 miseras
1603 1275 1726 1302 funditus

925 1318 1060 1344 civitates:
1083 1325 1152 1351 quae
1168 1324 1220 1342 non
1236 1315 1324 1342 solum
1339 1315 1417 1341 bonis
1433 1319 1497 1341 sunt
1507 1314 1666 1343 exhaustae.
1679 1313 1726 1339 sed

926 1355 1005 1381 etiam
1018 1353 1131 1381 nefarias
1145 1353 1289 1380 libidinum
1300 1351 1477 1379 contumelias
1490 1350 1726 1386 turpitudinesque

926 1391 1087 1419 subierunt‘?
1106 1390 1158 1423 Qui
1175 1390 1271 1417 modus
1290 1390 1338 1416 tibi
1351 1389 1402 1416 fuit
1413 1389 1539 1415 frumenti
1551 1387 1728 1415 aestimandi?

926 1430 974 1464 qui
994 1428 1146 1455 honorarii?
1165 1429 1188 1454 si
1200 1428 1312 1463 quidem
1325 1431 1411 1462 potest
1423 1426 1448 1453 vi
1460 1431 1485 1453 et
1496 1431 1569 1452 metu
1581 1430 1724 1453 extortum,

927 1467 1098 1494 honorarium
1112 1466 1253 1492 nominari.
1294 1464 1370 1497 Quod
1382 1472 1467 1499 quum
1480 1471 1611 1498 peraeque
1622 1471 1724 1492 omnes,

928 1509 984 1531 tum
1004 1504 1178 1530 acerbissime
1194 1503 1307 1533 Boeotii,
1325 1507 1350 1528 et
1364 1501 1499 1538 Byzantii.
1518 1501 1725 1529 Cherronenses,

927 1541 1115 1568 Thessalonica
1131 1541 1225 1567 sensit.
1266 1540 1342 1566 Unus
1359 1543 1386 1566 tu
1403 1539 1542 1569 dominus,
1561 1546 1632 1564 unus
1648 1538 1728 1564 aesti-

929 1584 1025 1610 mator,
1045 1587 1116 1605 unus
1132 1577 1255 1604 venditor
1270 1581 1321 1604 tota
1337 1577 1364 1603 in
1377 1576 1512 1611 provincia
1525 1584 1571 1611 per
1583 1575 1727 1602 triennium

929 1616 1055 1643 frumenti
1068 1616 1155 1642 omnis
1168 1615 1255 1641 fuisti.
1282 1614 1405 1641 xxxvl.
1429 1614 1470 1640 87.
1495 1613 1566 1645 Quid
1578 1621 1628 1648 ego
1639 1620 1728 1639 rerum

928 1653 1082 1689 capitalium
1095 1654 1278 1688 quaestiones,
1293 1660 1397 1678 reorum
1410 1651 1553 1686 pactiones,
1567 1650 1729 1685 redemptio-

929 1701 986 1722 neS,
999 1691 1188 1718 acerbissimas
1199 1690 1393 1719 damnationes.
1410 1688 1648 1715 libidinosissimas
1662 1687 1729 1714 libe-

928 1730 1042 1756 rationes
1049 1728 1180 1763 proferam
1187 1728 1200 1753 ἦ)
1211 1728 1336 1758 Tantum,
1345 1726 1432 1754 locum
1441 1726 1558 1760 aliquem
1565 1734 1651 1760 quum
1660 1725 1727 1751 mihi

929 1771 1021 1794 notum
1037 1767 1168 1796 senseris,
1188 1770 1275 1792 tecum
1289 1766 1346 1799 ipse
1358 1764 1461 1793 licebit.
1474 1767 1541 1798 quot
1552 1764 1579 1789 in
1591 1771 1622 1789 eo
1632 1771 1729 1797 genere

928 1809 953 1831 et
967 1809 1066 1839 quanta
1078 1804 1132 1830 sint
1147 1803 1273 1833 crimina,
1287 1801 1433 1828 recordere.
1459 1800 1548 1833 Quid‘?
1558 1799 1630 1827 illam
1643 1808 1731 1826 armo—

929 1851 989 1869 rum
1005 1841 1139 1868 officinam
1155 1840 1253 1876 ecquid
1269 1839 1428 1870 recordaris,
1446 1847 1546 1873 quum,
1564 1838 1636 1864 omni
1650 1838 1730 1863 totius

929 1880 1082 1914 provinciae
1098 1887 1191 1913 pecore
1202 1877 1355 1912 compulso.
1370 1876 1482 1912 pellium
1494 1876 1610 1906 nomine,
1623 1883 1730 1902 omnem

929 1921 1072 1952 quaestum
1088 1916 1166 1943 illum
1182 1915 1360 1943 domesticum
1373 1919 1568 1949 paternumque
1580 1912 1732 1939 renovasti?

929 1954 1040 1981 Videras
1057 1955 1128 1980 enim
1145 1953 1256 1989 grandis
1272 1953 1325 1979 inm
1341 1960 1421 1987 puer,
1439 1950 1510 1978 bello
1521 1950 1620 1980 Italico,
1634 1949 1729 1985 repleri

928 1996 1044 2027 quaestu
1057 1996 1172 2018 vestram
1185 1991 1310 2021 domum,
1323 1998 1410 2024 quum
1422 1993 1496 2024 peter
1507 1988 1589 2015 ermis
1601 1987 1730 2014 faciendis

930 2034 993 2056 tuus
1006 2028 1176 2064 praefuisset.
1207 2027 1296 2060 Quid?
1317 2026 1475 2062 vectigalem
1486 2025 1661 2061 provinciam,
1675 2025 1731 2051 sin-

929 2067 1001 2102 gulis
1018 2067 1112 2096 rebus,
1125 2073 1314 2101 quaecumque
1325 2065 1460 2095 venirent,
1473 2068 1543 2090 certo
1555 2063 1670 2098 portorio
1680 2063 1731 2088 im-

930 2105 1025 2139 posito,
1039 2104 1124 2130 servis
1137 2104 1190 2130 tuis
1203 2102 1356 2138 publicanis
1367 2111 1380 2128 a
1393 2106 1418 2128 te
1429 2101 1524 2128 factam
1536 2108 1595 2127 esse
1607 2100 1731 2126 memini-

930 2141 983 2168 sti‘?
1008 2143 1049 2168 88.
1071 2140 1160 2173 Quid?
1183 2140 1348 2167 centuriatus
1374 2138 1461 2173 palum
1482 2137 1623 2164 venditos⁹
1647 2137 1732 2172 quid?

931 2188 978 2214 per
990 2183 1066 2205 tuum
1078 2177 1218 2205 servulum
1230 2177 1338 2204 ordines
1349 2175 1518 2212 assignatos?
1533 2174 1619 2210 quid?
1629 2175 1732 2209 stipen-

908 2240 910 2244 .
931 2216 1006 2242 dium
1019 2215 1153 2242 militibus
1166 2224 1212 2250 per
1222 2223 1316 2241 omnes
1327 2222 1411 2240 annos
1425 2222 1439 2239 a
1450 2213 1615 2243 civitatibus,
1629 2212 1731 2238 mensis

932 2253 1018 2288 palam
1036 2253 1193 2288 propositis.
1210 2260 1269 2278 esse
1280 2249 1470 2278 numeratum?
1489 2249 1555 2285 quid
1568 2249 1612 2276 ills
1625 2249 1651 2275 in
1664 2249 1732 2274 Pon-

932 2295 989 2317 tum
1006 2289 1134 2324 profectio
1149 2294 1174 2316 et
1189 2293 1300 2315 conatus
1316 2287 1397 2314 tuus?
1416 2287 1483 2322 quid
1493 2286 1642 2313 debilitatio
1652 2291 1733 2320 atque

931 2328 1045 2354 abiectio
1055 2327 1137 2353 animi
1150 2327 1197 2356 tui,
1207 2325 1358 2352 Macedonio
1366 2325 1495 2360 praetoria
1507 2325 1636 2352 nuntiata.
1644 2331 1730 2357 quum

933 2370 960 2391 tu
974 2373 1025 2391 non
1037 2363 1124 2390 solum
1133 2384 1139 2393 .
1152 2363 1224 2398 quod
1238 2363 1286 2389 tibi
1297 2362 1494 2391 succederetur,
1507 2361 1554 2387 sed
1565 2360 1637 2395 quod
1649 2360 1732 2387 Gabi-

933 2403 977 2428 nio
989 2410 1040 2428 non
1052 2401 1248 2430 succederetur,
1257 2400 1562 2434 exsanguisetmortuus
1574 2397 1733 2424 concidisti?

932 2438 999 2474 quid
1010 2442 1135 2473 qiiaestor
1149 2437 1288 2464 aedilicius
1299 2436 1432 2463 reiectus?
1453 2436 1620 2471 praepositus
1633 2435 1732 2470 legato—

933 2485 992 2503 rum
1005 2480 1111 2502 tuorum
1121 2476 1240 2510 optimus
1252 2475 1336 2501 abste
1346 2475 1464 2509 quisque
1476 2471 1610 2500 violatus?
1630 2473 1731 2499 tribuni

933 2513 1062 2540 militares
1078 2521 1129 2540 non
1146 2511 1262 2548 recepti?
1283 2512 1318 2538 M.
1335 2511 1458 2541 Baebius.
1472 2511 1513 2537 vir
1525 2509 1608 2540 fortis,
1623 2509 1732 2536 interfe-

933 2556 992 2577 ctus
1008 2551 1085 2577 iussu
1098 2550 1162 2577 tuo‘?
1181 2552 1223 2576 89.
1237 2548 1326 2582 Quid?
1345 2548 1418 2584 quod
1431 2553 1458 2575 tu
1471 2549 1547 2575 toties
1562 2547 1690 2574 diffidens
1702 2556 1731 2574 nc

933 2588 1078 2623 desperans
1093 2588 1172 2614 rebus
1189 2589 1256 2617 tuis,
1270 2588 1297 2613 in
1313 2586 1452 2616 sordibus,
1467 2585 1589 2612 lamentis
1602 2585 1730 2620 luctuque

934 2624 1058 2652 iacuisti?
1077 2625 1150 2660 quod
1177 2624 1299 2660 populari
1324 2623 1363 2650 illi
1388 2623 1517 2650 secerdoti
1537 2627 1676 2649 sexcentos
1697 2622 1728 2648 nd

934 2663 1032 2689 bestias
1043 2664 1142 2689 amieos
1153 2663 1293 2697 sociosque
1308 2660 1426 2688 misisti?
1444 2659 1530 2696 quid?
1548 2660 1630 2695 quod,
1643 2668 1728 2695 quum

933 2704 1083 2728 sustentare
1094 2701 1139 2727 vix
1150 2708 1243 2736 posses
1255 2706 1400 2726 maerorem
1412 2703 1488 2725 tuum
1500 2697 1673 2732 doloremque
1683 2697 1729 2723 de-

1461 2744 1522 2771 70·
