1941 3052
409 154 596 182 ORATIO
627 155 718 182 PRO
750 156 787 182 M.

48 226 135 252 ximos
150 224 242 261 populi
256 226 367 252 Romani
382 227 515 253 exercitus
529 227 556 253 in
575 227 681 253 duabus
695 226 841 261 Hispaniis,

47 263 264 298 clarissimosque
278 264 450 298 imperatores
466 264 560 291 fuisse.
581 264 667 297 Quam
679 263 757 290 multi
767 264 845 298 equi-

48 305 88 327 tes
101 301 227 331 Romani,
247 309 328 335 quam
343 301 420 328 multi
435 302 536 328 tribuni
554 302 686 333 militum,
706 300 801 336 quales
819 305 845 327 et

48 342 114 373 quot
130 342 156 364 et
173 339 278 372 quoties
297 337 376 374 legati
398 339 431 365 ad
449 340 507 366 eos!
547 339 688 366 Exercitus
711 343 844 373 praeterea

48 375 97 402 Cn.
116 375 239 410 Pompeii
255 377 389 402 maximus
408 381 487 411 atque
506 377 694 403 ornatissimus
717 376 845 402 hiemavit

47 413 76 439 in
90 412 185 443 Gallia,
202 413 238 439 M.
253 413 362 440 Fonteio
376 414 533 448 imperante.
563 414 668 440 Satisne
683 413 758 439 vobis
774 412 845 439 mul-

48 454 89 476 tos
107 451 172 476 satis
190 449 299 477 idoneos
318 455 399 477 testes
417 456 442 477 et
461 452 581 478 conscios
601 451 707 477 videtur
720 451 778 485 ipsa
793 449 846 476 for-

49 492 112 514 tuna
131 495 191 514 esse
210 487 330 514 voluisse
352 497 443 515 earum
467 498 570 520 rerum,
594 497 663 523 quae
681 488 717 514 M.
737 487 846 514 Fonteio

48 528 168 560 praetore
180 530 336 561 gererentur
349 526 377 552 in
391 526 496 552 Gallia‘?
522 526 607 558 Quem
626 534 660 552 ex
673 529 745 552 tanto
758 525 846 551 homi-

49 571 115 589 num
129 570 241 589 numero
254 567 349 589 testem
360 566 388 590 in
400 563 448 590 hac
458 572 552 590 caussa
562 563 707 598 producere
718 561 847 597 potestis?

49 601 112 635 quis
125 604 166 626 est
179 608 212 626 ex
225 608 256 626 eo
270 609 394 632 numero,
414 601 461 636 qui
476 601 551 627 vobis
566 604 657 627 auctor
671 598 790 634 placeat?
816 607 845 625 eo

49 646 97 663 nos
116 637 169 663 iam
191 637 326 664 laudatore
344 642 370 664 et
383 642 449 664 teste
463 642 579 664 utemur.
621 638 662 663 Π.
684 636 845 663 Dubitabitis

49 675 129 701 etiam
143 674 260 706 diutius,
276 675 392 706 iudices,
408 676 475 710 quin
489 675 571 705 illud,
591 674 664 710 quod
677 674 754 700 initio
768 674 845 700 vobis

49 712 186 747 proposui,
200 713 373 739 verissimum
388 713 431 743 sit,
448 712 521 739 aliud
535 721 582 747 per
595 712 645 738 hoc
658 712 790 738 iudicium
805 711 846 737 ni-

49 749 88 776 hil
103 750 159 785 agi,
180 750 233 776 nisi
246 754 288 780 ut,
311 750 346 776 M.
362 750 471 776 Fonteio
484 758 613 785 oppresso
626 749 788 776 testimoniis
802 757 846 774 eo-

49 795 124 818 rum,
148 787 249 822 quibus
272 787 356 813 multa
379 787 542 822 reipublicae
560 796 655 813 caussa
674 786 846 813 invitissimis

49 825 178 859 imperata
192 828 263 855 sunt,
279 824 416 859 segniores
430 825 541 859 posthac
555 824 587 850 ad
602 823 789 859 imperandum
803 831 847 850 ce-

50 862 99 888 teri
117 862 183 893 sint,
204 870 289 896 quum
309 861 418 888 videant
436 870 480 888 eos
499 863 662 898 oppugnari,
683 861 785 897 quibus
798 869 848 895 op·

50 899 164 934 pressis,
180 898 273 934 populi
288 899 399 926 Romani
413 900 559 934 imperium
572 899 707 926 incolume
721 907 780 925 esse
794 907 847 925 non

49 935 152 972 possit?

103 973 147 1000 IV.
169 973 309 1000 Obiectum
324 978 364 1001 est
382 975 476 1005 etiam,
497 978 639 1009 quaestum
654 974 690 1000 M.
706 974 847 1000 Fonteium

49 1019 83 1038 ex
95 1011 200 1037 viarum
214 1012 363 1038 munitione
377 1011 486 1038 fecisse:
511 1017 541 1038 ut
559 1017 604 1038 aut
622 1020 654 1038 ne
668 1016 773 1047 cogeret
787 1020 848 1038 mu-

50 1049 116 1079 nire,
133 1053 179 1075 aut
192 1049 228 1080 id,
244 1049 317 1084 quod
333 1050 467 1076 munitum
481 1054 560 1080 esset,
577 1058 610 1076 ne
624 1050 796 1084 improbaret.
819 1049 847 1076 Si

49 1090 75 1112 et
88 1087 169 1113 coacti
184 1090 248 1113 sunt
261 1087 366 1113 munire
380 1095 486 1118 omnes,
503 1092 528 1113 et
542 1087 689 1114 multorum
703 1096 781 1122 opera
796 1087 848 1113 ini-

49 1123 158 1159 probata
172 1128 248 1150 sunt:
264 1128 334 1150 certe
348 1129 493 1160 utrumque
508 1124 606 1151 salsum
621 1129 670 1156 est,
687 1129 712 1151 et
725 1125 759 1151 oh
770 1133 848 1151 vaca-

49 1161 148 1188 tionem
162 1162 278 1196 pretium
292 1162 398 1194 datum,
418 1171 504 1198 quum
518 1163 648 1189 immunis
663 1171 742 1189 nemo
756 1162 844 1193 fuerit,

49 1203 75 1225 et
87 1199 121 1225 ob
135 1199 327 1234 probationem,
343 1208 429 1235 quum
443 1200 527 1226 multa
541 1200 689 1235 improbata
703 1201 767 1226 sint.
805 1202 844 1226 18.

49 1235 129 1268 Quid,
145 1237 169 1263 si
183 1237 232 1263 hoc
245 1237 345 1264 crimen
360 1238 470 1272 optimis
485 1238 639 1264 nominibus
650 1237 772 1273 delegare
784 1246 847 1272 pos-

50 1282 159 1306 sumus,
180 1279 205 1301 et
217 1275 267 1306 ita,
290 1284 342 1301 non
357 1280 387 1301 ut
400 1275 506 1310 culpam
522 1275 549 1301 in
564 1275 629 1301 alios
644 1275 844 1307 transferamus,

50 1311 98 1338 sed
112 1312 151 1338 uti
165 1311 321 1344 doceamus,
337 1321 382 1339 eos
396 1313 441 1339 isti
455 1313 599 1339 munitioni
614 1312 776 1347 praefuisse,
798 1313 846 1348 qui

50 1348 128 1376 facile
141 1349 260 1376 officium
274 1358 355 1376 suum
369 1354 395 1376 et
409 1355 541 1385 praestare
556 1355 581 1376 et
595 1350 706 1385 probare
715 1349 848 1385 possunt?

49 1390 174 1413 tamenne
193 1395 240 1413 vos
258 1388 347 1414 omnia
366 1388 393 1414 in
412 1388 447 1414 M.
463 1388 617 1419 Fonteium,
638 1388 712 1414 iratis
732 1388 847 1414 testibus

50 1423 124 1455 freti,
144 1424 305 1451 conferetis?
322 1424 412 1457 Quum
427 1425 573 1451 maioribus
588 1425 752 1460 reipublicae
766 1433 848 1461 nego-

50 1462 95 1488 tiis
110 1462 145 1488 M.
161 1462 288 1488 Fonteius
301 1462 490 1497 impediretur,
511 1467 537 1489 et
550 1471 635 1498 quum
650 1463 682 1489 ad
697 1462 848 1497 rempubli-

49 1507 107 1525 cam
123 1499 278 1534 pertineret,
294 1500 366 1526 viam
381 1500 521 1526 Domitiam
536 1501 650 1530 muniri,
668 1500 762 1536 legatis
777 1501 845 1531 suis,

50 1537 185 1571 primariis
200 1537 275 1568 viris,
291 1537 320 1564 C.
333 1537 420 1564 Annio
433 1537 551 1564 Bellieno
565 1543 591 1564 et
601 1538 630 1564 C.
642 1538 751 1564 Fonteio
766 1546 848 1573 nego-

50 1574 118 1601 tium
137 1574 219 1601 dedit.
259 1575 352 1610 Itaque
370 1575 556 1610 praefuerunt:
584 1576 787 1610 imperaverunt
801 1583 848 1610 pro

49 1611 179 1648 dignitate
193 1620 250 1643 sua,
266 1612 338 1647 quod
349 1613 438 1639 visum
453 1617 501 1644 est,
519 1617 544 1639 et
558 1613 747 1647 probaverunt.
770 1612 847 1645 Quod

50 1657 112 1680 VOS,
132 1650 155 1676 si
174 1649 247 1676 nulla
265 1650 316 1676 alia
335 1658 368 1676 ex
385 1659 426 1681 re,
447 1659 480 1676 ex
498 1650 592 1676 litteris
611 1650 722 1685 quidem
737 1650 844 1681 nostris,

49 1694 118 1722 quas
140 1687 336 1721 exscripsistis,
365 1692 391 1714 et
413 1688 504 1714 missis
523 1692 548 1714 et
565 1687 666 1719 allatis,
692 1692 761 1714 certe
780 1688 848 1714 scire

50 1725 186 1759 potuistis.
215 1724 288 1757 Quas
301 1725 324 1751 si
339 1729 414 1751 antea
429 1734 481 1752 non
497 1725 609 1761 legistiS‚
626 1734 698 1752 nunc
711 1734 745 1752 ex
759 1725 845 1756 nobis,

49 1762 116 1797 quid
130 1761 163 1789 de
176 1762 210 1789 iis
224 1762 305 1789 rebus
319 1763 445 1789 Fonteius
460 1763 491 1789 ad
507 1763 606 1799 legatos
620 1772 684 1790 suos
699 1763 846 1798 scripserit,

49 1799 116 1834 quid
129 1799 162 1826 ad
176 1808 238 1826 eum
252 1799 292 1827 illi
310 1801 508 1835 rescripserint,
529 1801 691 1837 cognoscite.
731 1811 754 1827 ι.
770 1810 796 1827 u.
812 1809 848 1827 An

50 1845 73 1863 c.
93 1845 204 1864 Annium
228 1846 292 1865 ιεσ.
312 1847 348 1864 an
372 1847 393 1865 c.
412 1847 561 1865 rosrsiuu
585 1847 648 1866 nso.
668 1847 813 1865 LITTERAE
832 1846 847 1864 Λ

51 1882 74 1901 c.
90 1883 178 1901 ANNto
191 1884 255 1902 tac..
271 1884 286 1902 Α
300 1884 321 1902 c.
336 1885 462 1902 remmio
476 1885 538 1902 aas.

108 1913 147 1938 ⁴9.
169 1911 239 1939 Satis
253 1913 347 1948 opinor
360 1921 420 1939 esse
434 1913 620 1948 perspicuum,
641 1912 759 1945 iudices,
779 1913 848 1940 hanc

50 1949 178 1976 rationem
197 1950 354 1977 munitionis
373 1959 460 1986 neque
478 1951 510 1977 ad
525 1951 560 1977 M.
576 1951 716 1978 Fonteium
731 1951 848 1986 pertine—

50 1994 91 2018 re,
107 1991 133 2013 et
146 1987 180 2013 ab
193 1987 226 2014 iis
241 1995 299 2014 esse
314 1992 462 2020 tractatam,
485 1997 553 2023 quos
567 1996 646 2015 nemo
659 1989 745 2023 possit
758 1996 849 2024 repre-

50 2023 178 2051 hendere.
217 2025 249 2051 V.
272 2024 427 2060 Cognoscite
451 2034 522 2052 nunc
545 2025 578 2052 de
599 2026 711 2052 crimine
733 2026 845 2058 vinario,

50 2061 123 2096 quod
146 2061 188 2088 illi
205 2062 449 2089 invidiosissimum
467 2067 493 2089 et
511 2063 659 2089 maximum
678 2071 736 2089 esse
755 2063 849 2090 volue-

51 2103 122 2125 runt.
165 2098 270 2125 Crimen
289 2108 302 2125 a
317 2099 459 2132 Plaetorio,
480 2100 598 2132 iudices,
618 2101 653 2127 ita
671 2101 847 2127 constitutum

51 2140 104 2170 est3
133 2136 241 2163 Fonteio
259 2145 310 2163 non
331 2137 356 2163 in
372 2137 458 2163 Gallia
477 2137 596 2172 primum
610 2139 717 2164 venisse
730 2139 758 2165 in
773 2147 848 2164 men-

51 2177 118 2203 tem.
138 2177 168 2200 ut
182 2174 328 2209 portorium
344 2175 400 2200 vini
414 2175 578 2206 institueret,
599 2175 647 2202 sed
666 2175 714 2202 hac
732 2176 760 2202 in
774 2175 847 2202 Italia

52 2211 185 2246 proposita
200 2212 308 2243 ratione,
325 2212 406 2238 Roma
422 2211 581 2246 profectum.
607 2213 699 2248 Itaque
713 2213 847 2239 Titurium

51 2247 161 2275 Tolosae
174 2252 317 2283 quaternos
330 2249 453 2276 denarios
469 2249 494 2276 in
506 2249 627 2285 singulas
638 2251 694 2277 vini
704 2251 847 2285 amphoras

51 2286 160 2320 portorii
178 2287 285 2312 nomine
303 2287 440 2321 exegisse,
467 2287 585 2313 Croduni
604 2288 726 2314 Porcium
745 2293 771 2314 et
789 2289 849 2314 Mu-

53 2323 127 2349 nium
155 2327 243 2350 ternos
271 2324 437 2355 victoriatos,
466 2329 491 2350 et
514 2324 678 2351 Vulchalone
701 2325 847 2352 Servaeum

51 2359 129 2387 binos
143 2361 306 2394 victoriatos;
322 2366 403 2396 atque
417 2362 444 2388 in
459 2362 501 2388 his
518 2361 581 2388 locis
595 2362 629 2388 ab
644 2362 686 2389 his
701 2364 847 2397 portorium

52 2405 111 2424 esse
128 2402 266 2431 exactum,
289 2399 311 2425 si
331 2400 378 2434 qui
398 2399 587 2430 Cobiomacho,
612 2400 661 2434 qui
684 2401 761 2427 vicus
779 2401 848 2426 inter

51 2433 172 2462 Tolosam
186 2439 212 2462 et
226 2436 376 2463 Narbonem
391 2440 444 2467 est,
460 2437 673 2468 deverterentur,
696 2446 783 2473 neque
797 2438 849 2463 To-

53 2470 134 2498 losam
157 2473 196 2499 ire
218 2473 331 2500 vellent:
359 2473 641 2500 Elesioduluscantum
664 2483 743 2501 senos
765 2475 849 2501 denu-

51 2509 104 2535 rios
117 2510 151 2536 ab
165 2510 220 2541 his,
236 2511 283 2546 qui
298 2511 331 2537 ad
346 2511 448 2538 hostem
463 2515 609 2546 portarent,
631 2513 762 2547 exegisse.
803 2514 846 2539 20.

51 2545 143 2578 Video,
160 2547 271 2579 iudices,
287 2556 346 2575 esse
359 2549 470 2580 crimen,
486 2553 511 2575 et
524 2557 621 2584 genere
636 2549 694 2584 ipso
708 2558 846 2585 magnum,

51 2581 174 2620 (vectigal
188 2585 259 2611 enim
274 2594 333 2612 esse
346 2586 502 2621 impositum
519 2586 650 2612 fructibus
665 2587 763 2613 nostris
781 2587 849 2613 dici—

52 2623 103 2652 tur,
119 2626 144 2647 et
157 2623 297 2656 pecuniam
312 2631 484 2659 permagnam
500 2624 549 2650 ista
564 2624 663 2650 ratione
674 2625 734 2659 cogi
745 2624 850 2659 potuis-

52 2665 81 2684 se
101 2660 247 2695 confiteor.)
268 2664 294 2686 et
317 2661 432 2687 invidia:
457 2660 499 2687 vel
519 2661 636 2687 maxime
654 2662 726 2688 enim
745 2662 848 2688 inimici

52 2693 120 2722 hanc
137 2704 193 2723 rem
211 2697 381 2724 sermonibus
399 2697 539 2734 divulgare
554 2698 710 2726 voluerunt:
738 2699 784 2726 sed
800 2707 849 2735 ego

822 155 1052 182 FONTEIO.
1086 155 1326 182 CAP.2—7.
1639 160 1683 186 35¹

896 226 931 252 ita
946 226 1083 257 existimo,
1099 234 1154 261 quo
1167 227 1254 253 maius
1269 227 1370 253 crimen
1384 227 1419 253 sit
1432 226 1468 258 id,
1484 226 1556 262 quod
1570 227 1693 254 ostenda-

897 268 940 290 tur
958 272 1017 290 esse
1036 263 1149 295 falsum,
1171 264 1221 290 hoc
1239 265 1366 290 maiorem
1384 264 1416 290 ab
1435 273 1466 290 eo
1484 265 1609 291 iniuriam
1625 265 1691 296 fieri,

896 301 943 336 qui
959 301 985 327 id
1000 301 1143 337 contingat.
1183 300 1247 328 Vult
1260 303 1332 328 enim
1347 302 1531 338 magnitudine
1546 302 1582 328 rei
1597 303 1635 328 sic
1649 311 1694 329 oc—

897 347 994 373 cupare
1008 339 1110 365 animos
1122 347 1223 370 eorum,
1239 340 1287 374 qui
1298 339 1420 371 audiunt,
1436 344 1466 366 ut
1475 339 1593 365 difficilis
1605 339 1694 366 aditus

897 376 1001 402 veritati
1016 375 1193 411 relinquatur.

954 414 1002 446 (De
1012 416 1118 440 crimine
1127 416 1237 443 vinario,
1253 416 1283 440 de
1293 414 1356 439 bello
1369 414 1553 440 Vocontiorum.
1569 416 1599 439 (Ie
1607 416 1696 448 dispo-

896 453 988 476 sitione
1001 452 1163 477 hibernorum
1177 453 1357 477 desiderantur
1370 452 1478 484 omnia.)

953 488 995 514 VI.
1018 489 1059 514 2⁴.
1081 490 1114 514 At
1124 488 1174 514 hoc
1186 488 1256 514 Galli
1271 493 1381 523 negant:
1397 503 1433 508 —
1447 493 1472 514 at
1486 488 1552 514 ratio
1566 496 1655 514 rerum
1670 492 1696 515 et

898 525 938 551 vis
953 529 1171 560 argumentorum
1186 526 1313 560 coarguit.
1330 540 1365 545 —
1382 526 1470 552 Potest
1485 526 1566 561 igitur
1580 526 1695 552 testibus

897 562 980 588 iudex
993 572 1044 588 non
1055 562 1180 588 credere?
1192 577 1229 582 --
1243 562 1364 596 Cupidis,
1380 567 1406 589 et
1416 563 1498 593 iratis,
1515 568 1541 589 et
1551 564 1696 590 coniuratis

898 604 924 626 et
941 600 974 625 ab
993 600 1121 635 religione
1138 600 1248 626 remotis
1267 608 1318 626 non
1333 600 1420 626 solum
1435 605 1533 634 potest,
1554 600 1601 626 sed
1616 601 1695 627 etiam

898 637 986 663 debet.
1016 637 1121 664 Etenim
1137 637 1169 668 si,
1185 637 1248 671 quia
1263 636 1333 663 Galli
1348 637 1449 668 dicunt,
1466 638 1563 664 idcirco
1577 638 1612 664 M.
1626 638 1697 664 Fon-

898 675 968 700 teius
987 683 1085 700 nocens
1104 674 1300 700 existimandus
1318 679 1371 700 est:
1400 675 1466 709 quid
1485 675 1552 701 mihi
1570 684 1638 710 opus
1656 679 1697 702 est

898 712 1018 746 sapiente
1031 711 1140 738 iudice?
1152 712 1219 746 quid
1233 720 1318 747 aequo
1332 712 1501 746 quaesitore?
1514 712 1580 747 quid
1595 717 1696 739 oratore

898 758 950 775 non
969 748 1069 775 stulto‘?
1090 749 1187 775 Dicunt
1204 749 1275 775 enim
1291 749 1371 775 Galli.
1412 750 1515 785 Negare
1533 758 1585 776 non
1600 758 1697 784 possu-

898 795 970 813 mus.
1010 786 1058 812 Hic
1076 787 1099 812 si
1117 787 1250 821 ingeniosi
1269 791 1294 813 ct
1312 786 1390 821 periti
1405 791 1430 813 et
1444 788 1522 821 aequi
1536 787 1633 813 iudicis
1648 787 1696 813 has

899 828 986 859 partes
1005 832 1064 850 esse
1082 824 1255 854 existimatis,
1276 828 1318 855 ut,
1341 824 1468 859 quoniam
1486 824 1597 859 quidem
1616 829 1696 851 testes

899 862 1004 893 dicunt,
1025 862 1084 888 sine
1101 861 1156 888 ulla
1175 861 1340 888 dubitatione
1358 861 1522 888 credendum
1541 862 1588 888 sit:
1617 862 1696 888 Salus

898 900 957 934 ipsa
975 900 1093 925 virorum
1112 899 1221 926 sortium
1240 900 1418 925 innocentiam
1437 900 1506 925 tueri
1525 908 1577 925 non
1596 904 1694 934 potest3

899 938 941 963 sin
955 941 1045 963 autem
1059 938 1087 963 in
1102 937 1182 963 rebus
1196 936 1349 963 iudicandis
1364 945 1416 963 non
1434 937 1574 963 minimam
1595 942 1696 971 partem

899 974 932 1001 ad
950 983 1031 1001 unam
1050 983 1187 1009 quamque
1204 983 1260 1000 rem
1279 974 1484 1001 existimandam
1508 978 1697 1009 momentoque

899 1021 949 1038 suo
963 1012 1161 1047 ponderandam
1176 1012 1306 1047 sapientia
1320 1012 1418 1038 iudicis
1434 1016 1517 1038 tenet:
1545 1020 1594 1038 nae
1612 1011 1698 1038 multo

899 1054 1002 1076 vestrae
1017 1050 1130 1076 maiores
1144 1050 1335 1085 gravioresque
1349 1054 1436 1084 partes
1451 1054 1514 1076 sunt
1528 1049 1561 1075 ad
1578 1050 1699 1085 cogitan-

899 1087 973 1119 dum,
989 1096 1071 1122 quam
1086 1087 1118 1114 ad
1132 1087 1276 1114 dicendum
1292 1095 1376 1113 meae.
1401 1089 1443 1114 22.
1459 1087 1525 1113 Mihi
1540 1087 1611 1113 enim
1626 1095 1698 1113 sem—

898 1134 946 1160 per
960 1134 1012 1152 una
1026 1134 1135 1160 quaque
1149 1125 1181 1151 de
1196 1133 1223 1151 re
1238 1126 1313 1152 testis
1327 1133 1380 1151 non
1394 1124 1482 1151 solum
1494 1124 1586 1156 semel,
1603 1133 1698 1151 verum

899 1164 978 1189 etiam
992 1163 1109 1189 breviter
1122 1162 1341 1198 interrogandus,
1362 1167 1388 1188 et
1401 1171 1480 1197 saepe
1494 1163 1574 1188 etiam
1589 1170 1641 1188 non
1655 1163 1698 1188 in-

898 1200 1087 1236 terrogandus;
1108 1209 1141 1227 ne
1155 1205 1200 1227 aut
1213 1201 1279 1227 irato
1294 1199 1405 1226 facultas
1423 1200 1456 1226 ad
1474 1199 1619 1226 dicendum
1637 1199 1698 1226 data

898 1242 943 1265 aut
956 1238 1055 1273 cupido
1069 1238 1212 1265 auctoritas
1227 1238 1353 1264 attributa
1367 1246 1426 1264 esse
1441 1237 1572 1264 videatur.
1606 1237 1658 1264 Vos
1673 1241 1698 1264 et

898 1276 1006 1311 saepius
1020 1276 1142 1302 eamdem
1156 1284 1212 1302 rem
1227 1276 1325 1302 animis
1339 1276 1439 1311 agitare
1453 1279 1478 1301 et
1488 1275 1592 1301 diutius
1602 1283 1655 1301 uuo
1665 1274 1699 1301 de

898 1318 965 1340 teste
982 1314 1097 1349 cogitare
1116 1314 1241 1348 potestis:
1269 1318 1307 1345 et,
1328 1314 1352 1339 si
1370 1321 1451 1348 quem
1471 1321 1518 1339 nos
1537 1313 1699 1347 interrogare

899 1350 1051 1381 noluimus,
1071 1359 1140 1386 quae
1158 1360 1253 1377 caussa
1272 1351 1349 1377 nobis
1368 1351 1471 1377 tacendi
1491 1350 1583 1380 suerit,
1605 1351 1699 1376 existi-

899 1397 971 1415 mare
989 1388 1103 1415 debetis.
1143 1387 1336 1420 Quamobrem,
1356 1389 1379 1414 si
1398 1388 1447 1414 hoc
1466 1387 1549 1414 iudici
1568 1387 1698 1422 praescri—

899 1430 975 1461 ptum
990 1425 1048 1461 lege
1063 1430 1108 1452 aut
1121 1425 1208 1452 officio
1222 1426 1335 1460 putatis,
1356 1426 1470 1452 testibus
1483 1425 1604 1452 credere:
1629 1424 1698 1451 nihil

899 1467 948 1494 est,
964 1472 1012 1490 cur
1026 1463 1095 1489 alius
1109 1463 1162 1490 alio
1176 1463 1265 1490 iudice
1280 1463 1373 1490 melior
1387 1467 1432 1489 aut
1446 1463 1590 1497 sapientior
1604 1463 1699 1488 existi-

900 1505 997 1527 metur.
1019 1501 1108 1527 Unum
1123 1505 1164 1527 cst
1177 1501 1249 1527 enim
1264 1505 1289 1527 et
1303 1500 1419 1535 simplex
1434 1501 1539 1526 aurium
1555 1499 1695 1530 iudicium,

900 1543 925 1565 et
939 1539 1090 1573 promiscue
1105 1542 1130 1565 et
1143 1539 1321 1565 communiter
1335 1537 1424 1564 stultis
1439 1547 1468 1564 ac
1482 1537 1651 1571 sapientibus
1665 1537 1698 1563 ab

900 1581 992 1602 natura
1007 1576 1110 1602 datum.
1133 1578 1174 1603 23.
1190 1575 1260 1607 Quid
1275 1580 1316 1602 cst
1329 1576 1420 1611 igitur,
1437 1575 1483 1601 ubi
1498 1575 1602 1601 elucere
1614 1575 1700 1609 possit

900 1613 1059 1648 prudentia?
1086 1613 1132 1640 ubi
1150 1613 1266 1639 discerni
1285 1613 1385 1639 stultus
1403 1613 1508 1639 auditor
1525 1617 1549 1638 et
1571 1611 1698 1638 credulus

899 1651 933 1677 ab
947 1650 1072 1687 religioso
1086 1655 1111 1677 et
1120 1651 1234 1686 sapienti
1247 1649 1354 1676 iudice?
1368 1651 1501 1676 Nimirum
1513 1649 1590 1680 illud,
1608 1650 1634 1676 in
1644 1657 1699 1684 quo

900 1697 938 1720 ea,
950 1697 1019 1724 quae
1030 1688 1157 1715 dicuntur
1167 1697 1181 1714 a
1193 1688 1316 1718 testibus,
1333 1688 1499 1714 coniecturae
1510 1691 1535 1713 et
1545 1687 1699 1723 cogitationi

900 1726 1054 1757 traduntur,
1070 1730 1169 1761 quanta
1184 1726 1352 1755 auctoritate,
1369 1729 1468 1760 quanta
1483 1725 1564 1751 animi
1579 1725 1699 1759 aequita-

900 1768 937 1795 te,
965 1768 1066 1799 quanto
1084 1763 1198 1798 pudore,
1226 1767 1325 1798 quanta
1345 1762 1408 1794 tide,
1437 1766 1535 1798 quanta
1559 1762 1696 1798 religione,

898 1806 1000 1837 quanto
1025 1801 1115 1828 studio
1141 1801 1346 1827 existimationis
1372 1800 1470 1831 bonae,
1499 1804 1598 1835 quanta
1624 1808 1697 1831 cura,

898 1843 999 1874 quanto
1018 1839 1112 1865 timore
1131 1838 1263 1865 dicantur.
1303 1838 1358 1864 vu.
1379 1837 1420 1864 An
1435 1847 1498 1864 vero
1512 1846 1558 1863 vos
1573 1837 1599 1863 id
1615 1837 1641 1863 in
1661 1842 1700 1863 te-

899 1877 1033 1903 stimoniis
1057 1876 1198 1903 hominum
1225 1875 1399 1902 barbarorum
1425 1875 1599 1905 dubitabitis,
1627 1874 1699 1910 quod

900 1922 1036 1949 persaepe,
1054 1918 1079 1940 et
1092 1918 1181 1940 nostra
1194 1918 1220 1940 et
1234 1917 1339 1948 patrum
1352 1913 1489 1943 memoria.
1505 1912 1699 1947 sapientissimi

899 1952 1002 1978 iudices
1017 1951 1050 1978 de
1064 1951 1222 1978 clarissimis
1237 1955 1342 1977 nostrae
1355 1951 1472 1977 civitatis
1487 1950 1552 1976 viris
1571 1949 1700 1976 dubitan-

899 1989 964 2016 dum
980 1998 1032 2016 non
1047 1987 1227 2024 putaverunt?
1248 1989 1295 2024 qui
1310 1988 1358 2015 Cn.
1374 1992 1399 2014 et
1413 1988 1443 2020 Q.
1460 1987 1650 2022 Caepionibus,
1668 1987 1697 2013 L.

899 2032 925 2053 et
941 2026 973 2059 Q.
994 2026 1107 2053 Metellis
1127 2026 1241 2053 testibus
1264 2027 1291 2052 in
1309 2026 1341 2058 Q.
1361 2026 1533 2060 Pompeium,
1562 2025 1698 2051 hominem

899 2073 1010 2095 novum.
1027 2072 1080 2091 non
1093 2063 1277 2090 crediderunt:
1294 2072 1410 2098 quorum
1422 2063 1524 2092 virtuti,
1540 2063 1640 2097 generi,
1658 2070 1700 2088 re-

900 2102 951 2129 bus
968 2102 1053 2138 gestis
1073 2101 1151 2128 [idem
1170 2105 1196 2128 et
1214 2102 1396 2127 auctoritatem
1415 2101 1441 2127 in
1457 2100 1608 2127 testimonio
1622 2100 1700 2134 cupi-

898 2139 989 2166 ditatis
1007 2143 1087 2174 atque
1107 2139 1307 2165 inimicitiarum
1327 2138 1446 2173 suspicio
1467 2138 1614 2173 derogavit.
1655 2138 1697 2163 et.

899 2177 1019 2212 Ecquem
1034 2176 1169 2203 hominem
1185 2176 1318 2206 vidimus,
1334 2184 1446 2210 ecquem
1462 2183 1523 2201 vere
1537 2183 1699 2201 commemo-

899 2223 956 2241 rare
970 2222 1117 2249 possumus
1131 2222 1221 2248 parem
1235 2213 1360 2243 consilio,
1376 2213 1520 2248 gravitate,
1540 2212 1696 2241 constantin,

899 2252 993 2278 ceteris
1008 2251 1169 2281 virtutibus,
1187 2251 1309 2281 honoris,
1325 2250 1440 2285 ingenii,
1458 2258 1546 2276 rerum
1561 2253 1698 2284 gestarum

899 2289 1063 2316 ornamentis
1078 2289 1113 2314 M.
1129 2288 1243 2314 Aemilio
1257 2288 1357 2314 Scauro
1372 2287 1474 2313 suisse‘?
1501 2292 1588 2312 tnmen
1605 2286 1695 2315 huius,

899 2327 978 2353 cuius
996 2326 1104 2352 iniurati
1124 2330 1191 2351 nutu
1210 2333 1292 2360 prope
1311 2330 1439 2350 terrarum
1458 2324 1530 2350 orbis
1545 2323 1698 2358 regebatur,

899 2364 978 2390 iurati
998 2363 1150 2389 testimonio
1169 2371 1256 2397 nequo
1274 2363 1301 2388 in
1321 2362 1350 2388 C.
1371 2361 1531 2391 Fimbriam.
1559 2369 1645 2395 neque
1669 2361 1697 2387 in

900 2402 929 2428 C.
946 2400 1102 2427 Memmium
1117 2399 1248 2426 creditum
1263 2403 1312 2425 est.
1354 2399 1502 2425 Nolucrunt
1516 2398 1547 2429 ii,
1563 2398 1610 2433 qui
1626 2397 1699 2424 iudi—

899 2438 1008 2469 cabant,
1029 2437 1096 2464 hanc
1111 2441 1199 2472 patero
1215 2437 1363 2463 inimicitiis
1378 2437 1462 2465 vium,
1485 2444 1566 2470 quem
1580 2436 1698 2470 quisque

899 2476 1013 2505 odisset,
1034 2479 1064 2500 ut
1081 2483 1142 2501 eum
1163 2474 1316 2500 testimonio
1331 2478 1420 2508 posset
1435 2472 1534 2499 tollere.
1576 2473 1698 2505 Quantus

900 2513 926 2540 in
946 2513 975 2539 L.
995 2512 1090 2539 Crasso
1108 2511 1194 2546 pudor
1213 2511 1305 2542 fuerit,
1329 2511 1401 2546 quod
1421 2511 1572 2546 ingenium,
1598 2515 1696 2545 quanta

899 2550 1050 2580 cinctorium,
1066 2550 1129 2584 quis
1140 2548 1260 2583 ignorat?
1274 2549 1371 2575 Tnnwn
1383 2548 1414 2578 is,
1430 2549 1508 2574 cuius
1519 2548 1597 2574 etiam
1610 2556 1697 2573 sermo

899 2588 1044 2614 testimonii
1056 2587 1237 2613 auctoritatem
1249 2586 1372 2612 habebnt.
1386 2585 1538 2612 testimonio
1549 2586 1615 2620 ipso.
1628 2594 1696 2619 quim

899 2626 926 2651 in
945 2626 980 2651 M.
1001 2624 1155 2651 Marcellum
1175 2624 1284 2650 inimico
1301 2624 1390 2650 animo
1408 2623 1489 2653 dixit,
1514 2623 1625 2657 probare
1645 2631 1696 2648 non

900 2663 996 2697 potuit.
1029 2664 1072 2689 25.
1088 2661 1158 2692 Fuit,
1176 2661 1225 2687 suit
1240 2661 1294 2687 illis
1309 2660 1445 2687 iudicibus
1459 2660 1582 2686 divinum
1597 2668 1626 2686 ac
1640 2660 1696 2685 sin-

898 2699 1004 2736 gulare,
1020 2699 1138 2731 iudices,
1153 2698 1306 2730 consilium,
1322 2699 1368 2734 qui
1384 2706 1412 2724 se
1427 2706 1477 2724 non
1492 2697 1579 2724 solum
1595 2697 1627 2723 de
1642 2706 1693 2724 reo.
