1941 3052
427 141 612 169 ORATIO
644 141 734 168 PRO
766 141 795 167 P.
830 140 1017 167 SESTIO.

60 215 131 246 ieris,
145 213 282 244 audaciae,
295 213 473 244 crudelitatis,
486 218 617 248 quantum
629 213 687 247 ipse
698 221 760 239 cum
772 220 852 246 repu—
872 214 873 221 ¹

59 252 129 279 blica
140 252 220 282 sensi,
229 259 377 285 numquam
389 251 491 285 putavi.
513 251 634 284 Nequam
646 259 704 276 esse
717 250 851 275 hominem
872 260 874 280 ¹,

59 294 85 316 et
95 289 194 319 levem,
207 293 233 314 et
245 288 309 314 falsa
321 288 459 322 opinione.
472 296 558 314 errore
569 288 707 313 hominum
720 287 752 313 ab
763 286 853 312 adole—
871 293 873 308 J

59 326 159 353 scentia
169 325 394 356 commendatum,
408 326 535 351 sciebam.
557 324 662 351 Etenim
675 325 781 350 animus
793 324 852 350 eius
872 333 873 340 ¹

60 363 147 394 vultu,
161 362 258 398 flagitia
269 363 417 397 parietibus
429 362 599 397 tegebantur:
612 362 660 388 sed
671 362 734 387 haec
745 361 853 387 obstru-

58 401 110 428 ctio
121 408 170 427 uec
179 400 307 426 diuturna
317 404 370 431 est,
384 408 431 426 uec
442 400 555 426 obducta
566 400 614 430 ita,
627 404 656 425 ut
666 399 779 425 curiosis
789 407 853 424 ocu—

60 437 92 464 lis
103 438 219 472 perspici
231 445 282 463 non
299 438 392 472 possit.
434 437 468 463 X.
492 437 654 463 Videbamus
669 445 754 471 genus
772 436 850 466 vitae,
872 437 874 466 ξ

58 475 198 505 desidiam,
213 474 348 501 inertiam:
361 474 479 500 inclusas
490 475 548 500 eius
561 473 695 504 libidines,
704 473 751 507 qui
763 472 852 507 paullo

58 512 170 548 propius
182 516 354 543 accesserant,
368 512 548 538 intuebantur.
575 511 694 545 Denique
706 511 785 536 etiam
797 518 853 536 ser-

59 549 146 576 monis
158 558 236 576 ansas
247 549 339 580 dabat,
355 549 456 584 quibus
472 548 620 575 reconditos
634 549 693 573 eius
707 556 803 573 sensus
815 551 853 573 te-

59 595 121 614 nere
132 595 284 622 possemus.
325 588 366 614 23.
389 586 525 612 Laudabat
540 586 618 611 bomo
629 585 722 611 doctus
734 584 853 618 pbiloso-

58 624 127 659 phos
138 625 228 650 nescio
238 633 321 658 quos:
334 632 421 658 neque
432 632 523 650 eorum
536 628 622 649 tamen
635 622 740 648 nomina
752 625 854 655 poterat

58 661 160 688 dicere:
183 661 230 687 sed
241 666 329 687 tamen
340 670 384 687 eos
397 661 520 687 laudabat
532 660 656 690 maxime,
669 659 716 694 qui
727 659 854 684 dicuntur

59 703 162 734 praeter
176 703 276 724 ceteros
292 707 351 724 esse
365 703 484 724 auctores
495 702 520 723 et
532 697 680 723 laudatores
692 696 850 730 voluptatis:

58 737 150 767 cuius,
167 740 193 762 et
203 744 256 770 quo
268 740 398 770 tempore,
421 740 446 761 et
457 743 511 769 quo
522 734 612 765 modo,
631 743 682 760 non
693 733 850 768 quaerebat:

58 774 172 800 verbum
183 773 274 807 ipsum
286 773 411 799 omnibus
423 772 509 798 modis
520 772 602 798 animi
613 776 638 797 et
648 771 765 805 corporis
772 770 853 796 devo-

59 811 146 837 rabat:
169 810 331 844 eosdemque
346 809 479 844 praeclare
494 808 582 835 dicere
597 808 696 839 aiebat,
717 808 852 842 sapientes

58 848 147 875 omnia
162 856 210 873 sua
225 855 318 873 caussa
334 846 432 873 facere:
450 846 643 881 rempublicam
655 853 793 880 capessere
805 845 853 871 bo-

59 886 158 911 minem
173 884 241 910 bene
256 893 351 910 sanum
367 893 418 910 non
430 888 564 919 oportere:
585 883 652 910 nihil
664 892 723 909 esse
735 886 853 917 praesta-

58 922 141 949 bilius
152 922 235 948 otiosa
246 922 313 953 vita,
331 925 356 948 et
371 921 462 956 plena,
480 926 506 947 et
520 920 636 947 conferta
652 920 849 954 voluptatibus:

58 968 102 986 eos
116 964 219 990 autem,
241 960 289 994 qui
304 959 435 990 dicerent,
457 959 581 994 dignitati
598 966 656 984 esse
667 957 850 988 serviendum,

58 996 222 1031 reipublicae
232 996 442 1027 consulendum,
455 996 536 1023 officii
547 996 676 1022 rationem
689 996 714 1021 in
726 995 799 1021 omni
812 995 852 1020 vi-

58 1038 92 1066 ta,
106 1043 157 1060 non
168 1034 377 1065 commodi,esse
386 1034 545 1065 ducendam,
558 1032 698 1059 subeunda
711 1041 757 1067 pro
769 1032 852 1067 patria

59 1071 185 1107 pericula,
209 1071 319 1098 vulnera
340 1071 507 1106 excipienda,
530 1075 640 1097 mortem
661 1070 848 1104 oppetendam,

58 1109 196 1136 vaticinari
207 1113 286 1144 atque
298 1109 414 1135 insanire
425 1108 538 1135 dicebat.
572 1109 614 1134 24.
628 1108 668 1134 Ex
680 1108 722 1133 his
733 1107 851 1133 assiduis

58 1147 117 1173 eius
137 1146 356 1181 quotidianisque
375 1146 554 1177 sermonibus,
577 1150 603 1171 et
622 1145 693 1180 quod
716 1145 849 1175 videbam,

57 1183 222 1219 quibuscum
233 1183 390 1210 hominibus
401 1184 427 1210 in
440 1184 563 1210 interiore
573 1183 679 1209 aedium
692 1186 765 1217 parte
777 1183 852 1208 vive-

57 1225 109 1252 ret,
132 1225 158 1247 et
173 1220 245 1256 quod
260 1221 296 1247 ita
311 1221 407 1247 domus
423 1221 482 1255 ipsa
498 1220 631 1251 fumabat,
653 1224 682 1246 ut
697 1219 781 1246 multa
793 1219 851 1245 eius

58 1259 190 1284 sermonis
205 1258 304 1284 indicia
319 1258 461 1289 redoleret,
479 1258 627 1284 statuebam
639 1257 690 1288 sic,
709 1257 771 1283 boni
783 1256 850 1283 nihil

58 1296 91 1322 ab
102 1295 157 1321 illis
169 1296 249 1331 nugis
260 1295 484 1330 exspectandum,
507 1295 569 1321 mali
581 1294 690 1330 quidem
702 1299 772 1320 certe
784 1294 850 1320 nibil

58 1332 312 1368 pertimescendum.
346 1332 397 1358 Sed
408 1333 444 1359 ita
455 1337 503 1364 est,
519 1333 632 1363 iudices,
645 1336 682 1361 ut,
696 1332 718 1357 si
730 1331 850 1367 gladium

58 1378 141 1405 parvo
151 1378 247 1404 puero,
265 1374 311 1396 aut
324 1370 347 1396 si
363 1370 499 1396 imbecillo
513 1370 570 1396 seni
582 1374 628 1395 aut
638 1369 721 1395 debili
733 1369 848 1399 dederis,

58 1408 116 1442 ipse
127 1407 229 1442 impetu
241 1415 290 1433 suo
302 1407 401 1434 nemini
414 1412 518 1434 noceat:
532 1407 573 1433 sin
585 1407 617 1433 ad
630 1406 733 1433 nudum
746 1406 786 1432 vel
800 1405 852 1432 sor-

58 1445 158 1472 tissimi
170 1445 220 1471 viri
231 1453 328 1480 corpus
340 1445 493 1476 accesserit,
511 1445 596 1479 possit
611 1444 667 1470 acie
683 1444 740 1478 ipsa
752 1448 778 1470 et
788 1443 851 1469 ferri

57 1482 162 1509 viribus
178 1481 327 1508 vulnerari:
349 1482 384 1508 ita
399 1490 484 1517 quum
501 1481 657 1508 hominibus
669 1481 801 1507 enervatis
813 1485 852 1507 at-

57 1528 111 1554 que
121 1519 306 1555 exsanguibus
316 1519 485 1550 consulatus,
500 1523 635 1554 tamquam
647 1518 767 1554 gladius,
781 1522 852 1544 esset

56 1557 148 1589 datus;
170 1557 218 1592 qui
234 1565 281 1591 per
291 1565 319 1583 se
331 1565 449 1592 pungere
461 1557 595 1583 neminem
607 1564 735 1590 umquam
748 1556 851 1590 potuis-

57 1599 129 1626 sent,
147 1594 174 1620 hi
190 1594 291 1620 summi
306 1594 411 1629 imperii
428 1595 534 1620 nomine
549 1593 642 1619 armati
656 1593 849 1627 rempublicam

56 1631 318 1658 contrucidaverunt.
352 1631 457 1657 Foedus
473 1631 592 1657 fecerunt
601 1639 663 1657 cum
676 1631 784 1657 tribuno
795 1630 851 1665 ple-

57 1669 99 1696 bis
115 1668 216 1704 palam,
234 1673 262 1695 ut
277 1669 310 1695 ab
325 1677 356 1695 eo
371 1669 521 1703 provincias
536 1668 697 1703 acciperent,
713 1676 781 1703 quas
797 1668 850 1702 ipsi

57 1705 169 1733 vellent:
186 1706 345 1737 exercitum,
359 1710 385 1732 et
396 1706 546 1741 pecuniam,
559 1709 687 1740 quantam
700 1705 806 1735 vellent.
821 1713 850 1731 ea

57 1743 128 1780 lege.
145 1743 169 1770 si
184 1743 237 1778 ipsi
253 1744 328 1778 prius
344 1743 452 1769 tribuno
467 1743 555 1777 plebis
566 1742 690 1769 afflictam
701 1747 727 1768 et
737 1743 850 1769 constri-

56 1785 124 1808 ctam
135 1781 328 1816 rempublicam
339 1780 524 1807 tradidissent:
547 1780 575 1806 id
585 1784 673 1806 autem
686 1779 779 1806 foedus
791 1788 849 1806 meo

56 1818 187 1854 sanguine
197 1818 280 1844 ictum
291 1818 388 1844 sanciri
401 1826 479 1853 posse
490 1817 622 1844 dicebant.
644 1818 686 1844 25.
695 1817 751 1849 Qua
764 1825 791 1843 re
803 1826 850 1852 pa-

56 1855 162 1887 tefacta.
179 1854 277 1891 (neque
291 1856 362 1882 enim
378 1854 545 1882 dissimulari
561 1859 664 1881 tantum
676 1854 764 1882 scelus
777 1859 850 1889 pote-

55 1896 103 1924 rat,
116 1901 164 1919 nec
176 1892 276 1928 latere.)
291 1892 495 1928 promulgantur
511 1901 563 1919 uno
574 1892 721 1927 eodemque
732 1896 850 1927 tempore

56 1930 206 1966 rogationes
226 1929 259 1956 ab
280 1929 373 1956 eodem
394 1930 501 1956 tribuno
521 1929 554 1956 de
570 1938 627 1956 mea
644 1929 761 1964 pernicie
776 1934 801 1956 et
816 1929 850 1956 de

55 1967 203 2002 provinciis
213 1966 355 1993 consulum
368 1967 536 1993 nominatim.

112 2004 159 2030 XI.
175 2004 223 2030 Hic
233 2008 290 2030 tum
302 2008 410 2030 senatus
421 2004 562 2035 sollicitus,
576 2012 623 2030 vos
635 2004 739 2039 equites
750 2004 850 2030 excita-

55 2041 89 2073 ti,
101 2041 175 2068 Italia
186 2046 280 2067 cuncta
292 2046 409 2076 permota
417 2061 423 2072 ,
440 2050 533 2067 omnes
544 2041 661 2076 denique
672 2042 792 2067 omnium
803 2050 850 2077 ge—

57 2087 151 2106 nerum
172 2082 252 2113 atque
272 2078 396 2105 ordinum
417 2079 490 2105 cives
510 2087 633 2104 summae
653 2078 816 2113 reipublicae
835 2087 849 2105 a

55 2115 213 2143 consulibus
224 2119 303 2150 atquo
314 2124 327 2141 a
338 2124 446 2142 summo
456 2116 568 2150 imperio
579 2115 723 2150 petendum
735 2124 793 2142 esse
802 2124 850 2142 au-

56 2153 153 2180 xilium
168 2153 377 2184 arbitrabantur.
399 2161 485 2187 quum
502 2152 541 2179 illi
556 2152 606 2179 soli
622 2157 725 2182 essent,
747 2158 850 2188 praeter

56 2190 188 2218 furiosum
205 2190 284 2217 illum
301 2190 453 2221 tribunum,
469 2190 524 2216 duo
539 2190 702 2225 reipublicae
717 2191 847 2222 turbines,

55 2229 103 2264 qui
120 2237 172 2255 non
187 2227 267 2254 modo
282 2227 465 2263 praecipitanti
483 2228 581 2262 patriae
597 2236 648 2254 non
662 2227 847 2259 subvenirent,

56 2265 103 2292 sed
123 2273 180 2292 eam
202 2265 281 2291 etiam
305 2265 418 2291 nimium
440 2264 513 2291 tarde
533 2265 670 2291 concidere
691 2270 847 2292 maererent.

56 2302 236 2338 Flagitabatur
251 2302 284 2328 ab
300 2302 342 2328 his
356 2301 478 2337 quotidie
492 2310 577 2336 quum
588 2302 706 2337 querelis
718 2303 848 2329 bonorum

55 2340 189 2372 omnium,
203 2344 260 2366 tum
272 2340 349 2366 etiam
362 2339 486 2374 precibus
498 2344 620 2370 senatus,
634 2344 663 2366 ut
674 2348 758 2366 meam
770 2348 850 2366 caus-

56 2385 112 2403 sam
123 2377 298 2413 susciperent,
311 2381 429 2412 agerent,
442 2376 545 2411 aliquid
555 2376 672 2411 danique
682 2376 714 2403 ad
726 2381 848 2403 senatum

56 2413 191 2441 referrent.
226 2415 258 2441 Hi
270 2423 321 2441 non
333 2414 412 2440 modo
423 2413 553 2449 negando.
566 2413 614 2440 sed
625 2414 704 2440 etiam
715 2413 849 2441 irridendo

55 2450 254 2486 amplissimum
269 2460 406 2487 quemque
420 2451 494 2477 illius
509 2450 610 2477 ordinis
626 2451 846 2486 insequebantur.

55 2488 98 2515 26.
113 2489 161 2516 Hio
170 2489 261 2516 subito
270 2497 356 2524 quum
367 2488 532 2515 incredibilis
545 2488 571 2514 in
583 2487 743 2522 Capitolium
756 2488 848 2514 multi-

56 2524 120 2552 tudo
130 2533 163 2553 ex
173 2530 225 2553 tota
231 2526 300 2553 Urbe
311 2530 460 2561 cunctaque
472 2525 544 2552 ltalia
550 2525 732 2552 convenisset:
747 2530 846 2552 vestem

55 2563 209 2590 mutandam
220 2571 327 2595 omnes,
341 2572 437 2598 meque
448 2563 526 2589 ctiam
538 2563 610 2589 omni
623 2563 731 2594 ratione,
745 2563 848 2597 privato

55 2599 165 2627 oonsilio
176 2599 312 2636 (quoniam
323 2601 440 2636 publicis
450 2600 566 2627 ducibus
577 2599 728 2635 respublica
739 2600 848 2635 careret)

54 2635 253 2664 defendendum
265 2642 400 2673 putarunt.
435 2638 496 2664 Erat
505 2637 598 2664 eodem
610 2642 728 2672 tempore
738 2642 848 2664 senatus

55 2672 84 2700 in
93 2674 157 2701 aede
168 2674 341 2707 Concordiae.
358 2674 432 2711 quod
446 2675 536 2710 ipsum
549 2674 678 2710 templum
693 2683 848 2710 repraesen-

1068 140 1122 167 CA
1136 140 1164 166 P.
1200 142 1214 166 9
1234 142 1332 167 -13,
1645 143 1694 168 503

904 211 975 237 tabat
986 211 1140 238 memoriam
1151 211 1307 238 consulatus
1322 211 1389 242 mei,
1405 219 1491 246 quum
1507 209 1572 237 flens
1587 212 1697 238 univer-

904 258 952 274 sus
963 248 1026 275 ordo
1037 249 1217 275 cincinnatum
1228 248 1366 275 consulem
1377 249 1480 275 orabat:
1504 258 1564 274 nam
1576 249 1697 275 alteriue

905 286 1029 312 horridus
1041 291 1066 312 et
1077 295 1187 312 severus
1197 286 1319 313 consulto
1329 295 1358 312 se
1370 286 1442 312 domi
1453 286 1613 312 continebat.
1639 286 1696 318 Qua

906 328 962 349 tum
974 323 1100 357 superbia
1111 332 1223 350 coenum
1235 323 1303 349 illud
1315 333 1343 350 ac
1360 323 1433 349 labes
1448 323 1610 358 amplissimi
1625 323 1697 350 ordi-

906 361 947 386 nis
963 369 1054 394 preces
1069 365 1095 386 et
1108 361 1317 387 clarissimorum
1328 361 1428 387 civium
1443 360 1563 387 lacrimas
1574 361 1699 395 repudia-

907 398 957 423 vit!
972 406 1013 423 me
1026 399 1115 432 ipsum
1128 403 1156 424 ut
1167 399 1326 433 contempsit
1338 398 1427 424 helluo
1438 399 1550 433 patriae!
1564 398 1698 433 namquid

904 443 953 469 ego
968 436 1119 469 patrimonii
1135 435 1235 466 dicam,
1258 435 1330 470 quod
1345 435 1403 467 ille,
1426 444 1511 471 quum
1527 437 1605 470 quasi
1616 444 1699 470 quae-

904 477 977 497 stum
989 472 1093 503 faceret,
1107 472 1214 499 amisit‘?
1225 481 1281 503 vos,
1295 473 1414 507 inquam,
1428 474 1533 508 equites
1544 474 1699 503 Romani,et

904 518 996 534 omnes
1008 509 1083 540 boni,
1102 514 1174 535 veste
1186 515 1298 540 mutata,
1317 519 1376 541 vos,
1395 511 1514 545 inquam,
1528 519 1575 545 pro
1587 519 1645 536 meo
1655 519 1699 536 ca-

905 546 959 580 pite
970 546 1002 572 ad
1015 546 1096 580 pedes
1110 546 1210 573 lenonis
1226 548 1404 581 impurissimi
1421 548 1582 582 proiecistis,
1600 556 1695 582 quum,

906 584 1001 609 vestris
1012 584 1138 618 precibus
1149 584 1182 610 ab
1195 584 1293 610 latrone
1304 584 1350 611 illo
1362 585 1518 619 repudiatis,
1532 586 1572 611 vir
1583 584 1699 611 incredi-

905 620 953 646 bili
966 621 1029 651 fide,
1048 621 1233 656 magnitudine
1245 622 1340 652 animi.
1354 623 1514 653 constantia,
1528 623 1557 648 L.
1572 623 1696 653 Ninnius,

905 657 938 683 ad
949 662 1071 684 senatum
1083 658 1115 684 de
1127 658 1263 692 republica
1275 659 1378 690 retulit,
1397 664 1559 694 senatusque
1572 659 1698 694 frequens

905 699 1006 720 vestem
1019 704 1065 729 pro
1077 704 1134 721 mea
1145 696 1230 722 salute
1243 696 1396 722 mutandam
1408 698 1522 723 censuit.
1549 697 1608 723 ΧΠ.
1622 698 1662 723 27.
1676 696 1698 723 O

904 732 976 758 diem
1000 732 1091 763 illum,
1117 732 1232 763 iudices,
1258 733 1396 759 funestum
1419 735 1537 764 senatui,
1565 734 1698 769 bonisque

904 769 1044 795 omnibus!
1068 770 1232 804 reipublicae
1248 770 1414 797 luctuosuml
1437 771 1503 797 mihi
1519 771 1551 797 ad
1571 771 1699 798 domesti-

903 815 965 832 cum
986 815 1131 833 maerorem
1152 808 1275 842 gravem!
1307 808 1339 834 ad
1361 809 1521 842 posteritatis
1543 809 1697 835 memoriam

903 844 1065 879 gloriosum!
1088 844 1158 876 Quid
1174 845 1245 871 enim
1261 845 1406 880 quisquam
1419 850 1504 880 potest
1515 854 1548 872 ex
1558 846 1630 872 omni
1643 854 1699 872 me-

905 881 986 908 moria
998 890 1104 908 sumere
1115 882 1261 913 illustrius,
1279 891 1361 917 quam
1378 891 1425 917 pro
1441 892 1494 909 uno
1509 883 1566 909 cive
1578 887 1603 909 et
1614 883 1697 909 bonos

903 928 995 945 omnes
1011 919 1114 953 privato
1124 928 1256 946 consensu
1268 925 1293 946 et
1305 921 1462 946 universum
1474 925 1595 946 senatum
1608 920 1699 955 publi-

903 965 933 982 co
944 956 1056 983 consilio
1068 961 1185 982 mutasse
1201 957 1321 983 vestem?
1339 966 1409 992 quae
1419 958 1530 992 quidem
1543 962 1598 984 tum
1611 962 1699 984 muta-

904 994 940 1020 tio
961 1002 1012 1020 non
1033 994 1225 1029 deprecationis
1245 1003 1341 1021 caussa
1361 999 1402 1022 est
1422 995 1502 1026 l'acta,
1529 995 1575 1021 sed
1598 995 1697 1021 luctus.

903 1030 988 1063 Quem
1000 1032 1071 1057 enim
1083 1031 1262 1066 deprecarere,
1276 1041 1361 1067 quum
1373 1041 1465 1059 omnes
1477 1037 1566 1059 essent
1577 1032 1699 1059 sordida-

904 1068 941 1094 ti‘!
951 1077 1090 1104 quumque
1103 1069 1151 1095 hoc
1161 1070 1226 1095 satis
1238 1074 1308 1096 esset
1318 1071 1398 1106 signi.
1411 1078 1469 1096 esse
1479 1070 1642 1104 improbum,
1650 1070 1698 1105 qui

904 1110 1003 1132 mutata
1025 1111 1098 1132 veste
1119 1115 1170 1133 non
1188 1106 1276 1133 esset?
1296 1108 1349 1134 Hac
1364 1108 1510 1134 mutatione
1526 1108 1608 1134 vestis
1620 1107 1696 1138 sacta,

904 1147 975 1169 tanto
997 1144 1023 1169 in
1046 1143 1118 1170 luctu
1138 1145 1267 1175 civitatis,
1290 1145 1395 1176 omitto,
1418 1145 1484 1180 quid
1500 1145 1545 1171 ille
1561 1145 1696 1176 tribunus,

903 1181 1024 1207 omnium
1046 1190 1134 1207 rerum
1156 1181 1308 1208 divinarum
1334 1182 1566 1217 humanarumque
1590 1182 1696 1217 praedo,

903 1217 1008 1244 fecerit:
1031 1219 1079 1253 qui
1095 1218 1188 1245 adesse
1203 1219 1387 1246 nobilissimos
1399 1219 1592 1251 adolescentes,
1616 1220 1698 1246 hone·

903 1256 1036 1282 stissimos
1048 1256 1152 1291 equites
1163 1257 1303 1288 Romanos,
1312 1257 1495 1292 deprecatores
1507 1257 1602 1284 salutis
1614 1265 1695 1288 meae,

903 1294 1020 1324 iusserit,
1034 1301 1133 1328 eosque
1143 1302 1283 1328 operarum
1295 1303 1405 1321 suarum
1417 1294 1514 1330 gladiis
1526 1300 1551 1321 et
1563 1294 1698 1329 lapidibus

902 1330 1041 1357 obiecerit:
1064 1331 1097 1357 de
1112 1331 1268 1357 consulibus
1284 1332 1391 1367 loquor,
1409 1341 1524 1367 quorum
1541 1332 1593 1358 fide
1603 1340 1698 1366 respu—

903 1368 972 1394 blica
989 1368 1036 1394 niti
1051 1368 1155 1394 debuit.
1186 1370 1228 1395 28.
1251 1369 1426 1395 Exanimatus
1442 1369 1528 1395 evolat
1543 1378 1576 1396 ex
1591 1374 1696 1399 senatu,

904 1414 955 1431 non
977 1406 1066 1431 minus
1088 1405 1240 1440 perturbato
1259 1407 1348 1433 animo
1368 1411 1447 1441 atque
1468 1406 1554 1437 vultu,
1577 1415 1658 1441 quam
1674 1407 1697 1432 si

903 1443 997 1477 paucis
1009 1447 1069 1469 ante
1080 1443 1157 1469 annis
1168 1444 1195 1469 in
1207 1443 1368 1470 creditorum
1379 1444 1695 1470 conventuniineidisset.

903 1479 1020 1506 Advocat
1040 1480 1208 1507 concionem:
1232 1481 1312 1508 habet
1331 1482 1476 1508 orationem
1498 1481 1576 1507 talem
1592 1480 1695 1512 consul,

902 1517 1010 1552 qualem
1032 1526 1181 1552 numquam
1197 1517 1308 1544 Catilina
1331 1519 1413 1545 victor
1429 1519 1580 1545 habuisset:
1603 1519 1697 1545 Errare

904 1555 1038 1585 homines,
1061 1555 1084 1580 si
1100 1556 1178 1581 etiam
1196 1559 1252 1581 tum
1268 1560 1391 1582 senatum
1408 1555 1510 1591 aliquid
1522 1556 1548 1582 in
1561 1555 1697 1590 republica

903 1600 981 1626 posse
992 1592 1196 1619 arbitrarentur:
1213 1594 1317 1628 equites
1329 1602 1391 1620 vero
1402 1594 1533 1620 Romanos
1545 1593 1653 1620 daturos
1665 1593 1698 1619 il-

904 1629 956 1655 lius
966 1629 1019 1655 diei
1037 1638 1148 1663 poenas,
1171 1638 1237 1664 quo,
1261 1639 1302 1657 me
1322 1630 1446 1661 consule,
1468 1639 1529 1657 cum
1550 1630 1648 1666 gladiis
1670 1631 1697 1657 in

901 1666 971 1693 clivo
983 1666 1131 1701 Capitolino
1147 1666 1274 1694 fuissent:
1298 1669 1403 1694 venisse
1420 1673 1526 1703 tempus
1543 1669 1590 1699 iis,
1607 1669 1654 1703 qui
1670 1668 1697 1694 in

902 1704 996 1730 timore
1017 1704 1139 1735 fuissent,
1162 1705 1323 1739 (coniuratos
1345 1705 1469 1731 videlicet
1489 1705 1615 1740 dicebat‚)
1631 1705 1698 1732 ulei-

901 1741 994 1768 scendi
1006 1750 1044 1768 se.
1067 1741 1095 1768 Si
1106 1741 1221 1768 dixisset
1233 1742 1281 1769 boc
1292 1743 1390 1772 solum,
1398 1743 1471 1769 omni
1482 1743 1617 1777 supplicio
1628 1748 1699 1769 esset

900 1778 1015 1814 dignus:
1038 1788 1098 1805 nam
1119 1780 1202 1805 oratio
1223 1780 1280 1814 ipsa
1301 1780 1420 1806 consulis
1442 1781 1590 1815 perniciosa
1611 1785 1698 1815 potest

900 1815 1096 1851 rempublicam
1109 1816 1275 1843 labefactare.
1297 1819 1339 1844 29.
1351 1817 1422 1850 Quid
1434 1817 1533 1848 feeerit.
1547 1817 1643 1844 videte.
1667 1818 1696 1844 L.

901 1854 1035 1885 Lamiani,
1052 1854 1113 1889 qui.
1130 1862 1216 1889 quum
1228 1863 1270 1881 me
1281 1855 1370 1890 ipsum
1383 1864 1430 1890 pro
1440 1864 1546 1882 sumnia
1559 1855 1698 1881 familiari-

902 1895 965 1922 tate,
977 1899 1047 1926 quae
1060 1891 1125 1917 milii
1136 1900 1198 1918 cum
1211 1891 1303 1923 fratre,
1316 1901 1376 1919 cum
1390 1897 1462 1927 patre
1473 1893 1531 1919 eius
1542 1898 1605 1923 erat,
1620 1893 1698 1919 unice

901 1928 1043 1964 diligebat,
1060 1933 1117 1955 tum
1130 1938 1177 1964 pro
1188 1929 1324 1964 republica
1337 1930 1378 1956 vel
1391 1935 1501 1956 mortem
1513 1935 1639 1965 oppetere
1649 1938 1698 1956 cu-

901 1966 1005 2001 piebat,
1028 1967 1054 1992 in
1070 1967 1196 1993 concione
1213 1966 1354 2003 relegavit:
1376 1968 1526 2002 edixitque.
1545 1973 1573 1994 ut
1584 1968 1616 1994 ab
1629 1967 1697 1993 Urbe

901 2003 1009 2030 abesset
1029 2003 1112 2030 millia
1135 2013 1265 2039 passuum
1286 2004 1413 2031 ducenta:
1435 2005 1507 2040 quod
1529 2009 1599 2031 esset
1614 2013 1697 2031 ausus

901 2049 949 2076 pro
959 2041 1023 2072 civi.
1037 2049 1084 2076 pro
1096 2041 1162 2068 bene
1175 2042 1268 2068 merito
1278 2042 1340 2073 civi,
1354 2051 1401 2077 pro
1412 2043 1505 2073 amico,
1520 2051 1567 2077 pro
1578 2041 1698 2077 republi-

900 2086 930 2104 ca
941 2078 1088 2113 deprecari.
1129 2079 1199 2106 xm.
1216 2079 1286 2111 Quid
1299 2079 1348 2106 hoc
1360 2080 1467 2106 bomine
1479 2079 1577 2106 sacius?
1587 2084 1633 2106 aut
1643 2088 1698 2114 quo

900 2116 986 2142 civem
999 2116 1199 2150 importunum,
1212 2121 1258 2143 aut
1268 2125 1322 2152 quo
1333 2118 1421 2152 potius
1434 2117 1536 2143 hostem
1549 2121 1601 2143 tam
1613 2116 1697 2143 scele-

901 2157 987 2179 ratum
999 2153 1139 2180 reserves?
1157 2155 1218 2189 qui,
1232 2159 1261 2180 ut
1272 2155 1391 2181 omittam
1403 2159 1501 2185 cetera,
1517 2163 1586 2189 quae
1598 2158 1661 2181 sunt
1672 2154 1696 2180 ei

900 2198 961 2216 cum
972 2191 1074 2226 collega
1087 2191 1196 2218 immani
1209 2192 1368 2226 impuroque
1379 2192 1519 2218 coniuncta
1531 2196 1610 2226 atque
1623 2200 1697 2217 eom—

901 2228 1003 2258 munia,
1018 2228 1066 2254 boc
1078 2236 1161 2254 unum
1173 2228 1252 2255 babet
1264 2229 1410 2263 proprium,
1425 2233 1453 2255 ut
1464 2229 1597 2263 expulerit
1609 2237 1641 2254 ex
1649 2229 1696 2255 Ur-

900 2264 942 2295 be,
956 2264 1093 2300 relegarit,
1111 2274 1162 2291 non
1174 2265 1234 2292 ‹lico
1245 2266 1362 2300 equitem
1375 2266 1522 2292 Romanum
1531 2287 1537 2295 ,
1556 2275 1606 2292 uon
1618 2274 1696 2292 ornn-

901 2301 1038 2328 tissimum
1053 2306 1133 2337 atque
1148 2303 1280 2337 optimum
1303 2303 1405 2333 virum,
1428 2312 1479 2329 non
1500 2303 1694 2329 amicissimum

900 2338 1064 2373 reipublicae
1075 2339 1160 2365 civem
1169 2360 1175 2370 ,
1198 2348 1249 2366 non
1262 2339 1306 2367 illo
1318 2340 1376 2374 ipso
1388 2344 1505 2375 tempore
1517 2349 1567 2366 una
1580 2349 1640 2366 cum
1653 2348 1696 2365 se-

900 2380 963 2402 natu
981 2380 1006 2402 et
1020 2384 1082 2402 cuni
1099 2376 1176 2403 bouis
1191 2377 1318 2403 omuibus
1333 2386 1425 2403 casum
1442 2378 1520 2403 ainiei
1537 2378 1574 2403 rei
1597 2386 1628 2403 ua
1645 2385 1695 2411 pu-

900 2413 986 2439 blicae
999 2413 1148 2448 lugentem:
1170 2414 1217 2440 sed
1229 2415 1314 2440 civem
1328 2415 1475 2440 Romanum
1487 2415 1545 2440 sine
1558 2386 1613 2440 ullo
1624 2414 1695 2440 iudi-

899 2451 940 2477 cio
957 2449 1013 2486 [aut
1029 2450 1124 2487 edicto]
1141 2460 1174 2478 ex
1190 2452 1273 2485 patria
1289 2451 1382 2477 musal
1398 2452 1513 2477 eiecerit.
1556 2453 1597 2477 30.
1621 2451 1693 2477 Nihil

899 2488 1022 2514 acerbius
1037 2488 1103 2515 socii
1118 2493 1144 2515 et
1155 2489 1240 2515 Latini
1258 2488 1323 2515 ferre
1337 2489 1407 2515 soliti
1420 2494 1496 2518 sunt.
1513 2497 1595 2524 quam
1607 2497 1648 2519 se,
1667 2488 1693 2515 id

898 2525 971 2560 ‹piod
984 2534 1089 2559 perraro
1100 2526 1205 2556 accidit,
1217 2534 1249 2552 ex
1262 2526 1330 2552 Urbe
1341 2526 1413 2552 exire
1425 2535 1438 2552 a
1449 2526 1606 2552 consulibus
1617 2526 1694 2552 iube-

899 2563 930 2589 ri.
972 2564 1060 2598 Atque
1071 2562 1125 2589 illis
1137 2568 1192 2590 tuni
1205 2567 1259 2590 erat
1271 2563 1372 2589 reditus
1389 2564 1415 2589 in
1431 2572 1493 2590 suas
1508 2564 1641 2593 civitates.
1660 2563 1693 2590 nd

898 2609 963 2627 suos
977 2600 1042 2627 lares
1054 2599 1211 2627 familiares:
1234 2601 1297 2627 etin
1313 2600 1359 2627 illo
1374 2601 1510 2627 communi
1525 2600 1693 2627 incommodo

899 2637 973 2664 nulla
989 2638 1016 2665 in
1031 2646 1194 2673 quemquam
1208 2639 1312 2673 propria
1324 2638 1469 2673 ignominia
1482 2639 1637 2665 nominatim
1649 2647 1693 2664 ca-

898 2674 988 2702 debat.
1029 2675 1081 2702 lloc
1093 2684 1155 2703 vero
1165 2675 1231 2711 quid
1243 2675 1300 2702 est?
1315 2676 1502 2703 exterminabit
1512 2676 1585 2703 rives
1597 2676 1693 2702 Roma-
