1941 3052
251 102 298 129 775
829 104 870 128 83.
902 102 936 128 M.
969 102 998 128 Τ.

251 181 346 199 caussa
365 173 454 198 omnin
471 171 548 197 velle.
583 171 635 197 Sed
649 177 736 198 tumen
748 173 787 199 sic
800 172 880 199 velim
892 173 1043 204 existimes,

252 215 276 236 te
292 209 358 236 mihi
375 209 442 235 nihil
459 210 561 241 gratius
574 208 658 234 facere
671 217 762 243 posse,
775 218 856 244 quam
868 211 891 236 si
904 210 1045 237 intellexe-
1066 225 1069 251 ¹

253 256 292 276 ro,
312 255 358 281 per
370 251 393 272 te
426 245 501 271 illum
516 246 603 279 ipsum
619 247 754 280 negotium
767 255 800 272 ex
811 248 941 273 sententia
953 247 1045 274 conle-

250 285 334 314 τίμιος
366 283 446 317 idque
461 291 542 317 quam
559 283 677 317 primum
695 288 723 309 ut
737 283 852 315 efficias.
871 288 895 311 to
911 285 990 311 etiam
1005 290 1045 312 at·
1066 308 1069 319 ,

1067 339 1069 355 5
1096 323 1186 348 animo
1201 322 1298 352 habui.
1316 327 1340 348 te
1357 323 1382 349 in
1395 332 1454 350 meo
1464 332 1523 350 aere
1535 332 1594 350 esse
1606 330 1712 360 propter
1724 327 1830 352 Lamiae
1843 335 1890 352 no·

251 329 304 355 ιμιι·
316 321 395 346 ctiam
407 328 479 354 rogo.

305 389 382 410 lxm.
404 389 419 408 A
429 389 444 408 R
453 389 479 408 (ι’.
497 389 637 409 (tutamen-tun
648 389 779 410 f'mtielinm.

439 425 467 442 (1η
479 426 551 444 filu-in,
562 425 633 443 Pnilln.
646 427 737 443 *lunello
749 434 794 444 rou.
806 429 861 445 7¹11.)

307 470 340 495 M.
363 468 507 495 CICERO
526 468 556 495 C.
578 469 684 496 TITIO
705 470 733 496 L.
756 470 785 497 F.
807 470 910 498 RUFO
930 471 984 498 PR.

547 506 702 533 URBANO
722 507 749 534 S.

1066 415 1075 426 ,,
1096 404 1149 431 que
1165 397 1283 431 primum
1301 397 1349 423 tibi
1361 405 1410 432 ego
1420 398 1533 430 gratian,
1546 398 1619 433 quod
1631 407 1673 425 me
1682 401 1756 426 omni
1769 400 1889 426 molestia

1032 102 1303 130 CICERONIS

1202 174 1237 200 M.
1258 174 1289 200 Τ.
1310 174 1339 200 C.
1370 173 1398 201 S.
1419 175 1449 201 D.
1471 175 1499 202 Ρ.
1520 175 1623 203 SILIO
1643 175 1778 204 PROPR.

1153 206 1190 236 Et
1210 212 1236 237 in
1252 211 1338 237 Attilii
1354 212 1460 246 negotio
1480 217 1505 240 te
1524 214 1622 240 amavi.
1651 214 1741 246 Quum
1755 214 1827 240 enirn
1846 223 1889 241 se·

1097 256 1124 273 ru
1137 248 1285 278 venissem.
1300 253 1387 275 tamen
1400 249 1540 276 honestum
1551 251 1669 286 equitem
1682 252 1830 278 Romanurn
1843 252 1890 278 bc-

1097 285 1191 311 neficio
1211 290 1256 311 tuo
1271 287 1439 312 conservavi.
1471 286 1503 313 Et
1518 287 1671 314 mehercule
1686 297 1792 324 semper
1808 290 1846 315 sic
1863 290 1888 315 in

1096 360 1144 385 utri
1155 360 1371 386 coniunctionem
1379 360 1573 395 etsingularem
1581 363 1816 390 necessitudinem.
1841 364 1890 389 Ita-

1098 432 1209 460 liberas:
1232 433 1331 460 deinde
1343 433 1677 471 impudentiaprosequor:
1700 437 1890 464 nedidemur-

1066 470 1067 474 ’
1095 471 1175 497 ciam.
1215 471 1251 497 Te
1263 471 1334 497 enim
1346 480 1454 507 semper
1463 473 1502 498 sic
1513 472 1598 499 colum
1609 478 1634 499 et
1646 473 1752 505 tuebor,
1770 480 1799 501 ut
1808 483 1890 510 quem

304 539 339 569 L.
361 542 501 570 Custidius
521 547 561 569 est
581 543 690 570 tribulis
709 549 735 571 et
756 545 898 581 municeps
918 550 943 572 et
965 545 1044 572 fami·
1066 557 1068 575 t

251 580 324 607 liaris
335 588 422 607 meus.
457 581 481 607 Is
495 589 618 607 caussam
631 581 723 613 habet;
746 591 827 617 quam
839 591 961 609 caussam
974 583 1006 609 ad
1020 588 1043 610 te

249 617 359 644 deferet.

251 766 406 803 longissime
417 766 514 797 absim,
532 767 658 801 prodesse
671 769 696 794 in
709 769 804 804 primis
815 770 886 805 apud
899 775 933 797 te.

303 853 362 874 mx.
378 853 456 874 ΛΚΘ.
475 853 616 875 Commendat
627 856 656 875 M.
669 855 768 876 Fabium.

442 891 740 911 11..(·ili.ia.l’m·ll··.§tm-«111.
749 900 788 909 con
805 895 841 908 'ni
852 895 858 908 *ν

317 934 351 960 M.
374 934 404 960 T.
426 933 455 961 C.
482 934 511 961 C.
534 934 678 962 CURTIO
699 936 972 967 PEDUCAEANO.

494 972 739 1000 PRAETORIS.
762 974 791 1000 D.

304 1003 347 1035 Μ.
369 1008 482 1036 Fabium
499 1010 576 1036 unice
596 1010 694 1045 diligo,
715 1020 877 1047 summaque
898 1011 966 1038 mihi
981 1020 1043 1038 cum

247 1054 278 1071 eo
298 1045 464 1072 consuetudo
479 1051 504 1073 et
523 1046 692 1074 familiaritas
707 1053 748 1075 est
762 1054 899 1083 pervetus.
940 1050 967 1075 In
984 1050 1043 1076 eius

247 1083 438 1109 controversiis
449 1083 516 1118 quid
526 1084 664 1116 decernas,
677 1094 690 1111 a
703 1090 726 1111 te
739 1095 790 1112 non
803 1091 875 1121 peto,
899 1087 1040 1121 (servabis,

402 617 567 644 Commendo
584 618 632 644 tibi
652 618 803 651 hominem,
820 621 900 647 sicuti
917 625 960 647 tua
978 620 1044 647 fides
1066 615 1068 636 Ι

249 660 273 681 vt
286 664 361 681 meus
374 655 460 689 pudor
471 654 600 689 postulat:
625 660 726 682 tantum
736 677 742 688 ,
760 662 788 684 ut
800 657 892 684 faciles
902 657 935 684 ad
951 663 974 684 te
986 658 1044 684 adi-
1066 669 1075 685 ιι

249 698 292 718 tus
305 692 413 718 habeat:
436 701 504 727 quae
516 701 599 727 aequa
612 693 766 728 postulabit,
781 699 810 721 ut
822 694 1044 730 libcnteteimpe-
1066 689 1075 731 i}

249 734 312 756 trct:
340 730 490 764 sentiatque
507 738 593 756 meam
610 730 663 757 sibi
679 732 839 763 amicitiam,
862 733 942 759 etiam
959 742 1043 768 quum
1066 734 1075 756 ‘l

1096 507 1315 544 diligentissime.
1355 508 1485 541 Quintum
1499 509 1604 536 fratrem
1617 518 1721 541 meum.
1739 511 1763 538 si
1773 520 1815 538 me
1826 512 1890 538 dili-

1095 545 1151 579 gis,
1165 554 1196 572 eo
1207 554 1320 572 numero
1333 554 1396 572 cura
1409 552 1437 573 ut
1449 547 1556 578 habeas,
1570 556 1624 583 quo
1635 556 1688 574 me.
1714 548 1750 576 Ita
1762 557 1890 586 magnum

1097 583 1257 609 beneficium
1270 588 1346 609 tuum
1358 593 1456 620 magno
1465 584 1575 610 cumulo
1586 586 1704 612 suxeris.

1149 652 1230 673 ant.
1252 653 1269 672 A
1277 653 1294 673 R
1302 652 1330 672 G.
1350 653 1492 674 Commendat
1502 653 1615 674 henin..

1284 690 1396 709 [qutun-r,
1407 690 1481 710 mullo.
1490 691 1581 709 Maru-tto
1591 697 1639 709 ια..
1651 693 1708 712 70⁴.)

1174 733 1209 759 M.
1231 733 1261 759 Τ.
1283 733 1313 761 C.
1336 733 1364 759 S.
1387 733 1416 759 Ρ.
1439 733 1468 759 D.
1499 733 1527 760 P.
1549 733 1654 760 SILIO
1673 733 1807 761 PROPR.

1152 772 1174 796 ⁴.
1188 765 1251 796 Non
1264 771 1356 805 putavi
1368 769 1424 796 fieri
1436 778 1525 805 posse.
1541 776 1570 797 ut
1581 771 1649 797 mihi
1662 771 1742 798 verba
1752 771 1887 799 deessent:

1096 806 1143 833 sed
1160 812 1248 834 tamen
1265 809 1291 834 in
1307 808 1337 835 C.
1361 808 1458 834 Laenio
1473 808 1686 835 commendando
1700 808 1808 836 desunt.
1839 809 1890 836 Ita-

1066 857 1067 862 =
1096 852 1149 879 que
1165 853 1220 871 rem
1236 845 1285 871 tibi
1301 854 1433 880 exponam
1449 846 1544 880 paucis
1557 846 1662 878 verbis,
1684 846 1731 872 sed
1744 851 1845 877 tamen,
1862 852 1890 872 ut

1066 880 1067 898 ³
1096 881 1174 916 plane
1190 883 1342 917 perspicere
1358 883 1446 917 possis
1462 882 1625 909 voluntatem
1641 891 1738 910 meam.
1773 883 1891 910 Incredi-

1066 920 1067 941 ἲ
1096 918 1150 945 bile
1161 924 1210 950 est,
1224 921 1317 955 quanti
1330 919 1460 946 faciamus
1471 925 1497 946 et
1507 928 1557 956 ego
1567 926 1593 947 ct
1604 920 1890 956 fratermeus.quimi-

1096 956 1124 982 hi
1135 957 1293 983 carissimus
1304 962 1357 988 est,
1371 957 1406 983 M.
1420 958 1559 984 Laenium.
1588 958 1616 984 ld
1629 958 1657 984 fit
1667 966 1752 993 quum
1764 957 1891 993 plurimis

1066 1009 1067 1016 η
1095 994 1154 1020 eius
1168 993 1279 1024 officiis,
1293 999 1349 1021 tum
1361 1003 1466 1021 summa
1479 995 1609 1029 probitate
1619 1000 1645 1021 et
1655 995 1786 1037 singulari
1798 995 1891 1022 mode-

248 1124 276 1146 ut
287 1125 329 1146 tua
337 1119 403 1146 fides
414 1125 440 1146 et
451 1120 570 1156 dignitas
581 1122 706 1156 postulat,
719 1123 837 1150 edietum
849 1129 875 1150 et
889 1124 1042 1150 institutum
1065 1138 1066 1141 ¹

248 1157 345 1190 tuum,)
365 1157 412 1183 sed
429 1162 457 1184 ut
480 1167 561 1193 quam
579 1159 721 1186 facillimos
737 1160 769 1186 ad
786 1165 809 1186 te
824 1161 914 1187 aditus
932 1161 1040 1192 habeat,

247 1203 316 1228 quae
328 1199 405 1221 erunt
417 1203 510 1230 aequa,
526 1195 624 1222 libente
637 1202 660 1223 te
674 1198 810 1232 impetret:
834 1203 863 1224 ut
874 1207 960 1225 meam
974 1200 1043 1225 ami-

245 1231 337 1258 citiam
348 1232 414 1262 sibi,
434 1233 514 1259 etiam
525 1242 610 1267 quum
621 1235 714 1269 procul
726 1235 827 1266 absim,
841 1236 969 1270 prodesse
980 1245 1043 1263 sen—

247 1269 306 1299 tiat,
327 1270 484 1304 praesertim
507 1270 579 1305 apud
591 1276 625 1298 te.
661 1272 714 1298 Hoc
730 1277 754 1299 te
774 1272 947 1300 vehementer
961 1274 1042 1300 etiam

246 1310 325 1340 utque
336 1307 416 1333 etiam
428 1315 500 1343 rogo.

298 1375 345 1395 Lx.
362 1376 440 1396 ΑΚΘ.
458 1377 599 1398 Commendat
609 1377 733 1399 Livineium
744 1379 857 1401 libertum.

244 1412 335 1432 (unum.
350 1416 390 1435 post
405 1413 494 1431 enslin-n
510 1418 551 1432 unn-
566 1420 583 1433 ι.
594 1417 639 1433 700.
650 1422 665 1434 s.
681 1416 798 1435 nominum.
813 1417 865 1439 App.
875 1417 978 1435 Pulchrum
988 1419 1042 1439 coss.)

341 1447 376 1473 M.
390 1448 419 1474 T.
442 1448 471 1475 C.
494 1448 520 1475 S.
544 1450 575 1476 D.
597 1449 627 1477 C.
651 1450 833 1478 MUNATIO
854 1452 883 1479 C.
906 1453 936 1479 F.

302 1494 325 1518 l.
347 1488 382 1518 L.
406 1493 546 1521 Livineius
566 1495 675 1532 Trypho
694 1501 735 1523 est
748 1499 858 1524 omnino
877 1499 908 1525 L.
930 1498 1039 1533 Reguli,
1070 1506 1071 1510 ¹

245 1529 448 1557 familiarissimi
463 1532 530 1562 mei,
554 1531 680 1560 libertus:
710 1535 790 1561 cuius
805 1534 942 1563 calamitas
960 1537 1040 1563 etiam
1063 1535 1071 1570 ᾗ

243 1565 431 1594 officiosiorem
448 1578 490 1596 me
507 1569 570 1597 facit
584 1571 612 1597 in
627 1570 716 1598 illum.
747 1572 815 1599 Nam
826 1572 1037 1605 benevolentior,
1062 1576 1071 1606 ‚'

243 1612 326 1646 quam
336 1613 444 1640 semper
454 1605 503 1638 fui,
517 1615 576 1634 esse
586 1616 640 1634 non
649 1617 772 1643 possum.
795 1609 1039 1646 Sedegolibertum
1070 1606 1071 1612 ¹

243 1649 302 1667 eius
312 1650 361 1676 per
371 1651 399 1668 se
412 1643 502 1678 ipsum
513 1643 611 1681 diligo:
642 1646 749 1673 somma
764 1648 838 1673 enim
853 1649 912 1674 eius
923 1657 985 1684 erga
998 1657 1040 1675 me

243 1677 331 1705 officia
347 1680 506 1708 exstiterunt
527 1681 570 1708 his
584 1683 682 1710 nostris
693 1684 873 1719 temporibus,
886 1686 989 1720 quibus
1001 1686 1041 1712 fa-

243 1714 343 1742 cillime
359 1716 457 1743 bonam
468 1718 684 1747 benevolentiam
695 1720 836 1748 hominum
850 1727 877 1749 et
886 1722 966 1749 fidem
978 1732 1040 1758 per-

243 1753 348 1787 spicere
363 1755 448 1788 potui.
482 1757 507 1783 2.
522 1756 592 1783 Eum
608 1757 658 1783 tibi
669 1758 705 1784 ita
715 1759 888 1790 commendo,
906 1764 936 1786 ut
951 1760 1039 1787 homi·
1061 1769 1069 1803 1,
1089 1749 1209 1808 ἧῗὲἰῐῗξ
1221 1743 1887 1816 ἶξθῖξὲᾈᾳὲὲῖξὲἓῖὃῗξζῧ]Ιῖἓΐεεῖιςίδῐξ.ΙίΙΙᾺὲὃΞῚΠοιῗὲιῖ

243 1798 290 1816 nes
306 1791 374 1826 grati
389 1795 416 1817 et
425 1800 557 1820 memores
568 1793 636 1820 bene
648 1796 756 1822 meritos
767 1795 801 1822 de
811 1805 840 1822 se
850 1797 1038 1824 commendare

243 1826 351 1854 debent.
385 1828 541 1864 Pergratum
557 1831 626 1858 mihi
641 1831 750 1863 seceris,
768 1834 792 1859 si
808 1833 852 1860 ille
865 1834 1035 1865 intellexerit.
1061 1846 1062 1849 ¹

243 1872 281 1894 se,
299 1864 370 1898 quod
385 1873 432 1899 pro
446 1867 531 1894 salute
544 1876 600 1894 mea
613 1868 698 1896 multa
709 1870 828 1904 pericula
840 1871 944 1901 adierit,
957 1881 1037 1907 saepe

244 1900 332 1927 hieme
347 1910 452 1929 summa
469 1905 614 1940 navigarit,
632 1914 679 1940 pro
691 1911 734 1933 tua
745 1916 807 1943 erga
820 1916 862 1934 me
874 1908 1038 1936 benevolen-

244 1938 278 1963 tia
290 1943 395 1974 gratum
406 1941 486 1966 etiam
499 1942 548 1968 tibi
560 1941 666 1969 fecisse.

241 2043 331 2067 gotium.
349 2046 379 2068 (ln
389 2046 461 2066 Cilirin.
471 2047 528 2066 Rutu.
538 2049 629 2066 Marcello
639 2056 685 2067 coss.
696 2051 751 2071 703.)

338 2089 374 2115 Μ.
396 2090 426 2116 T.
448 2090 477 2116 C.
509 2090 536 2117 S.
558 2091 590 2117 D.
614 2092 643 2118 P.
666 2092 771 2120 SILIO
791 2093 927 2121 PROPR.

240 2200 287 2234 qui
300 2209 341 2226 me
353 2209 437 2236 quum
450 2206 571 2234 tutorem,
585 2208 642 2230 tum
653 2205 734 2231 etiam
745 2206 895 2233 secundum
908 2207 1035 2234 heredem

240 2237 395 2264 instituerit.
432 2239 498 2265 Eius
513 2239 569 2267 filio
579 2241 645 2268 mire
656 2242 778 2269 studioso
789 2248 814 2269 et
824 2244 930 2271 erudito
940 2249 966 2271 et
976 2253 1035 2271 1110-

240 2273 315 2301 desto
329 2276 472 2310 pecuniam
489 2277 648 2305 Nicaeenses
658 2280 788 2315 grandem
799 2280 911 2312 debent,
924 2281 959 2308 ad
969 2282 1034 2308 fl-S

238 2313 370 2347 octogies:
397 2318 435 2344 et,
453 2318 483 2340 ut
497 2314 590 2346 audio,
608 2316 636 2342 in
654 2317 751 2351 primis
767 2318 791 2344 ei
808 2318 901 2345 volunt
917 2319 1032 2346 solvere.

240 2349 395 2384 Pergratum
411 2351 494 2386 igitur
512 2352 580 2379 mihi
591 2352 700 2384 feceris.
718 2355 827 2389 quando
838 2364 890 2382 non
902 2356 980 2382 modo
992 2365 1035 2382 re-

239 2430 306 2455 puer
324 2424 381 2458 ipse
396 2425 451 2451 sibi
463 2427 610 2460 persuasit,
628 2432 652 2454 te
667 2429 757 2455 omnia
773 2438 832 2456 mea
842 2438 938 2456 caussa
948 2430 1035 2457 factu-

240 2467 299 2485 mm
312 2468 379 2502 ess-e'
392 2462 415 2487 Si
427 2462 534 2490 dederis
544 2473 662 2507 op‘mfm'
676 2466 765 2500 quoad
777 2472 821 2508 m?
828 2467 1034 2510 [id-esqignitas-
1056 2484 1057 2502 ³
1085 2490 1197 2516 <timisti
1212 2495 1237 2516 at
1259 2498 1292 2515 ue
1308 2489 1395 2516 fecisti
1439 2489 1567 2515 Mannum
1583 2489 1717 2515 theatrum
1732 2487 1813 2514 hahet
1827 2485 1899 2517 ista}

239 2503 292 2529 que
307 2502 433 2530 patietur,
451 2504 571 2534 utquam
582 2510 702 2536 primum
713 2511 827 2537 pecunia
838 2504 934 2531 Pinnio
944 2504 1034 2532 solva·
1062 2518 1064 2546 ζ
1084 2509 1223 2560 ὶπονὶῃςίὃ
1239 2498 1302 2562 {Inoa
1321 2531 1351 2553 ut
1366 2511 1431 2553 ha'ec
1445 2509 1544 2558 mgna]
1561 2525 1595 2552 ad
1610 2525 1788 2552 adolescentis
1799 2524 1898 2552 nobi-3

240 2536 282 2557 tur
294 2533 480 2561 Nicaeensium
492 2539 609 2564 nomine.

240 2635 333 2656 memlflt.
360 2638 390 2660 (Ιιι
401 2638 473 2662 Cilicia,
484 2641 542 2660 Rul‘s.
551 2643 644 2662 mantello
655 2651 700 2662 coss.
713 2647 767 2667 Το3.)

1056 2348 1057 2351 ’
1086 2341 1255 2367 innocentem
1272 2340 1306 2367 ad
1321 2341 1437 2367 alicuius
1453 2341 1492 2367 tui
1507 2339 1651 2367 dissimilis
1666 2343 1819 2374 quaestum.
1850 2337 1881 2365 Id

240 2385 307 2420 liqui
319 2391 431 2418 tutores,
449 2389 497 2423 qui
508 2390 610 2421 scium,
627 2392 721 2425 quami
732 2401 774 2418 me
787 2391 882 2423 facias³
895 2393 943 2419 sed
953 2394 1034 2420 etiam
1056 2379 1057 2409 ἒ
1085 2386 1171 2413 quum
1190 2383 1297 2414 gratum
1317 2378 1386 2404 mihi
1400 2382 1463 2408 ent,
1495 2383 1551 2404 tum
1567 2382 1647 2403 enam
1661 2375 1837 2406 existimabo,
1855 2381 1880 2402 te

535 1992 743 1997 ἦ,
1059 1969 1069 1999 j·
1089 1967 1121 1994 de
1138 1968 1267 1994 Pausania
1284 1967 1480 1999 Alabandensi,
1497 1972 1630 1994 sustentes
1646 1975 1716 1998 rem.
1734 1966 1801 1993 dum
1815 1967 1885 1994 Nero
1911 1995 1915 2003 Ι

294 2009 354 2029 LXI.
379 2009 456 2030 Ano.
479 2010 558 2031 Piuuii
574 2011 693 2037 Bithyniae
703 2014 842 2040 propraetori
853 2015 987 2035 commen-taz
999 2022 1035 2036 ne-
1058 1989 1069 2032 ΙΙ
1088 2005 1188 2032 veniat-
1230 2004 1410 2031 vehementer
1428 2005 1488 2031 eius
1503 2013 1598 2032 caussa
1613 2012 1712 2039 cupere
1726 2012 1790 2030 eum
1805 2003 1885 2030 intel*
1908 2007 1909 2010 Ἴ

1058 2050 1060 2068 :
1089 2041 1156 2069 lexi:
1192 2043 1283 2078 itaque
1304 2042 1354 2069 hoc
1375 2041 1454 2069 valde
1474 2047 1498 2069 te
1518 2051 1591 2079 rogo.

1058 2095 1059 2112 ÷
1087 2088 1156 2115 quos
1177 2080 1246 2106 Nero
1265 2080 1293 2106 in
1313 2080 1410 2114 primis
1424 2079 1506 2106 habet
1523 2079 1690 2106 necessarios
1704 2077 1884 2114 diligentissi-
1904 2078 1915 2096 ἰ

297 2121 336 2152 Τ.
359 2127 455 2153 Pinnio
476 2126 687 2156 familiarissime
707 2139 750 2157 me
774 2140 854 2158 usum
869 2141 943 2163 esse,
966 2133 1035 2159 scire
1058 2123 1067 2154 s
1087 2125 1185 2152 meque
1201 2121 1291 2143 tuetur
1305 2125 1336 2143 ³⁰
1350 2116 1484 2148 defendit·
1502 2117 1602 2143 habeas
1613 2115 1884 2143 fibicommendafis-
1907 2143 1913 2150 “

243 2168 268 2189 te
278 2163 405 2190 arbitror:
437 2165 510 2199 quod
521 2166 632 2200 quidem
645 2167 690 2193 ille
700 2172 858 2195 testamento
872 2169 1031 2203 declaravit3
1065 2178 1067 2185 ’

1068 1874 1069 1883 .
1089 1857 1189 1882 simum
1213 1855 1313 1882 fecisti:
1348 1855 1436 1890 pluris
1457 1857 1530 1882 enim
1546 1864 1580 1882 ex
1594 1855 1667 1882 omni
1684 1854 1823 1881 nobilitate
1838 1863 1886 1881 ne-

1060 1894 1069 1911 rs

1095 1032 1156 1057 stia.
1188 1032 1257 1057 Eum
1273 1040 1322 1067 ego
1332 1040 1345 1058 a
1359 1040 1400 1058 me
1412 1032 1595 1058 invitissimus
1607 1031 1713 1062 dimisu.
1732 1041 1817 1067 quum
1828 1041 1891 1067 pro-

1095 1073 1154 1103 pter
1169 1068 1377 1095 familiaritatem
1390 1073 1415 1095 et
1425 1068 1630 1095 consuetudinis
1641 1070 1816 1100 suavitatem,
1832 1075 1889 1096 tum

1095 1105 1167 1140 quod
1179 1106 1292 1132 consilio
1303 1106 1362 1132 eius
1370 1105 1479 1132 fideliac
1486 1105 1784 1133 bonolibenterutebar.
1804 1106 1890 1133 2.Sed

1095 1151 1196 1173 vereor.
1210 1152 1242 1169 ne
1255 1144 1307 1169 iam
1322 1143 1391 1169 mihi
1402 1152 1544 1178 superesse
1555 1143 1892 1179 verbaputes.quaedixe-
1918 1176 1924 1182 Ι

1095 1189 1151 1206 ram
1165 1180 1300 1207 defutura.
1321 1180 1486 1208 Commendo
1497 1180 1700 1212 tibihominem,
1712 1181 1890 1208 sicutintelli-

1094 1218 1146 1253 gis,
1160 1226 1212 1248 me,
1225 1217 1259 1244 de
1270 1226 1325 1253 quo
1335 1226 1365 1244 ea
1376 1226 1458 1253 supra
1469 1219 1635 1253 scripserim,
1647 1217 1746 1245 debere
1752 1227 1889 1245 commen-

1094 1255 1173 1281 dare:
1192 1264 1206 1281 a
1220 1260 1300 1290 teque
1312 1255 1486 1282 vehementer
1495 1256 1575 1282 etiam
1586 1260 1666 1291 atque
1677 1256 1757 1282 etiam
1769 1261 1839 1291 peto,
1849 1261 1887 1285 ut.

1093 1292 1167 1327 quod
1178 1292 1259 1319 habet
1269 1293 1295 1319 in
1307 1297 1351 1319 tua
1363 1293 1502 1328 provincia
1515 1293 1615 1329 negotii
1625 1314 1631 1324 ,
1648 1293 1778 1328 expedias
1787 1314 1793 1324 ,
1815 1293 1887 1328 quod

1064 1325 1073 1360 J,
1094 1329 1144 1356 tibi
1155 1329 1293 1356 videbitur
1304 1335 1480 1361 rectumesse=
1494 1331 1547 1366 ipsi
1558 1330 1642 1357 dicas.
1666 1331 1806 1357 Hominem
1814 1330 1890 1357 facil—

1063 1364 1073 1428 ⁴!

1064 1443 1065 1475 j
1093 1446 1132 1473 te,
1149 1450 1232 1477 quam
1248 1443 1367 1478 primum
1379 1442 1412 1469 ad
1425 1451 1466 1469 me
1477 1443 1606 1469 remittas.
1639 1442 1666 1469 Id
1681 1443 1748 1470 mihi
1760 1442 1888 1478 fratrique

1095 1366 1190 1394 limum
1207 1367 1484 1403 liberalissimumque
1498 1376 1654 1404 cognosces.
1676 1369 1767 1403 Itaque
1778 1373 1803 1394 te
1814 1376 1886 1404 rogo.

1094 1409 1123 1431 ut
1137 1413 1199 1431 eum
1211 1405 1342 1435 solutum,
1361 1405 1490 1434 liberum,
1507 1405 1636 1432 confectis
1647 1406 1706 1431 eius
1716 1406 1831 1441 negotiis
1842 1413 1890 1440 per

1093 1487 1153 1506 meo
1162 1480 1348 1516 gratissimum
1361 1479 1466 1507 feceris.

1146 1552 1229 1573 LXIV.
1249 1553 1268 1573 Δ
1275 1553 1326 1574 Ro.
1345 1554 1486 1574 Commendat
1498 1554 1615 1574 Neronem.

1295 1591 1325 1611 (ln
1335 1590 1409 1613 cilicia,
1419 1591 1477 1610 Rufu.
1484 1591 1577 1609 Muteno
1586 1596 1633 1608 αιω.
1646 1591 1702 1610 703.)

1203 1632 1239 1659 M.
1262 1632 1292 1659 T.
1315 1632 1344 1660 C.
1376 1632 1405 1659 S.
1426 1633 1457 1659 D.
1478 1633 1508 1660 P.
1530 1632 1637 1659 SILIO
1657 1631 1775 1658 PROPR.

1148 1671 1169 1696 l.
1187 1664 1262 1696 Nero
1274 1678 1350 1696 meus
1366 1669 1494 1697 mirificas
1509 1669 1580 1705 apud
1597 1678 1640 1696 me
1651 1669 1700 1696 tibi
1710 1669 1810 1704 gratias
1821 1670 1884 1705 egit,

1090 1715 1201 1741 prorsus
1221 1706 1409 1737 incredibiles.
1426 1712 1455 1733 ut
1469 1707 1575 1733 nullum
1587 1707 1715 1733 honorem
1726 1705 1779 1732 sibi
1793 1705 1887 1733 haberi

1089 1824 1178 1845 scente
1193 1819 1307 1854 gratius.
1343 1817 1397 1845 Sed
1413 1818 1567 1845 mehercule
1583 1818 1650 1845 mihi
1666 1826 1774 1853 quoque
1788 1818 1887 1853 gratis-

1089 1893 1190 1919 minem
1206 1892 1283 1919 facio.
1319 1893 1425 1928 Itaque.
1443 1893 1467 1919 si
1478 1901 1508 1919 ea
1520 1893 1629 1923 feceris,
1646 1901 1716 1928 quae
1727 1891 1773 1918 ille
1784 1900 1832 1927 per
1842 1900 1885 1919 me

1089 1935 1177 1957 tecum
1190 1931 1234 1966 agi
1245 1930 1339 1961 voluit,
1351 1931 1538 1966 gratissimum
1550 1930 1618 1957 mihi
1629 1929 1734 1956 feceris.
1764 1929 1885 1956 Primum
1910 1939 1913 1941 ·

1632 2041 1733 2068 Deinde
1753 2041 1881 2077 Nysaeos,

1087 2155 1184 2181 simos:
1210 2159 1239 2180 ut
1250 2153 1382 2190 intelligat
1393 2153 1439 2181 illa
1449 2154 1553 2185 civitas,
1566 2154 1619 2180 sibi
1631 2154 1659 2180 in
1669 2153 1783 2180 Nemnis
1794 2157 1883 2187 patro-
1902 2154 1909 2179 ¹.

1086 2192 1158 2218 cinio
1173 2200 1311 2218 summum
1328 2200 1387 2218 esse
1402 2191 1580 2227 praesidium.
1616 2190 1774 2217 Strabonem
1789 2190 1881 2216 Servi-
1896 2228 1900 2230 -

1088 2229 1154 2255 lium
1166 2229 1216 2255 tibi
1227 2237 1306 2264 saepe
1317 2228 1519 2256 commendavi:
1542 2237 1615 2255 nunc
1627 2236 1658 2255 eo
1667 2227 1882 2262 facioidimpen-

1086 2267 1157 2297 sius,
1181 2265 1254 2301 quod
1271 2267 1330 2292 eius
1345 2274 1469 2292 caussam
1485 2267 1554 2293 Nero
1572 2266 1702 2300 suscepit.
1737 2265 1851 2291 Tantum
1866 2273 1882 2291 a

1086 2308 1110 2330 te
1125 2303 1256 2338 petimus,
1274 2308 1303 2330 ut
1318 2311 1382 2339 agas
1395 2312 1454 2330 eam
1466 2312 1535 2334 rem,
1548 2311 1581 2330 ne
1595 2302 1732 2337 relinquas
1743 2301 1881 2328 hominem

1086 2415 1251 2441 humanitate
1263 2420 1307 2441 tua
1318 2424 1377 2442 esse
1389 2423 1480 2442 usum.
1506 2416 1531 2442 2.
1544 2414 1656 2441 Summa
1663 2412 1880 2448 huiusepistolae
1888 2418 1903 2445 ,j

1086 2452 1151 2479 haec
1161 2457 1215 2483 est,
1233 2456 1263 2478 ut
1272 2461 1351 2479 ornes
1362 2452 1489 2479 omnibus
1500 2451 1582 2478 rebus
1593 2452 1738 2481 Neronem,
1755 2451 1826 2476 sicut
1835 2450 1880 2476 in-
1889 2452 1899 2469 ¹

1062 2559 1064 2598 ᾖ
1086 2563 1131 2594 lis,
1159 2564 1306 2599 ingeniosi,
1331 2563 1490 2590 abstinentis
1514 2562 1772 2604 commendationem
1797 2566 1902 2604 ’θυμοῖ

292 2601 363 2621 Lxu.
386 2602 462 2623 Atta.
482 2605 572 2634 Gratias
588 2607 634 2632 agit
644 2608 671 2628 de
681 2608 773 2629 Attiliu:
797 2609 887 2630 fratrem
902 2617 964 2632 suurn
975 2618 1032 2633 com—
1061 2599 1063 2643 }
1083 2600 1208 2636 gloriam·
1246 2600 1347 2632 Quare·
1365 2601 1389 2627 Si
1405 2605 1429 2626 te
1448 2599 1550 2627 ramore
1564 2609 1632 2626 usus
1642 2604 1705 2630 ent’
1723 2603 1804 2625 smum
1813 2606 1894 2633 Pro-⁴*

1054 2631 1063 2661 l⁴
1085 2637 1152 2664 fecto
1172 2643 1197 2664 et
1218 2643 1308 2664 utetur
1327 2642 1354 2664 et
1368 2645 1435 2664 usus
1451 2642 1504 2663 est.
1527 2637 1711 2672 amplissimas
1725 2635 1872 2667 clientelas.
1888 2636 1890 2639 ’
