1941 3052
235 131 296 155 1018
790 126 845 150 113.
879 124 914 150 Μ.
950 123 980 149 Τ.

231 203 303 228 sent,
317 199 369 224 nini
383 195 520 223 vocabuli-⁴
533 200 670 221 uterentur
681 194 758 220 nohis
771 194 923 227 incognitis,
939 194 1022 219 usita-

231 237 264 262 iis
285 236 348 261 nihi.

232 315 364 338 versatur,
384 307 538 334 noiuinilnm
556 306 656 332 notavit
672 306 758 332 novis.
799 306 857 337 Quo
870 306 957 340 magi-⁴
974 305 1022 331 hoc

231 345 390 381 philosopho
403 343 552 370 suricinium
565 348 614 369 est.
653 343 702 368 Ars
713 347 752 369 est
764 343 835 368 enim
848 342 1020 377 philosophia

232 384 311 409 titan-2
343 382 375 407 «lv
394 391 446 416 qua
462 381 597 406 dissert-ns
616 380 732 414 arripere
751 380 830 406 verba
846 380 879 405 (le
897 380 953 406 loro
969 389 1020 406 non

230 425 324 454 pou-st.
355 420 379 444 55,
393 420 561 452 Quamquam
574 426 607 443 ex
617 417 744 443 erunibus
756 417 927 451 philosophis
939 417 1020 443 Stoici

230 457 344 491 plurima
361 459 536 481 novun-runi.
577 455 646 480 Zeno
661 463 768 489 quoque
784 463 876 480 eorum
894 463 1020 488 princeps

230 503 280 520 non
303 498 355 519 tam
372 501 460 518 rerum
475 493 596 518 inventor
608 491 670 521 l'uit.
688 500 769 526 quam
783 492 926 518 verborum
938 500 1021 518 novo-

229 540 298 556 rum.

229 577 282 593 rem
295 571 400 601 putant,
418 575 576 592 concessum
590 565 614 602 [a
627 565 746 601 Graecia]
759 571 812 595 est,
831 571 859 592 ut
869 566 1020 592 ‹tm-‚tissimi

229 605 352 630 immines
372 603 404 629 de
426 603 506 629 rebus
527 612 578 629 non
600 604 752 638 pervagatis
773 604 909 629 inusitatis
931 603 1020 629 verbis

227 646 378 668 uterentur:
411 645 510 675 quanto
526 640 553 666 id
569 640 647 667 nobis
659 641 744 674 magis
755 646 795 666 est
805 640 1018 669 concedendum,

227 679 274 713 qui
295 687 324 704 ea
337 687 407 704 nunc
419 678 535 712 primum
551 677 683 704 audemus
694 677 841 712 attingere?
870 678 926 703 Etsi
938 677 1019 712 (quod
1048 705 1049 712 ἵ

227 724 306 750 saepe
325 715 460 745 diximus,
482 719 507 741 et
527 714 637 750 quidem
658 724 719 741 cum
736 715 825 750 aliqua
841 715 950 749 quercla
968 723 1019 741 non
1040 728 1041 732 =

227 754 390 779 Graecorum
407 752 499 782 modo,
517 752 563 778 sed
584 753 663 778 ctiam
680 761 786 782 corum,
805 753 892 787 quise
905 753 1020 778 Graecos
1048 770 1049 778 1

227 791 327 825 magis,
352 798 432 824 quam
450 794 552 815 nostros
573 789 664 815 haberi
682 789 788 818 volunt,
809 799 856 815 nos
873 799 925 815 uon
942 789 1020 815 modo
1040 783 1049 805 *¹

227 836 279 854 non
302 828 373 853 vinci
394 836 407 852 a
428 827 537 853 Graccis
555 827 696 853 verborum
712 827 802 861 copia,
820 827 866 852 sed
879 836 938 852 esse
951 827 976 853 in
989 835 1018 852 ea
1048 861 1049 869 ¹

226 865 306 891 etiam
316 864 493 899 superiores-:J
505 863 695 890 elaborandum
707 869 755 894 est,
770 869 797 890 ut
810 864 858 890 hoc
870 873 921 890 non
935 865 960 890 in
974 873 1020 890 no-

226 903 288 928 stris
309 901 396 927 solum
417 901 532 929 artibus,
555 901 601 927 scd
622 902 700 928 etiam
723 902 748 927 in
771 901 877 927 illorum
900 902 1019 936 ipsorum

226 947 433 973 consequamur.
456 939 623 973 Quamquam
637 948 665 964 ea
679 939 887 973 verl›a,‹piil›us,
898 939 1020 965 instituto

227 979 347 1002 <clerum
357 997 362 1005 ,
379 976 481 1001 utimur
493 984 538 1009 pro
555 976 668 1005 Latinis,
687 981 715 1001 ut
727 976 783 1010 ipsa
797 976 976 1010 philosophia,
992 981 1019 1002 ut

226 1013 370 1042 rhetorica,
383 1012 535 1041 dialectica,
553 1014 740 1048 grammatica.
757 1013 912 1047 geometria,
934 1014 1020 1039 inusi-

225 1059 270 1079 ca.
292 1058 456 1085 quamquam
474 1050 565 1076 Latine
581 1059 611 1076 ea
624 1050 678 1076 dici
691 1055 822 1085 poterantv
841 1055 938 1080 tamen,
952 1059 1020 1085 quo-

226 1088 298 1114 niam
322 1096 372 1113 usu
394 1092 518 1121 percepta
538 1092 614 1118 sunt,
641 1092 728 1114 nostra
749 1087 890 1113 ducamus.
931 1088 1018 1122 Atque

226 1124 291 1151 haec
301 1124 411 1159 quidem
423 1124 456 1150 de
468 1133 555 1150 rerum
568 1125 734 1151 nominibus.
770 1127 795 1151 6.
810 1125 846 1151 De
858 1125 925 1159 ipsis
937 1125 1018 1151 relius

225 1167 314 1188 autem
333 1170 539 1196 saepenumero,
558 1162 649 1193 Brute,
664 1170 769 1191 vereor,
782 1171 814 1188 ne
826 1162 1015 1196 reprehendar,

225 1208 310 1233 quum
329 1199 393 1224 haec
409 1199 440 1225 ad
457 1204 480 1225 te
495 1199 626 1229 scribam,
639 1200 686 1234 qui
698 1208 783 1234 quum
794 1200 821 1225 in
833 1199 1015 1234 philosophia,

226 1241 282 1263 tum
303 1237 330 1262 in
350 1237 452 1270 optimo
474 1245 571 1271 genere
588 1236 775 1271 philosophiae
791 1241 893 1263 tanturn
911 1245 1019 1271 proces-
1039 1259 1041 1264 ,

225 1274 302 1299 seris.
343 1273 420 1305 Quod
435 1274 458 1299 si
475 1273 602 1305 facerem,
620 1274 697 1308 quasi
715 1278 738 1299 te
750 1274 891 1304 erudiens,
905 1275 962 1300 iure
975 1283 1018 1300 re-

225 1310 414 1345 prehenderer.
455 1310 507 1336 Sed
524 1310 557 1336 ab
573 1319 603 1337 eo
619 1310 768 1345 plurimum
784 1311 895 1337 absum:
919 1320 1015 1346 neque,

226 1353 254 1374 ut
275 1356 304 1373 ea
317 1356 475 1383 cognoscas,
497 1356 566 1382 quae
579 1348 627 1374 tibi
639 1349 778 1374 notissima
789 1353 861 1379 sunt,
875 1348 907 1374 ad
919 1353 943 1375 te
955 1349 1018 1375 mit—

226 1390 264 1415 to,
290 1385 337 1411 sed
353 1386 418 1419 quia
439 1384 566 1411 facillime
586 1386 612 1411 in
630 1386 738 1412 nomine
757 1390 802 1412 tuo
817 1387 972 1421 acquiesco,
991 1391 1017 1412 et

224 1423 288 1456 quia
312 1427 335 1448 te
357 1421 442 1448 habeo
453 1423 650 1457 aequissimum
661 1431 754 1449 eorum
765 1423 931 1454 studiorum,
949 1432 1018 1458 quae

225 1459 292 1485 mihi
311 1460 463 1486 communia
479 1464 567 1486 tecum
583 1465 659 1491 sunt,
683 1461 893 1486 existimatorem
909 1465 934 1487 et
946 1460 1019 1487 iudi-

224 1505 293 1522 cem.
333 1496 460 1522 Attendes
476 1497 572 1532 igitur,
594 1502 624 1523 ut
635 1497 718 1527 soles,
732 1497 890 1533 diligenter,
903 1506 1018 1533 eamque

223 1534 432 1559 controversiam
444 1533 622 1565 diiudicabis,
637 1543 705 1569 quae
716 1535 784 1561 mihi
796 1534 847 1561 fuit
857 1544 920 1561 cum
931 1543 1018 1562 avun-

223 1570 284 1597 culo
297 1575 350 1601 tuo,
363 1570 458 1597 divino
469 1579 498 1597 ac
509 1571 641 1607 singulari
652 1573 720 1598 viro.

278 1609 304 1634 7.
327 1609 407 1639 Nam,
430 1609 457 1635 in
469 1609 621 1635 Tusculano
631 1617 717 1644 quum
728 1617 825 1639 essem,
839 1609 992 1645 vellemque
1003 1618 1017 1636 e

223 1645 387 1671 bibliotheca
403 1647 481 1680 pueri
495 1646 602 1672 Luculli
617 1646 782 1681 quibusdam
796 1646 873 1673 libris
888 1648 941 1677 uti,
954 1648 1016 1673 veni

196 1694 198 1696 ’
224 1683 251 1708 in
267 1683 327 1708 eius
343 1682 450 1713 villam,
467 1688 497 1709 ut
511 1692 556 1709 eos
575 1684 633 1718 ipse
645 1683 684 1718 (ut
694 1683 824 1719 solebam)
836 1684 898 1710 inde
910 1692 1018 1719 prome-

224 1728 290 1745 rem.
331 1720 388 1751 Quo
411 1728 498 1754 quum
514 1721 663 1751 venissem.
677 1721 712 1747 M.
725 1721 865 1751 Catonem,
884 1730 965 1756 quem
978 1721 1016 1747 ibi

224 1764 284 1782 esse
299 1757 460 1787 nescieram,
474 1757 532 1783 vidi
543 1758 570 1784 in
582 1757 745 1784 bibliotheca
757 1758 909 1789 sedentem,
923 1758 1016 1784 multis

223 1794 420 1820 circumfusum
436 1794 586 1821 Stoicorum
603 1795 689 1821 libris.
729 1796 792 1822 Erat
806 1796 892 1826 enim,
910 1800 940 1822 ut
950 1796 1013 1826 scis,

223 1831 252 1857 in
275 1839 306 1857 eo
326 1831 485 1858 inexhausta
501 1832 616 1858 aviditas
633 1832 753 1868 legendi,
771 1841 820 1858 nec
835 1833 926 1859 satiari
940 1837 1017 1867 pote-

223 1873 275 1894 rat:
298 1869 463 1903 quippequi,
477 1869 1017 1905 nereprehensionemquidemvulgiina-

224 1913 285 1931 nem
301 1905 492 1937 reformidans,
515 1907 541 1932 in
558 1907 615 1941 ipsa
631 1907 706 1932 curia
717 1906 814 1933 soleret
825 1906 913 1942 tegere
924 1915 1014 1941 saepe,

223 1941 289 1968 dum
305 1947 413 1969 senatus
428 1948 580 1978 cogeretur,
597 1943 665 1970 nihil
681 1952 777 1978 operae
793 1944 958 1978 reipublicae
968 1944 1016 1970 ‹le-

224 1979 346 2005 trahens:
379 1988 434 2014 quo
449 1981 536 2015 magis
552 1985 608 2007 tum
625 1981 651 2007 in
663 1989 769 2007 summo
779 1982 832 2007 otio
843 1982 1016 2016 maximaque

223 2017 299 2051 copia
315 2018 394 2051 quasi
413 2017 527 2043 helluari
545 2017 634 2049 libris,
652 2019 676 2044 si
688 2018 737 2044 hoc
749 2018 830 2044 verbo
842 2019 868 2045 in
881 2024 933 2045 tam
945 2018 1014 2045 clara
1036 2021 1045 2060 ¹,

223 2062 252 2079 re
263 2053 392 2079 utendum
404 2059 452 2085 est,
468 2055 618 2081 videbatur.
645 2056 669 2081 8.
682 2055 758 2087 Quod
769 2056 1013 2090 quumaccidisset,

222 2095 252 2117 ut
267 2090 333 2117 alter
348 2090 460 2117 alterum
477 2093 633 2126 necopinato
647 2092 814 2123 videremus,
832 2094 950 2120 surrexit
961 2099 1016 2120 sta-

223 2128 282 2154 tim.
322 2128 423 2154 Deinde
435 2130 521 2163 prima
533 2129 588 2160 illa,
602 2138 670 2164 quae
683 2131 708 2156 in
721 2138 867 2166 congressu
879 2130 1012 2157 solemus:

222 2164 294 2197 Quid
306 2170 343 2196 tu,
356 2166 452 2200 inquit,
467 2166 537 2193 huc‘?
557 2175 570 2192 a
582 2167 645 2193 villa
657 2168 738 2198 enim,
750 2167 844 2194 credo:
861 2173 895 2199 et,
909 2169 932 2194 si
944 2169 982 2195 ibi
990 2174 1014 2195 te
1034 2193 1036 2203 ‚

222 2210 281 2229 esse
292 2203 414 2233 scissem,
427 2203 460 2229 ad
473 2209 496 2229 te
508 2205 565 2238 ipse
577 2205 723 2231 venissem.
749 2205 820 2235 Heri,
834 2205 955 2240 inquam,
971 2206 1014 2232 lu-
1042 2232 1043 2240 ἵ

221 2239 265 2265 dis
279 2241 446 2270 commissis,
463 2249 497 2267 ex
512 2241 582 2267 Urbe
593 2241 727 2276 profectus
738 2243 801 2268 veni
812 2242 846 2268 ad
857 2251 1011 2278 vesperum.

222 2276 322 2303 Caussa
341 2282 430 2304 autem
442 2277 493 2304 fuit
504 2278 557 2305 huc
569 2279 704 2310 veniendi,
718 2284 747 2306 ut
757 2279 890 2314 quosdam
902 2280 967 2307 hinc
979 2280 1014 2307 li-

221 2313 283 2340 bros
295 2322 458 2349 promerem:
481 2321 506 2342 et
515 2316 636 2351 quidem,
649 2316 720 2347 Cato,
733 2321 813 2343 totam
828 2317 896 2343 hanc
907 2319 1012 2352 copiam

221 2351 274 2377 iam
290 2351 402 2378 Lucullo
418 2357 506 2379 nostro
522 2358 610 2379 notam
626 2362 685 2380 esse
699 2354 842 2388 oportebit.
882 2355 950 2381 Nam
969 2355 1012 2381 his

221 2386 298 2414 libris
317 2397 378 2415 eum
389 2389 472 2420 malo,
489 2399 570 2425 quam
582 2390 686 2425 reliquo
697 2396 790 2418 ornatu
802 2391 882 2418 villae
896 2391 1013 2419 delecta-

221 2425 254 2450 ri.
294 2426 341 2452 Est
358 2427 430 2452 enim
446 2427 515 2454 mihi
531 2436 642 2463 magnae
657 2436 750 2459 curae,
776 2428 951 2464 (quamquam
962 2429 1012 2456 hoc

221 2461 332 2495 quidem
347 2464 485 2498 proprium
501 2470 576 2491 tuum
590 2473 689 2491 munus
699 2465 764 2499 est.)
777 2470 806 2492 ut
817 2466 851 2492 ita
863 2467 1009 2498 erudiatur,

223 2503 251 2524 ut
269 2504 295 2525 et
314 2501 382 2533 patri
397 2505 422 2527 et
437 2501 564 2536 Caepioni
580 2506 669 2528 nostro
684 2507 710 2529 et
725 2502 775 2529 tibi
789 2507 843 2528 tam
858 2505 1012 2539 propinquo
1038 2525 1040 2532 .

222 2536 388 2569 respondeat.
429 2538 530 2565 Laboro
551 2544 640 2565 autem
656 2547 708 2565 non
724 2540 782 2565 sine
798 2548 903 2567 caussa.
943 2541 1011 2567 Nam

222 2576 248 2613 e't
258 2573 301 2598 avi
312 2573 371 2598 eius
383 2576 509 2602 memoria
521 2584 629 2603 moveor
642 2576 701 2611 (nec
712 2577 784 2602 enim
795 2577 911 2612 ignoras,
924 2587 1012 2613 quan-

222 2613 242 2635 ti
257 2608 373 2650 *fecerim
389 2610 563 2645 Caepionem:
595 2614 656 2649 qui,
673 2618 704 2640 ut
717 2614 810 2648 opinio
825 2623 883 2641 mea
900 2614 962 2645 sert,
982 2616 1011 2642 in

222 2646 391 2682 principibus
410 2647 462 2674 iam
477 2655 560 2681 esset,
573 2651 598 2677 si
613 2650 742 2686 viveret:)
756 2655 782 2678 et
799 2651 929 2678 Lucullus
943 2652 1012 2679 mihi

389 235 458 266 Quin
475 234 553 258 etiam
570 232 745 265 agricultura,
764 239 832 266 quae
849 231 974 257 abhorret
989 231 1022 257 ab
1043 242 1051 268 ’1

230 273 303 298 «unni
326 272 446 307 politiora·
468 270 612 301 elegantia,
635 274 721 294 tamen
740 277 784 293 cus·
802 277 856 298 res,
876 269 901 294 in
918 268 1022 303 quihus
1050 280 1051 295 1

1050 303 1051 336 3
1073 314 1165 331 eorum
1183 307 1338 331 memoriam
1355 310 1441 336 tenes,
1459 315 1574 341 quorum
1591 312 1702 342 uterque
1719 308 1767 334 tibi
1783 313 1864 334 tesin-

339 529 415 561 Quod
431 529 454 555 si
471 530 496 554 in
513 538 541 555 ea
559 528 664 563 lingua,
683 537 764 563 qutun
777 528 898 563 plerique
911 529 1022 555 uberio-
1041 557 1043 562 .

1048 575 1049 601 g
1073 575 1132 596 ner,
1163 566 1335 595 combiberit,
1358 567 1390 592 ad
1413 567 1510 592 maiora
1532 567 1620 593 veniet
1640 568 1764 601 paratior.

1048 1043 1049 1068 i
1072 1051 1217 1081 videretur,
1232 1060 1283 1076 non
1295 1060 1362 1077 nova
1375 1056 1398 1077 te
1411 1051 1492 1077 rebus
1503 1051 1610 1077 nomina
1624 1052 1770 1085 imponere.

1046 1100 1049 1119 ι
1071 1089 1106 1114 tio
1127 1089 1199 1114 enim
1221 1092 1308 1114 nostra
1329 1089 1474 1118 consentit,
1497 1093 1598 1123 pugnat
1619 1089 1712 1114 oratio.

1046 1141 1048 1156 ·,
1071 1134 1147 1155 vero,
1167 1125 1324 1160 inquitille‚
1341 1126 1482 1151 consentit.

1038 2594 1039 2599 ,
1061 2583 1208 2609 uterentur,
1241 2579 1368 2604 virtutem
1387 2578 1475 2612 ipsam
1494 2575 1671 2602 sustulerunt.

1014 122 1288 150 (nunninus

1050 195 1051 199 ’
1075 198 1196 219 versatur
1210 199 1270 220 ante
1285 194 1391 224 ocutos.
1417 195 1458 221 vir
1474 203 1560 230 quum
1575 195 1703 222 omnibus
1716 196 1860 226 excellens,

1075 236 1130 257 tuni
1152 239 1257 257 mecum
1273 236 1298 257 et
1313 232 1430 258 amicitia
1445 236 1471 258 et
1484 233 1557 259 omni
1573 233 1708 260 voluntate
1718 235 1864 260 sententiu-

1073 277 1125 303 que
1137 269 1306 294 coniunctus.
1329 271 1353 294 (9.
1368 269 1511 299 Praeclare,
1526 270 1626 305 inquit.
1641 270 1719 298 facis.
1737 279 1822 305 quum
1838 276 1864 298 et

1075 348 1163 368 mento
1178 342 1276 368 liberos
1287 351 1350 369 suos
1361 343 1573 373 commendavit,
1591 349 1617 370 et
1632 353 1745 379 puerum
1757 345 1863 380 diligis.

1073 380 1150 411 Quod
1166 384 1254 405 autem
1267 388 1356 406 meum
1369 389 1469 406 munus
1479 380 1562 408 dicis.
1584 389 1636 407 non
1647 382 1774 416 equidem
1787 391 1865 408 recu-

1073 426 1115 443 so:
1139 417 1186 442 sed
1199 422 1223 442 te
1234 416 1352 452 adiungo
1362 418 1476 443 socium.
1508 417 1584 443 Addo
1597 419 1676 444 etiam
1690 419 1766 448 illud,
1780 419 1864 446 mutu

1042 456 1051 475 ¹,
1075 455 1125 480 iarn
1148 454 1214 480 mihi
1236 454 1298 480 dare
1314 455 1391 489 signa
1408 463 1521 489 puerum
1537 460 1562 481 et
1578 455 1690 490 pudoris
1705 461 1731 482 et
1750 457 1862 491 ingenii.

1042 495 1051 518 Η
1072 491 1123 517 Sed
1135 496 1246 517 aetatem
1261 491 1346 518 vides.
1374 491 1456 518 Video
1467 491 1604 526 equidem.
1619 493 1742 527 inquam:
1765 494 1812 519 scd
1825 499 1865 519 ta-

1074 537 1134 555 men
1151 529 1202 555 iam
1216 530 1288 554 iniici
1304 528 1385 555 dehet
1397 529 1430 555 iis
1441 529 1558 558 artibus,
1571 538 1639 564 quas
1650 530 1683 559 si,
1696 529 1762 556 dum
1773 536 1813 557 est
1824 536 1864 557 te-

1804 568 1861 594 Sic:

1071 608 1097 629 et
1110 603 1221 638 quidem
1233 603 1392 638 diligentius
1403 604 1567 639 saepiusque
1578 604 1627 630 ista
1641 604 1782 639 loquemur
1796 605 1865 631 inter

1072 649 1134 670 noe,
1151 649 1317 675 agemusque
1333 642 1521 667 communiter.
1562 640 1615 667 Sed
1631 641 1807 673 resideamus.
1821 642 1864 668 in-

1071 679 1138 713 quit.
1153 679 1175 703 si
1188 678 1283 712 placet.
1324 679 1414 713 ltaque
1427 677 1551 704 fecimus.

1127 716 1169 741 ΙΙΙ.
1194 717 1233 741 40.
1253 715 1321 741 Tum
1339 715 1396 742 illc:
1428 716 1468 741 Tu
1479 721 1582 746 autem,
1593 723 1679 750 quum
1692 716 1750 750 ipse
1760 719 1862 742 tantum

1073 752 1201 778 librorum
1215 752 1322 783 habeas,
1335 762 1402 788 quos
1410 752 1566 779 hictandem
1574 752 1707 788 requiris?
1721 753 1864 780 Commen-

1072 790 1152 816 tarios
1165 790 1310 824 quosdam,
1325 791 1449 825 inquam,
1464 790 1642 820 Aristaeum,
1658 799 1727 825 quos
1740 790 1784 816 hic
1794 790 1864 817 acie-

1072 827 1133 853 lnam
1149 836 1222 856 esse,
1243 828 1302 854 veni
1315 834 1342 854 ut
1353 827 1499 857 auferrem,
1517 836 1585 862 quos
1598 827 1727 862 legerem,
1743 828 1809 853 dum
1820 835 1864 853 es-

1072 874 1128 890 sem
1149 866 1265 891 otiosus:
1287 864 1358 899 quod
1371 864 1482 899 quidem
1495 865 1586 895 nobis,
1601 870 1629 890 ut
1639 865 1703 894 scis,
1719 873 1770 891 non
1782 872 1863 899 saepe

1071 902 1211 935 contingit.
1252 901 1337 933 Quam
1355 902 1466 932 vellem,
1480 902 1581 936 inquit,
1594 907 1618 928 te
1629 901 1661 928 ad
1672 902 1773 928 Stoicos
1785 902 1864 928 incli-

1072 940 1206 965 nat-isses!
1228 939 1289 965 Erat
1299 940 1381 969 enim,
1395 940 1417 965 si
1429 940 1600 973 cuiusquam,
1614 945 1684 965 certe
1696 944 1782 969 tuum,
1794 938 1862 965 nihil

1072 981 1174 1011 praeter
1191 977 1314 1002 virtutem
1335 978 1361 1002 in
1378 976 1454 1002 bonis
1469 976 1578 1002 ducere.
1619 976 1698 1006 Vide,
1716 985 1748 1002 ne
1765 977 1861 1011 magiS,

1072 1015 1195 1048 inquam,
1210 1020 1285 1040 tuum
1299 1013 1391 1044 fuerit,
1409 1023 1493 1048 quum
1510 1023 1537 1040 re
1550 1013 1620 1039 idem
1632 1014 1694 1043 tibi,
1711 1013 1783 1048 quod
1795 1013 1863 1039 mihi

1812 1051 1863 1076 ita-

1753 1088 1863 1114 Minime

1522 1125 1662 1160 Quidquid
1673 1126 1745 1151 enim
1760 1130 1864 1160 praeter

1071 1163 1107 1192 id,
1120 1162 1193 1197 quod
1208 1163 1350 1189 honestum
1361 1163 1404 1193 sit,
1417 1162 1598 1197 expetendum
1608 1162 1864 1188 essedixerisinbo-

1046 1197 1047 1200 ¹
1071 1201 1166 1234 nisque
1179 1200 1377 1226 numeraveris:
1400 1200 1863 1234 ethonestumipsum,quasivirtu-

1071 1239 1104 1264 tis
1116 1237 1207 1263 lumen
1216 1258 1222 1268 ,
1240 1237 1418 1267 exstinxeris,
1431 1242 1456 1263 et
1468 1238 1594 1263 virtutem
1605 1237 1713 1272 penitus
1723 1237 1861 1263 everteris.

1072 1277 1112 1301 tt.
1124 1275 1255 1301 Dicuntur
1267 1275 1315 1300 ista
1325 1295 1331 1305 ,
1348 1274 1424 1305 Cato,
1445 1274 1602 1309 magnifice,
1616 1275 1740 1309 inquam:
1761 1273 1811 1300 sed
1822 1274 1864 1300 vi-

1069 1312 1166 1343 desne,
1184 1312 1328 1338 verborum
1343 1311 1456 1347 gloriam
1472 1312 1521 1338 tibi
1536 1320 1599 1338 cum
1614 1311 1750 1347 Pyrrhone
1765 1316 1863 1338 etcum

1070 1350 1192 1376 Aristone
1201 1369 1207 1379 ,
1220 1350 1268 1384 qui
1278 1350 1368 1376 omnia
1378 1354 1538 1384 exaequent,
1551 1357 1610 1375 esse
1621 1347 1810 1375 communem?
1829 1348 1864 1375 de

1069 1387 1172 1421 quibus
1189 1387 1270 1421 cupio
1284 1387 1353 1412 scire
1364 1386 1431 1421 quid
1443 1387 1553 1412 sentias.
1591 1385 1701 1421 Egone?
1722 1384 1863 1422 [quaeris,]

1071 1424 1168 1459 inquit,
1182 1423 1275 1460 [scii-e,
1288 1423 1356 1458 quid
1366 1422 1511 1460 sentiam‘P]
1532 1423 1605 1456 Quos
1616 1424 1700 1450 bonos
1712 1423 1793 1454 viros,
1810 1422 1865 1450 for-

1070 1466 1118 1492 tes,
1132 1462 1226 1492 iustos,
1240 1461 1389 1488 moderatos
1400 1466 1445 1487 aut
1455 1461 1614 1487 audivimus
1628 1461 1654 1487 in
1670 1460 1808 1495 republica
1820 1459 1864 1487 fu-

1070 1500 1138 1529 isse,
1156 1503 1202 1524 aut
1217 1499 1270 1533 ipsi
1281 1498 1416 1531 vidimus3
1437 1499 1556 1533 quisine
1568 1498 1622 1524 ulla
1633 1497 1767 1529 doctrina.
1785 1503 1864 1524 nam·

1069 1544 1125 1562 ram
1137 1536 1224 1570 ipsam
1236 1536 1331 1567 secuti,
1345 1536 1428 1562 multa
1441 1535 1586 1562 laudabilia
1599 1535 1731 1567 fecerunt:
1750 1543 1795 1562 eos
1806 1543 1864 1561 me-

1069 1572 1122 1599 lius
1142 1582 1155 1598 a
1171 1578 1263 1599 natura
1279 1573 1416 1600 institutos
1431 1572 1528 1603 fuisse,
1545 1581 1626 1608 quam
1642 1573 1747 1599 institui
1759 1573 1864 1608 potuis—

1068 1615 1152 1636 senta
1166 1610 1348 1645 philosophia,
1361 1611 1384 1636 si
1396 1610 1479 1636 ullam
1490 1609 1570 1636 aliam
1581 1609 1777 1645 probavissent,
1785 1618 1864 1644 prae-

1069 1652 1108 1674 ter
1127 1656 1200 1678 eam,
1222 1656 1291 1682 quae
1304 1647 1371 1673 nihil
1383 1647 1458 1674 aliud
1470 1648 1496 1673 in
1509 1647 1587 1673 bonis
1598 1647 1691 1677 habet,
1714 1647 1767 1673 nisi
1778 1646 1863 1673 hone-

1067 1689 1154 1711 stum:
1186 1684 1269 1715 nihil,
1286 1685 1338 1711 nisi
1355 1689 1445 1719 turpe,
1463 1684 1490 1710 in
1503 1683 1595 1710 malis:
1625 1688 1727 1710 ceterae
1742 1683 1863 1719 philoso—

1068 1721 1183 1756 phorum
1195 1721 1370 1756 disciplinae,
1387 1721 1497 1747 omnino
1509 1721 1561 1748 alia
1573 1722 1659 1757 magis
1670 1720 1736 1753 alia,
1763 1720 1810 1747 sed
1823 1726 1862 1748 ta-

1069 1767 1130 1785 men
1144 1767 1252 1789 omneS,
1268 1767 1337 1793 quae
1349 1767 1404 1785 rem
1416 1758 1499 1785 ullam
1511 1759 1619 1785 virtutis
1629 1763 1766 1793 expertem
1778 1759 1862 1785 autin

1067 1796 1146 1822 bonis
1163 1797 1247 1822 autin
1259 1795 1337 1822 malis
1349 1800 1502 1826 numerent,
1521 1804 1565 1821 eas
1577 1804 1629 1822 non
1644 1795 1723 1822 modo
1733 1794 1802 1822 nihil
1813 1795 1863 1822 ad-

1068 1834 1161 1859 iuvare
1172 1833 1294 1864 arbitror,
1308 1842 1396 1868 neque
1407 1832 1550 1864 affirmare,
1562 1841 1616 1868 quo
1627 1832 1752 1860 meliores
1762 1834 1859 1864 simus,

1067 1870 1115 1896 sed
1131 1871 1218 1905 ipsam
1236 1870 1383 1905 depravare
1399 1875 1531 1897 naturam.
1571 1871 1639 1896 Nam
1649 1870 1674 1896 si
1689 1870 1739 1896 hoc
1750 1879 1802 1897 non
1811 1870 1863 1897 ob-

1068 1909 1197 1938 tineatur,
1224 1907 1251 1934 id
1262 1907 1350 1934 solum
1363 1908 1464 1934 bonum
1474 1915 1546 1937 esse.
1568 1907 1642 1942 quod
1656 1907 1799 1934 honestum
1809 1908 1859 1934 sit:

1068 1944 1142 1971 nullo
1160 1945 1238 1971 modo
1251 1945 1359 1979 probari
1370 1945 1468 1979 possit,
1481 1944 1586 1971 beatam
1598 1945 1680 1970 vitam
1692 1945 1791 1971 virtute
1801 1944 1863 1971 effi-

1067 1983 1102 2008 ci.
1123 1981 1201 2014 Quod
1213 1983 1236 2008 si
1247 1983 1282 2008 ita
1294 1983 1341 2014 sit:
1369 1991 1418 2008 eur
1427 1990 1506 2016 opera
1518 1981 1705 2016 philosophiae
1715 1982 1751 2008 sit
1760 1981 1858 2013 danda,

1068 2020 1167 2045 nescio.
1189 2019 1217 2046 Si
1228 2021 1300 2046 enim
1312 2020 1421 2054 sapiens
1431 2019 1532 2054 aliquis
1546 2020 1797 2053 miseressepossit,
1809 2027 1860 2046 nae

1067 2065 1116 2092 ego
1136 2057 1215 2083 istam
1229 2057 1374 2093 gloriosam
1391 2056 1650 2092 memorabilemque
1664 2057 1790 2082 virtutem
1806 2064 1859 2083 non

1067 2102 1163 2129 magno
1187 2094 1380 2120 aestimandam
1403 2099 1506 2129 putem.
1546 2094 1589 2120 tv.
1612 2095 1651 2120 ⁴2.
1670 2093 1744 2126 Quae
1759 2093 1857 2124 adhuc,

1066 2132 1142 2162 Cato,
1159 2140 1173 2158 a
1183 2137 1207 2158 te
1221 2131 1292 2158 dicta
1306 2137 1381 2162 sunt,
1395 2131 1502 2162 eadem,
1515 2132 1640 2166 inquam,
1653 2130 1743 2157 dicere
1753 2138 1856 2166 posses,

1065 2169 1089 2194 si
1109 2177 1252 2204 sequerere
1274 2169 1439 2205 Pyrrhonem
1455 2173 1500 2195 aut
1514 2168 1677 2195 Aristonem.
1716 2169 1770 2194 Nec
1785 2168 1858 2194 enim

1066 2206 1182 2241 ignoras,
1198 2205 1343 2242 [similiter]
1357 2206 1399 2232 his
1411 2205 1483 2232 istud
1495 2205 1638 2232 honestum
1649 2212 1701 2230 non
1718 2213 1857 2232 summum

1065 2243 1157 2273 modo.
1179 2243 1227 2270 sed
1247 2244 1337 2271 etiam.
1363 2249 1393 2270 ut
1413 2248 1440 2270 tu
1463 2243 1518 2274 vis,
1542 2242 1631 2269 solum
1645 2242 1747 2269 bonum
1757 2241 1855 2268 videri.

1064 2280 1141 2313 Quod
1152 2281 1176 2306 si
1188 2281 1222 2307 ita
1234 2286 1286 2312 est,
1309 2281 1432 2316 sequitur
1443 2280 1470 2307 id
1482 2281 1586 2315 ipsum,
1609 2279 1683 2315 quod
1695 2284 1721 2306 te
1733 2278 1804 2306 velle
1814 2279 1858 2306 vi-

1063 2317 1126 2349 deo,
1157 2326 1251 2344 omnes
1271 2327 1378 2353 semper
1398 2317 1488 2344 beatos
1511 2326 1570 2344 esse
1584 2317 1729 2352 sapientes.
1768 2315 1856 2343 Hosne

1063 2355 1147 2391 igitur
1158 2354 1260 2386 laudas,
1276 2361 1302 2382 et
1313 2355 1381 2382 hanc
1391 2363 1497 2385 eorum,
1511 2356 1630 2389 inquam,
1642 2354 1801 2380 sententiam
1812 2361 1857 2380 se-

1063 2393 1112 2426 qui
1130 2401 1178 2419 nos
1193 2401 1287 2419 censes
1301 2391 1440 2427 oportere?
1471 2392 1582 2418 Minime
1596 2399 1660 2417 vero
1669 2391 1781 2417 istorum
1792 2391 1857 2425 qui—

1063 2429 1125 2455 dem
1133 2450 1139 2460 ,
1157 2430 1255 2464 inquit.
1295 2429 1385 2462 Quum
1395 2430 1469 2456 enim
1479 2429 1588 2455 viriutis
1598 2427 1648 2454 hoc
1658 2428 1798 2462 proprium
1808 2428 1853 2458 sit,

1063 2475 1155 2493 earum
1171 2475 1275 2497 rerum,
1295 2475 1364 2501 quae
1377 2466 1527 2493 secundum
1537 2470 1659 2492 naturam
1669 2465 1737 2495 sint,
1755 2464 1855 2491 hahere

1062 2503 1210 2530 delectum:
1228 2505 1278 2539 qui
1287 2505 1378 2530 onmia
1385 2504 1426 2529 sic
1435 2506 1662 2537 exaequaverunt,
1677 2506 1707 2528 ut
1718 2502 1746 2528 in
1753 2507 1856 2528 utram-

1062 2549 1115 2576 que
1135 2546 1238 2576 partem
1260 2542 1295 2567 ita
1310 2541 1384 2576 paria
1395 2540 1550 2570 redderent,
1573 2539 1614 2565 uti
1625 2537 1698 2564 nulla
1710 2538 1854 2566 selectione

1714 2577 1753 2602 ⁴3.
1778 2575 1853 2602 Istud

1061 2615 1187 2649 quidem,
1209 2615 1331 2650 inquam,
1353 2615 1453 2649 optime
1472 2614 1556 2640 dicis:
1586 2612 1634 2639 sed
1654 2621 1768 2647 quaero,
1785 2621 1853 2639 non-

1061 2660 1095 2678 ne
1106 2652 1158 2679 tibi
1168 2651 1322 2679 faciendum
1333 2651 1406 2679 idem
1415 2651 1460 2682 sit,
1473 2650 1542 2678 nihil
1553 2649 1771 2682 dicentibonum,
1779 2648 1852 2685 quod
