1941 3052
348 129 675 156 EPISTULARUM
696 129 749 156 AD
778 128 983 155 ATTICUM
1014 129 1375 156 LIB.V111.EP.i—
1395 131 1420 156 3.

68 200 180 237 epistola
200 204 256 227 erat
275 200 303 226 in
326 205 453 231 extremo,
481 200 568 235 ipsius
585 209 679 226 manu:
706 201 749 230 Τιι,
768 209 861 231 censeo,

69 241 204 266 Luceriam
214 240 317 264 venius:
343 246 469 271 nusquam
481 240 532 263 eris
546 240 632 264 tutius.
664 237 693 264 Id
705 246 754 273 ego
765 238 791 263 in
804 246 863 263 eam
884 264 885 268 ,

68 281 170 312 partem
187 275 291 309 accepi.-
324 274 389 301 haec
404 274 503 310 oppida
520 280 599 309 atque
615 284 688 301 oram
700 275 862 301 maritimam
884 273 885 290 ³

68 313 147 340 illum
162 321 210 347 pro
224 311 351 338 derelicto
367 312 478 344 habere3
511 321 558 338 nec
575 321 635 338 sum
651 313 775 342 miratus.
790 321 861 343 eum,
884 327 885 331 =

68 351 116 386 qui
136 354 216 384 caput
236 350 326 384 ipsum
348 349 515 384 reliquisset,
539 349 651 384 reliquis
667 350 796 376 membris
813 358 863 376 non

882 200 884 213 1

883 222 885 241 l

69 396 187 423 parcere.
218 389 242 413 2.
259 387 291 413 Ei
302 388 393 413 statim
407 387 543 421 rescripsi,
558 387 749 422 hominemque
760 391 863 413 certum
885 401 886 407 ι

72 425 134 451 misi
149 424 182 450 de
198 424 343 451 comitibus
359 424 441 455 meis,
456 433 508 451 non
520 433 562 450 me
573 433 711 459 quaerere,
725 424 773 450 ubi
784 424 864 450 tutis-

69 463 137 489 sime
153 470 255 488 essem:
282 462 306 488 si
322 470 364 488 me
381 461 462 488 vellet
476 471 524 488 sua
536 467 581 488 aut
592 461 757 496 reipublicae
769 470 863 488 caussa

69 500 210 526 Luceriam
222 500 323 530 venire,
337 499 426 526 statim
438 507 497 525 esse
509 504 666 525 venturum:
689 499 864 533 hortatusque
885 509 894 534 1,

69 545 144 568 sum,
162 541 192 563 ut
202 545 276 563 oram
288 537 450 563 maritimam
463 537 600 568 retineret,
614 537 637 563 si
650 545 705 562 rem
718 536 865 562 frumenta-
893 541 894 545 ¹

756 574 810 600 Hoc
822 582 864 599 me
893 572 894 575 ’

492 611 544 637 Sed
555 612 595 638 uti
606 612 633 637 in
645 611 714 637 Urbe
727 610 864 637 retinenda
886 620 894 632 ν

70 575 138 601 riam
159 574 213 600 sibi
228 582 262 600 ex
277 574 425 609 provinciis
441 574 609 608 suppeditari
625 573 716 600 vellet.

70 611 168 638 frustra
184 612 303 638 scribere
314 611 451 638 videbam.

70 653 147 679 tunc,
166 649 205 675 sic
222 657 292 675 nunc
309 649 335 675 in
352 648 426 675 Italia
442 657 494 675 non
510 648 687 683 relinquenda
704 648 866 674 testificabar
886 646 887 653 ¹

70 687 231 713 sententiam
248 695 344 712 meam.

71 725 139 750 riam
159 732 253 750 onmes
273 724 366 758 copiae
385 723 588 750 contrahantur:
621 728 647 749 et
667 731 700 749 ne
716 723 739 749 is
755 722 866 758 quidem

72 761 146 787 locus
167 761 286 793 stabilis,
310 760 357 787 sed
369 769 444 787 exeo
456 762 527 795 ipso,
546 761 569 786 si
582 769 739 796 urgeamur,
758 764 867 794 paretur
894 753 895 765 ³

386 686 430 712 Sic
445 686 517 712 enim
532 687 619 720 parari
631 685 723 717 video,
742 690 771 712 ut
781 686 867 711 Luce·
893 687 895 692 ‘

71 798 145 834 fuga.
167 800 191 824 3.
207 798 265 831 Quo
277 799 368 824 minus
379 798 484 828 mirere,
498 798 521 824 si
534 798 865 824 invitusineamcaussam
887 794 889 823 ζ

71 835 219 867 descendo,
241 836 269 862 in
284 844 337 870 qua
353 844 440 870 neque
456 835 540 869 pacis,
559 843 646 870 neque
662 835 788 861 victoriae
800 835 867 861 ratio

71 873 193 909 quaesita
208 873 244 899 sit
261 881 405 907 umquam,
423 872 470 898 sed
486 881 593 907 semper
604 871 750 908 flagitiosae
761 877 786 898 et
796 871 868 898 cala-

71 912 183 937 mitosae
199 909 288 946 fugae.
329 909 469 942 Eundum;
494 914 531 941 ut,
545 918 746 945 quemcumque
758 909 866 936 forstu-

72 948 131 975 lerit
141 956 242 979 casum,
256 947 368 974 subeam
380 948 469 981 potius
480 956 543 973 cum
554 948 598 979 iis,
611 948 659 982 qui
671 947 798 974 dicuntur
809 955 867 973 esse

71 1022 151 1049 video
162 1023 307 1054 bonorum,
326 1021 354 1048 id
365 1027 418 1053 est,
433 1021 566 1048 lautorum
578 1027 603 1049 et
615 1022 804 1057 locupletium,
818 1022 868 1048 Ur-

70 1060 134 1087 bem
153 1059 277 1086 refertam
294 1059 362 1091 sore,
381 1060 539 1095 municipiis
555 1068 619 1086 vero
635 1060 677 1086 his
694 1059 808 1091 relictis,
826 1068 869 1086 re-

70 1096 255 1124 fertissimam.
295 1097 353 1130 Quo
363 1106 412 1133 ego
424 1098 450 1123 in
462 1106 573 1124 numero
584 1106 685 1129 essem,
699 1099 722 1124 si
733 1097 781 1124 hos
793 1097 869 1123 lieto-

71 1144 114 1162 res
129 1135 335 1161 molestissimos
350 1144 402 1161 non
417 1135 554 1161 haberem.
578 1136 631 1161 Nec
643 1144 685 1162 me
697 1136 740 1162 Μ’,
762 1135 866 1170 Lepidi,

71 1218 132 1237 rum
152 1219 231 1236 nemo
254 1218 303 1236 nec
323 1209 430 1236 stultior
444 1214 497 1241 est,
513 1219 595 1245 quam
611 1211 640 1237 L.
656 1211 803 1241 Domitius,
820 1219 869 1236 nec

72 1248 277 1279 inconstantior,
295 1256 376 1282 quam
391 1247 461 1282 App.
481 1247 622 1274 Claudius.

71 1285 150 1320 peius
170 1294 212 1311 me
224 1289 325 1315 movet,
348 1284 493 1316 beneficio.
512 1294 564 1312 non
576 1286 741 1313 auctoritate.
782 1285 868 1317 Quam

71 1323 144 1348 enim
157 1322 201 1348 ille
213 1322 310 1348 habeat
320 1323 503 1348 auctoritatem
516 1323 542 1349 in
551 1323 598 1349 hac
605 1332 709 1354 caussa,
718 1323 774 1358 qui,
783 1332 867 1358 quum

71 1368 165 1386 omnes
187 1360 327 1386 Caesarem
349 1359 550 1391 metuebamus,
570 1361 627 1395 ipse
643 1369 705 1387 eum
721 1360 869 1395 diligebat?

71 1402 215 1432 postquam
236 1398 295 1432 ipse
317 1401 435 1423 metuere
455 1398 556 1432 coepit,
579 1402 654 1432 putat
669 1407 762 1424 omnes
779 1398 868 1425 hostes
897 1422 898 1431 ,

71 1434 114 1461 illi
124 1439 245 1469 oportere
257 1433 333 1460 esse‘?
352 1434 455 1461 Ibimus
468 1439 555 1461 tamon
569 1436 722 1469 Luceriam,
746 1444 794 1462 nec
805 1444 868 1462 eum

71 1547 128 1582 Ego
142 1547 165 1573 si
180 1555 305 1573 somnum
320 1554 414 1581 capere
429 1556 545 1582 possem,
563 1553 616 1574 tam
632 1548 718 1583 longis
730 1552 754 1574 te
769 1549 869 1583 episto—

72 1630 114 1648 me
126 1630 296 1649 remunerere
307 1630 371 1648 sane
384 1621 476 1648 velim.

124 1691 154 1712 [1.
177 1692 273 1716 (Formiis,
282 1693 382 1714 Marx-ello,
392 1693 474 1711 Lanuuio
485 1700 530 1710 coss.
544 1695 601 1716 705.)

257 1736 426 1764 CICERO
456 1736 624 1764 ATTICO
653 1737 681 1764 S.

128 1775 151 1800 4.
173 1768 249 1800 Mihi
264 1783 328 1801 vero
343 1774 433 1801 onmia
449 1779 537 1810 grata.-
570 1779 595 1801 et
606 1775 678 1810 quod
690 1775 824 1810 scripsisti
836 1775 869 1802 ad
898 1769 899 1775 ¹

73 1819 128 1842 me,
147 1819 216 1846 quae
232 1811 370 1845 audieras,
394 1816 420 1838 et
430 1811 503 1847 quod
518 1820 570 1838 non
581 1812 732 1843 credidisti,
746 1821 814 1848 quae
827 1813 870 1839 di-
899 1814 900 1817 ’

71 1856 123 1884 gna
135 1848 275 1884 diligentia
288 1858 344 1875 mea
358 1858 409 1876 non
424 1854 510 1882 erant;
529 1854 555 1876 et
565 1850 638 1884 quod
650 1850 870 1885 monuisti,quod
891 1858 893 1877 1

71 1885 217 1912 sentiebas.
239 1887 295 1922 Ego
306 1886 339 1913 ad
350 1886 490 1913 Caesarem
503 1895 570 1913 unas
580 1887 670 1922 Capua
683 1887 784 1914 litteras
796 1888 868 1918 dedi,

71 1922 174 1958 quibus
190 1923 223 1950 ad
237 1932 266 1950 ea
283 1924 423 1958 rescripsi,
439 1932 508 1959 quae
521 1933 626 1950 mecum
640 1925 684 1951 ille
695 1925 728 1952 de
739 1925 871 1961 gladiato-

72 1960 150 1986 ribus
161 1961 219 1987 suis
231 1965 333 1996 egerat,
351 1961 461 1992 breves,
477 1961 525 1987 sed
536 1961 752 1989 benevolentiam
764 1963 871 1999 signiti-

71 2002 173 2028 cantes,
197 2006 247 2024 non
270 1998 349 2024 ruodo
369 1999 428 2024 sine
449 1998 625 2030 contumelia,
648 1999 695 2026 sed
711 2001 792 2027 etiam
808 2009 870 2027 cum

73 2035 190 2061 maxima
213 2034 291 2062 laude
312 2036 441 2070 Pompeii.
483 2036 511 2061 ld
526 2036 598 2062 euim
615 2036 659 2063 illa
676 2038 806 2064 sententia
824 2046 871 2072 po-

72 2072 202 2103 stulabat,
220 2081 274 2107 qua
290 2072 368 2099 illum
384 2072 416 2099 ad
428 2073 598 2099 concordium
610 2073 744 2101 hortabar.
785 2075 836 2101 Eas
847 2075 870 2101 si

72 2118 127 2144 quo
149 2109 193 2136 ille
208 2110 296 2141 misit,
322 2110 350 2136 in
365 2109 475 2144 publico
490 2116 619 2146 proponat
634 2111 726 2138 velim.
767 2111 871 2138 Alteras

72 2146 165 2174 eodem
178 2147 222 2173 die
234 2147 311 2178 dedi,
328 2155 382 2182 quo
395 2147 442 2174 has
457 2147 489 2174 ad
502 2152 535 2174 te.
577 2149 634 2175 Non
647 2149 721 2183 potui
733 2158 784 2176 non
797 2149 868 2180 dure.

72 2193 158 2220 quum
180 2189 205 2211 et
221 2185 278 2220 ipse
294 2184 327 2211 ad
344 2193 386 2211 mo
401 2185 569 2219 scripsisset,
586 2191 611 2212 et
622 2186 731 2213 Bulbus.
771 2187 870 2213 Eurum

72 2221 229 2257 exemplum
253 2222 286 2248 ad
302 2226 325 2248 te
340 2223 414 2249 misi.
454 2224 479 2249 2.
496 2222 569 2249 Nihil
584 2223 698 2251 arbitror
710 2223 777 2255 sore,
798 2224 871 2259 quod

73 2259 264 2294 reprehendas.
305 2260 333 2286 Si
347 2268 400 2295 qua
415 2264 506 2290 erunt,
523 2259 589 2287 doce
604 2269 659 2291 me,
675 2270 729 2296 quo
744 2261 822 2288 modo
839 2270 870 2288 ea

73 2296 189 2333 effugere
201 2298 314 2332 possim.
356 2297 444 2327 Nihil.
464 2297 585 2332 inquieS,
598 2299 707 2325 omnino
717 2299 869 2333 scripseris.

73 2333 125 2366 Qui
142 2335 228 2370 magis
242 2334 356 2371 effugias
371 2344 430 2365 eos,
449 2335 496 2369 qui
510 2334 599 2361 volent
611 2335 729 2371 tingere?
758 2336 871 2363 Verum-

73 2375 162 2398 tamen
179 2372 214 2398 ita
226 2371 332 2404 faciam,
346 2372 435 2407 quoad
447 2372 503 2398 [ieri
516 2373 621 2407 poterit.
663 2373 729 2400 Nam
741 2373 813 2408 quod
829 2382 871 2400 mc

74 2408 188 2436 hortaris
203 2409 236 2436 ad
252 2411 409 2436 memoriam
425 2409 567 2440 sactorum,
588 2409 736 2440 dictorum,
757 2411 872 2445 scripto-

73 2454 134 2472 rum
145 2447 225 2473 etiam
238 2456 372 2480 meorum;
395 2447 460 2474 sacis
472 2447 557 2473 ninive
569 2452 596 2473 tu
609 2447 733 2482 quidem,
748 2448 871 2483 mihique

74 2484 275 2518 gratissimum:
293 2485 341 2511 sed
353 2485 420 2511 mihi
435 2484 535 2511 videris
547 2484 621 2510 uliud
630 2489 656 2511 tu
665 2485 806 2511 honestum
815 2494 871 2511 1110-

73 2528 127 2555 que
141 2520 255 2557 dignum
270 2522 297 2548 in
313 2522 361 2548 hac
372 2531 466 2548 caussa
479 2521 607 2551 iudicare,
620 2527 699 2557 utque
713 2530 763 2557 ego
776 2523 871 2548 existi-

74 2565 157 2584 mem.
197 2558 263 2585 Mihi
275 2559 347 2585 enim
362 2559 431 2586 nihil
443 2558 497 2586 ulla
510 2560 536 2585 in
548 2564 626 2594 gente
640 2568 768 2594 umquam
776 2559 809 2586 ub
817 2559 871 2586 ullo

74 2601 181 2622 auctore
202 2596 367 2631 reipublicae
387 2606 417 2623 ae
433 2597 501 2624 duce
518 2597 624 2631 turpius
640 2596 738 2623 sactum
755 2605 813 2623 esse
830 2598 872 2623 vi—
892 2614 894 2621 .

74 2631 161 2663 detur.
175 2641 256 2668 quam
268 2641 282 2660 a
294 2639 383 2662 nostro
395 2635 481 2661 amico
493 2633 592 2660 factum
603 2638 655 2660 est:
679 2634 758 2660 cuius
769 2642 818 2670 ego
830 2635 871 2660 vi-

75 2676 133 2696 cem
149 2670 239 2697 doleo:
267 2671 315 2706 qui
330 2671 429 2699 Urbem
446 2671 568 2706 reliquit.
588 2671 615 2698 id
631 2676 671 2698 est
682 2672 805 2706 patrium.
823 2680 871 2707 pro

919 843 966 860 nes
987 833 1061 860 boni.

895 859 897 893 ἶ
920 880 991 897 1111110
1003 871 1077 898 adest
1090 871 1139 898 hoc
1150 871 1240 898 belloi?
1262 873 1302 898 sic
1313 873 1385 898 enim
1397 873 1450 898 iam
1461 872 1654 907 appellandum
1665 877 1714 899 est.

1660 133 1708 158 575

914 208 967 234 qua
979 201 1042 226 etin
1056 209 1109 235 qua
1121 201 1188 227 mori
1200 200 1367 235 praeclarum
1381 200 1441 227 fuit.
1483 202 1507 227 3.
1523 201 1646 236 Ignorare
1657 203 1710 228 mi-

916 237 944 263 hi
966 237 1080 268 videris,
1104 238 1168 264 haec
1184 243 1282 272 quanta
1299 238 1334 264 sit
1349 237 1449 264 clades.
1489 238 1525 264 Es
1541 238 1613 264 enim
1629 239 1709 265 etiam

916 274 1142 301 nuncdomituae.
1165 275 1225 305 Sed,
1240 275 1533 310 invitisperditissimis
1541 275 1707 306 hominibus.

915 321 974 338 csse
995 312 1098 338 diutius
1122 322 1173 339 non
1195 317 1279 347 potes,
1310 313 1363 339 Hoc
1380 313 1519 343 miserius,
1539 312 1589 339 hoc
1603 315 1711 348 turpius

916 349 1085 384 quidquam?
1109 350 1245 385 Yagamur
1256 354 1365 385 egentes
1381 359 1444 376 cum
1460 350 1625 385 coniugibus
1641 355 1667 377 et
1679 350 1712 376 li-

916 386 999 412 beris.
1040 388 1069 413 In
1090 388 1172 413 unius
1194 387 1325 417 hominis,
1343 388 1486 422 quotannis
1502 387 1652 422 periculose
1668 396 1712 414 ae-

915 424 1054 459 grotantis,
1071 425 1159 450 anima
1171 425 1270 459 positas
1282 433 1375 451 omnes
1387 430 1489 451 nostras
1500 424 1710 459 speshabemus,

918 470 969 487 non
986 461 1108 495 expulsi,
1122 462 1170 488 sed
1181 462 1283 488 evocati
1294 470 1308 487 e
1320 463 1418 496 patria2
1445 470 1526 497 quam
1538 471 1590 489 non
1602 471 1713 489 servan-

917 498 979 524 dam
994 498 1026 524 ad
1041 498 1157 525 reditum
1173 505 1303 529 nostrum,
1319 499 1367 525 sed
1378 499 1559 534 diripiendam
1572 504 1597 526 et
1608 499 1713 526 inssam-

917 535 1043 562 mandam
1059 536 1230 571 reliquimus.
1270 537 1307 563 Ita
1323 536 1402 563 multi
1413 537 1554 563 nobiscum
1567 542 1642 568 sunt,
1660 546 1713 564 non

918 574 945 599 in
957 573 1136 605 suburbanis,
1154 575 1244 600 nonin
1257 574 1355 605 hortis,
1372 583 1424 600 non
1437 575 1464 600 in
1476 575 1534 608 ipsa
1546 574 1628 606 Urbe.
1653 579 1679 601 et
1690 575 1713 601 si

918 619 989 636 nunc
1000 616 1071 641 sunt,
1090 620 1141 637 non
1152 616 1239 637 erunt.
1262 612 1315 637 Nos
1328 612 1427 638 interea
1439 620 1471 638 ne
1478 612 1583 646 Capuae
1590 611 1712 646 quidem,

917 648 965 674 sed
981 649 1121 680 Luceriae;
1145 654 1170 675 et
1181 658 1254 675 oram
1266 649 1378 683 quidem
1390 650 1552 675 maritimam
1565 650 1618 675 iam
1631 649 1714 676 relin-

917 694 1047 720 quemus,
1066 685 1205 711 Afranium
1219 686 1437 720 exspectabimus
1449 687 1624 712 etPetreium.
1646 687 1714 712 Nam

918 723 945 748 in
960 722 1078 749 Labieno
1085 731 1180 757 parum
1193 728 1232 749 est
1244 723 1395 758 dignitatis.
1436 724 1485 749 Hic
1496 728 1524 750 tu
1536 725 1564 750 in
1576 732 1618 750 me
1630 723 1712 755 illud,

918 762 1002 790 des,i‹l
1016 763 1095 793 serus.
1136 760 1210 786 Nihil
1228 760 1261 786 de
1277 769 1319 786 me
1335 761 1409 793 (110ος
1442 760 1487 787 alii
1500 761 1626 787 viderint.
1667 761 1715 787 Hic

919 796 1030 831 quidem
1042 805 1110 832 quae
1122 802 1162 823 est
1175 795 1201 807 **
1216 797 1229 823 ἵ)
1242 798 1318 824 Domi
1331 803 1434 824 vestrae
1445 798 1519 829 estis,
1536 803 1560 824 et
1573 799 1647 824 eritis
1658 807 1715 824 om-

1101 834 1168 866 Quis
1190 839 1247 861 tum
1268 843 1296 861 se
1317 835 1386 861 mihi
1407 844 1459 861 non
1475 834 1611 862 ostendit?
1653 836 1715 870 quis

920 910 944 935 4.
960 908 1076 935 Vibullii
1095 918 1137 935 res
1158 913 1248 944 gestae
1269 915 1332 936 sunt
1353 909 1441 936 adhuc
1458 910 1602 936 maximae.
1642 909 1717 936 Idex

888 970 889 974 ,
919 947 1041 981 Pompeii
1058 946 1152 973 litteris
1168 955 1326 982 cognosces:
1360 947 1387 973 in
1398 947 1500 982 quibus
1512 946 1717 974 animadvertito

71 986 144 1015 boni,
160 994 242 1020 quam
253 985 346 1011 videar
357 993 370 1010 a
382 985 460 1011 bonis
472 984 625 1011 dissentire.
648 984 867 1020 Etsipropediem
889 992 897 1013 ἢ

920 983 998 1010 illum
1011 983 1109 1015 locum,
1122 984 1170 1010 ubi
1182 985 1232 1011 erit
1244 984 1330 1018 διπλῆ.
1360 984 1480 1015 Videbis,
1495 984 1527 1011 de
1534 984 1717 1011 Cnaeonostro

921 1022 979 1056 ipse
995 1021 1133 1048 Vibullius
1148 1021 1215 1056 quid
1227 1022 1373 1048 existimet.
1414 1022 1472 1054 Quo
1484 1022 1567 1057 igitur
1578 1022 1643 1048 haec
1655 1030 1718 1056 spe-

920 1064 972 1086 ctat
982 1058 1084 1086 oratio?
1103 1059 1159 1095 Ego
1170 1068 1218 1094 pro
1229 1059 1356 1094 Pompeio
1369 1059 1492 1086 lubenter
1503 1060 1716 1094 emoripossum.

920 1097 999 1124 Facio
1014 1096 1102 1132 pluris
1117 1097 1240 1123 omnium
1257 1097 1398 1123 hominum
1415 1097 1561 1123 neminem.
1603 1096 1654 1123 Sed
1666 1105 1718 1123 non

896 1164 898 1169 Ι
921 1136 956 1161 ita
966 1143 1020 1161 uno
1031 1135 1058 1160 in
1070 1143 1100 1161 eo
1112 1134 1202 1161 iudico
1214 1134 1604 1169 spemdesalutereipublicae.
1626 1134 1719 1169 Sigui-

72 1173 102 1199 L.
122 1172 243 1204 Volcatii,
261 1172 317 1199 Ser.
333 1172 448 1207 Sulpicii
462 1173 590 1199 comitum
607 1174 767 1207 poeniteret;
801 1181 869 1207 quo-
889 1169 898 1200 ζ’

897 1207 898 1227 Ῑ
920 1210 1009 1240 Italia,
1027 1210 1050 1235 si
1062 1209 1107 1236 ille
1119 1209 1208 1241 cedat,
1226 1214 1304 1244 putes
1316 1209 1477 1236 cedendum.

663 1249 687 1275 4.
704 1248 778 1274 Unus
790 1248 869 1274 Pom·
897 1246 898 1272 l

921 1172 984 1198 ficas
1000 1172 1071 1198 enim
1088 1171 1226 1207 aliquanto
1242 1181 1334 1203 secus,
1353 1181 1435 1207 quam
1447 1172 1566 1203 solebas,
1599 1176 1627 1198 ut
1638 1172 1719 1198 etiam

1518 1209 1596 1242 Quod
1607 1218 1657 1245 ego
1671 1217 1719 1235 nec

921 1246 1087 1282 reipublicae
1098 1252 1163 1282 puto
1174 1256 1232 1273 esse
1245 1247 1310 1273 utile
1321 1255 1369 1273 nec
1381 1246 1474 1273 liberis
1485 1248 1565 1273 meis:
1584 1252 1719 1281 praeterea

921 1293 1008 1320 neque
1025 1289 1127 1311 rectum
1144 1293 1230 1319 neque
1243 1284 1396 1311 honestum.
1437 1284 1489 1311 Sed
1501 1283 1566 1310 cur‘?
1584 1284 1719 1318 poterisne

921 1323 1004 1358 igitur
1015 1322 1107 1349 videre
1119 1321 1282 1358 tyrannum?
1296 1337 1333 1341 —
1343 1321 1426 1354 Quasi
1439 1322 1552 1352 intersit,
1566 1321 1674 1348 audiam
1687 1330 1719 1348 an

922 1360 1042 1389 videam,
1061 1364 1107 1386 aut
1124 1359 1281 1394 locupletior
1299 1359 1367 1385 mihi
1383 1360 1419 1386 sit
1434 1358 1605 1394 quaerendus
1617 1363 1717 1389 auctor,

920 1406 1002 1432 quam
1016 1397 1149 1429 Socrates,
1165 1397 1222 1432 qui,
1236 1406 1322 1432 quum
1333 1405 1391 1422 xxx
1404 1397 1614 1432 tyranniessent,
1623 1395 1720 1431 pedem

896 1453 898 1460 1
921 1440 994 1470 porta
1006 1444 1057 1461 11011
1073 1434 1179 1461 extulit.
1203 1435 1248 1461 Est
1260 1434 1328 1460 mihi
1339 1439 1474 1469 praeterea
1486 1434 1629 1468 praecipua
1641 1442 1721 1460 caus-

71 1471 183 1499 fortasse
195 1471 339 1498 delectabit
348 1476 437 1499 noster
448 1472 590 1499 adventus.
613 1472 788 1499 Dissimulare
796 1474 867 1499 enim
897 1473 898 1478 ¹

72 1518 124 1536 non
145 1514 248 1544 potero,
266 1509 349 1540 mihi,
367 1518 436 1544 quae
455 1509 543 1536 adhuc
559 1515 615 1537 acta
627 1515 699 1541 sunt,
713 1510 866 1545 displicere.
889 1540 891 1544 .

921 1482 949 1499 sa
962 1472 1101 1503 manendi3
1129 1471 1162 1498 de
1174 1481 1227 1507 qua
1239 1473 1341 1498 utinam
1353 1471 1498 1506 aliquando
1510 1476 1598 1498 tecum
1611 1470 1717 1506 loquar!

921 1511 976 1546 Ego
986 1518 1046 1536 xm.
1063 1509 1176 1536 Kalend.
1192 1518 1277 1544 quum
1290 1509 1383 1535 eadem
1397 1509 1504 1535 lucerna
1519 1508 1568 1535 hac
1579 1508 1720 1543 epistolam

890 1553 898 1576 ,ἰ
921 1548 1102 1582 scripsissem,
1116 1556 1169 1582 qua
1182 1546 1376 1573 inflammaram
1389 1551 1470 1577 tuam,
1481 1545 1720 1573 Formiisadl'om-

72 1584 106 1610 lis
128 1592 180 1611 non
198 1583 385 1611 obtunderem.
427 1585 475 1615 Tu,
493 1586 516 1611 si
532 1585 581 1612 tibi
595 1585 689 1612 eadem
703 1594 798 1612 caussa
813 1590 866 1617 est,
890 1581 891 1590 ¹

921 1586 1022 1620 peium,
1045 1585 1069 1610 si
1085 1584 1117 1611 dc
1134 1594 1198 1620 pace
1214 1590 1321 1621 agetur,
1339 1583 1522 1619 profecturus,
1549 1584 1573 1610 si
1589 1583 1621 1610 de
1638 1582 1717 1612 bello,

897 1644 899 1652 ,
921 1622 988 1658 quid
999 1621 1061 1649 ero‘?

975 1692 1014 1713 ΙΙΙ.
1031 1693 1059 1716 (111
1071 1699 1113 1716 ngw
1124 1693 1200 1713 Calvum,
1212 1694 1310 1713 Μαι-111111,
1320 1692 1400 1711 1111111110
1411 1699 1457 1710 coss.
1470 1693 1524 1714 705.)

1107 1736 1275 1764 CICERO
1305 1735 1474 1763 ATTICO
1506 1735 1533 1762 S.

979 1777 1002 1801 4.
1028 1770 1163 1801 Maximis
1188 1780 1214 1801 et
1239 1774 1400 1800 miserrimis
1434 1773 1516 1800 rebus
1538 1772 1719 1808 perturbatus,

921 1822 1007 1848 quum
1019 1822 1108 1839 coram
1120 1817 1209 1839 tecum
1223 1812 1291 1838 mihi
1307 1816 1422 1846 potestas
1433 1810 1603 1837 deliberandi
1615 1818 1666 1836 non
1679 1818 1722 1836 es—

921 1855 973 1880 set,
989 1850 1027 1876 uti
1046 1855 1134 1876 tamen
1149 1855 1194 1876 tuo
1207 1849 1320 1876 consilio
1333 1849 1416 1876 volui.
1457 1848 1618 1875 Deliberatio
1632 1852 1723 1874 autem

899 1914 901 1918 ,
922 1888 1012 1914 onmis
1032 1887 1098 1914 haec
1113 1893 1166 1914 est:
1189 1888 1212 1913 si
1231 1888 1375 1921 Pompeius
1388 1886 1461 1913 ltalia
1473 1885 1558 1915 cedat,
1575 1884 1648 1920 quod
1659 1893 1722 1911 eum

924 1925 1056 1952 facturum
1069 1934 1127 1951 esse
1139 1926 1271 1959 suspicor,
1285 1924 1353 1959 quid
1365 1924 1433 1950 mihi
1445 1923 1580 1959 agendum
1587 1927 1680 1957 putes;
1697 1926 1723 1948 01

922 1972 977 1998 quo
989 1962 1096 1989 facilius
1107 1963 1252 1989 consilium
1264 1962 1327 1988 dure
1340 1962 1442 1996 possis:
1460 1960 1527 1996 quid
1541 1961 1567 1986 in
1580 1965 1721 1994 utramque

923 2005 1026 2035 partem
1052 2000 1121 2026 mihi
1146 2001 1173 2026 in
1195 2005 1312 2026 mentem
1337 2000 1441 2029 veniat,
1468 1997 1613 2033 explicabo
1634 1997 1719 2023 brevi.

922 2039 1012 2069 Quum
1035 2038 1129 2064 merita
1150 2038 1271 2072 Pompeii
1291 2045 1398 2063 summu
1414 2045 1476 2072 erga
1492 2035 1606 2062 salutem
1623 2043 1719 2062 menni.

925 2074 1163 2109 familiaritasque,
1180 2083 1249 2109 quae
1262 2074 1330 2101 mihi
1341 2083 1404 2100 cum
1416 2082 1446 2100 οο
1457 2079 1510 2103 est,
1530 2078 1586 2099 tum
1599 2073 1656 2107 ipsa
1670 2072 1722 2098 rei-

923 2112 1048 2147 publicae
1068 2121 1163 2138 caussa
1185 2121 1226 2138 me
1247 2112 1370 2141 adducit,
1390 2109 1721 2137 1111111111101001151110111

924 2158 1014 2176 meum
1035 2158 1097 2176 cum
1113 2149 1188 2175 illius
1204 2149 1331 2175 consilio.
1356 2148 1397 2174 vel
1415 2148 1520 2174 fortuna
1536 2156 1598 2173 011111
1617 2146 1720 2172 fortuna

922 2186 1111 2222 coniungenda
1123 2195 1183 2212 esse
1196 2185 1469 2212 vidt·atur.*2..1t‹·cedit
1487 2184 1569 2211 illud:
1592 2186 1615 2210 si
1628 2192 1721 2209 numen

923 2229 948 2251 et
960 2223 1036 2250 illum
1049 2224 1205 2250 comitatum
1217 2224 1382 2258 optimorum
1392 2227 1418 2249 et
1427 2222 1640 2248 clarissimorum
1653 2221 1722 2247 civi-

925 2270 968 2287 um
981 2261 1088 2291 desero,
1105 2260 1256 2287 cudendum
1272 2261 1350 2286 estin
1363 2260 1444 2286 unius
1457 2264 1627 2293 potestatem:
1663 2258 1719 2292 qui.

923 2299 972 2325 etsi
989 2298 1082 2324 multis
1099 2298 1179 2324 rebus
1195 2298 1330 2332 significat
1344 2307 1372 2323 se
1385 2297 1463 2323 uobis
1474 2305 1533 2322 esse
1545 2297 1673 2324 111111011111,
1686 2309 1721 2314 —-

923 2341 961 2366 01,
981 2341 1009 2362 111
1025 2340 1108 2366 esset,
1127 2344 1140 2360 11
1158 2344 1200 2361 1110
1215 2340 1255 2361 est
1266 2339 1332 2368 (tute
1342 2334 1407 2367 scis)
1419 2339 1526 2368 propter
1537 2333 1720 2367 suspicioni-m

925 2373 1006 2399 huius
1021 2372 1204 2407 impendentis
1217 2372 1383 2406 tempestatis
1398 2371 1482 2397 multo
1493 2375 1552 2396 111111·
1565 2371 1718 2404 provisum,

923 2425 958 2430 —
966 2415 1053 2436 tamen
1067 2415 1211 2444 utrumque
1222 2408 1449 2435 considerandum
1460 2413 1509 2435 est.
1519 2412 1648 2441 etquimui
1656 2406 1722 2432 tides

923 2448 947 2474 01
962 2448 998 2474 sit
1010 2446 1146 2477 hubendu;
1169 2452 1204 2477 et,
1217 2447 1240 2473 si
1253 2447 1370 2472 maxime
1381 2445 1560 2480 exploratum,
1573 2453 1635 2470 eum
1644 2444 1722 2470 nobis

923 2486 1041 2511 111111011111
1055 2484 1122 2514 sore.
1135 2485 1205 2511 sitne
1218 2485 1269 2510 viri
1283 2483 1357 2510 sortis
1369 2488 1394 2509 01
1407 2483 1468 2509 110111
1481 2483 1550 2508 civis
1559 2502 1564 2510 .
1580 2490 1640 2508 essu
1653 2482 1678 2507 in
1691 2490 1720 2507 011

923 2522 1003 2553 urbe,
1027 2523 1053 2548 in
1074 2530 1127 2556 qua
1147 2531 1233 2556 quum
1249 2521 1365 2547 summis
1382 2519 1529 2546 bonoribus
1546 2519 1721 2554 imperiisque

923 2568 989 2586 usus
1004 2560 1053 2590 sit,
1067 2568 1108 2585 res
1121 2560 1253 2585 maximus
1263 2559 1390 2594 gesserit.
1404 2557 1552 2584 sacerdotio
1563 2557 1598 2583 sit
1609 2555 1722 2590 amplis-

922 2597 991 2623 simo
1004 2596 1151 2631 praeditus,
1165 2605 1217 2623 non
1231 2596 1337 2622 futurus
1349 2596 1432 2622 sitsui
1441 2595 1517 2624 iuris,
1530 2593 1721 2620 subeundum-

922 2643 974 2669 que
988 2633 1138 2669 periculum
1149 2634 1193 2663 sit,
1207 2642 1268 2660 cum
1280 2633 1372 2668 ulique
1383 2632 1448 2659 torto
1459 2631 1598 2661 dedecore.
1612 2631 1721 2666 quando

924 2672 1068 2707 Pompeius
1081 2671 1277 2707 rempublicam
1290 2671 1463 2705 recuperarit.
1505 2671 1529 2695 3.
1546 2669 1574 2696 111
1587 2669 1635 2695 hac
1647 2673 1720 2703 parto

1439 2719 1486 2743 1¹0
1504 2716 1514 2726 ⁸
