1941 3052
237 118 288 144 DE
319 117 506 144 FINIBUS
536 116 752 143 BONORUM
781 117 833 143 ET
862 116 1245 145 MALORUML113.1.
1277 118 1368 145 CAP.

74 189 205 219 meminit,
218 193 244 215 et
254 187 442 223 praesentibus
454 188 490 214 ita
499 188 608 222 potitur,
622 192 651 214 ut
661 186 864 218 animadvertat,

73 231 172 262 quanta
187 226 242 252 sint
256 234 286 251 ea
301 234 438 260 quamque
456 225 588 252 iucunda:
611 233 697 260 neque
717 224 815 260 pendet
832 233 867 251 ex

74 264 185 295 futuris,
202 262 251 289 sed
266 267 404 297 exspectat
419 262 478 293 illa,
497 262 595 289 fruitur
610 262 810 297 praesentibus:
833 261 866 288 ab

73 303 162 336 iisque
178 300 266 331 vitiis,
289 308 357 334 quae
373 299 464 335 paullo
478 304 538 326 ante
554 299 663 335 collegi,
686 299 763 326 abest
779 298 867 334 pluri-

73 347 162 365 mum:
179 342 218 368 et,
235 346 321 372 quum
337 337 479 364 stultorum
496 337 578 363 vitam
589 346 650 363 cum
662 345 710 363 sua
721 341 866 371 comparat,

73 384 170 411 magna
180 374 297 401 afficitur
308 375 454 410 voluptate.
493 374 602 401 Dolores
612 379 715 405 autem,
733 375 757 400 si
767 374 815 408 qui
826 374 869 399 in-

71 417 197 443 currunt,
216 420 364 447 numquam
381 413 436 438 vim
452 416 551 438 tantam
566 411 678 443 habent,
695 416 725 438 ut
739 420 791 437 non
806 410 868 445 plus

73 450 170 478 habeat
184 450 307 484 sapiens,
325 449 397 484 quod
413 449 541 485 gaudeat,
558 457 640 484 quam
655 448 728 483 quod
744 453 866 484 angatur.

72 490 114 515 63.
127 487 235 522 Optime
250 495 312 513 vero
322 487 466 522 Epicurus,
482 486 554 521 quod
569 487 695 521 exiguam
708 486 775 512 dicit
785 485 869 511 fortu-

73 533 136 552 nam
149 525 311 551 intervenire
327 525 455 559 sapienti,
474 524 661 558 maximasque
677 523 710 549 ab
722 531 752 549 eo
767 527 793 549 et
807 530 869 557 gra-

73 562 200 589 vissimas
220 570 262 588 res
278 562 391 588 consilio
407 562 494 596 ipsius
510 566 536 587 et
553 562 653 587 ratione
669 560 866 587 administrari:

73 607 160 634 neque
171 599 299 626 maiorem
310 598 474 634 voluptatem
486 607 520 625 ex
530 598 634 624 infinito
646 603 764 632 tempore
775 597 868 623 aetatis

73 637 177 672 percipi
190 645 283 671 posse,
296 645 378 671 quam
389 644 423 663 ex
433 636 483 662 hoc
494 636 672 670 percipiatur,
690 634 762 669 quod
774 633 869 660 videa—

73 683 134 701 mus
146 683 205 701 esse
217 673 334 700 finitum.
373 674 402 700 ln
415 673 555 699 dialectica
565 677 655 699 autem
665 677 753 698 vestra
765 670 868 698 nullam

74 713 129 739 vim
141 712 309 738 existimavit
317 719 377 737 esse
388 719 437 737 nec
447 710 480 737 ad
490 709 589 736 melius
600 709 759 739 vivendum,
775 716 824 734 nec
835 707 867 733 ad

72 749 242 776 commodius
253 748 451 775 disserendum.
486 748 515 774 In
526 747 649 783 physicis
660 746 809 781 plurimum
820 753 868 780 po-

72 788 138 814 suit.
173 787 210 813 Ea
221 786 331 812 scientia
343 790 368 812 et
379 785 523 811 verborum
534 785 577 811 vis
588 789 614 811 et
624 789 717 810 natura
728 783 866 813 orationis,

72 830 98 851 et
112 824 335 858 consequentium
357 822 601 857 repugnantiumve
621 822 688 848 ratio
706 824 792 855 potest
806 828 869 854 per-

72 862 155 897 spici:
172 861 294 887 omnium
306 864 395 886 autem
407 867 496 885 rerum
507 863 601 885 natura
612 859 732 893 cognita,
747 857 869 883 levamur

72 898 262 934 superstitione
271 918 277 928 ,
291 896 437 923 liberamur
448 897 541 922 mortis
556 900 642 926 metu,
660 904 711 922 non
723 894 869 921 couturba-

73 945 134 962 mur
150 935 314 970 ignoratione
333 942 436 964 rerum,
462 942 476 959 e
491 942 545 968 qua
562 934 621 968 ipsa
636 932 780 959 horribiles
795 933 869 958 exsi-

72 977 146 999 stunt
161 980 241 1007 saepe
256 971 424 998 formidines.
464 971 585 1005 Denique
600 971 681 997 etiam
697 970 792 997 morati
811 978 869 996 me-

72 1010 126 1036 lius
137 1010 252 1039 erimus,
270 1017 355 1044 quum
367 1008 544 1035 didicerimus
552 1028 558 1039 ,
575 1016 645 1042 quae
655 1012 748 1034 natura
760 1007 868 1033 deside-

72 1052 120 1074 ret.
161 1047 230 1073 Tum
242 1055 313 1077 vero,
326 1047 350 1072 si
366 1045 491 1072 stabilem
506 1045 647 1072 scientiam
661 1053 751 1072 rerum
763 1044 868 1071 tenebi—

72 1093 147 1115 mus,
161 1088 265 1110 servata
276 1083 322 1110 illa
352 1083 431 1118 (quae
443 1084 522 1118 quasi
532 1082 641 1117 delapsa
653 1082 687 1109 de
698 1082 771 1109 caelo
782 1087 822 1109 est
834 1081 868 1108 ad

70 1122 250 1158 cognitionem
262 1120 395 1155 omnium)
405 1120 510 1156 regula,
529 1120 560 1146 ad
572 1129 653 1156 quam
665 1120 755 1148 omnia
767 1119 868 1147 iudicia

72 1167 163 1186 rerum
174 1159 334 1195 dirigentur,
343 1166 494 1194 numquam
505 1157 589 1186 ullius
599 1160 718 1186 oratione
730 1159 795 1185 victi
806 1166 869 1184 sen-

71 1198 153 1225 tentia
164 1197 338 1224 desistemus.
372 1198 413 1223 64.
431 1197 490 1223 Nisi
501 1201 589 1223 autem
601 1205 690 1223 rerum
703 1201 796 1223 natura
808 1204 869 1230 per—

71 1240 162 1270 specta
183 1235 245 1265 erit,
268 1234 343 1261 nullo
363 1234 442 1261 modo
456 1235 605 1269 poterimus
620 1242 751 1260 sensuum
768 1233 868 1260 iudicia

71 1272 226 1300 defendere.
247 1271 388 1307 Quidquid
399 1280 477 1306 porro
490 1272 580 1298 animo
590 1272 737 1302 cernimus,
751 1271 778 1297 id
789 1278 868 1298 omne

70 1311 156 1337 oritur
166 1318 180 1336 a
191 1310 328 1336 sensibus.
347 1309 400 1341 Qui
411 1310 434 1335 si
444 1317 538 1336 omnes
548 1309 606 1335 veri
617 1314 704 1339 erunt,
718 1313 748 1335 ut
757 1308 869 1343 Epicuri

71 1348 138 1374 ratio
152 1347 242 1374 docet:
265 1351 322 1373 tum
337 1346 455 1381 denique
470 1347 568 1382 poterit
582 1345 687 1381 aliquid
701 1345 828 1381 cognosci
843 1349 870 1371 et

71 1385 185 1420 percipi.
225 1383 298 1416 Quos
314 1385 363 1419 qui
377 1383 475 1411 tollunt
488 1388 515 1411 et
529 1383 597 1410 nihil
614 1391 693 1418 posse
708 1383 813 1418 percipi
825 1381 870 1409 di—

70 1427 144 1453 cunt,
158 1422 187 1453 ii,
201 1422 309 1448 remotis
320 1421 461 1452 sensibus,
478 1429 511 1447 ne
522 1421 550 1447 id
561 1421 652 1455 ipsum
663 1420 775 1455 quidem
786 1428 869 1455 expe-

70 1460 129 1486 dire
140 1463 262 1494 possunt,
276 1458 348 1494 quod
359 1458 507 1485 disserunt.
548 1458 694 1488 Praeterea,
707 1457 813 1484 sublata
823 1465 870 1484 co-

70 1497 192 1533 gnitione
206 1501 233 1522 et
246 1496 372 1525 scientia.
395 1495 497 1523 tollitur
510 1495 600 1522 omnis
615 1495 682 1522 ratio
697 1499 723 1521 et
737 1495 808 1521 vitae
820 1494 870 1521 de-

70 1533 174 1570 gendae
187 1538 214 1560 et
228 1541 318 1559 rerum
333 1532 523 1569 gerendarum.
564 1532 609 1559 Sic
620 1540 634 1559 e
646 1532 768 1568 physicis
779 1536 805 1559 et
816 1531 869 1558 for-

71 1571 158 1598 titudo
173 1571 291 1597 sumitur
304 1575 395 1597 contra
410 1570 503 1597 mortis
521 1570 658 1601 timorem,
681 1574 706 1596 et
721 1569 869 1597 constantia

70 1614 161 1635 contra
178 1613 280 1634 metum
296 1607 449 1643 religioniS,
471 1611 497 1634 et
511 1606 614 1634 sedatio
628 1607 726 1638 animi,
746 1607 869 1634 omnium

71 1654 160 1672 rerum
171 1644 337 1671 occultarum
353 1645 518 1680 ignoratione
534 1644 653 1678 sublata3
671 1649 697 1671 et
711 1643 867 1675 moderatio,

71 1688 165 1710 natura
184 1682 365 1717 cupiditatum
384 1681 586 1718 generibusque
604 1690 697 1709 earum
711 1681 866 1717 explicatis;

70 1726 97 1748 et
107 1721 147 1755 (ut
158 1719 237 1747 modo
247 1719 338 1755 docui)
353 1719 515 1755 cognitionis
526 1718 618 1755 regula
630 1724 656 1746 et
668 1719 768 1746 iudicio
778 1719 812 1746 ab
823 1727 869 1746 ea-

70 1758 132 1784 dem
144 1757 190 1783 illa
200 1758 353 1788 constituto,
368 1757 424 1784 veri
436 1766 449 1784 a
462 1756 529 1783 falso
539 1756 678 1784 distinctio
689 1757 812 1784 traditur.

126 1795 188 1821 XX.
209 1795 252 1821 65.
274 1794 364 1821 Restat
375 1793 450 1821 locus
462 1794 526 1821 huic
536 1794 714 1829 disputationi
726 1794 768 1821 vel
782 1794 870 1820 maxi-

72 1840 114 1859 me
125 1832 308 1862 necessarius,
320 1831 354 1858 de
365 1832 495 1862 amicitia,
512 1840 593 1866 quam
602 1852 608 1862 ,
621 1832 645 1858 si
656 1831 781 1866 voluptas
792 1840 870 1858 sum-

72 1878 147 1896 mum
163 1870 198 1895 sit
213 1869 327 1899 bonum,
345 1868 485 1895 affirmatis
501 1868 604 1896 nullam
619 1870 729 1896 omnino
745 1868 813 1896 fore:
835 1869 869 1895 de

71 1915 125 1942 qua
140 1907 276 1941 Epicurus
290 1905 402 1940 quidem
417 1906 452 1933 ita
467 1905 547 1932 dicit:
565 1909 677 1932 omnium
691 1915 786 1936 rerum,
803 1915 870 1940 quas

71 1946 107 1971 ad
126 1946 196 1970 beate
210 1945 346 1969 vivendum
363 1945 492 1976 sapientia
511 1946 712 1976 comparaverit,
733 1945 798 1970 nihil
816 1952 869 1970 esse

71 1984 156 2007 maius
166 1982 295 2010 amicilia,
306 1981 371 2006 nihil
381 1981 497 2010 uberius,
513 1981 578 2006 nihil
588 1983 735 2008 iucundius.
775 1981 868 2015 Neque

72 2027 136 2045 vero
148 2018 197 2044 hoc
207 2017 327 2044 oratione
342 2015 444 2048 solum,
460 2016 508 2043 sed
523 2016 609 2044 multo
623 2018 711 2053 magis
726 2018 781 2044 vita
791 2022 818 2044 et
829 2017 869 2044 fa-

71 2057 122 2083 ctis
137 2060 163 2081 et
178 2053 298 2081 moribus
314 2053 510 2088 comprobavit.
549 2054 627 2086 Quod
640 2063 723 2090 quam
739 2063 868 2090 magnum

71 2094 121 2123 sit,
141 2092 216 2119 fictae
232 2096 353 2118 veterum
371 2090 477 2118 fabulae
487 2090 637 2119 declarant:
656 2092 684 2118 in
700 2091 803 2127 quibus
815 2097 868 2119 tam

72 2129 166 2157 multis
180 2134 288 2164 tamque
300 2128 396 2159 variis.
416 2128 450 2155 ab
461 2128 555 2155 ultima
567 2129 725 2164 antiquitate
735 2129 866 2164 repetitis.

71 2168 121 2194 tria
139 2167 185 2193 vix
200 2167 349 2192 amicorum
366 2166 439 2200 paria
454 2167 640 2201 reperiuntur,
658 2171 687 2193 ut
702 2166 734 2193 ad
746 2166 868 2193 Orestem

71 2206 224 2240 pervenias,
238 2202 373 2238 profectus
384 2212 398 2229 a
409 2203 522 2230 Theseo.
552 2203 586 2230 At
596 2212 659 2230 vero
668 2203 804 2239 Epicurus
815 2212 868 2231 una

72 2243 100 2269 in
111 2241 204 2272 domo,
217 2245 244 2267 et
254 2249 283 2267 ea
294 2240 406 2275 quidem
417 2245 540 2276 angusta.
553 2249 635 2276 quam
647 2249 768 2277 magnos,
781 2250 869 2276 quan-

72 2284 152 2314 taque
167 2278 267 2305 amoris
282 2277 479 2312 conspiratione
494 2279 691 2305 consentientes
705 2279 869 2306 tenuitami-

71 2324 165 2343 corum
176 2315 285 2352 gregesl
301 2314 379 2347 Quod
390 2315 420 2342 lit
429 2315 509 2342 etiam
521 2323 592 2342 nunc
603 2315 637 2342 ab
647 2315 798 2350 Epicureis.
824 2318 866 2343 66.

72 2353 125 2380 Sed
139 2353 173 2379 ad
185 2361 240 2379 rem
252 2352 404 2379 redeamus.
429 2353 465 2379 De
477 2352 634 2380 hominibus
644 2352 699 2379 dici
711 2361 763 2380 non
775 2362 869 2380 neces-

72 2399 100 2417 se
117 2395 166 2417 est.
207 2390 306 2416 Tribus
322 2390 406 2425 igitur
420 2389 508 2416 modis
524 2389 602 2417 video
617 2398 677 2416 esse
691 2398 706 2416 a
721 2391 820 2417 nostris
834 2390 868 2417 de

72 2428 189 2454 amicitia
200 2426 380 2462 disputatum.
401 2426 465 2458 Alii,
473 2435 559 2462 quum
570 2435 615 2454 eas
625 2426 786 2461 voluptates,
798 2437 868 2463 quae

72 2464 106 2491 ad
117 2465 218 2491 amicos
229 2465 405 2499 pertinerent.
423 2469 551 2501 negarent
563 2473 622 2491 esse
633 2473 681 2499 per
691 2473 720 2490 se
731 2465 803 2500 ipsas
815 2470 867 2492 tam

72 2501 250 2536 expetendas,
267 2510 348 2536 quam
361 2507 464 2528 nostras
474 2506 676 2536 expeteremus:
692 2510 748 2536 quo
759 2502 816 2529 loco
826 2503 868 2529 vi-

73 2539 152 2566 detur
162 2538 328 2574 quibusdam
339 2539 472 2566 stabilitas
483 2539 616 2566 amicitiae
632 2538 771 2566 vacillare:
789 2544 868 2567 tuen—

73 2581 116 2603 tur
127 2581 215 2602 tamen
227 2583 288 2602 eum
302 2576 404 2607 locum.
420 2585 504 2612 seque
520 2575 611 2607 facile,
629 2581 659 2603 ut
669 2576 737 2603 mihi
750 2576 865 2608 videtur,

72 2613 231 2649 expediunt.
271 2613 305 2640 Ut
314 2615 386 2641 enim
399 2615 524 2645 virtutes.
537 2613 570 2640 de
581 2613 683 2649 quibus
693 2619 753 2641 ante
764 2614 867 2641 dictum

71 2656 122 2683 est,
137 2651 178 2678 sic
188 2650 334 2679 amicitiam
346 2656 445 2688 negant
455 2660 533 2687 posse
544 2660 559 2678 a
570 2650 706 2686 voluptate
717 2651 866 2679 discedere.

1404 120 1432 145 Π
1452 134 1488 138 —-
1508 121 1550 146 24.
1646 122 1709 147 ⁴003

917 188 984 214 Nam
1000 197 1085 223 quum
1101 188 1217 216 solitudo
1233 195 1258 216 et
1275 190 1327 216 vita
1338 190 1397 216 sine
1408 190 1502 216 amicis
1513 190 1673 217 insidiarum
1685 196 1711 217 et

919 230 1005 252 metus
1016 226 1094 260 plena
1106 227 1153 257 sit,
1167 227 1233 254 ratio
1245 227 1301 262 ipsa
1315 232 1416 258 monet,
1429 228 1561 254 amicitias
1572 236 1711 262 compara-

919 271 959 289 re:
977 263 1079 297 quibus
1090 264 1173 299 partis
1183 264 1356 291 confirmatur
1366 266 1474 292 animus
1484 270 1511 292 et
1520 274 1534 291 a
1545 274 1592 300 spe
1603 266 1712 300 parien-

918 299 1012 326 darum
1025 300 1192 335 voluptatum
1204 303 1312 337 seiungi
1323 311 1375 329 non
1386 307 1482 337 potest.
1522 303 1564 329 67.
1586 304 1673 337 Atque
1683 307 1713 329 ut

918 337 991 368 odia,
1007 338 1139 369 invidiae,
1157 338 1366 374 despicationeS‚
1379 339 1555 367 adversantur
1567 339 1713 374 voluptati-

919 375 984 400 bus:
1007 376 1047 401 sic
1067 376 1200 402 amicitiae
1221 385 1273 403 non
1290 376 1368 403 modo
1385 376 1510 404 fautrices
1527 376 1710 408 fidelissimae,

918 412 966 438 sed
987 413 1067 438 etiam
1090 413 1236 440 effectrices
1256 419 1319 440 sunt
1339 413 1507 449 voluptatum
1528 420 1581 441 tam
1606 415 1710 444 amicis.

919 458 1000 484 quam
1015 450 1079 476 sibi.
1119 450 1225 483 Quibus
1244 459 1295 477 non
1312 451 1399 477 solum
1414 452 1602 486 praesentibus
1617 451 1713 478 fruun-

919 491 975 518 tur,
991 487 1039 513 sed
1055 488 1134 514 etiam
1149 496 1197 522 spe
1213 489 1354 524 eriguntur
1367 490 1557 524 consequentis
1572 497 1602 515 ac
1613 489 1713 524 posteri

919 525 1056 558 temporis.
1097 524 1173 557 Quod
1189 526 1253 560 quia
1273 525 1348 552 nullo
1368 525 1446 553 modo
1461 527 1519 552 sine
1535 527 1652 553 amicitia
1668 526 1714 552 fir-

920 570 990 587 mam
1006 566 1031 588 et
1047 568 1204 596 perpetuam
1219 562 1414 590 iucunditatem
1430 564 1500 590 vitae
1516 569 1605 590 tenere
1616 572 1714 599 possu—

920 607 993 629 mus‘,
1016 607 1103 634 neque
1120 608 1182 626 vero
1196 600 1283 634 ipsam
1298 601 1443 626 amicitiam
1459 601 1542 631 tueri,
1560 601 1613 627 nisi
1629 609 1713 636 aeque

919 636 1033 666 amicos,
1055 644 1085 662 ac
1106 642 1209 663 nosmet
1229 638 1302 672 ipsos
1321 637 1481 673 diligamus3
1504 637 1606 664 idcirco
1623 643 1648 665 et
1664 638 1714 664 hoc

920 674 1010 707 ipsum
1021 673 1137 700 efficitur
1149 674 1175 700 in
1187 675 1318 705 amicitia,
1336 679 1361 701 et
1376 675 1494 701 amicitia
1504 684 1566 701 cum
1578 675 1713 710 voluptate

919 711 1095 736 connectitur.
1135 711 1202 737 Nam
1217 716 1242 737 et
1259 711 1388 738 laetamur
1399 712 1547 738 amicorum
1559 712 1657 739 laetitia
1669 721 1713 738 ae—

919 755 971 782 que
983 752 1062 782 atque
1073 752 1170 779 nostra,
1183 753 1209 774 et
1219 749 1318 783 pariter
1329 748 1451 775 dolemus
1463 749 1619 784 angoribus.

973 786 1015 810 68.
1035 784 1163 816 Quocirca
1175 786 1269 811 eodem
1284 785 1362 812 modo
1373 786 1481 820 sapiens
1493 787 1543 813 erit
1553 786 1661 813 affectus
1671 795 1715 813 er-

919 830 951 857 ga
963 822 1090 852 amicum,
1103 830 1157 857 quo
1168 823 1196 848 in
1207 823 1327 857 seipsum
1338 833 1342 849 :
1359 831 1481 857 quosque
1494 823 1597 850 labores
1607 829 1714 858 propter

919 867 995 885 suam
1008 858 1172 893 voluptatem
1185 860 1348 894 susceperit,
1364 859 1473 886 eosdem
1485 861 1597 895 recipiet
1607 866 1715 895 propter

919 897 999 923 amici
1011 895 1189 930 voluptatem:
1207 905 1331 932 quaeque
1347 897 1379 923 de
1394 897 1542 924 virtutibus
1556 897 1625 924 dicta
1640 903 1712 928 sunt,

919 933 1148 968 quemadmodum
1160 934 1210 960 hae
1221 943 1328 969 semper
1339 934 1523 969 voluptatibus
1536 934 1703 961 inhaererent

919 971 1012 997 eadem
1022 970 1055 997 de
1067 971 1184 998 amicitia
1194 971 1309 998 dicenda
1319 976 1391 998 sunt.
1419 971 1555 998 Praeclare
1566 973 1638 998 enim
1650 973 1709 1007 Epi-

919 1017 1000 1035 curus
1012 1008 1055 1034 his
1066 1017 1150 1043 paene
1162 1008 1266 1035 verbis:
1283 1010 1390 1038 Eadem,
1405 1010 1507 1044 inquit,
1520 1012 1643 1035 sententia
1655 1019 1715 1036 con-

919 1048 1031 1080 firmavit
1045 1049 1171 1076 animum,
1193 1055 1223 1072 ηε
1238 1049 1304 1080 quod
1315 1051 1359 1072 aul
1369 1050 1548 1079 sempiternum
1558 1052 1603 1073 aut
1613 1050 1717 1073 diutur-

919 1092 980 1110 num
995 1086 1092 1110 timeret
1105 1085 1216 1116 malum;
1234 1093 1300 1117 quae
1313 1086 1457 1117 perspexit,
1478 1086 1506 1110 in
1520 1086 1565 1110 hoc
1580 1087 1635 1117 ipso
1649 1087 1717 1110 vitae

918 1124 1002 1155 spatio
1012 1123 1143 1148 amicitiae
1152 1123 1310 1155 praesidium
1320 1130 1372 1148 esse
1381 1123 1564 1155 firmissimum.
1595 1123 1637 1148 69.
1650 1121 1718 1148 Sunt

920 1165 1009 1186 autem
1024 1159 1136 1195 quidam
1151 1159 1278 1194 Epicurei
1293 1159 1443 1186 timidiores
1458 1159 1549 1194 paullo
1564 1163 1654 1186 contra
1670 1168 1717 1184 ve-

920 1203 972 1223 stra
984 1197 1115 1228 convicia,
1128 1196 1176 1223 sed
1188 1201 1275 1223 tamen
1287 1198 1351 1223 satis
1363 1197 1448 1227 acuti,
1464 1197 1511 1232 qui
1525 1201 1659 1227 verentur,
1672 1204 1714 1226 ne,

920 1236 943 1261 si
955 1235 1101 1261 amicitiam
1113 1239 1220 1269 propter
1232 1239 1347 1261 nostram
1360 1234 1524 1268 voluptatem
1538 1233 1715 1268 expetendam

920 1277 1057 1308 putemus,
1070 1276 1121 1298 tota
1133 1272 1250 1298 amicitia
1261 1273 1339 1306 quasi
1351 1271 1503 1298 claudicare
1515 1271 1648 1298 videatur.
1665 1272 1718 1297 Ita-

920 1318 973 1345 que
987 1311 1089 1345 primos
1104 1318 1265 1345 congressus
1279 1308 1517 1344 copulationesque
1532 1313 1559 1335 et
1572 1313 1718 1335 consuetu-

920 1347 1016 1374 dinum
1034 1346 1261 1373 instituendarum
1278 1346 1428 1374 voluntates
1444 1346 1499 1372 fieri
1517 1350 1624 1381 propter
1639 1345 1717 1371 volu-

920 1389 1033 1420 ptatem:
1047 1393 1133 1419 quum
1144 1389 1233 1411 autem
1244 1393 1310 1411 usus
1321 1383 1496 1420 progrediens
1508 1382 1717 1409 familiaritatem

920 1422 1045 1453 effecerit,
1059 1426 1115 1448 tum
1127 1430 1245 1449 amorem
1256 1420 1421 1448 efflorescere
1433 1420 1680 1451 tantun1,ut,etiam
1692 1421 1715 1446 si

921 1459 994 1486 nulla
1005 1459 1041 1486 sit
1052 1458 1154 1486 utilitas
1163 1467 1197 1486 ex
1208 1459 1325 1486 amicitia
1335 1479 1341 1490 ,
1354 1464 1441 1485 tamen
1454 1458 1506 1493 ipsi
1518 1458 1597 1484 amici
1609 1462 1717 1492 proptcr

920 1505 949 1524 se
965 1497 1038 1531 ipsos
1053 1501 1185 1523 amentur.
1226 1497 1332 1523 Etenim
1343 1496 1367 1522 si
1380 1495 1448 1526 loca,
1464 1496 1488 1521 si
1499 1495 1572 1525 fana,
1589 1495 1613 1521 si
1624 1494 1715 1524 urbes.

921 1535 944 1561 si
955 1534 1110 1570 gymnasia,
1124 1534 1148 1560 si
1159 1542 1300 1569 campum,
1314 1534 1338 1560 si
1349 1541 1442 1563 canes,
1459 1533 1483 1559 si
1495 1541 1592 1567 equos.
1609 1533 1632 1558 si
1645 1531 1718 1558 ludi-

920 1580 979 1598 cras
997 1570 1141 1598 exercendi
1161 1576 1206 1598 aut
1227 1571 1343 1597 venandi
1363 1569 1572 1597 consuetudines
1593 1569 1716 1595 adamat-c

920 1608 1053 1636 solemus:
1067 1613 1167 1643 quanto
1178 1608 1206 1635 id
1218 1609 1244 1634 in
1257 1608 1397 1635 hominum
1409 1606 1603 1634 consuetudine
1611 1606 1717 1633 facilius

921 1647 978 1673 fieri
991 1647 1107 1681 potuerit
1117 1650 1143 1672 et
1154 1645 1271 1672 iustius?
1299 1647 1341 1671 70.
1363 1646 1429 1672 Sunt
1441 1649 1544 1674 autem,
1557 1645 1605 1679 qui
1617 1644 1715 1673 dicant.

922 1683 1016 1711 foedus
1027 1683 1163 1718 quoddam
1174 1692 1233 1709 csse
1244 1683 1407 1718 sapientum,
1420 1688 1448 1708 ut
1460 1690 1492 1708 ne
1504 1682 1594 1708 minus
1606 1682 1715 1711 amicos,

921 1729 1003 1756 quam
1015 1729 1043 1747 se
1055 1722 1128 1756 ipsos
1139 1721 1264 1756 diligant.
1305 1720 1381 1752 Quod
1392 1725 1417 1746 et
1429 1727 1506 1754 posse
1518 1719 1575 1745 fieri
1587 1718 1717 1754 intelligi-

921 1767 991 1789 muS,
1005 1763 1030 1785 et
1041 1766 1120 1793 saepe
1132 1758 1159 1784 id
1171 1758 1305 1787 videmus,
1319 1763 1343 1784 et
1356 1758 1529 1792 perspicuum
1541 1761 1589 1785 est,
1604 1756 1672 1782 nihil
1684 1757 1718 1782 ad

921 1795 1038 1823 iucunde
1053 1795 1201 1822 vivendum
1214 1796 1325 1830 reperiri
1337 1803 1429 1830 posse,
1447 1793 1519 1829 quod
1530 1794 1718 1820 coniunctione

921 1833 966 1860 tali
982 1833 1018 1860 sit
1037 1834 1136 1868 aptius.
1176 1832 1283 1866 Quibus
1298 1840 1332 1859 ex
1345 1832 1473 1858 omnibus
1492 1831 1605 1857 iudicari
1621 1835 1715 1866 potest,

921 1880 972 1898 non
989 1870 1068 1897 modo
1084 1879 1136 1897 non
1153 1870 1280 1905 impediri
1297 1870 1425 1896 rationem
1441 1869 1589 1896 amicitiae.
1607 1869 1629 1895 si
1642 1876 1718 1894 sum-

921 1916 996 1935 mum
1008 1907 1109 1934 bonum
1122 1909 1148 1935 in
1160 1908 1296 1943 voluptate
1308 1911 1430 1942 ponatur.
1447 1906 1494 1932 sed
1508 1901 1566 1932 sine
1580 1906 1628 1932 hoc
1641 1906 1718 1932 insti·

921 1946 1051 1972 tutionem
1063 1946 1198 1972 amicitiae
1209 1945 1320 1972 omnino
1331 1953 1382 1971 non
1394 1952 1473 1979 posse
1485 1944 1606 1978 reperiri.

976 1982 1050 2009 xxi.
1072 1984 1114 2009 Ὴ.
1136 1982 1304 2017 Quapropter
1318 1982 1341 2008 si
1357 1990 1401 2013 ea,
1418 1990 1488 2016 quae
1502 1981 1574 2011 (lixi,
1592 1980 1648 2008 sole
1660 1981 1718 2015 ipso

920 2019 1066 2047 illustriora
1077 2025 1103 2047 et
1112 2020 1222 2047 clariora
1233 2024 1310 2046 sunt:
1323 2020 1347 2045 si
1357 2019 1447 2046 omnia
1458 2018 1517 2046 dixi
1529 2018 1622 2045 hausta
1634 2026 1648 2044 e
1660 2017 1717 2044 fon-

920 2062 944 2084 te
956 2062 1080 2089 naturae,
1094 2058 1117 2083 si
1130 2062 1180 2084 tota
1191 2057 1276 2084 oratio
1286 2061 1373 2083 nostra
1384 2064 1492 2083 omnem
1503 2055 1556 2082 sibi
1570 2056 1648 2082 tidem
1656 2064 1717 2082 sen-

919 2094 997 2120 sibus
1012 2094 1165 2125 confirmat,
1182 2093 1210 2120 id
1225 2098 1266 2121 est
1279 2094 1441 2128 incorruptis
1455 2098 1535 2128 atque
1552 2093 1663 2128 integris
1679 2097 1717 2119 te-

920 2131 1022 2157 stibus:
1044 2132 1068 2158 si
1086 2130 1200 2158 infantes
1212 2131 1303 2166 pueri,
1326 2135 1414 2157 mutae
1428 2131 1509 2157 otiam
1520 2130 1621 2157 hestim¹
1633 2137 1717 2164 paene

922 2168 1068 2202 loquuntur
1079 2169 1207 2203 magistra
1218 2177 1248 2194 ac
1259 2167 1328 2194 duce
1340 2172 1443 2198 natura.
1455 2166 1524 2194 nihil
1535 2176 1594 2194 esse
1606 2175 1717 2201 prospe-

921 2213 990 2235 rum,
1000 2205 1052 2231 nisi
1060 2205 1232 2239 voluptatem.
1242 2204 1310 2231 nihil
1322 2213 1459 2239 asperum,
1473 2205 1525 2231 nisi
1536 2204 1668 2233 dolorcm;
1682 2203 1716 2229 dc

920 2242 1023 2277 quibus
1048 2251 1135 2277 neque
1159 2242 1304 2277 depravate
1323 2241 1443 2268 iudicant
1467 2250 1553 2276 neque
1576 2246 1713 2275 corrupte:

921 2288 1008 2305 nonne
1019 2280 1043 2305 ci
1056 2280 1201 2306 maximam
1212 2279 1325 2315 gratiam
1338 2278 1435 2305 habere
1449 2278 1590 2308 debemus.
1599 2279 1656 2313 qui.
1667 2278 1719 2304 hue

919 2316 1045 2343 exaudita
1060 2317 1138 2351 quasi
1155 2325 1219 2343 voco
1235 2322 1358 2345 naturae.
1375 2316 1415 2342 sic.
1429 2324 1487 2342 eam
1498 2315 1574 2342 firme
1585 2316 1716 2350 graviter-

919 2362 972 2388 que
992 2353 1239 2388 comprehenderit.
1262 2358 1291 2380 ut
1312 2361 1406 2379 omues
1422 2353 1490 2379 bene
1504 2361 1584 2379 sanos
1599 2353 1626 2378 in
1644 2353 1715 2378 viam

920 2390 1047 2425 placatae,
1061 2390 1231 2425 tranquillae.
1243 2391 1360 2425 quietae.
1370 2390 1461 2416 heatae
1473 2390 1542 2416 vitae
1554 2389 1716 2416 deduceret?

919 2428 971 2460 Qui
985 2427 1057 2462 quod
1075 2428 1123 2454 tibi
1140 2436 1235 2463 parum
1247 2427 1353 2454 videtur
1363 2426 1499 2457 eruditus,
1517 2436 1546 2452 cn
1558 2435 1653 2453 caussa
1664 2432 1712 2456 est.

919 2465 990 2500 quod
1004 2465 1104 2491 nullam
1116 2465 1294 2492 cruditionem
1307 2473 1366 2491 esse
1376 2464 1464 2494 duxit.
1479 2465 1530 2490 nisi
1542 2473 1611 2499 quiue
1623 2464 1715 2491 benuio

920 2503 989 2528 vitae
999 2501 1173 2537 disciplinam
1186 2504 1299 2529 iuvaret.
1339 2503 1381 2528 72.
1403 2502 1442 2528 An
1456 2500 1500 2527 ille
1512 2507 1618 2536 tempus
1630 2506 1676 2528 aut
1688 2502 1714 2528 in

919 2540 1004 2574 poetis
1017 2540 1190 2569 evolvendis.
1204 2545 1233 2566 ut
1243 2549 1293 2575 ego
1303 2544 1329 2565 ct
1339 2539 1472 2568 Triarius.
1486 2543 1510 2565 te
1521 2538 1662 2570 hortatore.
1676 2538 1714 2565 fn-

918 2577 1021 2607 cimus.
1042 2577 1229 2604 consumeret?
1250 2578 1275 2603 in
1291 2576 1393 2611 quibus
1409 2575 1482 2603 nulla
1498 2575 1583 2603 solida
1601 2576 1711 2604 utititas.

918 2614 1061 2649 omnisque
1077 2614 1190 2649 puerilia
1203 2619 1243 2641 cst
1254 2613 1406 2640 delectatio:
1425 2618 1523 2644 autsc.
1541 2619 1570 2640 ut
1582 2614 1667 2643 Plato.
1687 2614 1712 2640 in

919 2651 1041 2683 musicis.
1056 2652 1216 2688 geometria.
1230 2651 1363 2682 numeris.
1377 2652 1456 2678 astris
1466 2651 1630 2679 contereret?
1644 2659 1713 2686 quae

1438 2701 1482 2724 126
1497 2699 1506 2708 ’
