1941 3052
433 138 620 166 ORATIO
652 137 742 165 PRO
775 139 805 165 L.
839 137 1054 164 MURENA.
1089 136 1188 164 CAP.
1223 138 1339 164 3—9.

62 213 107 240 sit.
148 212 233 238 Nemo
243 211 315 238 enim
326 210 380 237 fere
391 210 468 237 saltat
478 210 594 241 sobrius,
608 210 660 236 nisi
672 209 738 236 forte
748 209 857 240 insanit,

63 258 151 285 neque
162 250 189 276 in
200 248 354 279 solitudine,
363 257 451 283 neque
461 248 488 274 in
498 248 623 274 convivio
634 247 769 273 moderato
780 251 860 281 atque

63 287 185 314 honesto.
211 286 375 320 Tempestivi
386 286 512 316 convivii,
526 285 630 312 amoeni
641 284 700 315 loci,
713 283 860 310 multarum

63 324 221 352 deliciarum
233 332 322 350 comes
333 327 373 349 est
384 328 502 349 extrema
514 322 628 349 saltatio.
664 322 704 348 Tu
716 321 783 348 mihi
795 321 861 347 arri-

63 362 105 397 pis
116 361 235 396 id,quod
245 369 354 387 necesse
365 365 405 386 est
416 360 536 387 omnium
550 361 676 386 vitiorum
688 368 746 385 esse
758 363 861 393 postre-

64 408 152 426 mum:
165 398 297 433 relinquis
308 398 362 429 illa,
371 398 473 433 quibus
484 398 593 424 remotis
605 397 654 424 hoc
666 397 763 423 vitium
774 396 862 422 omni·
883 419 884 426 ,

64 445 98 464 no
112 445 172 463 esse
186 444 239 462 non
254 440 350 470 potest.

63 483 146 505 amor,
158 482 210 500 non
222 473 383 504 comissatio,
398 482 449 499 non
462 473 554 503 libido,
573 481 624 498 non
636 476 761 506 sumptus
772 476 863 497 osten-

63 511 149 538 ditur:
167 516 205 542 et,
222 520 308 545 quum
323 519 352 536 ea
371 519 422 537 non
438 511 614 545 reperiantur,
631 518 700 544 quae
716 508 862 543 voluptatis

64 557 160 576 nomen
171 548 278 579 habent.
287 557 410 583 quaeque
422 548 516 574 vitiosa
528 552 604 573 sunt:
618 547 645 572 in
656 555 710 581 quo
721 547 807 580 ipsam
820 545 863 571 lu—

392 435 504 461 Nullum
521 440 597 469 turpe
616 435 786 465 convivium,
809 442 861 460 non

64 587 169 614 xuriam
182 586 297 620 reperire
308 594 358 612 non
370 590 457 620 potes,
474 586 502 611 in
518 593 548 611 eo
564 588 589 610 te
605 584 728 610 umbram
740 583 862 609 luxuriae

63 628 232 659 reperturum
244 622 341 658 putas?
362 624 402 649 ⁴4.
419 622 491 648 Nihil
504 622 586 657 igitur
596 621 624 647 in
636 622 717 647 vitam
730 621 759 646 L.
772 620 863 646 Mure-

64 670 113 688 nae
124 661 177 687 dici
190 660 293 695 potest?
309 660 385 691 nibil,
399 661 519 694 inquam,
532 659 650 689 omnino,
664 658 777 684 iudices.

64 708 78 725 a
89 708 131 725 me
142 698 235 725 consul
247 698 402 733 designatus
413 697 574 727 defenditur,
584 700 613 722 ut
624 697 682 722 eius
693 694 766 722 nulla
777 694 860 726 fraus,

65 736 139 762 nulla
149 736 273 766 avaritia,
285 735 359 761 nulla
370 734 489 769 persidia,
503 733 577 760 nulla
587 733 741 763 crudelitas,
755 732 861 758 nullum

65 773 188 809 petulans
199 773 302 799 dictum
313 773 341 798 in
352 773 406 798 vita
417 771 575 806 proferatur.
607 771 676 797 Bene
688 770 781 796 habet:
795 770 862 796 iacta

62 816 126 837 sunt
138 810 311 837 fundamenta
321 809 496 836 defensionis.
537 808 662 835 Nondum
678 809 750 834 enim
764 808 861 834 nostris

64 848 204 879 laudibus,
222 848 323 882 quibus
339 851 398 873 utar
413 851 517 881 postea,
537 846 585 872 sed
596 854 678 881 prope
689 846 861 871 inimicorum

63 885 230 912 confessione
246 885 335 911 virum
350 884 453 911 bonum
468 889 548 918 atque
567 884 703 919 integrunt
724 883 861 909 hominem

63 923 245 950 defendimus.

63 960 152 987 aditus
174 960 207 986 ad
224 960 420 987 contentionem
439 959 592 995 dignitatis:
614 967 683 994 quae
702 966 764 993 pars
780 958 862 984 altera

64 998 115 1025 fuit
125 998 312 1025 accusationis.

122 1037 161 1062 ⁴5.
177 1035 317 1062 Summam
329 1034 407 1061 video
417 1043 476 1061 esse
486 1035 514 1061 in
525 1039 558 1065 te.
574 1033 632 1062 Ser.
644 1033 757 1070 Sulpici,
771 1034 861 1070 digni·
882 1038 884 1044 ’

63 1077 143 1100 tatem
157 1074 278 1109 generis,
299 1073 473 1108 integritatis,
495 1072 643 1099 industriae
658 1077 861 1107 ceterorumque

63 1115 279 1138 ornamentorum
290 1111 412 1137 omnium
420 1131 426 1142 ‚
438 1110 540 1145 quibus
552 1110 649 1136 fretum
661 1110 693 1136 ad
704 1109 860 1136 consulatus

63 1149 217 1184 petitionem
229 1148 339 1184 aggredi
350 1156 398 1183 par
408 1153 456 1174 est.
498 1148 574 1174 Paria
589 1156 720 1184 cognosco
735 1156 794 1174 esse
809 1148 860 1173 ista

63 1187 90 1213 in
103 1187 132 1213 L.
147 1187 265 1217 Murena,
279 1190 359 1221 atque
369 1187 405 1212 ita
416 1186 503 1220 paria,
518 1190 547 1212 ut
559 1194 646 1220 neque
658 1185 716 1220 ipse
730 1185 860 1221 dignitate

63 1224 135 1250 vinci
146 1225 271 1258 potuerit,
285 1232 372 1259 neque
383 1227 408 1250 te
418 1223 548 1258 dignitate
558 1224 701 1258 superarit.
736 1223 861 1249 Contem-

63 1262 142 1296 psisti
153 1262 184 1287 L.
196 1262 323 1287 Murenae
333 1269 433 1296 genus:
448 1260 569 1287 extulisti
581 1265 669 1287 tuum.
700 1260 758 1292 Quo
770 1260 827 1287 loeo
837 1261 860 1286 si

63 1298 113 1325 tibi
125 1298 174 1325 hoc
184 1299 284 1329 sumis,
306 1298 359 1324 nisi
371 1298 418 1333 qui
430 1298 558 1332 patricius
573 1298 621 1329 sit,
639 1299 775 1324 neminem
791 1298 861 1324 bono

63 1344 122 1362 esse
133 1344 230 1372 genere
242 1341 347 1362 natum:
368 1335 443 1366 sacis,
461 1340 490 1362 ut
500 1344 595 1362 rursus
606 1335 699 1370 plebes
710 1336 739 1362 in
749 1336 861 1362 Aventi-
883 1358 884 1365 ,

63 1382 129 1400 num
141 1373 290 1400 sevocanda
300 1381 359 1399 esse
370 1372 501 1399 videatur.
524 1372 571 1399 Sin
583 1378 672 1399 autem
683 1377 746 1399 sunt
757 1373 861 1407 amplae
883 1393 884 1396 ,

63 1415 89 1438 et
99 1411 226 1437 honestae
238 1410 354 1437 familiae
368 1410 501 1445 plebeiae:
523 1415 548 1436 et
563 1419 680 1445 proavus
692 1411 721 1436 L.
734 1411 860 1436 Murenae
882 1431 883 1440 ,

62 1453 88 1475 et
97 1457 165 1475 avus
177 1453 310 1483 praetores
322 1448 442 1479 fuerunt,
459 1452 485 1474 et
500 1452 582 1482 pater,
596 1457 681 1483 quum
692 1448 861 1482 amplissime

62 1491 142 1521 atque
154 1486 343 1512 honestissime
354 1494 388 1512 ex
401 1490 524 1520 praetura
541 1485 744 1520 triumphasset,
761 1486 811 1512 hoc
823 1485 861 1511 fa—

62 1523 182 1550 ciliorem
195 1523 259 1550 huic
269 1523 383 1559 gradum
394 1522 550 1549 consulatus
562 1523 729 1558 adipiscendi
740 1523 858 1558 reliquit,

62 1561 135 1597 quod
151 1562 174 1588 is
189 1562 242 1587 iam
257 1561 326 1596 patri
340 1560 449 1588 debitus
460 1569 474 1586 a
485 1560 541 1587 filio
552 1561 700 1595 petebatur.
742 1563 782 1587 16.
805 1561 860 1587 Tua

62 1607 125 1626 vero
137 1598 337 1629 nobilitas,Ser.
346 1597 459 1632 Sulpici,
474 1598 579 1624 tametsi
591 1607 698 1624 summa
709 1602 758 1629 est,
773 1603 860 1624 tamen

62 1636 218 1664 hominibus
231 1636 353 1663 litteratis
363 1640 390 1662 et
400 1635 534 1662 historicis
546 1640 586 1662 est
597 1636 690 1666 notior,
704 1636 803 1670 populo
815 1645 861 1662 ve—

62 1682 91 1701 ro
102 1678 127 1701 et
137 1673 357 1709 suffragatoribus
367 1673 515 1700 obscurior.
547 1673 622 1699 Pater
633 1674 703 1699 enini
718 1673 768 1700 fnit
778 1682 861 1709 eque-

62 1712 110 1738 stri
122 1711 191 1738 loco:
204 1720 271 1738 avus
283 1711 355 1739 nulla
368 1710 467 1738 illustri
480 1710 557 1737 laude
568 1709 727 1737 celebratus
762 1713 860 1746 'ltaque

63 1757 115 1776 non
131 1757 164 1776 ex
179 1758 302 1776 sermone
317 1749 458 1776 hominum
475 1749 587 1779 recenti,
611 1748 658 1774 sed
674 1757 708 1774 ex
723 1749 860 1776 annalium

63 1791 194 1813 vetustate
207 1787 324 1813 eruenda
335 1791 376 1813 est
386 1786 513 1813 memoria
525 1785 672 1812 nobilitatis
685 1791 755 1813 tuae.
789 1788 862 1819 Qua—

63 1832 90 1850 re
105 1832 154 1860 ego
169 1829 194 1850 te
209 1833 316 1859 semper
330 1825 358 1851 in
375 1828 495 1851 nostrum
507 1833 650 1850 numerum
662 1832 806 1860 aggregare
817 1834 861 1851 so-

64 1859 117 1892 leo,
139 1861 210 1897 quod
227 1863 326 1888 virtute
340 1861 527 1896 industriaque
542 1861 691 1895 perfecisti,
710 1867 752 1893 ut,
774 1871 860 1897 quum

63 1899 161 1934 equitis
173 1900 283 1926 Romani
295 1907 368 1926 esses
383 1899 470 1929 filius,
488 1907 593 1925 summa
606 1903 693 1926 tamen
705 1900 862 1934 amplitudi-

63 1945 97 1963 ne
111 1936 211 1972 dignus
227 1941 364 1971 putarere:
388 1945 435 1963 nec
449 1936 517 1963 mibi
533 1945 663 1971 umquam
680 1938 770 1964 minus
786 1938 812 1964 in
827 1938 859 1970 Q.

61 1973 197 2008 Pompeio,
211 1982 280 2000 novo
291 1974 398 2001 homine
409 1979 435 2000 et
446 1973 591 2000 fortissimo
602 1974 668 2004 viro,
682 1975 789 2001 virtutis
801 1984 861 2001 esse

62 2011 153 2037 visum
165 2016 218 2042 est,
235 2019 317 2046 quam
329 2011 356 2038 in
369 2011 476 2038 homine
489 2011 671 2042 nobilissimo,
685 2013 720 2038 M.
735 2012 859 2039 Aemilio.

62 2048 168 2075 Etenim
180 2048 302 2075 eiusdem
313 2049 396 2075 animi
407 2053 486 2084 atque
498 2049 598 2083 ingenii
609 2053 658 2079 est,
667 2051 781 2084 posteris
791 2051 859 2081 suis,

63 2086 136 2121 quod
149 2086 291 2120 Pompeius
306 2085 382 2117 fecit.
404 2086 611 2121 amplitudinem
627 2087 756 2117 nominis.
778 2096 859 2122 quani

62 2132 115 2150 non
128 2124 268 2158 acceperit,
282 2123 398 2150 tradere:
412 2128 445 2155 et,
460 2124 788 2155 ntSeaurus,1nen10ria1n
800 2133 862 2160 pro-

62 2168 97 2196 pe
107 2161 308 2187 intermortuam
319 2161 424 2197 gener-is
436 2161 478 2187 sui
492 2161 588 2188 virtute
599 2170 736 2188 renovare.

119 2198 185 2225 viu.
204 2199 245 2225 ⁴7.
267 2197 435 2233 Quamquam
452 2207 500 2233 ego
515 2199 567 2224 iam
585 2199 726 2233 putabam,
748 2199 860 2231 iudicesv

64 2235 157 2262 multis
178 2236 244 2262 viris
260 2235 373 2263 fortibus
389 2245 420 2262 nc
437 2236 591 2271 ignobilitas
606 2237 767 2264 obiiceretur
780 2246 862 2271 gene-

64 2273 110 2304 ris,
123 2282 182 2300 meo
194 2273 283 2300 labore
294 2282 353 2300 ess(¹
365 2273 527 2308 perfer-tunm
549 2274 596 2308 qni
608 2282 660 2300 non
673 2274 752 2301 modo
762 2275 859 2305 Curiis,

64 2309 223 2342 Catonibus,
240 2311 389 2346 Pompeiis.
410 2311 528 2345 antiquis
542 2311 604 2341 illis,
620 2311 774 2338 fortissimis
785 2313 859 2343 viris,

65 2348 142 2375 novis
153 2348 319 2377 bominibus.
337 2349 384 2374 scd
397 2348 438 2374 his
451 2349 617 2379 recentibus,
634 2349 725 2375 Mariis
741 2354 767 2375 et
777 2350 862 2376 Didiis·

65 2389 91 2412 et.
101 2385 198 2413 Caeliis
209 2386 450 2413 commemorandis
464 2386 593 2412 iacebunt.

65 2426 136 2450 tanto
157 2423 296 2450 intervallo
310 2423 426 2450 clausu-n
443 2424 492 2449 ista
513 2422 659 2449 nobilitatis
680 2423 860 2459 refregisscm,

66 2463 96 2486 ut
105 2460 194 2487 aditus
205 2461 237 2487 ad
247 2461 417 2488 consulatum
435 2460 558 2495 posthac.
574 2461 645 2486 sicut
661 2461 732 2495 apud
749 2462 862 2487 maiores

66 2501 169 2524 nostros
180 2497 243 2529 fuit,
264 2507 316 2525 non
329 2499 416 2533 magis
427 2498 572 2528 nobilitati,
589 2507 670 2532 quam
685 2499 777 2524 virtuti
790 2504 862 2533 patc-

66 2539 117 2561 ret:
140 2543 191 2562 non
203 2536 362 2566 arbitrabar,
375 2544 459 2570 quum
472 2545 504 2562 cx
517 2535 616 2561 familia
630 2540 716 2561 vetere
728 2540 753 2561 ct
765 2535 861 2562 illustri

65 2571 158 2599 consul
169 2573 326 2608 designatus
337 2573 370 2599 ab
381 2573 598 2608 equitisltonnini
612 2572 802 2603 tilio,consnl‹=,
816 2573 863 2599 ‹le-

67 2607 226 2641 fenderctur,
239 2610 272 2637 de
281 2611 388 2646 generis
401 2612 515 2637 novitate
528 2614 693 2636 accusatores
704 2620 763 2636 esse
774 2611 862 2637 ‹in-tn-

67 2653 119 2673 ros.
158 2647 264 2674 Etenim
274 2648 342 2674 mihi
354 2648 405 2683 ipsi
417 2648 525 2678 accidit,
544 2652 571 2674 ut
585 2656 646 2673 cnm
662 2647 768 2674 dnobus
781 2649 861 2682 putri-

65 2683 128 2714 ciis.
149 2684 231 2712 altero
249 2685 451 2721 improbissimo
466 2690 546 2721 utque
563 2685 756 2716 audacissimo.
779 2686 862 2712 altero

819 657 863 683 Sic
891 658 892 666 ¹

285 923 339 948 vn.
359 921 418 954 Quo
437 921 594 952 constituto¹
616 920 719 947 facilior
737 924 778 946 est
793 920 861 946 mihi
884 933 892 951 1=

633 2387 723 2418 Quum
735 2396 785 2422 ego
802 2397 863 2413 vero
886 2404 887 2407 =

1661 140 1708 165 433

887 210 890 245 Ι
912 208 1111 235 modestissimo
1126 212 1206 242 atque
1220 209 1321 243 optimo
1337 208 1407 240 viro,
1429 212 1560 243 peterem:
1583 209 1710 243 superavi

888 250 890 275 l
913 251 1001 272 tamen
1012 246 1142 281 dignitate
1152 245 1303 275 Catilinam.
1315 246 1399 282 gratia
1410 245 1534 272 Galbam.
1560 244 1637 277 Quod
1648 246 1671 271 si
1683 246 1710 272 id

889 280 891 304 l
912 284 1013 310 crimen
1029 283 1132 309 homini
1147 292 1217 309 novo
1232 292 1291 309 esse
1306 283 1429 310 deberet:
1452 282 1569 318 profecto
1585 283 1651 308 mihi
1664 291 1711 309 ne-

889 307 891 356 i
913 330 965 356 que
976 321 1079 346 inimici
1091 329 1177 355 neque
1189 320 1276 347 invidi
1286 320 1447 347 defuissent.
1490 322 1530 346 48.
1547 319 1710 347 Omittamus

890 358 891 395 l
913 359 996 393 igitur
1010 358 1043 384 de
1057 366 1156 393 genere
1172 357 1273 389 dicere,
1290 359 1368 385 cuius
1386 363 1426 385 est
1442 366 1537 394 magna
1554 358 1582 384 in
1597 363 1711 393 utroque

913 396 1044 431 dignitas:
1063 395 1203 421 videamus
1214 401 1310 422 cetera.

883 400 892 465 {i
970 432 1147 465 Quaesturam
1163 441 1215 459 una
1230 433 1321 468 petiit,
1341 437 1367 459 et
1381 442 1442 460 sum
1458 441 1506 468 ego
1522 431 1607 460 factus
1628 433 1709 467 prior.

890 477 891 498 l
914 471 972 496 Non
983 475 1023 496 est
1032 470 1251 504 respondendum
1262 470 1295 497 ad
1305 471 1409 497 omnia:
1432 479 1518 505 neque
1532 471 1603 497 enim
1615 479 1711 505 quem—

913 516 995 542 quam
1016 513 1136 533 vestrum
1161 506 1244 543 fugit,
1270 517 1355 543 quum
1379 508 1456 534 multi
1482 517 1557 542 pares
1581 508 1711 544 dignitate

915 546 990 576 fiant,
1009 554 1079 571 unus
1091 550 1179 571 autem
1193 546 1309 579 primum
1321 545 1395 572 solus
1410 546 1493 580 possit
1507 546 1640 576 obtinere,
1659 554 1711 572 non

915 582 1040 608 eumdem
1061 591 1120 608 esse
1139 582 1260 608 ordinem
1283 582 1421 618 dignitatis
1445 588 1470 609 et
1495 583 1708 613 renuntiationis,

883 638 885 650 ,
915 625 1066 654 propterea,
1083 619 1156 654 quod
1173 620 1333 646 renuntiatio
1347 621 1447 655 gradus
1463 620 1572 651 habeat,
1594 620 1711 656 dignitas

891 671 892 684 l
914 662 1002 683 autem
1018 657 1053 683 sit
1067 665 1194 691 persaepe
1209 657 1302 683 eadem
1322 658 1453 684 omnium.
1494 657 1547 684 Sed
1567 662 1711 692 quaestura

915 695 1056 729 uniusque
1068 694 1262 729 propemodum
1274 695 1331 729 pari
1343 700 1477 721 momento
1487 696 1566 721 sortis
1579 695 1638 721 fuit.
1659 695 1712 721 Ha-

914 732 973 758 buit
984 732 1028 758 hic
1040 731 1097 767 lege
1109 732 1176 757 Titia
1189 733 1354 766 provinciam
1366 733 1471 758 tacitam
1485 737 1510 758 et
1525 733 1658 767 quietam:
1682 738 1711 759 tu

914 769 1001 800 illam,
1014 769 1072 800 cui,
1090 778 1174 803 quum
1187 774 1342 804 quaestores
1354 770 1516 801 sortiuntur,
1535 771 1614 796 etiam
1626 769 1712 796 accla-

884 821 885 836 1
914 807 981 832 mari
992 806 1068 837 solet,
1077 806 1238 837 Ostiensem,
1247 816 1299 833 non
1310 812 1363 833 tani
1374 807 1517 843 gratiosam
1529 812 1554 833 ct
1565 807 1709 837 illustrem,

884 847 892 863 Ν
914 853 995 879 quam
1011 845 1175 880 negotiosam
1192 848 1217 870 et
1230 844 1380 871 molestam.
1422 844 1548 871 Consedit
1569 845 1711 879 utriusque

884 888 885 899 ¹
914 890 1010 908 nomen
1022 882 1048 908 in
1059 886 1214 916 quaestura.
1256 882 1368 908 Nullum
1386 883 1458 908 enim
1474 882 1551 908 vobis
1566 891 1624 908 sors
1639 891 1712 908 cam-

913 928 979 954 pum
995 919 1082 950 dedit,
1100 920 1128 946 in
1143 928 1197 954 quo
1211 928 1351 946 excurrere
1362 920 1448 947 virtus
1459 920 1638 955 cognoscique
1649 928 1713 954 pos-

883 959 885 985 ἰ
913 962 962 983 set.
998 958 1037 983 ⁴9.
1058 956 1165 992 Reliqui
1187 958 1314 992 temporis
1334 958 1452 992 spatium
1472 957 1500 983 in
1515 958 1712 984 contentionem

883 995 892 1015 'l
914 999 1031 1021 vocatur.
1071 995 1113 1021 Ab
1129 1000 1243 1030 utroque
1258 995 1442 1022 dissimillima
1456 995 1556 1021 ratione
1572 999 1712 1021 tractatum

913 1037 962 1059 est.
1003 1032 1050 1058 IX.
1068 1032 1181 1058 Servius
1197 1033 1240 1059 hic
1256 1033 1398 1059 nobiscum
1415 1033 1482 1059 hanc
1498 1033 1628 1059 urbanam
1640 1032 1713 1058 mili-

913 1071 977 1096 tiam
988 1069 1178 1105 respondendi,
1192 1070 1341 1102 scribendi,
1355 1070 1479 1101 cavendi,
1493 1070 1600 1105 plenam
1612 1070 1713 1096 sollici-

913 1108 1016 1134 tudinis
1030 1116 1060 1134 ac
1075 1108 1220 1140 stomachi,
1244 1113 1353 1135 secutus
1369 1113 1422 1135 est:
1445 1109 1488 1134 ius
1503 1107 1581 1134 civile
1602 1107 1710 1134 didicit:

913 1146 1029 1172 multum
1053 1145 1189 1182 vigilavit,
1221 1145 1365 1173 laboravit:
1396 1151 1501 1181 praesto
1527 1145 1621 1172 multis
1646 1145 1710 1171 fuit:

913 1183 1059 1210 multorum
1070 1183 1211 1210 stultitiam
1223 1192 1369 1219 perpessus
1383 1188 1436 1215 est,
1459 1184 1636 1220 arrogantiam
1652 1191 1713 1218 per-

913 1221 989 1252 tulit,
1011 1221 1198 1248 difficultatem
1214 1222 1366 1248 exsorbuit:
1389 1222 1458 1248 vixit
1472 1221 1505 1248 ad
1516 1221 1629 1248 aliorum
1641 1221 1713 1247 arbi-

912 1260 1004 1290 trium,
1019 1268 1070 1286 non
1082 1258 1115 1285 ad
1126 1268 1218 1285 suum.
1241 1260 1335 1295 Magna
1348 1259 1406 1286 laus
1424 1264 1447 1285 ct
1458 1263 1532 1295 grata
1545 1258 1710 1285 hominibus.

912 1305 998 1323 unum
1011 1296 1147 1323 hominem
1158 1296 1293 1324 elaborare
1305 1298 1331 1323 in
1343 1306 1372 1323 ea
1383 1297 1503 1327 scientia,
1516 1305 1585 1331 quae
1596 1297 1630 1322 sit
1642 1295 1714 1322 mul-

912 1334 947 1360 tis
959 1333 1108 1368 profutura.
1130 1336 1172 1361 ⁶20.
1186 1334 1257 1366 Quid
1269 1335 1379 1361 Murena
1391 1333 1509 1361 interea'?
1519 1334 1677 1360 Fortissiino
1688 1338 1713 1359 et

912 1372 1114 1406 sapientissimo
1125 1372 1191 1403 viro,
1205 1381 1313 1399 summo
1322 1372 1485 1407 imperatori,
1501 1371 1605 1407 legatus
1617 1371 1646 1397 L.
1659 1371 1713 1396 Lu-

912 1409 985 1435 cullo
1007 1408 1070 1436 tuit:
1094 1418 1147 1444 qua
1168 1410 1194 1436 in
1211 1409 1343 1445 legatione
1358 1409 1436 1436 duxit
1452 1410 1612 1435 exercitum:
1636 1409 1712 1444 signa

913 1445 1039 1473 contulit:
1062 1455 1173 1473 manum
1193 1447 1341 1473 conseruit:
1365 1456 1474 1483 magnas
1488 1447 1578 1481 copias
1594 1446 1713 1472 hostium

883 1495 884 1510 l
914 1483 996 1510 fudit:
1011 1484 1092 1510 urbes
1103 1484 1200 1519 partim
1213 1485 1248 1515 vi.
1264 1485 1360 1520 partim
1371 1484 1511 1511 obsidione
1524 1485 1607 1518 cepit:
1621 1484 1712 1510 Asiam

914 1522 992 1548 istam
1004 1521 1127 1548 refertam
1139 1527 1164 1548 et
1175 1522 1297 1548 camdem
1309 1522 1449 1548 delicatam
1463 1522 1501 1548 sic
1512 1522 1587 1552 obiit,
1605 1526 1633 1547 ut
1645 1521 1671 1547 in
1683 1530 1713 1547 ea

913 1568 1001 1594 neque
1017 1559 1142 1586 avaritiae
1158 1568 1245 1595 neque
1262 1559 1384 1586 luxuriae
1401 1559 1547 1595 vestigium
1560 1558 1710 1593 reliquerit:

914 1597 1031 1623 maximo
1042 1597 1069 1623 in
1081 1597 1152 1623 bello
1162 1597 1201 1623 sic
1211 1602 1252 1623 est
1262 1602 1398 1628 versatus,
1417 1602 1446 1623 ut
1462 1597 1505 1623 hic
1522 1596 1620 1622 multas
1635 1606 1676 1622 res
1689 1601 1714 1622 et

913 1643 1024 1670 magnas
1036 1635 1094 1660 sine
1105 1635 1265 1669 imperatore
1275 1635 1404 1671 gesserit,
1419 1634 1519 1660 nullam
1532 1634 1591 1660 sine
1603 1634 1651 1660 hoc¹
1663 1634 1714 1659 ini-

913 1677 1027 1707 perator.
1050 1672 1136 1707 Atque
1149 1673 1222 1704 haec,
1235 1681 1401 1707 quamquam
1414 1677 1551 1707 praesente
1563 1672 1592 1698 L.
1602 1671 1714 1697 Lucullo

914 1710 1020 1745 loquar,
1035 1714 1137 1741 tamen,
1152 1719 1184 1736 ne
1195 1710 1228 1736 ab
1240 1711 1299 1745 ipso
1310 1715 1417 1745 propter
1429 1709 1579 1744 periculum
1593 1713 1713 1735 nostrum

913 1756 1068 1774 concessam
1085 1747 1226 1774 videamur
1242 1748 1340 1774 habere
1358 1748 1490 1774 licentiam
1508 1746 1640 1782 tingendi,
1665 1755 1714 1780 pu-

914 1785 992 1811 blicis
1009 1784 1104 1811 litteris
1121 1789 1213 1812 testata
1227 1790 1292 1812 sunt
1303 1785 1405 1813 omnia:
1427 1785 1528 1820 quibus
1541 1785 1570 1810 L.
1584 1783 1714 1810 Lucullus

914 1827 1017 1849 tantum
1030 1822 1117 1849 laudis
1130 1822 1286 1858 impertiit⁶,
1309 1827 1441 1858 quantum
1457 1831 1543 1857 neque
1554 1821 1714 1848 ambitiosus

914 1861 1058 1895 imperator
1074 1870 1161 1895 neque
1177 1860 1286 1887 invidus
1303 1861 1420 1887 tribuere
1436 1859 1513 1886 alteri
1525 1860 1551 1886 in
1563 1860 1715 1885 communi-

892 1900 893 1916 l
913 1898 998 1925 canda
1008 1898 1092 1934 gloria
1103 1898 1207 1925 debuit.
1238 1900 1280 1925 2⁴.
1293 1897 1405 1925 Summa
1417 1898 1444 1924 in
1457 1902 1569 1932 utroque
1581 1902 1620 1923 est
1633 1896 1715 1923 hone—

891 1953 893 1970 3
914 1940 979 1967 stas,
992 1945 1099 1962 summu
1111 1936 1243 1972 dignitas:
1255 1945 1338 1971 quam
1350 1945 1408 1971 ego,
1421 1936 1444 1961 si
1457 1935 1524 1961 inihi
1536 1934 1713 1970 perSerrium

891 1984 892 2002 ι
915 1973 1000 2005 liceat,
1014 1974 1161 2009 pariatque
1173 1973 1266 2000 endem
1280 1974 1307 2000 in
1321 1973 1399 2000 laude
1411 1982 1518 2008 ponam.
1552 1971 1605 1998 scd
1618 1981 1670 1998 non
1683 1971 1715 1997 li-

913 2016 963 2038 cet.
994 2011 1084 2047 agitat
1098 2020 1154 2038 rem
1170 2011 1327 2038 militarem:
1350 2011 1495 2037 insectatur
1507 2015 1586 2036 totam
1599 2009 1667 2036 hanc
1679 2009 1715 2035 le·-

913 2049 1061 2084 gationem:
1083 2049 1252 2076 assiduitatis
1267 2053 1293 2076 et
1307 2057 1447 2083 operarum
1465 2048 1559 2074 harum
1580 2046 1715 2082 quotidia-

891 2087 893 2120 ᾖ
914 2095 1008 2113 nurum
1021 2091 1096 2121 putat
1106 2095 1165 2113 esse
1176 2086 1356 2113 consulatum.
1397 2085 1477 2121 Apud
1488 2085 1635 2112 exercitum
1648 2084 1714 2111 mibi

891 2132 892 2159 j
914 2123 1006 2155 fueris,
1020 2125 1118 2159 inquit,
1132 2129 1169 2151 tot
1179 2123 1281 2151 annos?
1300 2123 1388 2150 forum
1400 2132 1452 2150 non
1463 2122 1602 2158 attigeris?
1621 2121 1715 2148 abfue-

914 2161 951 2187 ris
968 2161 1087 2188 tamdiu?
1107 2166 1145 2192 et,
1162 2170 1248 2196 quum
1265 2161 1344 2197 longo
1359 2160 1499 2187 intervallo
1516 2160 1634 2190 veneris,
1653 2168 1714 2185 cuin

915 2199 963 2230 iis.
985 2199 1033 2234 qui
1054 2199 1081 2225 in
1102 2198 1158 2226 foro
1173 2199 1336 2230 habitarunt,
1358 2198 1391 2224 de
1406 2198 1535 2234 dignitate
1551 2196 1716 2223 contendas-7

885 2250 893 2262 w
914 2237 1035 2263 Primum
1047 2236 1096 2262 ista
1109 2242 1197 2263 nostru
1209 2235 1458 2266 assiduitas-Serti,
1472 2235 1568 2264 nescis,
1582 2239 1713 2269 quantuni

915 2273 1050 2301 interdum
1063 2273 1152 2300 afferat
1165 2274 1322 2300 hominibus
1335 2272 1444 2302 fastidii.
1462 2277 1593 2307 ‹niannnn
1606 2272 1714 2297 satieta-

915 2310 966 2337 tis‘?
996 2311 1062 2337 Mihi
1081 2311 1192 2345 quidem
1215 2311 1386 2337 vehementer
1401 2310 1532 2344 expediit.
1556 2309 1669 2343 positam
1688 2309 1713 2334 in

914 2348 1000 2375 oculis
1015 2356 1075 2374 csse
1091 2349 1215 2381 gratiam.
1257 2348 1309 2374 Sed
1326 2353 1414 2374 tannen
1431 2356 1480 2382 ego
1497 2347 1548 2372 inei
1565 2347 1712 2372 sutietatem

915 2395 1014 2421 niagno
1025 2375 1185 2411 ineoluboru
1196 2385 1335 2420 superavi.
1353 2390 1378 2411 ct
1395 2390 1421 2410 tu
1440 2385 1508 2410 idem
1522 2383 1645 2410 fortasse:
1669 2392 1714 2409 u·-

886 2423 887 2438 l
915 2428 1066 2449 ruintunien
1084 2423 1190 2458 utrique
1207 2427 1327 2449 nostrum
1343 2421 1508 2448 desiderium
1527 2420 1592 2447 nihil
1609 2420 1714 2447 obfuis-

915 2466 964 2487 set.
1006 2462 1047 2486 ¹22.
1064 2460 1116 2486 Sed
1130 2465 1172 2491 ut,
1188 2460 1236 2486 hoe
1246 2460 1360 2489 omisso.
1374 2459 1406 2485 nd
1418 2458 1569 2485 studiorum
1582 2464 1661 2493 atque
1672 2468 1714 2484 ar-

916 2499 982 2524 tium
1003 2498 1199 2524 contentionem
1216 2502 1394 2524 revertuntur:
1419 2497 1467 2531 qni
1484 2501 1569 2530 potest
1583 2495 1711 2522 dubitari.

914 2536 980 2570 quin
997 2535 1028 2561 ιιιΙ
1045 2535 1215 2561 consulatum
1231 2534 1435 2569 utlipisccnduni
1453 2533 1536 2559 multo
1552 2533 1613 2568 plus
1625 2533 1713 2559 atil-rat

914 2573 1054 2607 dignitatis
1065 2573 1101 2599 rei
1118 2572 1255 2603 militaris,
1273 2580 1355 2607 (μιιιιιι
1370 2571 1435 2598 iuris
1446 2570 1535 2597 cixilis
1545 2570 1648 2606 gloria?
1669 2571 1712 2596 v.-

914 2610 982 2643 gilus
996 2615 1022 2636 tu
1034 2610 1067 2636 de
1080 2615 1163 2640 nocte.
1173 2615 1201 2636 ut
1214 2610 1267 2636 tuis
1278 2608 1478 2635 consultoribus
1491 2608 1665 2643 respondeas:
1682 2607 1712 2634 il-

917 2648 952 2679 Ιο,
971 2652 1054 2678 uteo,
1071 2656 1126 2682 quo
1142 2647 1268 2678 intendit,
1287 2652 1388 2674 mature
1404 2655 1465 2672 cnm
1482 2646 1600 2672 exercitu
1619 2655 1712 2680 peric-

915 2686 979 2712 niat.
1007 2685 1042 2711 Te
1053 2684 1196 2721 gallorum,
1211 2684 1287 2712 illuni
1300 2684 1473 2711 buccinarum
1485 2688 1579 2710 cantus
1591 2692 1712 2710 exsusci-

1476 2733 1506 2757 55
