1941 3052
373 143 697 170 EPISTOLARUM
727 143 780 168 AD
808 142 1383 168 ATT1CUMLIB.1x.EP.7.8.
1652 143 1699 166 ss?

63 224 111 242 sua
121 215 254 241 concessit
265 213 413 244 voluntate,
431 222 464 240 ne
479 215 507 240 in
519 214 552 239 iis
563 214 657 240 castris
669 221 769 244 essem,
787 221 856 247 quae

63 250 612 286 contraLentulumautPompeiumt'utura
622 255 724 282 essent;
741 258 857 285 quorum

64 289 193 316 beneficia
208 289 326 314 maxima
341 288 482 314 haberem:
500 288 609 322 sibique
624 288 690 314 satis
704 296 763 314 esse
775 287 855 318 dixit,

63 325 399 362 sitogatusurbanaofficia
411 326 465 351 sihi
476 326 683 360 praestitissem;
697 333 766 360 quae
777 325 858 351 etiam

63 363 119 390 illis
128 384 134 395 ,
151 364 175 389 si
186 362 299 394 vellent,
317 367 451 397 praestare
463 371 581 397 possem.
621 363 713 397 Itaque
725 370 796 388 nunc
806 363 859 388 Ro-

63 409 122 427 mae
132 401 222 427 omnia
234 401 339 435 negotia
351 400 457 426 Lentuli
471 408 593 435 procuro,
607 401 740 431 sustineo,
753 408 859 425 meum-

63 446 117 473 que
127 437 261 468 officium,
275 437 369 468 fidem,
383 439 508 472 pietatem
525 438 568 463 his
579 442 693 472 praesto.
734 436 788 462 Sed
803 445 860 462 me-

64 474 172 501 hercule
188 483 282 501 rursus
297 475 350 501 iam
360 475 492 501 abiectam
505 474 707 509 compositionis
718 482 795 508 spem
806 482 859 500 non

64 512 312 547 desperatissimam
331 521 391 538 esse
411 516 488 546 puto,
511 513 640 547 quoniam
655 511 752 538 Caesar
771 515 812 537 est
829 519 859 537 ca

64 554 166 579 mente,
185 558 237 584 qua
253 554 343 583 optare
355 549 496 575 debemus.
536 550 589 575 Hac
600 557 628 575 re
639 549 707 574 mihi
719 548 819 582 placet,
836 548 859 574 si

65 587 115 613 tibi
129 586 248 617 videtur,
265 592 290 613 te
304 586 337 613 ad
349 595 410 613 eum
422 586 553 617 scribere,
571 591 596 612 et
607 586 640 612 ab
652 594 682 612 eo
692 585 860 620 praesidium

65 629 168 659 petere,
191 628 220 650 ut
233 624 324 658 petisti
335 633 348 650 a
359 624 495 658 Pompeio,
509 632 551 649 me
562 623 673 658 quidem
684 622 857 657 approbante,

65 661 232 696 temporibus
243 661 407 687 Milonianis.
432 661 583 691 Praestabo,
596 660 630 695 (si
641 660 780 687 Caesarem
792 660 860 685 bene

67 699 151 733 novi,)
161 706 224 724 eum
235 699 311 733 prius
322 703 384 725 tuae
394 698 546 734 dignitatis,
564 706 646 732 quam
661 705 725 723 suae
736 697 860 723 utilitatis

66 736 196 762 rationem
211 736 378 762 habiturum.
418 737 443 762 3.
465 736 534 761 Haec
549 743 631 769 quam
647 734 793 769 prudenter
811 734 861 760 tibi

66 773 194 803 scribam,
207 773 311 799 nescio:
324 772 371 799 sed
385 772 453 799 illud
464 777 534 798 certe
546 772 615 803 scio⁷
629 780 671 798 me
683 771 716 797 ab
728 771 861 806 singulari

67 819 155 837 amore
166 818 196 836 ac
206 809 405 840 benevolentia,
419 817 606 844 quaecumque
617 809 719 839 scribo,
733 809 783 835 tibi
794 808 862 834 scri-

67 848 144 874 bere:
157 847 230 882 quod
240 852 265 874 te
276 847 331 882 (ita,
344 846 474 873 incolumi
485 847 610 877 Caesare,
627 846 734 881 moriar)
744 846 810 872 tanti
822 845 862 871 fa-

67 886 122 915 cio,
140 889 170 911 ut
185 892 284 918 paucos
298 892 383 918 aeque
399 892 429 910 ac
440 888 464 910 te
475 893 550 910 caros
562 883 685 909 habeam.
725 884 761 909 De
773 883 822 909 hac
834 891 861 908 re

67 930 152 957 quum
163 921 267 956 aliquid
277 922 457 952 constitueris,
471 921 554 947 velim
566 921 634 947 mihi
645 920 759 947 scribas.
793 921 861 946 Nam

67 968 119 985 non
130 958 300 985 mediocriter
309 958 408 989 laboro,
421 963 452 985 ut
461 959 579 993 utrique,
593 963 623 985 ut
633 959 685 989 vis,
694 962 767 984 tuam
778 957 862 984 bene-

67 995 212 1023 volentiam
223 1000 357 1030 praestare
369 996 471 1030 possis:
489 1004 571 1031 quam
583 995 737 1022 mehercule
748 1000 773 1022 te
784 1004 862 1030 prae-

66 1038 198 1060 staturum
208 1033 322 1060 confido.
362 1034 414 1060 Fac
424 1032 525 1061 valeas.

120 1103 156 1130 C.)
185 1104 292 1128 (Marcello,
300 1104 382 1122 Lentulo
392 1110 439 1122 (2⁰⁵⁵.
451 1105 506 1126 705.)

164 1147 318 1174 CAESAR
347 1147 476 1178 OPPIO,
507 1146 708 1174 CORNELIO
737 1146 764 1174 S.

126 1186 148 1211 l.
174 1181 290 1211 Gaudeo
312 1184 480 1216 mehercule,
509 1193 557 1211 vos
581 1184 735 1220 significare
755 1183 861 1215 litteris,

67 1231 150 1258 quam
170 1221 248 1248 valde
264 1222 383 1257 probetis
398 1231 442 1253 ea,
464 1230 534 1257 quae
550 1222 622 1257 apud
637 1222 785 1249 Corfinium
800 1226 864 1248 sunt

67 1264 152 1296 gesta.
191 1259 310 1286 Consilio
321 1264 410 1286 vestro
420 1263 478 1286 utar
490 1259 612 1290 libenter,
625 1265 651 1286 et
661 1260 711 1286 hoc
723 1259 861 1291 libentius,

67 1296 141 1332 quod
152 1305 210 1323 mea
225 1301 320 1332 sponte
331 1296 417 1323 facere
428 1297 619 1323 constitueram
627 1318 633 1328 ,
647 1302 768 1332 utquam
781 1296 864 1323 lenis-

67 1335 170 1361 simum
189 1342 233 1360 me
252 1334 409 1369 praeberem
424 1338 450 1361 et
467 1334 626 1369 Pompeium
643 1334 735 1361 darem
754 1343 863 1369 operam

68 1376 98 1398 ut
108 1371 319 1398 reconciliarem.
360 1372 504 1398 Tentemus
516 1372 567 1398 hoc
577 1371 669 1402 modo,
683 1372 707 1397 si
717 1380 863 1406 possumus

67 1409 190 1435 omnium
210 1408 361 1435 voluntates
383 1417 540 1443 recuperare
560 1414 586 1436 et
604 1409 731 1435 diuturna
753 1409 863 1436 victoria

67 1446 122 1479 uti;
139 1446 269 1481 quoniam
284 1445 383 1481 reliqui
397 1446 555 1473 crudelitate
570 1446 664 1473 odium
679 1446 796 1482 effugere
811 1455 863 1473 non

68 1488 180 1518 potueru
185 1487 306 1518 ntneque
312 1484 451 1510 victoriam
457 1483 562 1510 diutius
569 1488 657 1510 tenere
664 1489 768 1518 praeter
779 1493 864 1511 unum

68 1521 99 1547 L.
111 1520 223 1552 Sullam,
237 1529 319 1555 quem
331 1521 485 1548 imitaturus
496 1529 548 1547 non
558 1529 630 1547 sum.
670 1521 740 1548 Haec
750 1530 819 1549 nova
830 1522 866 1548 sit

68 1558 135 1584 ratio
146 1558 286 1590 vincendi,
300 1562 330 1585 ut
339 1558 523 1585 misericordia
537 1563 563 1585 et
574 1558 733 1586 liberalitate
744 1568 792 1586 nos
804 1568 866 1585 mu-

69 1596 186 1622 niamus.
217 1595 246 1621 Id
256 1595 486 1630 quemadmodum
499 1596 555 1622 lieri
566 1597 659 1630 possit,
673 1596 802 1623 nonnulla
813 1597 865 1623 mi—

69 1632 98 1659 hi
109 1633 136 1659 in
148 1637 265 1659 mentem
277 1633 398 1664 veniunt,
411 1638 437 1660 et
447 1633 530 1659 multa
542 1633 654 1668 reperiri
665 1639 788 1668 possunt.
828 1635 865 1660 De

68 1669 112 1696 his
123 1669 218 1701 rebus,
235 1678 298 1706 rogo
313 1678 374 1701 vos,
392 1675 423 1697 ut
432 1671 621 1706 cogitationem
637 1672 803 1706 suscipiatis.
838 1673 863 1698 2.

68 1707 117 1734 Cn.
130 1707 259 1743 Magium,
273 1708 394 1742 Pompeii
404 1708 579 1742 praefectum,
593 1707 770 1742 deprehendi.
807 1708 866 1735 Sci-

69 1743 131 1771 licet
144 1753 204 1771 meo
219 1745 342 1772 instituto
356 1753 423 1771 usus
439 1754 514 1776 sum,
530 1750 556 1772 et
570 1753 633 1772 eum
647 1747 738 1773 statim
749 1747 865 1773 missum

68 1780 130 1808 feci.
171 1782 226 1808 Iam
246 1781 300 1808 duo
320 1781 447 1816 praefecti
468 1782 574 1809 fabrum
590 1783 712 1818 Pompeii
732 1784 760 1810 in
777 1792 864 1810 meam

67 1823 225 1854 potestatem
241 1824 385 1850 venerunt,
408 1825 435 1846 et
449 1828 463 1846 a
477 1829 520 1847 me
531 1820 692 1847 missisunt.
733 1820 763 1847 Si
776 1821 866 1848 volent

68 1857 137 1891 grati
148 1864 216 1887 esse,
229 1856 368 1883 debebunt
377 1857 535 1892 Pompeium
547 1857 656 1889 hortari,
670 1862 699 1885 ut
710 1858 786 1885 malit
797 1859 865 1884 mihi

68 1901 127 1919 esse
138 1894 252 1924 amicus,
265 1902 347 1928 quam
358 1893 412 1925 his,
424 1895 472 1929 qui
483 1899 509 1921 et
519 1894 561 1921 illi
572 1899 598 1921 et
608 1895 676 1922 mihi
687 1904 794 1931 semper
805 1895 865 1922 fue-

68 1934 132 1957 runt
145 1931 343 1957 inimicissimi:
360 1939 476 1966 quorum
492 1932 613 1958 artificiis
624 1932 749 1960 effectum
764 1937 818 1965 est,
836 1937 866 1960 ut

68 1967 222 2002 respublica
232 1968 260 1994 in
272 1967 345 1994 hunc
355 1973 454 1995 statum
465 1969 627 2003 perveniret.

123 2039 184 2060 Vfll-
211 2041 241 2063 (In
250 2041 359 2062 Formimn,
369 2042 468 2063 Marcello,
477 2042 558 2060 Lentulo
569 2049 615 2061 coa.
627 2043 682 2066 70⁵.)

255 2084 422 2112 CICERO
452 2085 620 2112 ATTICO
649 2085 675 2113 S.

127 2122 149 2147 l.
172 2116 360 2148 Caenantibus
375 2121 463 2157 pridie
479 2122 542 2148 Idus
558 2123 650 2154 nobis,
669 2131 698 2149 ac
712 2127 790 2150 noctu
802 2123 866 2158 qui-

69 2157 145 2189 dem,
167 2157 269 2185 Statius
284 2167 298 2185 a
314 2164 339 2185 te
354 2159 495 2194 epistolam
517 2160 628 2186 brevem
643 2159 740 2187 attulit.
782 2160 818 2186 De
834 2161 864 2187 L.

68 2195 202 2230 Torquato
212 2195 285 2230 quod
296 2197 418 2231 quaeris,
435 2205 487 2223 non
504 2196 582 2223 modo
594 2197 708 2228 Lucius.
725 2197 864 2224 sedetiam

68 2232 155 2259 Aulus
165 2233 300 2268 profectus
312 2238 364 2265 est;
378 2233 444 2260 alter
455 2233 554 2260 multos
565 2234 655 2297 θεῖος).
694 2235 730 2261 De
741 2235 866 2262 Reatino—

69 2277 129 2296 rum
139 2278 234 2296 corona
247 2270 319 2306 quod
330 2271 442 2301 scribis,
461 2270 572 2298 moleste
597 2279 642 2298 ero
654 2272 681 2298 in
692 2280 756 2307 agro
766 2272 866 2298 Sabino

68 2311 215 2334 sementem
228 2308 285 2334 fieri
296 2309 511 2343 proscriptionis,
545 2308 685 2335 Senatores
698 2308 796 2336 multos
807 2318 865 2336 esse

67 2343 176 2375 Romae.
189 2353 238 2371 nos
248 2353 358 2380 quoque
372 2345 554 2372 audieramus.
589 2346 694 2381 Ecquid
706 2351 781 2381 potes
791 2346 867 2373 dice-

68 2389 105 2412 re,
116 2389 165 2408 cur
175 2382 308 2409 exierint?
327 2384 353 2409 2.
368 2383 397 2410 In
409 2383 452 2409 his
465 2382 530 2409 locis
540 2383 633 2418 opinio
644 2388 696 2414 est,
713 2384 865 2410 coniectura

67 2419 164 2455 magis,
176 2427 259 2454 quarn
271 2421 365 2447 nuntio
379 2425 424 2447 aut
436 2420 544 2451 litteris,
561 2420 705 2447 Caesarem
714 2421 829 2447 Formiis
839 2430 864 2448 a.

67 2455 95 2482 d.
107 2463 146 2482 xi.
159 2456 219 2483 Kal.
231 2457 296 2492 Apr.
313 2457 378 2484 fore.
417 2458 466 2483 Hic
481 2465 531 2493 ego
547 2457 644 2483 vellem
659 2457 758 2484 habere
770 2458 867 2484 llome-

67 2493 91 2519 ri
103 2492 177 2519 illam
187 2494 336 2521 Minervam
347 2494 502 2521 simulatam
513 2495 636 2526 Mentori,
652 2495 696 2521 cui
708 2494 840 2521 dicerem:

105 2531 221 2567 Μέντορ,
227 2534 283 2562 πῶς
293 2531 312 2558 τ’
321 2531 361 2568 ἄρ’
375 2533 476 2563 ἲ’ω,πῶς
487 2531 506 2559 τ’
520 2532 554 2567 ἂρ
560 2532 759 2567 προςτπύξομαι
770 2531 864 2563 adtritu*

67 2566 177 2594 Nullam
187 2575 244 2595 rem
255 2577 385 2605 umquam
396 2569 577 2596 difficiliorem
589 2569 716 2605 cogitavi.
756 2568 809 2595 Sed
820 2577 866 2596 co-

67 2605 125 2640 gito
135 2609 237 2639 tamem
251 2614 300 2633 nec
310 2615 364 2638 ero,
378 2607 445 2634 utin
456 2606 544 2637 malis,
559 2607 717 2641 imparatus.
751 2605 805 2633 Sed
815 2614 866 2634 ou-

68 2649 106 2673 ra,
118 2646 148 2670 ut
158 2641 258 2670 valeas.
297 2644 364 2671 Puto
374 2645 457 2675 enim,
470 2644 543 2671 diem
555 2648 632 2671 tuum
644 2643 702 2671 heri
714 2643 807 2671 [uisse.

959 211 1058 234 1X.(In
1069 213 1175 232 Formiano,
1186 214 1285 231 Bi-wcello.
1295 214 1375 231 Lunata
1385 218 1431 230 coss.
1443 214 1499 232 705.)

1093 251 1260 279 CICERO
1288 250 1456 278 ATTICO
1486 250 1514 277 S.

967 291 989 315 l.
1003 284 1070 315 Tris
1081 289 1208 324 epistolas
1220 294 1278 315 tuas
1290 289 1379 323 accepi
1392 287 1599 323 postridieldus.
1622 288 1702 314 Erant

909 331 997 352 autem
1013 335 1060 357 uu,
1077 335 1127 357 nh,
1144 326 1231 361 pridie
1243 326 1305 352 Idus
1321 326 1407 352 datae.
1447 326 1531 361 Igitur
1544 326 1703 360 antiquissi-

909 372 968 389 mae
979 365 1077 398 cuique
1089 365 1207 398 primum
1219 363 1396 398 respondebo.
1422 364 1544 389 Assentio
1556 363 1618 392 tibi,
1636 368 1663 388 ut
1676 363 1702 388 in

887 415 888 418 =
910 402 1051 427 Formiano
1071 402 1243 435 potissimum
1263 410 1424 427 commorer:
1451 401 1531 426 etiam
1551 400 1584 426 de
1605 408 1704 434 supero

911 439 990 469 mari,
1008 438 1191 473 palpaboque,
1209 443 1238 464 ut
1253 444 1328 464 antea
1340 439 1373 464 ad
1388 443 1412 464 te
1426 438 1537 472 scripsi.
1555 445 1703 472 ecquonam

911 475 990 502 modo
1003 476 1114 509 possim,
1127 475 1263 501 voluntate
1274 477 1342 505 eius,
1353 475 1454 501 nullam
1466 474 1631 509 reipublicae
1644 483 1704 508 par-

911 518 964 539 tem
976 513 1115 547 attingere.
1155 512 1232 544 Quod
1247 512 1339 539 laudas
1348 534 1353 541 .
1371 513 1434 547 quia
1446 512 1571 538 oblivisci
1585 521 1626 537 me
1638 512 1705 537 scri-

911 550 953 584 psi
968 554 1028 576 ante
1042 550 1109 576 sacta
1124 554 1150 575 et
1166 550 1262 576 delicta
1277 551 1360 576 nostri
1372 550 1465 576 amici:
1484 558 1533 584 ego
1545 558 1606 575 vcro
1618 550 1653 574 ita
1666 548 1704 574 fa—

911 588 962 613 cio.
1002 587 1074 619 Quin
1085 596 1116 613 ea
1130 588 1201 621 ipsa,
1217 596 1286 621 quae
1297 596 1311 612 a
1323 592 1346 613 te
1358 591 1612 617 commemorantur,
1627 594 1705 611 secus

911 624 944 650 ab
955 625 1024 650 eoin
1037 633 1080 650 me
1094 625 1184 658 ipsum
1195 624 1262 650 sacta
1273 633 1341 654 esse,
1356 633 1408 650 non
1419 624 1544 650 memini:
1562 628 1632 649 tanto
1643 623 1705 657 plus

889 684 890 688 ,
912 661 983 695 apud
999 670 1041 687 me
1057 661 1145 687 valere
1160 661 1283 688 beneficii
1294 662 1420 696 gratiam,
1438 670 1519 696 quam
1532 661 1646 686 iniuriae
1658 660 1705 685 do-

912 698 1003 729 lorem,
1016 698 1087 725 volo.
1119 699 1260 725 Faciamus
1272 700 1364 734 igitur,
1377 704 1405 724 ut
1415 708 1518 728 censes,
1532 698 1705 732 colligamus·

912 744 965 770 que
976 744 1034 762 nos.
1074 736 1229 770 Συφιστεύω
1241 737 1326 767 enim,
1340 736 1421 761 simul
1435 741 1463 761 ut
1475 744 1520 761 rus
1531 735 1653 761 decurro.
1667 740 1705 761 at-

912 781 964 807 que
980 773 1008 799 in
1022 773 1138 799 decursu
1154 775 1245 803 θέσεις
1260 782 1332 799 meas
1346 773 1520 799 commentari
1537 781 1587 798 non
1601 772 1704 797 desino.

913 810 964 836 Sed
975 815 1038 836 sunt
1049 810 1181 844 quaedam
1193 819 1285 836 earum
1297 810 1510 844 perdifticilesad
1519 809 1703 835 iudicandum.

912 848 948 873 De
958 848 1147 882 optimatibus,
1165 848 1200 874 sit
1215 856 1279 874 sane
1297 848 1345 877 ita,
1364 853 1392 873 ut
1403 848 1458 872 vis:
1478 846 1525 872 sed
1543 847 1609 872 nosti
1629 846 1703 871 illud.

913 884 1051 914 Διονύσιος
1066 886 1091 910 ἐν
1107 886 1246 920 Κορίνθῳ.
1286 885 1380 910 Titinii
1396 884 1468 910 lilius
1484 884 1554 918 apud
1567 885 1706 909 Caesarem

913 927 962 948 est.
1002 921 1078 954 Quod
1095 927 1183 948 autem
1199 923 1277 956 quasi
1293 923 1379 948 vereri
1396 921 1510 951 videris,
1532 929 1564 946 nc
1581 920 1648 946 mihi
1664 925 1707 946 tua

913 959 1025 986 consilia
1037 959 1210 993 displiceant:
1226 968 1268 985 me
1280 968 1342 985 vero
1355 958 1422 985 nihil
1433 958 1545 984 delectat
1557 958 1640 983 aliud.
1655 958 1707 983 nisi

913 996 1058 1023 consilium
1070 1001 1096 1023 et
1108 996 1210 1023 litterae
1221 1002 1292 1023 tuae.
1332 996 1419 1028 Quare
1432 995 1480 1023 fac,
1494 1000 1521 1022 ut
1532 995 1661 1025 ostendis,
1676 1004 1709 1020 ne

913 1034 1048 1060 destiteris
1064 1034 1097 1060 ad
1113 1043 1169 1065 me,
1192 1033 1329 1069 quidquid
1347 1033 1397 1060 tibi
1414 1035 1440 1059 in
1456 1038 1572 1059 mentem
1594 1033 1706 1062 venerit,

913 1072 1041 1097 scribere.
1082 1071 1149 1097 Mihi
1165 1071 1233 1098 nihil
1250 1076 1336 1106 potest
1351 1079 1410 1097 esse
1425 1071 1538 1106 gratius.
1580 1072 1603 1096 Ξ.
1626 1070 1709 1095 Venio

914 1109 947 1135 ad
962 1108 1071 1135 alteram
1086 1118 1158 1135 nunc
1169 1109 1321 1143 epistolam.
1361 1109 1440 1134 Recte
1451 1117 1503 1134 non
1515 1107 1603 1133 credis
1614 1106 1646 1132 de
1659 1115 1709 1132 nu-

914 1155 987 1172 mero
1010 1145 1138 1172 militum.
1178 1147 1239 1181 Ipso
1259 1145 1373 1172 dimidio
1394 1145 1456 1180 plus
1476 1145 1586 1179 scripsit
1605 1143 1707 1170 Clodia.

914 1183 1024 1210 Falsum
1040 1184 1120 1210 etiam
1136 1183 1170 1210 de
1184 1184 1317 1218 corruptis
1330 1184 1456 1209 navibus.
1496 1182 1572 1214 Quod
1585 1181 1709 1208 consules

915 1221 1022 1253 laudas;
1036 1230 1086 1256 ego
1096 1229 1205 1255 quoque
1215 1222 1337 1247 animum
1353 1220 1440 1251 laudo,
1454 1220 1502 1246 sed
1512 1219 1656 1246 consilium
1669 1227 1710 1244 re-

914 1258 1062 1293 prehendo.
1102 1259 1229 1285 Discessu
1245 1260 1255 1271 ’
1274 1259 1346 1284 enim
1368 1257 1490 1287 illorum,
1513 1257 1581 1283 actio
1596 1256 1629 1282 de
1646 1264 1710 1290 pace

914 1296 1020 1322 sublata
1040 1300 1092 1328 est;
1116 1304 1198 1331 quam
1219 1295 1330 1331 quidem
1351 1304 1400 1330 ego
1420 1294 1577 1320 meditabar.
1619 1294 1710 1327 Itaque

914 1338 1005 1368 postea
1025 1333 1153 1360 Demetrii
1174 1333 1273 1359 librum
1295 1333 1328 1358 de
1346 1332 1488 1359 concordia
1509 1332 1557 1358 tibi
1577 1331 1670 1356 remisi
1685 1334 1711 1356 et

914 1370 1058 1398 Philotimo
1078 1370 1152 1397 dedi.
1192 1371 1246 1397 Nec
1265 1379 1328 1397 vero
1347 1370 1455 1399 dubito,
1477 1369 1544 1404 quin
1565 1368 1710 1394 exitiosum

915 1408 1018 1434 bellum
1030 1408 1193 1443 impendeat,
1207 1408 1285 1434 cuius
1298 1408 1406 1434 initium
1418 1407 1531 1433 ducetur
1542 1414 1555 1433 a
1569 1405 1647 1431 same.
1680 1405 1711 1430 Et

915 1454 958 1472 me
969 1451 1058 1472 tamen
1069 1445 1146 1472 doleo
1158 1454 1210 1472 non
1222 1446 1350 1472 interesse
1363 1445 1425 1470 huic
1438 1443 1520 1474 bello,
1537 1444 1562 1469 in
1574 1451 1628 1477 quo
1640 1447 1710 1468 tauta

916 1484 957 1509 vis
971 1483 1082 1509 sceleris
1098 1483 1186 1509 sutura
1203 1488 1256 1513 est,
1274 1487 1316 1512 ut,
1334 1490 1419 1517 quum
1435 1486 1557 1516 parentes
1573 1488 1624 1506 non
1640 1479 1711 1505 alere

915 1520 1049 1547 nefarium
1065 1521 1112 1551 sit,
1132 1521 1215 1547 nostri
1231 1521 1367 1555 principes
1383 1519 1600 1553 antiquissimam
1613 1522 1638 1543 et
1649 1525 1710 1543 san-

915 1559 1064 1585 ctissimam
1075 1562 1221 1593 parentem.
1231 1558 1353 1592 patriam,
1364 1556 1431 1583 same
1439 1555 1585 1582 necandam
1600 1552 1712 1589 putent?

915 1596 1002 1630 Atque
1015 1596 1064 1622 hoc
1076 1604 1127 1622 non
1139 1595 1264 1630 opinione
1280 1595 1373 1625 timeo,
1391 1593 1438 1620 sed
1456 1592 1564 1619 interfui
1580 1591 1711 1618 sermoni-

916 1633 978 1659 bus.
1018 1633 1114 1660 Omnis
1125 1633 1191 1659 haec
1202 1632 1297 1659 classis
1309 1631 1480 1661 Alexandria,
1496 1629 1617 1657 Colchis,
1631 1629 1709 1664 Tyro,

915 1670 1028 1701 Sidone,
1046 1670 1148 1701 Arado,
1169 1670 1271 1705 Cypro,
1294 1668 1466 1704 Pamphylia,
1489 1668 1584 1703 Lycia,
1608 1665 1710 1695 Rhodo,

916 1708 996 1739 Chio,
1009 1708 1145 1743 Byzantio,
1159 1708 1254 1738 Lesbo,
1268 1707 1392 1742 Smyrna,
1408 1705 1507 1736 Mileto,
1521 1705 1574 1731 Coo
1585 1703 1618 1730 ad
1630 1704 1713 1730 inter-

916 1745 1065 1772 cludendos
1080 1750 1245 1772 commeatus
1262 1744 1350 1770 ltaliae
1366 1749 1392 1770 et
1412 1743 1444 1769 ad
1464 1741 1634 1776 occupandas
1656 1739 1712 1766 fru-

916 1784 1061 1810 mentarias
1076 1783 1230 1817 provincias
1250 1786 1428 1816 comparatur.
1469 1781 1501 1806 At
1521 1788 1603 1814 quam
1624 1778 1714 1804 veniet.

917 1821 1014 1848 iratus!
1038 1825 1064 1847 et
1077 1821 1111 1846 iis
1123 1820 1235 1855 quidem
1248 1820 1379 1849 maxime,
1397 1818 1444 1853 qui
1456 1826 1518 1843 eum
1530 1817 1647 1842 maxime
1659 1814 1713 1841 sal-

917 1867 982 1885 vum
1000 1858 1138 1887 volebant,
1162 1857 1240 1892 quasi
1257 1857 1365 1883 relictus
1382 1855 1414 1881 al)
1434 1856 1480 1885 iis,
1503 1863 1572 1889 quos
1592 1853 1711 1887 reliquit.

917 1896 1008 1930 Itaque
1020 1895 1087 1921 mihi
1103 1895 1247 1924 dubitanti,
1260 1894 1328 1929 quid
1340 1902 1382 1919 me
1394 1892 1479 1919 facere
1491 1900 1539 1926 par
1550 1891 1593 1921 sit,
1607 1898 1714 1925 perma-

916 1942 1001 1968 gnum
1023 1932 1129 1968 pondus
1151 1932 1224 1958 affert
1245 1930 1431 1958 benevolentia
1452 1938 1514 1965 erga
1540 1928 1631 1954 illum:
1659 1935 1712 1961 qua

917 1970 1024 2004 dempta
1041 1971 1128 2005 perire
1144 1969 1242 1995 melius
1257 1973 1328 1995 esset
1342 1969 1369 1994 in
1386 1968 1483 2002 patria.
1506 1974 1588 2001 quani
1600 1965 1712 2000 patriani

917 2007 1049 2033 servando
1065 2012 1193 2033 evertere.
1235 2007 1270 2033 De
1285 2005 1494 2040 Septcmtrione,
1518 2003 1596 2038 plnne
1612 2004 1646 2028 ita
1663 2006 1712 2027 est.

917 2045 1015 2075 Metuo,
1028 2053 1061 2071 ne
1073 2049 1186 2071 vexetur
1196 2044 1306 2078 Epirus.
1332 2043 1385 2068 Sed
1395 2050 1477 2077 quem
1490 2047 1517 2067 ιιι
1531 2040 1618 2067 locum
1630 2039 1715 2066 Grae-

917 2082 974 2108 ciae
990 2090 1042 2108 non
1061 2081 1198 2116 direptum
1221 2081 1252 2107 iri
1268 2079 1365 2115 putas?
1386 2079 1523 2105 l‘raedicat
1537 2077 1610 2104 enim
1626 2076 1713 2111 pal-‘uu

917 2124 943 2146 et
958 2118 1092 2145 militibus
1115 2118 1232 2145 ostendit
1251 2126 1279 2144 se
1300 2117 1439 2152 largitione
1457 2117 1514 2150 ipsa
1534 2115 1712 2149 superiorem.

917 2164 999 2191 quam
1012 2156 1084 2182 hunc
1095 2154 1160 2182 sore.
1196 2155 1266 2181 lllud
1278 2163 1320 2180 me
1331 2153 1465 2189 praeclare
1477 2153 1614 2179 admones,
1628 2158 1713 2185 quum

919 2193 996 2220 illum
1009 2192 1115 2223 videro,
1132 2201 1165 2219 ne
1177 2193 1259 2219 nimis
1270 2191 1456 2226 indulgenter,
1473 2194 1499 2216 ct
1511 2195 1539 2215 ut
1550 2197 1612 2215 cum
1623 2188 1714 2222 gravi-

918 2235 969 2257 tate
981 2230 1070 2265 potius
1083 2229 1186 2264 loquar.
1227 2229 1306 2255 l'lane
1317 2229 1357 2254 sic
1369 2227 1533 2254 faciendum.
1570 2226 1712 2260 Arpinumv

917 2276 1003 2303 quum
1023 2275 1086 2294 eum
1106 2275 1270 2297 convcncro,
1292 2266 1394 2300 cogito,
1418 2273 1450 2291 ne
1472 2263 1537 2290 sorte
1552 2268 1596 2289 aut
1614 2262 1713 2291 absim,

917 2313 1003 2339 quum
1027 2304 1130 2334 veniet,
1153 2308 1200 2330 aut
1218 2311 1325 2329 cursem
1348 2302 1399 2328 liuc
1416 2301 1480 2327 illuc
1499 2301 1542 2327 vin
1559 2299 1712 2326 deterrima.

917 2341 1059 2371 Bibulum.
1079 2346 1107 2367 ut
1125 2340 1236 2369 scribis,
1253 2340 1334 2366 audio
1349 2339 1455 2365 venisse
1471 2343 1498 2364 et
1511 2337 1613 2364 redisse
1627 2335 1715 2370 pridie

918 2379 990 2406 Idus.
1031 2381 1056 2405 3.
1079 2378 1268 2406 Philotimum.
1290 2382 1320 2403 ut
1333 2377 1373 2402 uis
1384 2375 1496 2410 epistola
1509 2374 1598 2403 tertia,
1616 2381 1715 2407 exspe-

917 2416 1018 2443 ctabas.
1059 2415 1093 2442 At
1107 2415 1153 2441 illo
1169 2415 1238 2441 ldib.
1250 2423 1264 2440 ιι
1281 2422 1322 2440 me
1335 2412 1470 2448 profectus
1485 2416 1536 2438 est.
1575 2411 1613 2437 Eo
1627 2409 1715 2436 scrius

917 2453 950 2480 ad
963 2458 1035 2480 tuam
1047 2452 1121 2479 illam
1131 2451 1282 2487 epistolam,
1295 2452 1340 2477 cui
1350 2459 1400 2486 ego
1411 2450 1499 2476 statim
1513 2448 1713 2483 rescripseram,

918 2490 1036 2517 redditae
1052 2495 1116 2517 sunt
1131 2497 1205 2516 nicae
1222 2489 1333 2516 litterae.
1375 2487 1409 2513 De
1421 2487 1548 2515 Domitio,
1565 2491 1593 2512 ιιι
1605 2484 1713 2515 scribis,

919 2533 953 2555 ιιιι
968 2528 1064 2562 opinor
1078 2535 1150 2558 esse,
1168 2531 1198 2553 ut
1208 2531 1234 2553 et
1245 2528 1271 2552 in
1283 2526 1385 2553 Cosano
1396 2525 1443 2553 sit.
1460 2529 1486 2551 et
1498 2522 1644 2550 consilium
1655 2522 1714 2548 eius

918 2566 1064 2601 ignoretur.
1105 2565 1156 2591 Iste
1173 2565 1294 2590 omnium
1314 2562 1490 2597 turpissimus
1510 2566 1536 2587 ct
1555 2558 1714 2586 sordidissi-

918 2611 987 2632 mus,
1001 2602 1049 2637 qui
1059 2601 1210 2628 consularia
1223 2601 1331 2627 comitia
1342 2609 1355 2626 ιι
1368 2604 1488 2634 praetore
1499 2599 1535 2625 nit
1547 2597 1639 2624 haberi
1652 2605 1714 2632 pos-

917 2648 954 2670 se,
967 2644 1007 2666 est
1019 2638 1064 2665 ille
1075 2639 1196 2674 quidem,
1209 2639 1257 2673 qui
1269 2646 1376 2672 semper
1387 2637 1413 2663 iu
1426 2635 1565 2672 republica
1578 2633 1638 2661 suit.
1664 2634 1713 2660 ltn-

917 2685 970 2713 que
986 2677 1115 2704 nimirum
1132 2676 1182 2703 hoc
1198 2675 1265 2703 illud
1279 2680 1332 2705 cst,
1348 2673 1421 2710 qued
1431 2673 1529 2701 caesar
1538 2672 1633 2700 scribit
1645 2672 1672 2699 in
1684 2679 1713 2697 ca
