1941 3052
226 139 288 163 ⁴302
722 137 767 159 2⁸13
784 149 817 152 —
836 135 892 159 2⁸53.
927 133 961 159 Μ.

225 208 331 234 virtutis
343 206 468 241 splendor
479 205 633 239 occupavit,
656 203 811 238 gloriaeque
826 203 946 229 studium
958 203 1016 228 imi-

225 254 282 271 mos
297 244 438 273 delenivit,
458 244 474 269 ii
492 252 539 268 nce
556 242 670 267 laborem
688 241 819 270 sentiunt,
837 246 875 270 ct,
894 241 915 266 si
929 245 1016 266 tantus

224 288 272 311 est,
287 287 313 307 ut
325 280 468 315 aliquando
479 284 609 313 erumpat,
626 288 657 304 eo
669 283 754 304 {arinen
767 287 818 304 non
831 287 927 310 magno
938 286 1017 311 opi-re

226 324 374 345 moventur.
415 318 471 343 'l'oti
484 318 555 342 euim
574 317 598 342 in
615 325 646 341 co
661 320 737 344 sunt,
761 320 789 341 ut
804 316 906 349 prosint
918 316 1017 349 patriae

226 355 456 388 immortalemque
472 354 524 379 sibi
543 354 659 379 nominis
681 353 835 378 memoriam
851 357 1015 386 comparent.

225 395 309 425 Quam
323 394 344 417 si
357 392 418 426 quir·
431 391 617 424 negligendam
630 390 887 424 ‹liu-at,0mucmque
901 389 1017 415 hominis

995 132 1025 159 Τ.

1037 202 1046 285 ,J

227 431 379 456 sciit-itatem
397 434 464 454 rvvu·
483 428 608 454 sartorum
623 428 785 453 conscientia
799 427 885 453 metiri
899 426 976 455 velit,
996 427 1017 452 is
1038 444 1040 452 ,

224 472 294 493 certi·
305 467 412 491 ‹liviuos
425 466 550 495 honores,
573 465 619 499 qui
636 465 714 491 claris
730 465 795 490 viris
810 464 891 490 tribui
904 473 1018 490 consue-

226 508 332 532 verunt,
358 512 503 537 numquam
525 502 650 537 negliget.
692 502 795 528 litt-uim
819 501 851 527 do
870 501 923 527 diis
940 502 1015 535 ipsis,

224 542 271 576 qui
283 540 389 565 cosulem
402 540 453 566 sibi
468 540 579 565 honores
591 540 756 570 asciverunt,
771 540 887 574 pessime
900 539 1018 565 iudicas·

225 588 252 604 se
266 578 409 604 videretur.
454 578 508 603 ΗΠ.
531 578 610 603 'l'anta
628 581 715 602 autem
732 585 838 607 eorum,
857 576 903 611 qui
922 576 1017 602 liuius-

225 615 295 642 modi
308 614 502 640 cousuetudine
513 614 634 640 delectati
651 619 729 645 sunt,
747 619 771 640 et
787 614 916 648 sapientia
933 618 959 639 et
973 622 1017 639 ae-

224 653 312 688 quitas
324 652 490 687 agnoscitur,
508 657 535 677 ut
550 652 666 678 dubitari
681 661 730 677 non
744 651 841 685 possit,
861 651 942 686 quin,
966 651 1016 685 ipsi

224 689 295 725 quod
307 694 432 724 egerunt,
456 698 469 714 a
485 693 554 715 certa
572 690 671 715 ratione
687 689 879 723 proficiscatur.
919 688 1017 720 Quales

225 736 363 753 numerare
372 726 582 752 Lacedaemonas
590 735 744 761 possumus,
753 725 918 752 clarissimos
928 730 953 751 et
965 725 1018 751 for-

225 765 342 791 tissimos
355 765 440 794 viros,
453 764 500 798 qui
512 765 585 789 cives
597 773 674 794 suos,
693 768 802 789 mortem
815 772 862 798 pro
874 764 956 798 patria
969 762 1017 789 ob-

223 806 327 832 euntes,
341 801 442 827 divinis
455 801 602 827 bonoribus
615 801 719 827 allicere
731 801 861 827 solebant.
887 800 958 832 Quid
971 808 1017 826 ve-

224 848 252 865 ro
269 839 343 869 illae,
360 839 448 865 onmis
465 838 542 873 plane
558 839 692 865 doctrinae
713 839 856 873 omnisque
870 838 1016 872 sapientiae

224 881 361 911 parenteS,
378 875 513 902 Athenae?
533 885 620 902 nonne
631 875 761 907 Codrum,
776 884 865 911 regem
879 884 970 905 suum,
983 875 1017 901 ob

224 914 348 948 pictatem
363 914 387 939 in
400 914 512 948 patriam
525 914 672 948 meritaque
684 913 743 944 illa,
765 913 867 948 quibus
878 912 1014 941 excelluit,

212 959 321 986 ‚magno
332 959 464 977 consensu
477 951 503 976 iu
513 950 576 977 deos
588 950 752 977 retulerunt?
774 952 830 976 498.
846 950 932 985 Atque
945 949 1015 975 baud

224 989 329 1018 scio,an
342 993 410 1014 recte
422 989 555 1014 senserint
567 989 617 1014 viri
629 988 788 1017 doctissimi.
797 996 912 1022 quorum
925 996 953 1013 ea
967 987 1017 1013 suit

223 1026 323 1060 opinio,
338 1026 409 1051 viros
423 1025 508 1052 claros
519 1030 545 1052 et
556 1025 635 1052 sortes
646 1025 745 1051 idcirco
755 1025 866 1051 deorum
879 1025 1016 1050 immorta-

224 1062 291 1089 lium
304 1063 402 1089 honore
413 1068 591 1093 consecratoS,
610 1068 638 1089 ut
654 1063 808 1089 incitaretur
819 1063 905 1088 virtus
916 1063 1013 1091 acrius,

223 1105 249 1127 et
264 1105 422 1126 acuerentur
438 1100 624 1126 vehementius
636 1100 668 1126 ad
679 1099 802 1126 obeunda
815 1099 947 1133 pericula,
968 1099 1015 1134 qui

223 1138 324 1172 patriae
337 1146 425 1163 amore
437 1137 581 1172 studioque
593 1137 761 1163 tenebantur.
801 1137 867 1163 Vera
879 1138 950 1163 enim
964 1137 1019 1162 vir-

225 1175 289 1201 tutis
302 1184 403 1200 merces
414 1174 498 1210 gloria
510 1180 562 1200 est:
585 1183 634 1200 nec
645 1174 795 1209 quidquam
808 1179 847 1200 est
858 1174 932 1200 aliud
941 1195 947 1204 ,
965 1182 1018 1208 quo

224 1213 312 1247 magis
324 1212 355 1238 ad
369 1217 436 1238 recte
450 1212 612 1246 honesteque
623 1211 757 1246 agendum
770 1212 1018 1246 praestantisanimi

224 1249 348 1276 homines
366 1249 550 1275 incendantur.
591 1248 667 1280 Quod
681 1249 781 1283 optime
798 1249 906 1284 agnovit
917 1258 946 1275 ac
957 1248 1019 1274 diu-

223 1288 327 1313 tissime
339 1287 448 1312 retinuit
459 1287 580 1312 omnium
593 1286 739 1312 litterarum
753 1286 886 1321 praeclara
894 1291 983 1312 custos
994 1290 1019 1312 et

223 1324 303 1350 altrix
320 1324 444 1350 Graecia:
466 1332 534 1359 quae
552 1323 650 1349 multos
667 1323 747 1350 habet
762 1324 869 1350 virtutis
883 1324 967 1359 gratia
980 1323 1019 1349 sa-

222 1367 278 1387 ctos
290 1370 322 1387 ex
335 1361 492 1387 hominibus
503 1361 566 1387 deos
575 1382 581 1392 ,
594 1369 708 1396 quorum
720 1361 785 1387 alios
799 1361 913 1387 fatentur
924 1369 1016 1392 novos,

223 1398 289 1425 alios
302 1398 394 1425 nmltis
407 1399 459 1424 iam
471 1398 586 1424 saeculis
599 1403 718 1433 receptos
731 1399 755 1424 in
769 1398 872 1425 caelum
879 1407 1019 1424 consecra-

223 1441 317 1471 tosque
329 1436 505 1467 contendunt3
519 1445 600 1471 quam
613 1436 690 1462 multi
701 1436 858 1466 autemsint,
867 1436 914 1470 qui
926 1444 1020 1462 recon-

222 1473 292 1500 ditas
299 1482 390 1499 eorum
399 1478 552 1500 scrutantur
564 1473 673 1503 litteras,
683 1482 760 1500 nosse
773 1473 882 1500 sortasse
895 1478 1017 1508 possunt.

223 1511 357 1538 LV11.499.
374 1511 466 1545 Neque
480 1520 540 1537 vero
552 1510 616 1537 liaec
627 1520 640 1537 a
652 1519 693 1537 me
706 1510 765 1537 ideo
776 1511 912 1545 copiosius
923 1511 1019 1545 dispu-

223 1553 325 1578 tantur,
348 1547 420 1582 quod
438 1556 482 1574 eos
498 1553 597 1574 temere
613 1557 700 1583 neque
711 1549 777 1574 satis
787 1548 954 1574 considerate
965 1553 1018 1574 tam

222 1585 322 1611 multos
337 1590 505 1612 consecratos
521 1594 580 1612 esse
596 1586 668 1611 credi
685 1585 780 1612 velim:
798 1595 884 1620 quum
900 1594 945 1612 eos
962 1586 1019 1620 ipse

222 1631 331 1657 quoque
352 1631 476 1654 venerer,
499 1622 666 1658 deorumque
686 1623 741 1649 loco
757 1623 895 1649 habendos
911 1628 1016 1657 putem:

222 1660 269 1686 sed
282 1661 378 1694 potius,
387 1669 472 1694 quum
481 1660 594 1695 totapud
604 1669 697 1687 omnes
709 1669 792 1695 paene
803 1665 897 1696 gentes
909 1661 1020 1687 immor——

223 1696 322 1723 talitate
342 1697 499 1732 divinisque
521 1698 668 1724 bonoribus
684 1698 769 1724 affecti
788 1699 968 1732 reperiantur,
991 1702 1021 1724 ut

222 1743 351 1761 exacuam
365 1735 494 1761 bonorum
507 1740 610 1762 mentes
621 1735 654 1761 ad
666 1744 695 1761 ea
707 1735 892 1770 promerenda,
901 1743 970 1770 quae
977 1744 1020 1761 sa-

222 1772 355 1806 pientium
372 1771 473 1798 iudicio
486 1772 623 1799 ducuntur
637 1773 815 1807 amplissima.
857 1772 931 1798 Nihil
947 1773 1019 1798 enim

222 1809 403 1844 praestantius
414 1814 459 1836 aut
470 1809 575 1836 beatius
587 1810 707 1836 accidere
719 1810 821 1836 homini
834 1815 929 1844 potest,
937 1818 1019 1844 quam

222 1855 253 1873 eo
270 1846 325 1873 loco
341 1846 448 1877 donari,
467 1848 493 1873 in
509 1856 591 1882 quem
603 1852 631 1874 ut
643 1847 816 1874 ascenderent
828 1847 904 1873 urbis
916 1852 1020 1873 nostrae

222 1884 386 1915 conditores,
400 1884 506 1911 nullum
518 1884 684 1919 perieulum,
698 1884 803 1911 nullum
817 1884 944 1915 laborem,
958 1884 1020 1910 nul-

223 1920 278 1947 lum
291 1921 408 1956 denique
420 1926 553 1948 certamen
570 1923 816 1957 praetermiserunt.
856 1922 907 1952 Ac,
925 1922 948 1947 si
964 1922 1020 1956 pri-

221 1963 297 1984 vatae
310 1959 432 1985 utilitatis
444 1964 469 1986 et
480 1959 614 1986 commodi
626 1959 749 1986 habenda
761 1960 827 1985 ratio
841 1964 894 1989 est,
917 1959 1019 1984 nullam

222 1995 302 2022 aliam
314 2001 438 2030 expetere
449 2001 495 2022 aut
505 2001 596 2031 optare
607 1997 649 2022 vir
659 1997 768 2031 sapiens
778 2001 804 2022 et
815 1996 936 2022 eruditus
943 2004 1020 2030 prae-

222 2037 261 2059 ter
273 2032 340 2059 hanc
353 2042 432 2059 unam
444 2033 533 2060 debet.
564 2035 623 2060 200.
645 2033 754 2068 Templa
766 2042 829 2060 vero
841 2033 948 2068 publice
959 2038 1019 2060 vota

222 2074 247 2096 et
258 2070 379 2096 dedicata
396 2075 526 2105 quantum
544 2071 570 2097 in
590 2070 690 2106 vulgus
710 2071 864 2106 dignitatis,
887 2076 1019 2106 quantum

221 2106 321 2134 habent
333 2107 445 2143 gloriae!
468 2117 553 2143 quum
565 2116 672 2139 omnes,
688 2109 736 2143 qui
750 2108 814 2134 deos
826 2107 900 2139 illos,
917 2108 1020 2143 quibus

221 2144 320 2180 templa
334 2149 478 2176 voventur,
495 2145 604 2180 publice
619 2145 724 2176 colunt,
743 2145 819 2172 fateri
835 2150 977 2181 cogantur,
995 2150 1020 2172 et

222 2181 307 2208 fuisse
324 2182 459 2213 homines,
482 2188 507 2209 et
523 2182 555 2209 ad
571 2183 635 2209 deos
647 2182 809 2218 divinosque
821 2182 948 2213 honores,
966 2191 1019 2209 una

223 2219 321 2246 virtute
338 2219 431 2250 fretos,
449 2220 613 2247 ascendisse.
653 2222 712 2247 ⁶20⁴.
734 2221 789 2246 Nec
803 2220 957 2246 mirandum
968 2225 1017 2251 est,

222 2256 286 2283 deos
302 2256 361 2283 illos
375 2257 484 2291 publice
499 2257 564 2288 coli,
587 2266 734 2292 eorumque
750 2257 863 2284 delubra
879 2262 905 2283 et
920 2257 1019 2292 templa

221 2299 335 2329 auguste
345 2299 490 2329 sancteque
501 2296 633 2326 exornari,
641 2296 689 2330 qui
702 2294 743 2321 vel
755 2295 878 2329 patribus
889 2295 944 2320 nati
955 2299 1018 2321 sunt

222 2330 275 2357 diis
287 2330 328 2357 vel
341 2331 483 2358 matribus.
527 2333 602 2363 Nam,
615 2332 845 2367 quemadmodum
857 2340 949 2358 eorum
961 2331 1020 2357 cul-

222 2373 264 2394 tus
275 2373 300 2395 et
311 2374 420 2395 sanctus
431 2374 455 2395 et
467 2368 609 2405 religiosus
621 2374 674 2400 est,
690 2370 862 2404 maximeque
876 2370 969 2403 pietati
980 2374 1020 2395 at-

222 2413 274 2439 que
290 2407 418 2440 aequitati
434 2412 643 2433 consentaneus.-
661 2407 700 2432 sic
715 2406 900 2432 admirationis
912 2406 1020 2432 autdu-

222 2441 359 2469 bitationis
375 2443 442 2469 nihil
461 2444 550 2470 habet.
591 2445 672 2470 Totus
687 2444 759 2470 enim
770 2452 805 2470 ex
815 2448 909 2470 natura
923 2444 1016 2474 oritur,

223 2484 251 2505 ut
263 2480 319 2506 iure
331 2481 390 2514 ipso
401 2485 524 2512 naturae,
538 2482 585 2516 qui
597 2481 646 2507 deo
657 2486 731 2507 satus
743 2481 785 2507 vel
797 2480 846 2506 dea
857 2480 946 2506 editus
958 2489 1020 2515 pro—

222 2521 380 2551 creatusque
394 2519 437 2549 sit,
451 2518 518 2544 deus
530 2527 588 2544 esse
600 2518 709 2544 debeat:
729 2523 755 2544 at
765 2526 838 2548 vero,
851 2518 898 2552 qui
911 2517 1019 2543 homine

222 2558 296 2587 patre
308 2554 349 2579 vel
361 2555 465 2581 mortali
478 2560 560 2582 matre
572 2560 650 2582 natus
661 2560 714 2586 est,
728 2555 800 2582 hunc
812 2563 870 2581 esse
882 2554 963 2580 deum
972 2575 978 2585 ,
994 2559 1020 2581 et

223 2598 351 2625 magnum
362 2591 491 2625 quiddam
504 2593 590 2619 videri
601 2597 696 2628 potest,
709 2597 735 2619 et
745 2591 889 2618 dubitandi
899 2592 1020 2618 occasio—

223 2635 295 2657 nem,
309 2636 357 2653 nec
369 2628 478 2655 sortasse
491 2631 618 2664 ineptam,
632 2629 726 2656 multis
737 2630 829 2656 aflerre
841 2629 917 2655 solet.
958 2630 1017 2655 202.

223 2664 281 2691 Non
293 2665 378 2696 enim,
401 2666 424 2691 si
439 2667 556 2693 eximius
572 2667 666 2693 talium
679 2668 799 2694 virorum
812 2666 904 2693 virtuti
916 2666 1020 2692 tribua-

1060 132 1335 159 thtzttoxts

1069 203 1218 233 turbonos,
1241 204 1306 238 quin
1325 203 1350 229 id
1368 205 1424 229 iure
1437 203 1493 231 [iat.
1511 209 1556 230 aut
1570 203 1693 230 dubitare
1709 210 1753 231 nut
1765 213 1861 240 negare

1068 241 1212 275 quiwiuam
1226 246 1324 274 poten:
1338 240 1399 270 aed,
1417 240 1489 275 quod
1505 246 1602 267 tantam
1619 243 1725 268 virtutis
1736 251 1794 267 esse
1807 243 1860 268 vim

1070 278 1193 305 velimus,
1205 282 1231 303 ut
1244 277 1284 303 vel
1298 282 1389 303 natura
1403 278 1459 312 ipsa
1471 279 1530 304 eius
1542 280 1622 304 unius
1632 287 1682 313 ope
1695 279 1860 309 immutetur,

1070 315 1117 340 lior
1131 314 1196 340 illud
1209 319 1261 344 est,
1284 314 1316 339 «le
1333 324 1387 349 quo
1401 324 1528 349 quaerere
1542 314 1673 342 doctiores
1685 317 1734 342 viri
1748 325 1798 342 nou
1812 317 1863 342 im-

1069 352 1163 377 merito
1174 351 1284 377 soleant,
1302 352 1408 383 Quibus
1422 353 1454 378 ita
1468 361 1625 387 respornsum
1637 359 1686 382 est,
1699 362 1750 380 non
1763 354 1863 379 immu-

1046 393 1047 414 ἶ
1070 390 1116 414 tari
1131 390 1227 414 virtute
1240 394 1373 420 naturarn3
1389 398 1436 415 nce
1447 390 1519 415 enim
1534 389 1742 425 inl,sine1»ri‹›ris
1754 396 1863 417 naturae

1068 427 1246 460 corruptione,
1256 427 1461 460 posseevenire:
1476 426 1634 456 seme-adem
1648 429 1673 454 in
1687 427 1741 454 illis
1754 437 1863 454 manen-

1046 464 1047 485 ἶ
1069 469 1092 490 te
1105 468 1206 493 natura,
1221 464 1326 490 evolare
1337 464 1457 490 animum
1470 464 1502 490 ad
1517 464 1590 494 deos,
1602 470 1627 490 et
1640 465 1665 491 in
1677 474 1769 491 eorum
1781 466 1863 491 ascri-

1069 501 1095 526 hi
1108 500 1266 530 concilium,
1290 510 1374 536 quum
1393 501 1550 527 immortalis
1566 502 1601 528 sit
1616 507 1641 528 et
1658 502 1863 529 immortalitatis

1069 538 1177 564 divinae
1193 539 1339 573 particeps;
1357 547 1454 573 corpus
1470 544 1558 565 autem
1574 544 1668 574 suapte
1685 545 1776 565 natura
1793 548 1864 565 mor-

1069 575 1119 602 tale
1133 584 1238 602 manere
1251 577 1276 602 in
1290 581 1370 605 terra:
1385 576 1512 611 qiiodque
1524 581 1657 603 terrenum
1669 581 1717 606 est,
1732 576 1806 603 nullo
1817 585 1865 611 pa-

1069 618 1110 639 cto
1125 622 1201 639 suam
1217 621 1316 639 exuere
1333 622 1410 648 posse
1426 618 1560 644 naturam,
1584 618 1613 640 ut
1629 614 1743 640 alienam
1759 613 1862 640 induat.

1068 653 1126 676 ⁴203.
1149 651 1279 682 Quamvis
1299 651 1370 676 enim
1396 650 1459 676 baec
1482 652 1538 685 ipsa
1559 652 1682 686 quaestio
1703 651 1863 686 perobscura

1070 687 1154 713 videri
1166 688 1262 717 soleat,
1287 697 1334 714 nec
1344 689 1454 714 omnino
1466 688 1598 722 proclives
1609 694 1654 714 aut
1666 688 1757 714 faciles
1770 688 1865 714 babeat

1069 725 1232 760 explicutus:
1247 730 1344 755 tamen,
1354 726 1406 751 nisi
1418 725 1621 752 auctoritatibus
1632 731 1721 752 contra
1735 727 1862 752 rationem

1069 767 1216 798 pugnetur,
1234 772 1284 789 non
1299 762 1480 793 incommode,
1497 764 1604 798 opinor,
1625 771 1638 788 a
1654 763 1732 789 nobis
1742 763 1863 797 exposita

1067 801 1170 826 censeri
1183 805 1277 834 potest.
1301 800 1333 826 Et
1343 801 1480 835 quoniam,
1497 809 1566 835 quae
1579 801 1604 826 in
1620 800 1669 826 boc
1679 809 1777 835 genere
1787 808 1864 835 prae-

1068 838 1147 872 cipua
1168 838 1331 873 cognituque
1351 837 1433 873 digna
1453 843 1529 868 sunt,
1556 839 1745 872 persequimur
1763 838 1862 867 omnia,

1068 874 1204 908 (volumus
1215 874 1326 909 quidem
1338 876 1430 908 certe.)
1440 874 1665 909 praetereundum
1677 883 1728 901 non
1740 880 1865 909 est,qua-

1071 912 1107 938 les
1118 921 1254 946 quamque
1267 912 1366 938 multae
1379 913 1491 938 virtutes
1501 912 1711 938 erudiendorum
1723 912 1863 938 bominum

1069 950 1152 983 gratia
1169 950 1223 975 sint
1239 949 1338 975 bonore
1353 949 1464 975 deorum
1481 949 1673 976 immortalium
1685 954 1863 976 consecratae.

1069 987 1154 1013 Cuius
1165 988 1202 1013 rei
1215 987 1276 1012 linis
1287 991 1326 1013 est
1338 987 1445 1021 publica
1459 986 1572 1013 utilitas:
1588 992 1688 1021 ut,quo
1700 987 1798 1013 bonore
1810 987 1865 1012 vir-

1070 1029 1138 1050 tutes
1151 1025 1223 1059 ipsas
1235 1024 1371 1050 decoratas
1383 1024 1504 1054 videant,
1527 1024 1652 1050 eumdem
1665 1032 1693 1049 se
1704 1028 1866 1050 consecutu-

1046 1078 1048 1086 <
1070 1070 1112 1088 ros
1123 1069 1181 1087 esse
1195 1061 1317 1087 homines
1327 1066 1447 1096 sperent,
1465 1062 1487 1087 si
1504 1061 1599 1087 iisdem
1615 1061 1761 1087 virtutibus
1775 1061 1866 1087 excel-

1047 1110 1048 1115 *
1071 1098 1132 1124 lant.
1172 1099 1328 1124 mittent.
1350 1098 1408 1130 Quo
1424 1099 1450 1124 in
1467 1106 1564 1134 genere
1581 1098 1695 1124 multum
1713 1098 1775 1124 boni
1787 1104 1827 1124 est
1839 1099 1864 1124 in

1070 1136 1227 1162 imitatione.
1250 1135 1375 1162 Libenter
1386 1137 1458 1161 enim
1469 1144 1499 1161 ea
1512 1136 1651 1161 imitantur
1661 1141 1687 1162 et
1697 1143 1866 1170 persequun—

1071 1178 1114 1199 tur
1125 1172 1212 1202 multi,
1225 1180 1259 1199 ex
1270 1172 1372 1207 quibus
1383 1172 1449 1199 alios
1461 1172 1505 1199 illa
1517 1172 1610 1198 eadem
1619 1193 1625 1203 ,
1638 1181 1707 1207 quae
1719 1174 1771 1207 ipsi
1783 1180 1867 1207 appe·

1071 1215 1138 1241 tunt,
1151 1215 1308 1236 consecutos
1320 1209 1421 1236 vident.
1461 1211 1548 1245 Atque
1563 1218 1597 1236 ex
1608 1218 1639 1236 eo
1650 1210 1811 1245 plerumque
1821 1217 1866 1236 ao-

1070 1247 1148 1278 cidit,
1167 1252 1196 1274 ut
1211 1247 1304 1273 multis
1316 1248 1342 1273 in
1355 1247 1450 1278 rebus,
1473 1255 1540 1282 quas
1554 1252 1630 1273 antea
1642 1256 1674 1273 ne
1685 1248 1867 1283 cogitaverant

1070 1284 1195 1320 quidem,
1218 1293 1304 1320 quum
1320 1284 1353 1311 ad
1369 1284 1500 1311 clarorum
1519 1285 1637 1311 virorum
1649 1285 1825 1311 imitationem
1837 1292 1867 1311 se

1070 1322 1244 1352 contulerint,
1258 1321 1404 1348 multorum
1417 1323 1506 1357 vigeat
1517 1322 1657 1348 industria.
1696 1322 1769 1354 Quae
1780 1330 1866 1356 quum

1070 1359 1160 1394 paullo
1172 1360 1291 1386 manavit
1304 1359 1392 1390 latius,
1405 1364 1519 1394 quantos
1530 1367 1698 1395 progressus,
1711 1364 1867 1394 quantaque

1070 1398 1190 1432 acquirat
1202 1398 1375 1428 incrementa,
1384 1396 1452 1423 nibil
1460 1405 1568 1423 necesse
1579 1396 1693 1423 arbitror
1703 1404 1867 1423 commemo-

1071 1443 1138 1461 rare.
1178 1436 1237 1460 205.
1260 1434 1367 1461 Constat
1378 1435 1451 1460 enim
1465 1435 1534 1460 inter
1544 1442 1651 1464 omnes,
1667 1442 1736 1469 quae
1747 1433 1868 1469 praecla-

1070 1481 1098 1498 ra
1109 1472 1254 1502 ducuntur,
1263 1480 1293 1498 ea
1306 1471 1359 1497 scre
1370 1472 1460 1498 omnia
1470 1480 1484 1497 a
1495 1471 1624 1498 tenuibus
1635 1472 1721 1497 initiis
1732 1472 1868 1505 sumpsis-

1070 1519 1098 1535 se
1110 1509 1262 1536 exordium.
1281 1508 1358 1541 Quod
1370 1509 1520 1544 paullatim,
1534 1509 1681 1535 imitatione
1693 1509 1868 1544 progredien-

1071 1552 1094 1573 te
1105 1547 1306 1577 confirmatum,
1324 1547 1359 1573 ita
1376 1546 1538 1577 increbruit,
1555 1551 1584 1572 ut
1599 1554 1631 1572 ne
1647 1547 1740 1581 augeri
1755 1545 1867 1581 quidem

1071 1589 1117 1611 aut
1131 1585 1288 1619 exaggerari
1300 1584 1387 1619 magis
1398 1589 1498 1619 posset.
1538 1583 1615 1615 Quod
1625 1584 1648 1609 si
1661 1583 1714 1609 ulla
1726 1584 1752 1609 in
1768 1591 1795 1609 re
1805 1591 1868 1618 gra-

1071 1627 1127 1648 tum
1140 1622 1218 1648 nobis
1233 1627 1313 1656 atque
1323 1626 1444 1656 optatum
1455 1629 1515 1647 esse
1524 1620 1613 1652 debet,
1625 1625 1696 1647 certe
1707 1621 1734 1647 in
1748 1620 1869 1655 comple-

1070 1659 1175 1686 ctendis
1190 1658 1427 1694 provehendisque
1442 1658 1604 1689 virtutibus,
1622 1666 1674 1684 non
1690 1658 1783 1688 video,
1799 1656 1867 1692 quid

1071 1705 1129 1723 esse
1154 1697 1240 1731 possit
1263 1697 1391 1731 optatius.
1431 1695 1574 1731 Siquidem
1595 1704 1629 1721 ex
1650 1695 1693 1721 liis
1714 1694 1867 1721 informatoi

1071 1734 1169 1769 pendet
1184 1734 1362 1768 educatioque
1382 1733 1466 1759 vitae:
1491 1741 1560 1767 quae
1570 1740 1655 1767 quum
1667 1737 1736 1758 recte
1748 1732 1868 1758 institui-

1071 1776 1114 1798 tur
1131 1776 1211 1806 atque
1231 1770 1378 1800 excolitur,
1403 1769 1562 1796 incredibile
1583 1769 1656 1795 dictu
1677 1774 1730 1799 est,
1753 1775 1867 1804 quantos

1071 1817 1207 1843 quamque
1219 1808 1316 1834 uberes
1330 1807 1462 1837 iustitiae,
1479 1807 1640 1842 integritatis
1653 1807 1796 1841 omnisque
1809 1815 1868 1832 am-

1071 1846 1210 1881 plissimae
1233 1845 1320 1871 laudis
1342 1844 1445 1871 fructus
1465 1844 1565 1870 afferat.
1606 1844 1676 1870 LIX.
1716 1845 1775 1870 206.
1801 1843 1865 1874 Sed,

1071 1892 1155 1918 quum
1168 1884 1281 1909 virtutes
1292 1881 1392 1908 multae
1407 1883 1501 1908 merito
1516 1880 1651 1911 colantur,
1667 1880 1739 1915 quod
1755 1886 1780 1907 et
1793 1882 1868 1916 ipsae

1071 1920 1145 1947 cultu
1157 1920 1255 1956 dignae
1267 1920 1333 1949 sint,
1356 1924 1381 1945 et
1397 1918 1496 1945 multae
1511 1918 1544 1945 ab
1560 1919 1594 1944 iis
1606 1918 1639 1944 ad
1651 1918 1809 1944 universum
1820 1926 1869 1953 ge-

1072 1966 1122 1984 nus
1135 1958 1274 1984 hominum
1286 1956 1415 1983 utilitates
1426 1957 1598 1991 proveniant,
1615 1955 1682 1990 quid
1693 1955 1741 1986 sit,
1758 1963 1808 1982 cur
1820 1955 1868 1981 be-

1071 1996 1137 2021 stiae
1153 2003 1260 2030 quoque
1277 1995 1351 2028 ipsae
1367 1993 1400 2020 ab
1416 1994 1557 2029 Aegyptiis
1573 1992 1656 2019 ferme
1669 2000 1763 2019 omnes
1773 2000 1868 2019 conse-

1071 2038 1157 2059 cratae
1168 2033 1235 2062 sint,
1258 2032 1327 2057 scire
1343 2039 1407 2057 sane
1422 2031 1515 2057 velim.
1556 2030 1597 2057 Sit
1612 2030 1695 2065 piscis
1711 2030 1738 2056 in
1752 2029 1827 2056 cultu
1837 2037 1869 2056 ac

1071 2070 1182 2096 deorum
1193 2070 1319 2104 opinione
1330 2068 1402 2103 apud
1413 2068 1504 2104 Syros,
1517 2068 1640 2094 homines
1652 2075 1700 2093 nec
1711 2072 1780 2093 tanta
1791 2067 1869 2102 inge-

1072 2108 1110 2133 nii
1126 2108 1182 2133 acie
1196 2106 1343 2141 praeditos,
1367 2114 1416 2132 nec
1432 2106 1512 2132 tantis
1527 2105 1708 2131 doctrinarum
1724 2104 1868 2139 praesidiis

1071 2145 1229 2175 instructos,
1251 2148 1280 2170 ut
1301 2143 1365 2169 haec
1386 2144 1475 2177 inepta
1496 2141 1665 2176 ridiculeque
1685 2150 1744 2167 esse
1765 2141 1869 2176 possint

1071 2190 1225 2217 agnoscere.
1265 2181 1324 2207 207.
1345 2180 1472 2216 Aegyptii
1488 2188 1564 2210 vero,
1586 2178 1713 2206 omnibus
1728 2178 1868 2205 affluentes

1071 2219 1231 2245 eruditionis
1250 2223 1276 2244 et
1295 2218 1424 2244 scientiae
1445 2216 1585 2248 laudibus,
1602 2224 1656 2251 quo
1672 2215 1751 2242 modo
1766 2217 1793 2242 in
1814 2221 1867 2242 tam

1071 2254 1445 2290 inanemtamqueabsurdam
1456 2254 1546 2280 delabi
1555 2254 1711 2289 opinionem
1721 2253 1866 2288 potuerint,

1071 2293 1198 2329 equidem
1210 2291 1359 2327 intelligere
1371 2293 1417 2318 vix
1429 2300 1550 2326 possum.
1590 2290 1662 2323 Quid
1673 2290 1764 2316 enim‘?
1774 2299 1807 2316 an
1819 2289 1868 2316 bo-

1070 2339 1127 2361 ves,
1140 2339 1229 2360 canes,
1245 2329 1330 2364 lupos,
1345 2328 1420 2359 seles,
1433 2330 1521 2363 pisces
1533 2329 1560 2354 in
1571 2327 1683 2354 deorum
1697 2335 1809 2353 numero
1819 2326 1868 2352 ha·

1070 2366 1215 2394 bebimus?
1234 2371 1260 2393 et
1279 2375 1347 2401 quas
1368 2366 1446 2392 nobis
1462 2370 1556 2392 natura
1571 2364 1700 2399 praesidii
1715 2364 1867 2398 auxiliique

1070 2413 1165 2432 caussa
1176 2405 1325 2430 animantes
1336 2404 1430 2439 genuit
1438 2423 1444 2433 ,
1459 2411 1504 2429 eas
1516 2411 1563 2437 per
1573 2402 1708 2428 inscitiam
1718 2401 1782 2427 deos
1793 2399 1866 2426 iudi-

1070 2441 1212 2469 cabimus?
1231 2441 1334 2476 quibus
1349 2440 1418 2466 nihil
1434 2439 1552 2469 foedius,
1568 2439 1726 2468 obscenius,
1748 2437 1866 2464 lutulen—

1070 2481 1125 2506 tius
1140 2488 1173 2505 ne
1195 2483 1286 2505 natura
1307 2477 1420 2512 quidem
1441 2478 1497 2511 ipsa
1518 2476 1626 2502 viderit.
1666 2476 1722 2501 208.
1742 2475 1866 2501 Etiamne

1048 2527 1050 2550 l
1070 2516 1229 2543 animalium
1248 2520 1364 2541 monstra
1384 2514 1444 2545 illa,
1467 2523 1481 2541 a
1500 2513 1602 2549 quihus
1617 2512 1757 2538 hominum
1772 2512 1865 2547 generi

1070 2554 1214 2588 praecipua
1226 2551 1393 2579 incommoda
1406 2551 1566 2580 inseruntur,
1574 2548 1731 2580 crocodilos,
1744 2548 1863 2583 aspidas,

1070 2596 1222 2625 serpentes,
1243 2595 1344 2616 ceteras
1360 2589 1430 2615 feras
1445 2593 1471 2615 et
1486 2589 1618 2614 immanes
1633 2585 1736 2612 belluas
1754 2587 1782 2612 in
1800 2585 1865 2612 deo-

1048 2631 1050 2653 3
1070 2637 1130 2654 rum
1152 2635 1296 2654 numerum
1317 2625 1482 2653 referemus?
1500 2624 1572 2657 Quid
1586 2624 1637 2649 erit
1651 2622 1725 2649 aliud
1742 2628 1863 2650 naturam

1048 2671 1051 2691 l
1071 2666 1212 2696 invertere,
1222 2670 1248 2691 et
1259 2665 1312 2691 ima
1322 2664 1560 2694 summis,summa
1571 2660 1673 2687 infimis
1683 2659 1865 2687 commutare⁹
