1941 3052
207 148 255 172 ⁴2⁸2
779 145 818 170 it.
854 143 888 169 hl.

207 222 259 246 tue,
283 225 291 241 ι
305 216 354 242 uod
370 216 434 242 mihi
454 224 557 249 semper
576 215 738 249 propositum
759 213 820 243 luit,
846 213 993 239 decessero.

209 256 264 279 «80.
309 258 448 288 unpropter
463 252 528 278 nibil
543 257 594 281 ent.
615 250 686 285 qnod
707 255 821 280 nnwuas,
842 258 874 276 ne
887 249 953 285 quid
969 250 995 276 in

208 296 231 316 te
253 291 414 323 continuum:
444 290 521 315 ctiam
544 288 616 323 qnml
646 287 752 317 laetere.
781 286 872 313 habes.
915 286 995 313 Multa

207 328 291 358 enim,
311 336 379 362 qum¹
393 327 448 352 scio
461 326 507 352 abs
523 330 546 351 te
560 334 617 350 csse
631 324 786 354 commissa,
806 323 878 358 quod
897 328 942 349 aut
956 324 997 350 ni-

207 365 291 390 mium
311 364 396 398 turpia
415 368 458 388 aut
478 371 570 397 parum
584 361 720 387 credibilia
734 365 810 391 aunt¹
832 361 997 395 praetermit-

208 406 273 427 tam:
291 405 391 427 tantum
406 409 480 432 agium
495 400 527 425 de
542 399 590 424 lioc
605 403 656 424 toto
671 398 777 424 nomine
791 398 933 424 societatis.
965 397 997 424 Ut

209 439 258 464 iam
273 439 340 464 scire
355 437 474 472 possitis:
489 444 624 470 (inactum,
639 435 810 461 decretumne
823 435 867 461 sit.
907 434 996 466 Quum

923 143 951 169 Τ.
982 142 1255 169 CICERONIS

1016 217 1025 258 '¹
1048 213 1146 242 varias.
1170 221 1250 248 quam
1266 212 1381 239 inlinitu
1395 213 1529 245 liabuerit;
1554 218 1680 248 «quautam
1695 214 1835 249 pecuniam

1024 265 1025 271 .
1048 259 1098 276 nnn
1118 249 1204 276 solum
1224 254 1401 280 numeratam.
1427 258 1519 277 verum
1537 251 1616 277 etiam
1636 250 1790 278 huiusmodi
1808 252 1836 278 in

1017 313 1027 377 ¹!

208 475 233 501 id
249 475 385 501 invenero:
401 482 536 508 quaerum.
553 477 700 498 remotaene
712 473 765 498 sint
777 471 895 498 litterae?
907 473 996 504 Quum
1019 479 1020 482 ’

208 512 234 538 id
249 520 355 546 quoqu«-
369 511 511 542 constabit,
529 519 574 536 vos
589 510 650 540 iam,
667 518 709 536 me
725 510 810 540 tacito,
827 509 994 543 intelligetis:

209 550 230 575 si
246 549 293 579 illi,
310 549 355 583 qui
372 548 420 573 lior
435 548 512 573 istius
526 556 618 573 (atissa
633 547 816 577 decreverunt,
833 547 936 581 equites
947 546 998 572 lto-

210 586 292 615 mmni,
309 594 378 611 nunc
394 585 472 611 iidem
489 585 514 611 in
529 593 589 611 eum
605 584 706 610 iudices
721 588 823 615 essent,
844 584 924 610 istum
940 584 997 610 sine

207 623 289 648 dubio
303 622 519 652 condemnarent.
535 621 568 648 de
582 630 636 656 quo
651 621 749 647 litteras
763 630 820 651 eas.
836 629 905 656 quae
920 621 997 647 istius

209 659 276 686 furta
292 660 446 689 indicarent.
463 663 487 685 et
501 659 533 685 ad
548 668 576 685 se
591 659 686 685 missas
701 663 725 685 et
739 667 788 685 suo
797 658 902 684 decreto
912 666 998 684 remo-

208 702 245 722 tas
259 697 356 723 scirent
369 705 437 723 esse.
453 712 489 716 —
506 696 590 729 Quem
606 696 687 731 igitur
701 696 734 722 ab
748 696 781 722 iis
795 696 932 731 equitibus
947 695 998 721 Ro-

208 734 302 765 manis,
317 734 364 769 qui
379 734 456 760 istius
469 742 563 760 caussa
573 734 684 768 cupiunt
695 734 792 764 omnia,
809 733 855 768 qui
867 733 900 758 ab
911 741 942 759 eo
952 732 998 758 be-
1026 754 1027 758 ,

1026 782 1027 786 ’
1049 769 1135 796 soluto
1150 770 1287 805 liberoque
1301 775 1367 799 erat.
1389 770 1460 805 quod
1479 771 1531 797 sibi
1546 771 1596 797 iste
1610 770 1780 797 Mamertinos
1793 770 1840 797 de-

1026 829 1027 835 .
1050 807 1154 843 legerat.
1171 807 1203 833 ad
1217 816 1285 842 quos
1298 809 1395 838 omnia,
1411 816 1479 842 quae
1489 813 1534 834 aut
1544 807 1700 843 diligentius
1711 807 1840 834 servanda

209 771 366 807 nignissime
385 772 484 798 tractati
504 775 579 802 sunt,
599 770 768 798 condemnari
789 779 895 796 necesse
913 774 995 796 esset:

207 810 230 834 is
244 818 257 834 a
273 809 357 839 vobis,
374 808 484 838 iudices,
501 808 554 835 ulla
570 808 595 834 vi
610 813 655 834 aut
669 808 768 834 ratione
781 808 883 834 absolvi
896 808 998 841 potest?

263 847 319 872 ⁴81.
335 846 380 876 Ac,
397 855 429 872 ne
445 845 508 872 forte
522 854 561 876 ea,
577 854 645 880 quae
660 850 756 871 remota
771 845 803 871 ‹le
818 845 905 871 medio
919 849 997 879 atque

208 887 295 917 erepta
310 883 386 909 nobis
400 888 474 913 sunt,
495 883 582 909 onmia
601 884 635 909 ita
653 882 757 909 condita
773 881 855 908 luisse
869 887 948 916 atque
963 882 996 907 ita

208 920 294 947 abdite
316 920 424 946 latuisse
443 920 595 950 videantur.
618 925 645 946 ut
664 920 728 946 baec
745 919 896 955 diligentia,
915 927 996 953 quam

207 966 256 993 ego
269 967 282 983 a
297 967 338 984 me
353 958 498 992 exspectari
514 958 628 984 maxime
644 962 715 991 puto,
732 957 798 983 nibil
815 957 907 983 luorum
923 957 998 982 inve-

207 996 316 1030 stigare.
337 995 403 1021 nihil
419 996 524 1030 assequi
545 995 672 1030 potuerit:
692 1002 760 1029 quae
777 993 890 1020 consilio
908 993 998 1028 aliquo
1019 1009 1027 1016 η

207 1037 252 1058 aut
266 1033 364 1058 ratione
379 1033 492 1059 inveniri
508 1037 658 1067 potuerunt,
676 1032 781 1057 inventa
796 1036 867 1062 sunt,
884 1030 996 1056 iudices.

203 1069 353 1096 Manifestis
375 1070 402 1096 in
425 1070 505 1096 rebus
530 1070 664 1096 bominem
683 1069 734 1095 iam
755 1069 836 1095 teneri
861 1067 996 1094 videbitis.

209 1107 275 1133 Nam
289 1107 360 1142 quod
375 1107 402 1133 in
417 1107 619 1141 publicanorum
631 1106 733 1132 caussis
745 1105 785 1132 vel
795 1105 942 1140 plurimum
955 1113 998 1131 ae·
1019 1129 1021 1136 ,

208 1145 266 1170 tatis
285 1153 358 1170 meae
376 1153 466 1170 versor
484 1144 707 1178 vehementerque
725 1142 801 1169 illuni
816 1143 936 1169 ordinem
950 1142 998 1168 ob-

206 1190 292 1212 servo,
308 1182 373 1208 satis
387 1182 524 1208 commode
538 1182 603 1207 mibi
619 1181 710 1207 videor
724 1188 814 1206 eorum
826 1179 998 1206 consuetudi-

207 1227 266 1245 nem
281 1227 331 1245 usu
347 1219 533 1253 tractandoque
547 1227 684 1253 cognosse.

261 1256 378 1283 LXXIV.
396 1258 452 1282 ⁴82.
473 1257 562 1290 ltaque
578 1260 606 1282 ut
621 1256 669 1282 boc
683 1255 809 1289 comperi,
828 1258 940 1280 remotas
955 1262 998 1279 es-

206 1301 234 1319 se
248 1292 346 1319 litteras
360 1294 506 1320 societatis:
525 1293 604 1319 liabui
617 1293 743 1319 rationem
755 1300 845 1318 eorum
857 1300 996 1322 annorum,

206 1339 253 1365 per
266 1339 333 1365 quos
348 1331 397 1356 iste
411 1331 437 1356 in
450 1330 540 1356 Sicilia
552 1329 659 1356 suisset:
676 1328 771 1355 deinde
782 1329 912 1363 quaesivi,
926 1328 997 1363 quod

205 1372 259 1394 erat
277 1368 386 1394 inventu
407 1367 577 1397 facillimum,
598 1368 644 1402 qui
664 1375 710 1401 per
723 1366 830 1392 eosdem
845 1374 928 1392 annos
942 1374 999 1391 ma-

204 1405 280 1440 gistri
295 1405 373 1431 istius
387 1405 519 1431 societatis
534 1404 657 1430 fuissent.
698 1403 819 1430 Sciebam
833 1403 914 1433 enim,
931 1402 998 1428 bane

205 1443 405 1478 magistrorum,
425 1443 472 1476 qui
492 1441 595 1468 tabulas
613 1441 753 1471 haberent,
777 1439 998 1467 consuetudinem

205 1488 276 1510 esse,
305 1484 346 1510 ut,
374 1488 459 1514 quum
487 1479 590 1505 tabulas
617 1487 685 1505 novo
707 1478 834 1513 magistro
857 1477 996 1507 traderent,

205 1516 326 1551 exempla
347 1516 491 1542 litterarum
510 1517 562 1551 ipsi
581 1516 677 1542 babere
692 1523 743 1542 non
758 1514 867 1541 nollent.
907 1515 998 1549 Itaque

204 1553 237 1580 ad
251 1554 280 1580 L.
293 1554 411 1584 Vibium,
427 1554 544 1588 equitem
555 1554 713 1584 Romanum,
730 1553 818 1578 virum
831 1552 996 1587 primarium,

205 1600 284 1626 quem
300 1591 464 1625 reperiebam
479 1591 637 1626 magistrum
653 1590 736 1616 fuisse
751 1598 782 1616 eo
792 1590 851 1624 ipso
861 1598 938 1619 anno,
950 1589 997 1623 qui

205 1629 272 1654 mihi
286 1629 401 1655 maxime
414 1628 584 1663 quaerendus
598 1632 665 1658 erat,
686 1627 803 1662 primum
818 1627 889 1652 veni.
929 1626 998 1652 Sane

205 1666 306 1692 homini
323 1670 424 1700 praeter
437 1666 589 1700 opinionem
605 1665 750 1699 improviso
764 1663 856 1690 incidi.
891 1662 999 1689 Scruta—

206 1707 248 1729 tus
262 1711 332 1733 sum,
348 1711 417 1737 quae
432 1703 515 1737 potui,
532 1707 557 1728 et
570 1702 692 1737 quaesivi
706 1701 809 1728 omnia:
826 1701 916 1727 inveni
930 1700 998 1726 duos

205 1739 274 1766 solos
294 1740 412 1770 libellos,
433 1740 465 1766 ab
484 1740 513 1766 L.
530 1739 656 1766 Canuleio
670 1740 766 1765 missos
780 1739 859 1765 sociis
873 1746 906 1763 ex
921 1742 998 1772 portu

206 1777 358 1812 Syracusis:
376 1778 402 1803 in
416 1777 517 1812 quibus
531 1781 585 1803 erat
599 1777 663 1803 ratio
673 1776 771 1810 scripta
782 1775 915 1801 mensium
926 1783 999 1801 com-

206 1814 334 1849 plurium,
350 1823 438 1840 rerum
453 1818 648 1849 exportatarum
661 1814 739 1839 istius
752 1813 858 1839 nomine
869 1812 926 1838 sine
937 1820 999 1846 por-

207 1851 281 1878 torio.
322 1852 412 1886 ltaque
425 1851 564 1887 obsignavi
579 1851 678 1877 statim.
721 1852 777 1876 ⁴83.
793 1850 873 1876 Erant
887 1849 952 1875 haec
965 1857 998 1875 ex

205 1897 236 1914 eo
249 1896 358 1924 genere,
379 1888 450 1923 quod
470 1898 518 1923 ego
532 1889 647 1915 maxime
661 1896 747 1923 genus
761 1896 794 1913 ex
807 1887 939 1913 sociorum
955 1886 998 1912 lit-

205 1926 268 1952 teris
282 1926 397 1960 reperire
410 1926 564 1960 cupiebam3
581 1934 674 1952 verum
690 1929 792 1951 tantum
806 1924 910 1954 inveni,
927 1923 999 1949 iudi-

204 1971 260 1993 ces,
285 1963 357 1997 quod
380 1963 451 1997 apud
471 1972 517 1989 vos
535 1963 612 1998 quasi
630 1961 747 1996 exempli
764 1970 858 1988 caussa
882 1960 998 1996 proferre

204 2008 320 2034 possem.
361 1999 412 2026 Sed
431 2004 531 2031 tamen,
557 1999 690 2035 quidquid
714 2000 763 2025 erit
780 2000 808 2025 in
827 1999 869 2024 his
888 1998 995 2028 libellis,

205 2036 484 2072 quantulumcumque
498 2037 634 2063 videbitur
648 2045 720 2067 esse,
740 2037 790 2062 hoc
803 2036 913 2071 quidem
928 2040 997 2061 certe

205 2074 377 2101 manifestum
392 2075 454 2100 erit:
470 2074 502 2100 de
517 2075 612 2100 ceteris
627 2083 659 2100 ex
673 2074 722 2100 hoc
735 2074 913 2100 coniecturam
928 2072 998 2099 face-

205 2120 232 2137 re
245 2111 387 2138 debebitis.
428 2112 516 2138 Recita
531 2112 606 2142 milii,
622 2120 731 2146 quaeso,
747 2111 819 2137 bunc
833 2111 950 2145 primum
967 2109 999 2136 li-

206 2148 320 2175 bellum:
346 2148 441 2175 deinde
460 2148 537 2175 illum
556 2148 677 2175 alterum.

205 2195 276 2212 mm.

205 2223 305 2253 bueris.
322 2223 393 2249 unde
407 2228 509 2250 tantum
523 2223 713 2253 Melitensium,
730 2222 802 2249 unde
815 2223 999 2258 quinquagin-

206 2265 229 2285 ta
245 2260 421 2287 tricliniorum
437 2260 530 2291 lectos,
547 2260 619 2287 unde
633 2265 669 2287 tot
682 2260 854 2286 candelabra:
875 2268 941 2290 non,
957 2260 999 2286 in-

204 2305 294 2331 quam,
311 2297 362 2323 iam
377 2306 483 2332 quaero,
501 2298 571 2324 unde
585 2297 649 2324 haec
663 2297 802 2324 habueris:
818 2297 865 2324 sed
876 2305 930 2332 quo
941 2301 999 2323 tan-
1021 2293 1030 2320 f

1028 2336 1030 2372 ζ
1050 2335 1148 2361 tionem
1163 2334 1193 2361 C.
1205 2333 1320 2360 Verrutii
1334 2332 1476 2368 permultis
1489 2331 1642 2359 nominibus
1656 2339 1729 2363 esse;
1745 2339 1842 2366 meque

1028 2378 1029 2386 ¹
1050 2371 1100 2398 hoc
1124 2371 1276 2406 perspicere
1297 2379 1331 2396 ex
1352 2369 1495 2396 consulum
1517 2369 1707 2403 mensiumque
1730 2369 1839 2398 ratione,

205 2338 262 2360 tum
277 2334 324 2361 tibi
339 2343 406 2369 opus
421 2334 508 2366 fuerit,
524 2335 552 2361 id
565 2343 674 2370 quaero.
708 2335 782 2361 Mitto
795 2334 828 2360 de
842 2334 935 2361 melle:
951 2334 998 2360 sed

207 2375 342 2398 tantumne
356 2371 554 2398 Melitensium?
579 2373 656 2407 quasi
674 2373 752 2398 etiam
771 2372 916 2398 amicorum
932 2380 1000 2398 uxo-

206 2416 261 2433 res:
278 2413 379 2435 tantum
395 2409 541 2436 lectorum?
565 2410 644 2444 quasi
657 2410 736 2436 etiam
750 2409 872 2436 omnium
886 2409 998 2435 istorum

207 2444 284 2471 villas
296 2451 437 2472 ornaturus
451 2455 533 2473 esses.

262 2482 367 2509 Lxxv.
385 2484 441 2510 ⁴84.
465 2484 554 2516 Quum
568 2483 634 2510 haec
647 2492 792 2518 paucorum
807 2483 943 2510 mensium
957 2491 1000 2509 ra-

207 2519 244 2544 tio
257 2519 284 2545 in
298 2519 340 2545 bis
357 2519 455 2546 libellis
469 2521 516 2552 sit,
537 2520 627 2552 facite,
648 2525 678 2547 ut
696 2521 773 2547 vobis
791 2521 898 2546 triennii
916 2521 998 2547 totius

207 2555 295 2581 veniat
308 2556 335 2582 in
349 2561 474 2583 mentem.
497 2557 540 2584 Sic
553 2558 697 2584 contendo:
713 2566 746 2584 ex
760 2557 802 2583 his
817 2558 906 2592 parvis
921 2556 998 2583 libel-

208 2591 240 2618 lis
254 2592 326 2626 apud
339 2601 424 2619 unum
438 2595 596 2629 magistrum
607 2595 740 2621 societatis
751 2595 871 2629 repertis,
887 2603 935 2620 vos
944 2594 997 2620 iam

207 2629 355 2656 coniectura
373 2631 479 2665 assequi
498 2640 588 2666 posse,
613 2631 764 2658 cuiusmodi
783 2631 880 2665 praedo
897 2632 948 2657 iste
969 2631 998 2658 in

317 2186 374 2212 Non
392 2194 503 2221 quaero,
524 2186 595 2212 unde
614 2194 678 2211 cccc
693 2149 937 2220 assssffisssszgfflg
945 2156 998 2210 5¹2:
1020 2159 1029 2212 {¹
1049 2177 1155 2195 summe
1173 2168 1362 2203 exspectabant
1378 2175 1484 2199 omnes,
1507 2166 1636 2202 quidnam
1649 2167 1678 2193 in
1691 2165 1790 2193 tabulis
1804 2171 1843 2192 te-

1018 526 1027 549 ¹.
1049 509 1149 539 decies.
1167 518 1199 536 ex
1214 518 1267 535 uno
1279 509 1378 544 oppido
1391 509 1447 536 solo
1460 514 1595 544 exportata
1608 515 1680 537 aunt.

1028 1590 1029 1599 ¹
1050 1573 1173 1599 recentia.

1048 287 1127 313 rebus
1147 287 1272 321 positam,
1291 285 1445 318 coniecerit:
1469 296 1537 323 quae
1556 288 1632 314 vobis
1645 288 1697 314 alio
1711 287 1767 315 loeo
1780 288 1837 323 pln-

1049 324 1109 350 nius
1123 323 1338 358 explicabuntur.
1380 325 1437 350 ⁴85,
1462 324 1538 351 Nunc
1552 324 1601 351 boc
1614 324 1751 351 attendite.
1791 325 1837 352 tt‘u

1048 361 1288 395 eximi-nationibus.
1309 369 1377 396 quae
1392 362 1511 388 recitatae
1525 367 1600 392 aunt,
1616 362 1709 388 scribit
1722 361 1788 389 ll·S
1801 369 1837 389 hx

1048 398 1134 424 socios
1161 398 1308 432 perdidisse
1335 407 1367 425 ex
1395 398 1519 424 vicesima
1551 400 1658 433 portorii
1685 399 1836 435 Syracusis.

1050 434 1172 461 l'auculis
1188 435 1271 470 igitur
1285 435 1436 465 mensibus.
1458 440 1487 462 ut
1505 435 1531 462 hi
1550 436 1641 470 pusilli
1655 441 1681 462 et
1693 436 1837 471 contempti

1050 471 1132 498 libelli
1148 472 1273 502 indicant.
1290 471 1358 498 [urta
1370 473 1505 506 praetoris,
1521 481 1590 507 quae
1599 478 1689 500 essent
1699 473 1762 500 lI—S
1771 473 1839 499 duo-

1721 510 1839 544 comune

1050 555 1128 575 nunc,
1145 556 1229 582 quum
1245 546 1288 572 illa
1303 547 1338 573 sit
1352 546 1415 573 haec
1430 546 1526 577 insula,
1541 555 1610 582 quae
1621 547 1740 582 undique
1750 549 1839 574 exitus

1050 585 1196 610 maritimos
1216 584 1322 613 lrabeat,
1342 583 1408 618 quid
1427 592 1459 610 ex
1477 585 1571 611 ceteris
1591 583 1654 610 locis
1672 589 1838 619 exportatum

1050 622 1161 656 putetis:
1178 621 1244 656 quid
1259 621 1411 655 Agrigento.
1427 621 1492 656 quid
1508 621 1646 657 Lilybaeo.
1661 621 1728 656 quid
1743 622 1839 649 Panor-

1050 668 1101 689 mo,
1117 658 1182 693 quid
1195 658 1324 688 Thermis.
1340 659 1406 693 quid
1418 658 1519 689 llalesa,
1535 658 1601 693 quid
1612 658 1711 689 Catina,
1727 658 1793 694 quid
1806 667 1839 686 ex

1048 696 1142 722 ceteris
1160 696 1280 730 oppidis.
1299 696 1365 730 qnid
1386 705 1447 722 vero
1464 696 1597 723 Messana.
1621 704 1702 731 quem
1721 697 1770 723 iste
1787 696 1838 723 sibi

1050 732 1136 759 locum
1152 733 1266 759 maxime
1281 738 1367 759 tutum
1379 733 1562 763 arbitrabatur.
1579 733 1625 759 ubi
1637 734 1726 760 animo
1735 741 1840 768 semper

1049 849 1094 871 aut
1111 845 1242 871 occultius
1260 844 1421 879 exportanda
1439 850 1521 876 erant,
1541 845 1698 879 deportaret.
1739 845 1785 871 llis
1799 845 1840 871 in-

1049 882 1135 908 ventis
1151 882 1257 912 libellis.
1273 882 1352 908 ceteri
1367 883 1458 908 remoti
1473 887 1498 908 et
1509 882 1665 917 diligentius
1676 887 1739 908 sunt
1750 890 1841 908 recon-

1048 919 1110 945 diti:
1132 928 1178 946 nos
1194 924 1294 949 tamen,
1316 923 1345 945 ut
1361 928 1453 946 omnes
1468 919 1629 955 intelligant.
1650 919 1699 945 hoc
1718 928 1766 946 nos
1783 920 1841 946 sine

1026 969 1027 975 =
1048 956 1193 991 cupiditate
1207 965 1295 991 agere,
1312 956 1354 982 his
1369 957 1436 991 ipsis
1451 956 1549 983 libellis
1562 957 1677 982 contenti
1691 965 1797 983 sumus.

1105 993 1223 1020 Lxxvl.
1240 995 1298 1020 ⁴86.
1322 994 1399 1020 Nunc
1415 993 1448 1020 ad
1467 994 1599 1020 sociorum
1618 993 1723 1020 tabulas
1741 994 1840 1028 accepti

1049 1035 1074 1057 et
1091 1031 1215 1065 expensi,
1240 1039 1308 1065 quas
1326 1039 1460 1057 removere
1479 1030 1587 1057 honeste
1606 1030 1680 1057 nullo
1698 1030 1777 1057 modo
1795 1039 1842 1065 po-

1049 1072 1166 1099 tuerunt.
1182 1072 1207 1094 et
1217 1067 1250 1094 ad
1260 1069 1375 1094 amicum
1387 1073 1462 1094 tuum
1475 1068 1656 1103 Carpinatium
1668 1072 1839 1094 revertemur.

1050 1105 1261 1140 inspiciebamus
1275 1105 1415 1141 Syracusis
1429 1114 1442 1131 a
1455 1105 1606 1140 Carpinatio
1618 1105 1750 1131 conlectae
1765 1105 1842 1132 tabu-

1051 1142 1088 1168 las
1102 1143 1248 1173 societatis,
1272 1151 1341 1177 quae
1355 1142 1554 1179 significabant.
1580 1142 1673 1169 multis
1686 1142 1842 1169 nominibus

1049 1188 1094 1206 eos
1109 1180 1230 1206 homines
1246 1188 1382 1206 versuram
1396 1189 1409 1206 a
1420 1180 1570 1215 Carpinatio
1583 1179 1686 1210 secisse,
1702 1180 1749 1215 qui
1761 1187 1841 1214 pecu-

1050 1217 1107 1243 nias
1122 1217 1195 1244 Verri
1213 1217 1360 1244 dedissent.
1399 1217 1475 1250 Quod
1494 1217 1544 1243 erit
1562 1216 1638 1243 vobis
1656 1216 1714 1243 luce
1731 1216 1839 1246 clarius,

1049 1254 1165 1285 iudices,
1185 1263 1270 1289 quum
1290 1263 1334 1281 eos
1353 1255 1426 1289 ipsos
1445 1254 1608 1289 produxero,
1633 1254 1680 1289 qui
1699 1253 1839 1280 dederunt.

1049 1291 1206 1327 Intelligetis
1216 1292 1296 1322 enim,
1310 1292 1354 1318 illa
1366 1297 1492 1326 tempora,
1509 1300 1556 1326 per
1564 1299 1642 1326 quae,
1657 1299 1743 1326 quum
1753 1296 1842 1317 essent

1049 1329 1076 1355 in
1092 1328 1223 1363 periculo,
1247 1330 1330 1363 pretio
1348 1337 1406 1355 sese
1425 1329 1605 1359 redemerunt,
1629 1336 1692 1354 cum
1710 1329 1842 1355 societatis

1027 1399 1028 1402 Ἴ
1050 1365 1148 1392 tabulis
1163 1375 1214 1392 non
1233 1365 1320 1392 solum
1338 1365 1509 1398 consulibus,
1529 1374 1624 1393 verum
1643 1366 1722 1392 etiam
1741 1366 1842 1392 mensi-

1049 1403 1110 1434 bus,
1125 1403 1276 1430 convenire.

1107 1462 1164 1487 ⁴87.
1184 1460 1274 1494 Quum
1293 1461 1358 1488 haec
1376 1461 1492 1487 maxime
1509 1468 1729 1496 cognosceremus
1747 1464 1772 1486 et
1789 1460 1840 1486 iam

1050 1499 1077 1525 in
1103 1499 1228 1525 manibus
1247 1498 1351 1525 tabulas
1370 1498 1543 1528 haberemus,
1571 1502 1679 1532 repente
1696 1497 1842 1532 aspicimus

1051 1535 1143 1562 lituras
1157 1535 1303 1567 eiusmodi,
1323 1536 1400 1571 quasi
1414 1535 1545 1570 quaedam
1559 1535 1670 1561 vulnera
1685 1533 1841 1560 tabellarum

1215 1572 1309 1599 Statim
1324 1573 1477 1608 suspicione
1495 1571 1600 1602 offensi,
1621 1571 1654 1598 ad
1673 1580 1702 1598 ea
1720 1572 1778 1606 ipsa
1796 1579 1842 1597 no-

1050 1611 1121 1636 mina
1145 1609 1236 1636 oculos
1257 1611 1432 1645 animumque
1459 1609 1621 1636 tratulimus.
1661 1609 1743 1635 Erant
1768 1616 1843 1634 acee-

1051 1652 1110 1682 ptae
1121 1647 1248 1682 pecuniae
1261 1656 1285 1673 c.
1302 1655 1451 1673 vennone
1464 1655 1488 1673 c.
1503 1655 1538 1677 ις
1554 1647 1593 1672 sie
1604 1651 1699 1676 tamen,
1715 1649 1842 1680 utusque

1050 1684 1083 1710 ad
1102 1685 1214 1710 alterum
1234 1685 1254 1710 R
1274 1684 1374 1710 litterae
1392 1688 1542 1710 constarent
1564 1683 1696 1718 integrae,
1724 1682 1842 1717 reliquae

1049 1730 1142 1748 omnes
1155 1726 1243 1747 essent
1257 1722 1283 1748 in
1299 1721 1387 1748 litura.
1427 1720 1556 1751 Alterum,
1573 1721 1689 1751 tertium,
1705 1725 1840 1755 quartum,

1050 1758 1182 1793 permulta
1195 1763 1268 1785 erant
1281 1758 1402 1785 eiusdem
1416 1757 1488 1784 modi
1503 1758 1618 1784 nomina.
1652 1757 1741 1789 Quum
1757 1757 1843 1783 mani-

1051 1796 1115 1822 festa
1130 1804 1180 1827 res,
1196 1801 1252 1822 tum
1268 1795 1395 1832 flagitiosa
1411 1795 1560 1821 tabularum
1571 1800 1650 1830 atque
1660 1795 1776 1830 insignis
1787 1799 1843 1820 tur-

1050 1833 1144 1868 pitudo
1158 1838 1304 1859 teneretur:
1329 1840 1456 1867 quaerere
1470 1833 1620 1867 incepimus
1634 1831 1667 1858 de
1681 1831 1840 1866 Carpinatio,

1049 1871 1174 1905 quisnam
1188 1871 1212 1896 is
1226 1875 1295 1896 esset
1309 1870 1461 1900 Venutius,
1481 1870 1592 1904 quicum
1611 1874 1697 1895 tantae
1714 1869 1843 1904 pecuniae

1050 1908 1177 1934 rationem
1196 1907 1314 1933 haberet.
1354 1907 1465 1933 Haerere
1483 1907 1576 1936 homo.
1597 1906 1710 1937 versari,
1735 1905 1840 1932 rubere.

1049 1945 1125 1977 Quod
1146 1944 1203 1980 lege
1225 1945 1397 1979 excipiuntur
1418 1943 1524 1970 tabulae
1546 1943 1764 1978 publicanorum,
1788 1951 1843 1978 quo

1050 1983 1139 2008 minus
1162 1982 1272 2008 Romam
1294 1981 1479 2016 deportentur:
1507 1985 1537 2007 ut
1560 1989 1602 2007 res
1625 1989 1706 2015 quam
1726 1980 1843 2007 maxime

1048 2019 1116 2045 clara
1132 2028 1162 2045 ac
1176 2024 1268 2045 testata
1287 2027 1345 2045 esse
1363 2023 1464 2054 posset,
1484 2019 1512 2044 in
1526 2019 1570 2044 ius
1583 2018 1616 2044 ad
1630 2017 1765 2044 Metellum
1780 2017 1844 2044 Car-

1049 2057 1181 2091 pinatium
1195 2065 1268 2087 voco,
1285 2055 1443 2091 tabulasque
1457 2055 1589 2082 societatis
1602 2055 1630 2081 in
1644 2054 1730 2081 sorum
1741 2054 1841 2081 desero.

1050 2095 1091 2120 Fit
1105 2095 1240 2120 maximus
1254 2101 1400 2120 concursus
1415 2092 1563 2123 hominum.
1580 2097 1614 2123 et,
1629 2092 1702 2127 quod
1715 2096 1771 2118 erat
1780 2091 1843 2118 Car—

1050 2132 1143 2166 pinatii
1163 2135 1222 2157 nota
1240 2139 1302 2157 cum
1320 2131 1372 2157 isto
1390 2134 1508 2165 praetore
1521 2130 1632 2156 societas
1646 2138 1676 2155 ac
1689 2129 1839 2158 foeneratio,

1049 2210 1165 2232 [leretur.

1105 2259 1235 2286 LXXVII.
1250 2260 1307 2285 ⁴88.
1322 2259 1388 2285 Rem
1401 2258 1434 2285 ad
1445 2257 1581 2285 Metellum
1594 2256 1693 2287 desero.
1709 2264 1752 2283 me
1765 2256 1842 2283 tabu-

1051 2297 1089 2324 las
1103 2297 1272 2332 perspexisse
1286 2296 1432 2328 sociorum3
1452 2296 1480 2322 in
1494 2295 1537 2322 his
1550 2294 1649 2321 tabulis
1662 2302 1786 2329 magnam
1800 2303 1843 2320 ra·

1051 2408 1123 2435 hunc
1136 2409 1289 2436 Verrutium
1303 2415 1391 2442 neque
1404 2411 1464 2433 ante
1477 2406 1621 2433 adventum
1635 2405 1664 2432 C.
1679 2405 1778 2436 Verris,
1795 2413 1841 2431 ne-

1049 2454 1102 2481 que
1112 2450 1172 2480 post
1181 2445 1365 2472 decessionem
1373 2444 1522 2479 quidquam
1532 2451 1593 2469 cum
1600 2442 1752 2477 Carpinatio
1761 2441 1841 2468 ratio-

1050 2483 1092 2509 nis
1105 2483 1244 2509 habuisse.
1284 2481 1400 2512 Postulo.
1415 2481 1483 2507 mihi
1496 2479 1666 2514 respondeat,
1681 2479 1730 2514 qui
1742 2479 1778 2506 sit
1789 2479 1842 2505 iste

1028 2542 1029 2546 ,
1049 2520 1203 2546 Verrutius:
1222 2523 1359 2549 mercator,
1375 2526 1407 2544 an
1421 2518 1575 2553 negotiator,
1591 2525 1624 2543 an
1637 2521 1730 2547 arator,
1746 2524 1780 2543 an
1792 2523 1841 2551 pe-

1049 2557 1170 2584 cuarius:
1190 2557 1218 2583 in
1232 2555 1324 2582 Sicilia
1339 2556 1387 2586 sit,
1406 2563 1440 2581 an
1457 2555 1511 2581 iam
1527 2553 1680 2581 decesserit.
1720 2552 1840 2580 Clamare

1027 2620 1029 2625 ,
1048 2602 1141 2620 omnes
1164 2602 1198 2620 ex
1219 2597 1365 2623 conventu,
1393 2592 1527 2618 neminem
1549 2599 1679 2626 umquam
1700 2590 1730 2616 in
1749 2589 1840 2616 Sicilia

1049 2630 1134 2657 fuisse
1146 2631 1310 2658 Verrutium.
1342 2629 1399 2665 Ego
1411 2629 1518 2660 instare,
1534 2633 1565 2655 ut
1576 2628 1643 2655 mihi
1657 2626 1837 2662 responderet,

207 2665 252 2692 illa
266 2667 402 2701 provincia
416 2666 507 2699 fucrit,
523 2677 604 2703 quam
619 2668 718 2695 multas
730 2667 899 2703 cupiditates,
915 2676 996 2703 quam
1019 2674 1029 2699 ῃ
1048 2668 1110 2702 quis
1123 2672 1206 2699 esset,
1222 2667 1270 2694 ubi
1283 2671 1362 2697 esset,
1377 2665 1449 2692 unde
1461 2670 1545 2693 esset:
1560 2674 1608 2692 cur
1620 2673 1716 2692 servus
1728 2664 1841 2691 societa-
