1941 3052
298 109 629 137 EPISTOLARUM
659 107 713 134 AD
743 105 972 133 DIVERSOS
1013 105 1094 131 LIB.
1116 105 1148 131 V.
1179 105 1239 130 ΕΡ.
1262 106 1377 130 3-8.

22 189 129 212 tuorum
145 191 187 209 me
202 189 354 216 oppugnes.

23 221 108 248 blicae
123 220 245 250 donares,
260 223 283 244 te
295 218 398 250 vicisti3
413 218 514 243 alienas
526 222 555 243 ut
566 221 656 242 contra
668 214 817 250 rempubli-

23 267 82 285 cam
93 257 244 287 confirmes,
258 254 418 281 adduceris?
438 254 515 286 Quod
529 255 552 280 si
563 254 631 279 mihi
645 258 689 279 tua
700 252 819 278 clemen-

23 297 59 323 tia
69 303 148 330 opem
160 293 264 324 tuleris,
277 292 404 319 omnibus
425 293 452 318 in
463 291 545 317 rebus
556 299 598 317 me
610 290 664 316 fore
676 290 703 316 in
715 294 759 315 tua
771 298 819 323 po-

23 337 129 363 testate,
152 331 202 358 tibi
222 329 363 356 confirmo:
387 330 429 355 sin
445 329 513 354 mihi
529 336 616 362 neque
633 327 818 362 magistratum

24 378 112 404 neque
123 373 246 395 senatum
260 376 348 402 neque
363 366 494 401 populum
506 365 631 392 auxiliari
643 369 751 399 propter
761 372 819 389 eam

24 408 91 438 vim,
104 415 172 441 quae
184 414 226 432 me
237 414 299 431 cum
315 404 452 439 republica
466 403 543 434 vicit,
558 402 676 428 licuerit:
690 401 762 432 vide,
776 409 817 431 ne,

25 452 111 479 quum
127 443 195 470 velis
211 450 335 469 revocare
354 446 460 476 tempus
477 441 599 467 omnium
615 438 818 468 servandorum,

25 490 120 517 quum,
134 481 182 516 qui
193 484 323 510 servetur,
337 487 389 505 non
401 479 459 509 erit,
473 486 525 504 non
537 477 635 512 possis.
671 474 765 512 [Vale]

79 551 107 571 V.
123 550 141 571 Λ
150 550 201 570 RG.
218 549 337 570 Desiderat
348 549 372 568 C.
385 547 477 568 Antonii
489 546 563 566 officia
573 549 659 569 mutua,
671 548 693 565 et
704 544 775 565 Attici
785 552 821 564 ne-

27 585 110 611 gotium
121 585 260 605 commendat.
290 587 377 607 (nonme,
387 585 408 602 Pi
410 592 453 601 ιιιιιι
456 597 461 605 ,
471 584 557 602 Mcunlln
570 590 615 600 cusa.
627 584 682 603 091³.)

114 630 149 656 M.
167 629 196 656 C.
214 629 241 655 S.
257 630 288 655 D.
306 627 335 654 C.
352 626 542 657 ANTONIO,
559 626 595 652 M.
613 626 642 652 F.
659 625 735 651 IMP.

87 673 109 698 l.
122 668 183 697 Etsi
196 675 338 697 statueram
352 668 439 694 nullas
450 667 483 693 ad
495 673 519 693 te
532 667 631 693 litteras
643 667 757 696 mittere,
771 665 823 691 nisi

29 709 273 739 commendatitias,
292 708 353 741 (non
365 714 418 740 quo
430 714 473 731 eas
486 704 664 739 intelligerem
676 704 740 729 satis
752 703 823 737 apud

29 751 54 773 te
66 746 168 776 valere.
186 745 234 771 sed
245 753 277 770 ne
290 744 336 774 iis,
354 743 402 777 qui
414 751 456 768 me
468 746 603 777 rogarent,
617 740 721 775 aliquid
732 740 764 765 de
777 749 824 766 no-

0 805 1 809 .
31 788 83 810 stra
103 782 290 810 coniunctione
306 780 481 806 imminutum
495 787 554 805 esse
570 777 765 812 ostenderem)
785 782 825 803 ta-

31 829 101 851 men,
115 828 200 854 quum
211 819 240 845 T.
253 818 426 852 Pomponius,
441 817 519 843 homo
530 816 652 842 omnium
664 824 785 841 meorum
797 815 824 840 in

30 863 55 885 te
66 857 217 884 studiorum
229 860 254 882 et
264 855 414 882 officiorum
425 855 542 880 maxime
554 853 688 884 conscius,
698 853 735 879 tui
747 853 826 886 cupi-

31 895 96 925 dus,
118 894 202 920 nostri
218 893 433 922 amantissimus,
451 891 484 918 ad
496 896 519 917 te
531 890 758 925 proficisceretur,
776 889 826 915 ali-

31 931 98 967 quid
108 931 176 957 mihi
192 930 366 957 scribendum
381 930 486 964 putavi,
506 929 663 963 praesertim
678 936 763 962 quum
776 926 826 952 ali-

31 974 70 996 ter
81 970 133 1004 ipsi
144 968 290 1003 Pomponio
302 966 454 993 satisfacere
467 975 518 992 non
530 974 647 1000 possem.
688 967 713 991 ⁶2.
735 965 791 999 Ego
803 965 826 989 si

32 1007 80 1033 abs
96 1011 120 1032 te
136 1014 242 1032 summa
257 1005 344 1031 officia
361 1004 527 1034 desiderem,
550 1003 649 1029 mirum
666 1002 768 1028 nemini
785 1002 827 1027 vi-

32 1044 89 1070 deri
105 1043 209 1070 debeat.
250 1042 346 1069 Omnia
365 1042 437 1068 enim
453 1050 466 1067 a
483 1049 525 1066 me
542 1041 568 1066 in
584 1044 608 1066 te
625 1039 741 1075 profecta
753 1043 824 1069 sunt,

32 1089 101 1116 quae
112 1081 144 1106 ad
157 1085 233 1107 tuum
245 1079 425 1110 commodum,
438 1087 507 1113 quae
519 1078 552 1104 ad
563 1078 700 1108 honorem,
714 1085 782 1112 quae
795 1076 828 1102 ad

33 1119 191 1154 dignitatem
207 1119 379 1153 pertinerent.
421 1117 469 1142 Pro
485 1116 519 1141 iis
535 1115 616 1142 rebus
636 1114 738 1141 nullam
759 1114 828 1140 mihi

33 1156 81 1182 abs
93 1160 117 1182 te
129 1155 237 1181 relatam
249 1164 307 1181 esse
319 1154 441 1189 gratiam,
454 1158 481 1180 tu
494 1161 522 1178 es
533 1153 652 1187 optimus
663 1152 752 1178 testis:
765 1160 829 1178 con-

34 1198 72 1220 tra
83 1193 163 1219 etiam
175 1201 232 1219 esse
246 1191 349 1227 aliquid
361 1191 444 1217 abste
456 1190 615 1225 profectum,
632 1198 666 1216 ex
676 1189 770 1215 multis
781 1197 830 1215 au-

34 1230 102 1257 divi.
143 1231 209 1256 Nam
222 1232 371 1262 ςοτιιρι’νίεεσ
381 1237 433 1259 me,
447 1237 498 1254 non
510 1227 595 1254 audeo
607 1227 705 1258 dicere,
719 1235 751 1252 ne
764 1226 829 1252 forte

34 1268 62 1294 id
75 1268 165 1302 ipsum
177 1267 290 1293 verbum
302 1274 398 1301 ponam
407 1286 413 1297 ,
431 1265 503 1300 quod
515 1265 598 1291 abste
610 1265 685 1290 aiunt
695 1264 764 1289 salse
777 1263 787 1276 *
803 1264 830 1290 in

35 1314 77 1332 mc
89 1305 173 1331 solere
185 1304 310 1330 conferri.
352 1303 404 1329 Sed
416 1312 459 1334 ea,
477 1311 546 1337 quae
558 1301 591 1328 ad
603 1310 646 1328 me
657 1301 743 1327 delata
755 1306 828 1332 sunt,

34 1342 105 1369 malo
116 1347 140 1368 te
152 1351 185 1368 ex
198 1341 351 1376 Pomponio,
364 1341 409 1366 cui
421 1349 472 1366 non
484 1340 575 1366 minus
587 1339 698 1365 molesta
711 1338 828 1369 fuerunt,

35 1388 117 1415 quam
133 1388 167 1406 ex
182 1379 249 1404 meis
266 1379 374 1409 litteris,
392 1385 562 1412 cognoscere.
603 1377 678 1403 Meus
693 1377 720 1402 in
737 1381 761 1402 te
772 1376 832 1401 ani-

36 1426 97 1444 mus
108 1425 190 1452 quam
202 1415 333 1451 singulari
344 1415 433 1441 officio
444 1415 537 1445 fuerit,
554 1418 579 1440 et
590 1419 698 1440 senatus
708 1418 734 1440 et
745 1422 832 1448 popu-

37 1454 79 1481 lus
91 1455 226 1480 Romanus
237 1454 312 1480 testis
324 1457 375 1485 est,
394 1457 422 1478 tu
438 1461 519 1487 quam
535 1456 627 1487 gratus
642 1459 704 1486 erga
719 1460 761 1476 me
774 1450 832 1477 fue-

36 1492 87 1523 ris,
102 1492 159 1526 ipse
171 1491 325 1517 existimare
337 1494 423 1524 potes;
442 1494 573 1524 quantum
586 1489 654 1514 mihi
666 1488 774 1518 debeas,
788 1496 832 1514 cc-

37 1529 86 1556 teri
102 1529 266 1555 existimant.
307 1529 332 1554 3.
354 1527 410 1562 Ego
426 1535 494 1562 quae
510 1531 554 1553 tua
570 1535 665 1552 caussa
681 1530 757 1552 antea
770 1525 829 1556 feci,

37 1566 173 1593 voluntate
189 1574 250 1592 sum
272 1564 404 1591 adductus
419 1569 564 1599 posteaque
580 1563 738 1590 constantia.
779 1563 831 1589 Sed

37 1603 150 1638 reliqua,
165 1603 232 1629 mihi
244 1602 330 1633 crede,
345 1601 429 1628 multo
440 1602 528 1627 maius
540 1609 630 1627 meum
642 1600 764 1627 studium
776 1609 833 1626 ma—

38 1641 175 1676 ioremque
195 1640 354 1676 gravitatem
375 1643 401 1665 et
422 1638 540 1665 laborem
555 1637 719 1664 desiderant.
759 1638 832 1670 Quae

39 1686 87 1714 ego
102 1679 125 1704 si
142 1687 193 1704 non
210 1677 372 1712 profundere
388 1685 418 1702 ac
434 1676 545 1711 perdere
561 1675 686 1708 videbor,
705 1676 833 1701 omnibus

39 1716 106 1742 meis
122 1715 227 1742 viribus
243 1714 396 1747 sustineb0·,
414 1714 457 1740 sin
473 1718 562 1740 autem
579 1713 681 1748 ingrata
697 1721 755 1739 esse
772 1722 834 1739 sen—

40 1753 117 1784 tiam,
135 1761 187 1779 non
203 1752 381 1782 committam,
404 1756 433 1777 ut
448 1750 582 1785 tibiipsi*
596 1750 714 1776 insanire
730 1750 832 1777 videar.

39 1790 76 1817 Ea
91 1798 160 1825 quae
176 1790 230 1816 sint
244 1793 270 1815 et
284 1788 451 1819 cuiusmodi,
470 1789 569 1823 poteris
585 1796 619 1814 ex
629 1788 776 1822 Pomponio
790 1796 835 1814 co-

40 1835 178 1863 gnoscere.
218 1827 304 1861 Atque
325 1826 415 1860 ipsum
436 1826 486 1852 tibi
506 1825 684 1859 Pomponium
707 1825 741 1851 ita
762 1834 835 1851 com-

40 1864 146 1895 mendo,
160 1868 201 1895 ut,
218 1872 382 1898 quamquam
395 1863 482 1897 ipsius
493 1871 587 1889 caussa
598 1862 702 1888 consido
714 1867 738 1888 te
751 1862 835 1889 factu-

41 1910 101 1928 rum
113 1910 171 1927 esse
182 1901 271 1927 omnia
284 1921 289 1932 ,
304 1905 391 1926 tamen
403 1900 450 1926 abs
465 1905 489 1926 te
502 1900 550 1926 hoc
562 1903 664 1934 petam,
679 1904 720 1930 ut,
734 1900 757 1926 si
768 1899 835 1934 quid

42 1940 69 1966 in
83 1943 106 1965 te
121 1938 220 1964 residet
235 1937 333 1964 amoris
354 1946 416 1972 erga
433 1946 488 1968 me,
511 1937 538 1963 id
554 1945 632 1963 omne
652 1937 679 1962 in
695 1937 835 1971 Pomponii

42 1975 292 2049 negotipvosltejndas.
333 1975 386 2001 Hoc
400 1974 468 2000 mihi
485 1973 552 2000 nihil
568 1974 671 2009 gratius
688 1973 772 2000 facere
789 1983 836 2009 po-

43 2017 90 2040 tes.
167 2022 180 2039 a
193 2021 206 2038 e
223 2033 228 2038 .

95 2120 133 2140 VI.
151 2120 227 2140 ARG.
247 2119 340 2141 Narrat,
357 2125 418 2144 qutun
435 2118 518 2138 dederit
533 2124 632 2144 opernm,
650 2124 676 2137 ue
692 2116 771 2137 Sextii»
788 2124 836 2144 prn-

43 2155 156 2183 qunetttori
176 2153 267 2174 Antonii
289 2153 310 2173 iu
330 2153 459 2174 Macedonia
478 2153 641 2172 niu-cederetur:
661 2153 688 2172 de
707 2153 767 2172 damu
787 2159 798 2172 a
815 2159 838 2171 sn-

45 2194 123 2217 ‘n'tptn¹
135 2190 161 2210 de
171 2189 245 2209 Sextii
257 2187 417 2210 aedith-atione.
427 2193 446 2208 et
459 2188 485 2207 de
496 2187 592 2207 ‚turoni-1
604 2195 615 2207 a
626 2195 650 2207 m·
660 2188 758 2207 ‹tofi-nau.

298 2226 376 2246 (miano.
387 2226 436 2242 Mur·
445 2231 466 2242 nn

67 2269 103 2296 M.
117 2269 147 2297 C.
163 2269 191 2296 S.
207 2270 237 2296 D.
253 2270 282 2295 P.
298 2267 458 2298 SEXTIO,
476 2267 505 2292 L.
523 2267 552 2292 F.
570 2266 814 2299 PROQUAEST.

103 2311 125 2337 l.
148 2305 244 2342 Quum
260 2309 293 2336 ad
306 2318 347 2335 me
358 2309 467 2338 Decius,
486 2307 598 2334 libertus
615 2312 691 2339 tuus,
710 2309 838 2337 venisset,

47 2346 197 2383 egissetque
219 2355 339 2378 mecum,
366 2351 395 2372 ut
415 2354 522 2380 operam
545 2345 649 2376 darem,
673 2354 704 2371 ne
725 2346 774 2371 tibi
791 2346 840 2371 boc

48 2388 163 2419 tempore
183 2384 384 2410 succederetur:
417 2391 582 2418 quamquam
604 2382 680 2408 illum
703 2382 839 2408 hominem

478 2232 523 2241 ens«.
535 2225 589 2241 0¹¹¹:ss¹

48 2419 119 2457 frugi
129 2426 154 2448 et
165 2421 213 2448 tibi
225 2422 342 2448 amicum
358 2420 561 2450 existimabam,
581 2424 682 2450 tamen,
699 2420 771 2454 quod
785 2428 841 2445 me-
864 2431 865 2434 ¹

48 2459 130 2485 moria
142 2459 273 2491 tenebam,
287 2458 440 2485 cuiusmodi
452 2457 484 2483 ad
497 2466 539 2483 me
552 2456 651 2483 litteras
662 2461 737 2482 antea
750 2457 842 2483 misis-

48 2503 100 2527 ses,
113 2504 164 2522 non
176 2497 240 2522 satis
251 2496 355 2522 credidi
367 2495 469 2521 bomini
482 2494 618 2529 prudenti,
627 2499 679 2520 tam
693 2493 770 2519 valde
781 2503 840 2520 esse

49 2537 174 2560 mutatam
191 2533 354 2560 voluntatem
367 2537 450 2559 tuam.
491 2531 543 2558 Sed
557 2536 730 2566 posteaquam
742 2536 767 2557 et
778 2532 842 2558 Cor—

50 2569 118 2596 nelia
133 2575 178 2597 tua
189 2571 339 2597 Terentiam
355 2570 481 2597 convenit
496 2573 521 2595 et
537 2578 585 2604 ego
601 2577 663 2594 cum
675 2569 706 2600 Q.
719 2568 841 2595 Cornelio

51 2605 153 2633 locutus
164 2616 234 2639 sum,
247 2608 360 2634 adhibui
371 2607 550 2643 diligentiam,
564 2606 787 2641 quotiescumque
799 2615 842 2631 se-

51 2648 127 2671 natus
142 2643 206 2676 suit,
223 2649 253 2672 ut
267 2645 404 2677 adessem,
426 2644 631 2680 plurimumque
648 2643 675 2670 in
690 2652 721 2670 eo
742 2643 841 2679 negotii

395 181 434 206 Tu
445 186 504 206 tuas
516 179 673 206 inimicitias
685 183 714 204 ut
725 178 817 211 reipu-
843 176 846 179 ⁷

1611 103 1659 127 693

867 177 964 207 habui,
978 181 1007 202 ut
1017 175 1049 208 Q.
1065 175 1186 206 Fufium,
1199 175 1338 201 tribunum
1350 173 1451 209 plebis,
1465 178 1490 199 et
1500 177 1615 203 ceteros,
1629 172 1662 198 ad

868 223 936 249 quos
957 218 985 239 tu
1007 213 1166 247 scripseras,
1193 221 1315 247 cogerem
1340 212 1429 246 potius
1454 210 1521 236 mihi
1543 209 1660 240 credere,

869 260 951 286 quam
972 251 1025 276 tuis
1042 250 1146 276 litteris.
1188 249 1303 275 Omnino
1320 258 1361 274 res
1378 253 1429 274 tota
1444 249 1471 274 in
1488 256 1608 273 mensem
1623 247 1663 272 Ia-

870 289 995 314 nuarium
1008 288 1103 313 reiecta
1114 291 1178 317 erat,
1194 287 1241 312 sed
1254 286 1330 312 facile
1341 285 1521 312 obtinebatur.
1562 286 1585 311 2.
1607 284 1664 319 Ego

870 331 914 352 tua
926 324 1102 360 gratulatione
1114 329 1276 354 commotus,
1295 323 1366 358 quod
1383 323 1415 348 ad
1427 332 1469 348 me
1481 321 1586 356 pridem
1597 321 1665 347 scri-

848 396 850 403 Ι
871 372 976 397 pseras,
991 361 1060 387 velle
1072 366 1096 387 te
1108 361 1175 387 bene
1187 362 1294 387 evenire
1303 382 1308 391 ,
1321 360 1394 395 quod
1405 360 1437 386 de
1449 360 1543 386 Crasso
1554 359 1664 385 domum

872 401 1012 425 emissem:
1035 399 1089 425 emi
1107 407 1165 424 eam
1186 399 1273 432 ipsam
1292 398 1402 423 domum
1423 397 1486 423 ll-S
1502 404 1592 427 xxxv,
1616 395 1666 421 ali-

872 442 971 472 quanto
992 441 1052 470 post
1072 441 1145 462 tuam
1165 435 1380 471 gratulationem.
1420 436 1512 469 Itaque
1532 442 1603 459 nunc
1624 441 1665 458 me

873 475 938 500 scito
950 478 1053 500 tantum
1066 473 1163 499 habere
1175 474 1243 498 aeris
1255 472 1343 503 alieni,
1359 476 1387 498 ut
1397 472 1505 506 cupiam
1516 471 1664 500 coniurare,

873 512 897 537 si
912 512 959 546 qui
976 511 1099 545 recipiat3
1121 510 1169 536 sed
1186 511 1282 544 partim
1297 509 1358 535 odio
1374 509 1491 539 inducti,
1515 516 1556 534 me
1574 507 1667 534 exclu-

874 549 954 579 dunt,
971 553 996 574 et
1006 552 1095 582 aperte
1108 547 1243 574 vindicem
1254 547 1445 573 coniurationis
1456 546 1583 576 oderunt,
1606 553 1667 579 par-

851 621 852 626 *
874 587 922 612 tim
934 594 986 612 non
997 585 1118 616 credunt,
1134 589 1160 611 et
1170 593 1183 610 a
1196 593 1237 610 me
1250 584 1362 610 insidias
1375 588 1506 613 metuunt,
1516 591 1563 608 nec
1575 586 1668 616 putant

875 624 899 649 ei
910 631 1034 649 nummos
1046 622 1139 648 deesse
1154 631 1245 656 posse,
1263 622 1311 656 qui
1327 630 1360 647 ex
1369 620 1509 647 obsidione
1522 619 1669 645 foenerato-

875 670 917 687 res
929 660 1067 686 exemerit.
1109 659 1224 685 Omnino
1240 658 1402 684 semissibus
1419 666 1514 692 magna
1531 657 1607 691 copia
1618 661 1666 682 est.

875 699 931 733 Ego
946 702 1036 723 autem
1053 697 1120 722 meis
1137 697 1217 722 rebus
1232 697 1315 731 gestis
1332 696 1380 721 hoc
1394 704 1455 720 sum
1471 699 1622 724 assecutus,
1641 698 1670 719 ut

876 736 977 761 bonum
989 742 1085 760 nomen
1097 734 1245 760 existimer.
1285 735 1310 759 3.
1326 734 1439 758 Domum
1451 737 1522 758 tuam
1535 736 1613 765 atque
1626 739 1670 756 ae-

853 787 854 792 =
876 772 1056 798 dificationem
1067 780 1174 797 omnem
1184 770 1320 805 perspexi,
1328 775 1353 796 et
1364 769 1536 795 vehementer
1546 768 1668 802 probari.

877 811 900 836 4.
914 809 1069 839 Antonium,
1081 809 1132 834 etsi
1142 808 1201 834 eius
1213 808 1240 833 in
1252 816 1293 833 me
1303 806 1391 833 officia
1402 815 1495 833 omnes
1507 805 1668 835 desiderant,

876 852 965 874 tamen
977 847 1004 872 in
1016 850 1109 872 senatu
1122 845 1282 881 gravissime
1294 853 1324 870 ac
1335 843 1544 879 diligentissime
1551 841 1669 868 defendi.

877 888 1054 918 senatumque
1070 883 1244 910 vehementer
1257 882 1374 908 oratione
1391 890 1448 907 mea
1465 885 1544 915 atque
1557 879 1672 905 auctori-

877 927 929 948 tate
945 921 1090 948 commovi.
1130 922 1155 947 5.
1178 921 1218 946 Tu
1234 919 1267 946 ad
1282 928 1325 946 me
1341 918 1424 946 velim
1440 918 1540 945 litteras
1552 916 1672 943 crebrius

878 960 977 986 mittaS.
1020 957 1114 995 [Vale]

931 1046 980 1067 VH.
998 1046 1015 1065 A
1023 1047 1040 1065 R
1048 1045 1074 1065 G.
1094 1045 1199 1072 Pompeio
1210 1046 1237 1065 de
1246 1044 1304 1064 uicto
1311 1042 1440 1064 Mithridate
1450 1041 1581 1066 gratulatur,
1592 1040 1635 1061 sihi
1648 1040 1673 1059 il—

879 1082 923 1102 lum
933 1082 960 1101 de
970 1080 1124 1102 coniuratione
1133 1080 1227 1100 disiecta
1238 1087 1281 1100 nun
1291 1078 1399 1104 gratulari
1410 1078 1536 1104 exprobrat.

1085 1117 1172 1138 (Romae,
1183 1117 1252 1136 silano,
1263 1117 1340 1134 Rhium·
1351 1123 1396 1132 coss.
1408 1114 1464 1136 001¹..)

881 1162 917 1189 M.
934 1162 964 1188 T.
981 1161 1016 1188 M.
1032 1161 1062 1187 F.
1080 1159 1223 1187 CICERO
1239 1159 1267 1186 S.
1283 1160 1313 1185 D.
1330 1158 1388 1185 CN.
1404 1155 1593 1186 POMPEIO,
1616 1156 1673 1181 CN.

1036 1199 1066 1225 F.
1088 1197 1240 1228 MAGNO,
1263 1194 1517 1223 IMPERATORI.

940 1243 962 1268 l.
981 1237 1014 1267 S.
1026 1241 1057 1267 T.
1068 1241 1099 1266 E.
1114 1239 1146 1272 Q.
1158 1240 1187 1266 V.
1200 1240 1229 1265 B.
1242 1239 1273 1265 E.
1285 1239 1316 1264 E.
1329 1238 1358 1264 V.
1373 1238 1414 1263 Ex
1426 1237 1521 1263 litteris
1532 1236 1595 1265 tuis,
1609 1243 1676 1269 quas

882 1278 991 1314 publice
1006 1278 1118 1308 misisti,
1136 1277 1195 1311 cepi
1211 1285 1263 1302 una
1277 1284 1339 1302 cum
1350 1274 1477 1301 omnibus
1490 1272 1676 1299 incredibilem

883 1316 1056 1351 voluptatem.
1079 1315 1190 1341 Tantam
1202 1314 1273 1339 enim
1286 1322 1361 1347 spem
1373 1313 1419 1338 otii
1431 1311 1581 1339 ostendisti,
1591 1318 1678 1344 quan—

883 1358 936 1380 tam
952 1362 1001 1389 ego
1017 1361 1124 1387 semper
1146 1351 1273 1377 omnibus
1292 1355 1316 1377 te
1337 1358 1390 1376 uno
1415 1349 1498 1374 fretus
1519 1347 1674 1382 pollicebar.

884 1391 936 1417 Sed
949 1391 998 1416 hoc
1010 1390 1089 1420 scito,
1103 1394 1162 1415 tuos
1174 1393 1276 1414 veteres
1289 1388 1391 1418 hostes,
1406 1394 1488 1412 novos
1503 1386 1617 1414 amicos,
1631 1392 1678 1410 ve-

884 1429 1022 1454 liementer
1034 1427 1128 1453 litteris
1140 1425 1278 1461 perculsos
1290 1430 1368 1459 atquc
1378 1433 1411 1450 ex
1423 1432 1518 1457 magna
1530 1430 1576 1457 spe
1587 1421 1679 1447 detur-

884 1466 959 1492 batos
972 1466 1066 1491 iacere.
1107 1466 1131 1489 2.
1154 1463 1194 1489 Ad
1210 1471 1252 1488 me
1268 1467 1356 1488 autem
1373 1461 1473 1487 litteras
1489 1469 1556 1495 quas
1569 1459 1676 1488 misisti,

884 1511 1049 1538 quamquam
1062 1501 1188 1536 exiguam
1201 1500 1424 1530 significationem
1437 1503 1566 1529 tuat-erga
1578 1505 1620 1522 me
1632 1504 1679 1522 vo-

886 1540 994 1566 luntatis
1005 1539 1153 1569 habebant,
1177 1543 1264 1564 tamen
1277 1537 1344 1563 mihi
1356 1537 1422 1562 scito
1435 1534 1566 1561 iucundas
1579 1533 1676 1559 fuisse:

885 1577 957 1604 nulla
970 1578 1042 1603 enim
1055 1585 1081 1602 re
1094 1581 1146 1602 tam
1159 1575 1249 1601 laetari
1261 1574 1342 1603 soleo,
1351 1582 1432 1608 quam
1445 1580 1565 1598 meorum
1577 1571 1680 1597 officio-

885 1624 944 1641 rum
957 1614 1129 1643 conscientia,
1138 1613 1240 1647 quibus
1251 1611 1392 1646 siquando
1404 1620 1454 1636 non
1467 1615 1560 1635 minuo
1570 1617 1681 1642 respon-

885 1652 976 1683 detur,
994 1651 1064 1686 apud
1082 1659 1123 1676 me
1140 1650 1202 1685 plus
1217 1649 1299 1676 officii
1316 1648 1432 1674 residere
1446 1647 1572 1673 facillime
1585 1646 1678 1680 patior.

885 1689 954 1716 lllud
966 1698 1017 1715 non
1029 1688 1137 1718 dubim,
1155 1688 1236 1722 quin,
1253 1687 1277 1712 si
1293 1691 1316 1712 te
1329 1694 1386 1711 mea
1399 1694 1504 1711 summa
1515 1692 1577 1719 erga
1589 1688 1613 1709 te
1625 1688 1682 1708 stu—

885 1727 929 1753 dia
941 1735 1036 1762 parum
1048 1725 1115 1751 mihi
1127 1725 1313 1754 adiunxerint,
1331 1722 1483 1757 respublica
1495 1730 1542 1747 nos
1556 1722 1682 1746 internos

886 1764 1059 1791 conciliatura
1073 1763 1304 1796 coniuncturaque
1320 1761 1364 1786 sit.
1405 1762 1429 1786 3.
1452 1760 1502 1789 Ae,
1520 1768 1552 1784 ne
1565 1759 1680 1793 ignores,

886 1802 953 1837 quid
965 1810 1014 1835 ego
1028 1801 1053 1827 in
1067 1801 1120 1827 tuis
1133 1799 1228 1825 litteris
1239 1798 1430 1824 desiderarim:
1449 1796 1564 1822 scribam
1582 1800 1681 1830 aperte.

887 1840 957 1865 sicut
972 1835 997 1865 (ἐι
1012 1847 1070 1864 mea
1086 1842 1179 1863 natura
1195 1841 1221 1862 et
1236 1840 1324 1862 nostra
1337 1835 1453 1861 amicitia
1466 1833 1591 1868 postulat.
1633 1832 1684 1858 Res

887 1886 931 1903 eas
945 1877 1032 1911 gessi,
1050 1884 1165 1910 quarum
1182 1873 1300 1908 aliquam
1318 1873 1344 1899 in
1361 1873 1414 1899 tuis
1432 1872 1525 1898 litteris
1541 1875 1565 1897 et
1580 1875 1684 1896 nostrae

888 1913 1097 1940 necessitudinis
1108 1916 1134 1938 et
1145 1911 1310 1946 reipublicae
1321 1918 1414 1936 caussa
1422 1908 1626 1944 gratulationem
1637 1915 1685 1932 ex·

887 1951 1020 1986 spectavi:
1043 1958 1124 1985 quam
1140 1958 1190 1984 ego
1205 1949 1253 1974 abs
1270 1953 1293 1974 te
1310 1947 1526 1982 praetermissam
1542 1954 1600 1971 esse
1613 1945 1685 1970 arbi—

889 1993 954 2019 tror,
977 1987 1049 2022 quod
1070 1995 1205 2017 vererere,
1231 1994 1262 2012 ne
1283 1986 1361 2011 cuius
1384 1985 1504 2010 animum
1525 1982 1683 2009 offenderes.

889 2026 942 2052 Sed
958 2026 1037 2055 scito,
1055 2033 1099 2055 ea,
1117 2032 1186 2059 quae
1203 2032 1250 2049 nos
1266 2031 1313 2057 pro
1329 2021 1414 2048 salute
1427 2022 1525 2056 patriae
1538 2020 1683 2053 ges-sirmis,

889 2063 962 2089 orbis
974 2067 1058 2089 terrae
1070 2061 1171 2088 iudicio
1182 2069 1211 2086 ac
1223 2060 1375 2086 testimonio
1386 2058 1564 2092 comprobari.
1600 2058 1683 2088 Quae,

889 2109 974 2135 quum
987 2099 1102 2129 veneris,
1112 2103 1183 2124 tanto
1194 2097 1306 2123 consilio
1319 2101 1444 2130 tantaque
1456 2095 1538 2121 animi
1551 2094 1687 2128 magnitu—

890 2138 953 2163 dine
965 2146 978 2162 a
991 2145 1032 2162 me
1044 2140 1118 2171 gesta
1130 2144 1188 2161 esse
1200 2143 1356 2169 cognosces
1373 2138 1401 2159 ut
1412 2133 1470 2162 tibi,
1485 2132 1568 2157 multo
1581 2131 1684 2159 maiori.

890 2183 972 2209 quam
986 2173 1126 2199 Africanus
1140 2172 1203 2202 suit,
1217 2180 1272 2201 me,
1287 2180 1338 2196 non
1351 2170 1434 2196 multo
1447 2170 1576 2195 minorem
1586 2189 1591 2198 ,
1605 2176 1685 2201 qaam

893 2211 1026 2240 Laelium,
1045 2209 1121 2235 facile
1137 2214 1162 2235 et
1177 2209 1203 2234 in
1221 2207 1360 2242 republica
1376 2212 1401 2233 et
1418 2207 1444 2233 in
1461 2205 1687 2232 21111i‹·i1i111ut¹=1n-

891 2254 964 2275 ctum
975 2256 1035 2273 esse
1047 2247 1157 2282 patiare.
1200 2244 1294 2281 [vata]

946 2337 1006 2357 vlu.
1023 2336 1039 2356 ,ἱ
1047 2337 1063 2355 Ι(
1073 2336 1099 2355 (ὅ.
1116 2334 1204 2356 (rtis-i,
1221 2334 1243 2353 iu
1254 2334 1339 2353 erinm
1351 2332 1459 2360 profu-eti.
1476 2331 1605 2352 dit-*nitatem
1618 2337 1641 2348 n·
1651 2330 1687 2348 do·-

893 2372 991 2392 I‘endinr·
1002 2371 1091 2391 nrriluitz
1107 2374 1196 2390 vlrtssssl
1210 2369 1332 2396 :nuperi-uri·
1344 2367 1449 2395 tempori-
1461 2366 1603 2387 niun-linum...
1615 2371 1655 2384 nnn
1665 2364 1688 2384 in

893 2412 1002 2434 pontu-rum
1014 2405 1088 2425 ussirin
1100 2405 1224 2432 pallientur,
1265 2407 1276 2421 Η
1282 2413 1327 2421 ·······
1338 2406 1366 2423 ,11
1371 2412 1406 2420 ======
1410 2409 1442 2422 ιω,
1454 2404 1534 2419 stan-tm
1545 2410 1583 2417 ...u
1604 2404 1641 2416 *oo

931 2453 965 2478 M.
985 2452 1015 2477 T.
1033 2451 1063 2477 C.
1079 2450 1107 2477 S.
1127 2451 1157 2476 I).
1178 2450 1213 2475 M.
1232 2449 1380 2475 LICINIO
1397 2448 1424 2473 l‘.
1444 2447 1472 2473 1³.
1489 2444 1650 2472 CtiASSo.

952 2495 973 2519 ⁴.
996 2488 1138 2524 Quantum
1156 2500 1245 2517 nieum
1262 2489 1382 2516 stmlium
1399 2487 1529 2515 exstiterit
1549 2486 1689 2522 dignitatis

894 2536 954 2557 tuae
976 2529 1017 2556 vel
1035 2529 1163 2559 tuendae,
1187 2528 1227 2554 vel
1245 2528 1324 2553 etiam
1341 2526 1492 2561 augendae.
1515 2533 1566 2551 non
1582 2523 1686 2552 dubito.

893 2568 959 2603 quin
976 2567 1008 2593 ad
1026 2571 1050 2593 te
1064 2575 1157 2593 omnes
1173 2566 1210 2592 tui
1222 2564 1389 2599 scripserint.
1431 2564 1487 2589 Non
1499 2562 1571 2588 enim
1584 2561 1633 2587 suit
1645 2565 1690 2586 aut

895 2605 1027 2631 mediocre
1044 2609 1089 2630 aut
1103 2603 1249 2629 obscurum
1265 2607 1309 2628 aut
1325 2600 1473 2631 eiusmodi,
1494 2599 1566 2635 quod
1583 2598 1690 2624 silentio

894 2647 984 2678 posset
999 2641 1148 2677 praeteriri.
1190 2641 1255 2666 Nam
1271 2644 1296 2666 et
1310 2647 1372 2665 cum
1388 2637 1561 2666 consulibus.
1584 2641 1610 2662 et
1627 2643 1689 2661 cum
