1941 3052
323 110 653 138 EPISTOLARUM
683 111 738 137 AD
766 109 996 137 DIVERSOS
1026 110 1107 137 LIB.
1130 110 1207 136 xiv.

63 181 141 214 Quod
152 181 255 207 utinam
266 181 358 207 minus
369 181 439 208 vitae
451 182 545 217 cupidi
556 181 718 208 fuissemus!
736 186 806 208 certe
818 182 860 208 ni-

64 219 117 250 hil,
135 223 180 245 aut
195 227 247 245 non
259 218 374 245 multum
386 219 414 245 in
426 219 480 246 vita
492 219 557 246 mali
568 219 744 246 vidissemus.
783 218 860 251 Quod

64 257 88 284 si
99 265 147 283 nos
162 255 195 282 ad
211 255 330 291 aliquam
346 255 462 282 alicuius
478 256 613 283 commodi
626 256 773 292 aliquando
783 264 861 282 recu-

64 292 176 329 perandi
187 302 264 328 spem
275 292 379 320 fortuna
391 294 551 325 reservavit,
565 295 657 320 minus
667 299 707 320 est
718 298 834 320 erratum
846 302 859 319 a

65 331 157 357 nobis:
171 331 214 357 sin
226 330 291 357 haec
302 330 372 357 mala
383 331 435 357 lixa
450 335 526 363 sunt,
543 340 592 367 ego
603 340 666 358 vero
677 336 702 358 te
711 340 793 366 quam
804 331 861 365 pri-

65 377 150 398 mum,
163 377 222 394 mea
233 369 297 399 vita,
305 368 386 403 cupio
398 368 490 394 videre
501 373 527 394 et
538 370 566 394 in
578 373 623 395 tuo
633 368 777 403 complexu
787 376 862 394 emo-

64 406 101 432 ri:
123 404 232 440 quando
243 414 330 440 neque
342 405 390 436 dii,
403 414 471 440 quos
483 410 511 432 tu
522 406 673 432 castissime
683 405 800 436 coluisti,
814 413 862 432 ne-

64 451 118 477 que
129 442 252 468 homines
260 463 266 473 ‚
283 443 386 477 quibus
400 451 449 478 ego
460 451 567 477 semper
578 443 693 474 servivi,
711 443 789 469 nobis
800 451 862 478 gra—

65 481 129 506 tiam
140 479 298 506 retulerunt.
338 482 363 506 2.
386 480 439 506 Nos
450 480 588 506 Brundisii
599 480 671 515 apud
682 481 718 507 M.
731 480 861 506 Laenium

64 516 191 543 Flaccum
203 517 262 543 dies
272 525 323 543 xm
334 517 450 548 fuimus.
465 518 554 544 virum
566 519 712 552 optimum,
730 518 778 552 qui
790 517 862 551 peri-

64 554 158 580 culum
173 553 340 581 fortunarum
356 559 382 581 et
396 555 492 589 capitis
507 555 551 581 sui
566 563 629 589 prae
644 563 703 581 mea
717 554 803 581 salute
814 562 862 580 ne·

64 591 163 627 glexit,
186 600 274 626 neque
296 591 363 627 legis
385 592 602 626 improbissimae
622 600 707 626 poena
728 591 861 617 deductus

64 633 118 660 est,
135 637 189 664 quo
205 630 296 655 minus
312 629 423 664 hospitii
439 634 464 655 et
479 630 614 655 amicitiae
630 630 673 655 ius
686 629 861 663 officiumque

65 671 220 700 praestaret.
260 666 329 692 Huic
344 667 447 693 utinam
463 665 609 701 aliquando
628 667 742 702 gratiam
763 665 862 692 referre

66 704 215 738 possimus!
239 703 401 730 habebimus
415 703 526 738 quidem
542 712 658 738 semper.
699 705 724 730 3.
745 702 862 729 Brundi-

64 742 105 767 sio
121 740 232 775 profecti
248 749 343 767 sumus
359 749 384 766 a.
401 740 428 766 d.
444 749 471 767 v.
489 739 622 767 Kalendas
633 741 706 767 Maii.
746 741 795 767 Per
805 740 863 766 Ma—

64 778 204 804 cedoniam
218 777 346 813 Cyzicum
362 777 531 812 petebamus.
571 777 593 804 O
609 787 651 804 me
667 777 817 813 perditum!
840 777 862 804 Ο

65 814 206 841 afflictum!
228 814 295 850 quid
306 823 378 841 nunc
392 823 483 851 rogem
499 820 537 846 te,
554 815 701 846 utvenias‚
719 814 862 841 mulierem

65 861 171 888 aegram
180 873 186 883 ,
203 857 230 878 et
243 860 352 887 corpore
366 857 392 879 et
402 853 492 879 animo
503 852 668 880 consectam?
683 853 742 879 Non
752 851 863 888 rogem?

64 891 122 916 sine
134 895 158 916 te
170 890 253 926 igitur
263 888 334 916 sim‘?
353 889 464 925 Opinor,
477 891 517 916 sic
528 899 616 926 agam.
648 890 678 917 Si
689 895 730 916 est
740 898 802 925 spes
814 898 863 916 no—

64 927 113 954 stri
128 927 245 959 reditus,
266 935 325 953 eam
341 927 482 954 confirmes
497 932 523 954 et
538 936 594 954 rem
609 927 736 954 adiuves:
759 927 815 958 sin,
833 931 863 953 ut

64 973 113 1000 ego
123 969 222 995 metuo.
230 969 394 992 transactum
405 969 454 996 est,
467 974 576 1000 quoquo
587 965 666 991 modo
676 970 760 1000 potes,
774 964 807 990 ad
819 973 862 990 me

64 1002 106 1029 fac
116 1003 219 1029 venias.
260 1002 349 1028 Unum
361 1002 411 1028 hoc
422 1003 503 1029 scito:
519 1003 543 1029 si
555 1007 580 1029 te
591 1002 710 1034 habebo,
728 1011 779 1028 non
793 1002 861 1028 mihi

64 1039 178 1066 videbor
188 1039 267 1074 plane
278 1040 392 1072 perisse.
414 1039 466 1066 Sed
480 1040 547 1075 quid
559 1040 592 1066 de
604 1039 718 1066 Tulliola
729 1048 788 1066 mea
801 1039 863 1066 fiet?

63 1077 118 1103 iam
129 1077 157 1103 id
168 1085 216 1103 vos
227 1076 331 1104 videte:
354 1077 421 1103 mihi
433 1077 509 1105 deest
518 1077 674 1104 consilium.
715 1076 769 1103 Sed
780 1081 860 1108 certe,

63 1123 174 1150 quoquo
184 1114 263 1141 modo
273 1122 302 1141 se
316 1123 359 1141 res
370 1114 493 1147 habebit,
511 1115 586 1142 illius
600 1114 721 1141 misellae
733 1119 758 1141 et
769 1115 863 1141 matri-

64 1152 154 1178 monio
165 1157 190 1178 et
202 1152 287 1178 famae
299 1152 473 1179 serviendum
485 1157 534 1179 est.
574 1152 665 1185 Quid?
678 1152 771 1179 Cicero
784 1160 862 1178 meus

64 1189 132 1224 quid
147 1188 225 1225 aget?
244 1190 295 1216 Iste
311 1198 375 1216 vero
389 1190 425 1216 sit
438 1190 467 1216 in
481 1190 544 1216 sinu
559 1198 667 1225 semper
682 1194 707 1216 et
717 1189 862 1225 complexu

65 1235 134 1253 meo.
169 1227 228 1253 Non
238 1235 309 1262 queo
318 1226 396 1262 plura
408 1227 460 1254 iam
471 1227 604 1254 scribere:
622 1227 737 1262 impedit
747 1235 860 1254 maeror.

64 1264 104 1290 Tu
118 1263 186 1298 quid
206 1265 307 1300 egeris.
330 1265 434 1291 nescio:
457 1269 548 1291 utrum
568 1264 673 1300 aliquid
690 1269 793 1296 teneas,
816 1273 860 1296 an,

63 1301 137 1336 quod
149 1306 248 1332 metuo,
261 1301 340 1336 plane
352 1302 390 1327 sis
401 1301 524 1336 spoliata.
565 1303 590 1329 4.
607 1302 740 1333 Pisonem.
754 1306 784 1329 ut
795 1302 863 1328 scri-

64 1338 116 1369 bis.
133 1347 212 1373 spero
227 1338 282 1365 fore
297 1347 404 1374 semper
418 1344 549 1366 nostrum.
589 1340 625 1366 De
637 1338 739 1366 familia
751 1339 862 1366 liberata

64 1375 133 1402 nihil
145 1380 194 1407 est,
208 1376 280 1411 quod
292 1381 316 1403 te
328 1381 443 1403 moveat.
483 1377 618 1409 Primum,
632 1377 687 1404 tuis
698 1378 734 1403 ita
745 1377 863 1412 promis-

63 1421 125 1439 sum
137 1418 189 1444 est,
213 1419 237 1440 te
250 1413 378 1440 facturam
390 1422 462 1445 esse,
484 1419 514 1441 ut
527 1414 644 1450 quisque
655 1419 726 1441 esset
737 1414 859 1441 meritus.

63 1450 112 1477 Est
122 1455 212 1477 autem
224 1451 251 1477 in
261 1450 350 1478 officio
360 1451 449 1478 adhuc
460 1451 599 1486 Orpheus:
617 1456 752 1487 praeterea
764 1460 862 1487 magno

63 1496 143 1522 opere
155 1497 243 1515 nemo.
284 1488 437 1515 Ceterorum
449 1497 590 1516 servorum
601 1497 631 1516 ea
641 1498 737 1516 caussa
749 1494 802 1520 est,
820 1493 859 1520 ut,

63 1526 87 1551 si
99 1534 141 1552 res
151 1534 164 1551 a
177 1525 255 1552 nobis
267 1526 369 1552 abisset
379 1526 400 1557 ’,
415 1525 505 1553 liberti
516 1528 600 1553 nostri
610 1531 708 1558 essent,
720 1527 744 1553 si
755 1526 862 1553 obtine-

63 1570 91 1588 re
102 1564 266 1597 potuissent:
280 1564 322 1590 sin
334 1563 366 1589 ad
379 1572 427 1590 nos
438 1564 611 1598 pertinerent,
628 1565 769 1595 servirent,
783 1572 862 1599 prae-

63 1604 185 1635 terquam
206 1601 306 1636 oppido
321 1601 411 1636 pauci.
451 1601 504 1628 Sed
521 1601 586 1628 haec
601 1602 704 1628 minora
720 1606 793 1628 sunt.
834 1602 859 1627 5.

62 1637 103 1664 Tu
119 1637 191 1672 quod
207 1647 249 1664 me
265 1638 392 1669 hortaris,
415 1643 445 1665 ut
459 1639 549 1665 animo
564 1639 617 1665 sim
633 1647 731 1675 magno
745 1643 771 1665 et
784 1647 861 1673 spem

63 1674 177 1701 habeam
189 1675 387 1710 recuperandae
399 1675 508 1702 salutis:
526 1676 554 1702 id
570 1676 652 1703 velim
669 1678 704 1704 sit
714 1676 858 1707 eiusmodi,

63 1717 93 1738 ut
102 1717 173 1739 recte
184 1721 291 1748 sperare
304 1713 450 1748 possimus.
476 1714 563 1745 Nunc,
577 1715 668 1745 miser,
681 1713 790 1749 quando
801 1718 861 1740 tuas

63 1749 117 1776 iam
129 1749 230 1776 litteras
241 1750 390 1785 accipiam?
408 1751 471 1786 quis
483 1751 516 1777 ad
528 1759 570 1777 me
582 1751 715 1786 perferet?
728 1759 798 1786 quas
811 1759 861 1787 ego

62 1791 261 1822 exspectassem
275 1788 427 1820 Brundisii,
445 1789 469 1815 si
485 1793 555 1815 esset
570 1788 675 1816 licitum
690 1797 739 1824 per
754 1794 858 1820 nautas,

62 1825 111 1859 qui
122 1828 307 1860 tempestatem
318 1827 528 1860 praetermittere
540 1826 695 1854 noluerunt.
730 1826 808 1859 Quod
818 1834 861 1852 re-

63 1860 169 1896 liquum
181 1866 230 1894 est,
242 1867 361 1889 sustenta
373 1867 411 1895 te,
428 1872 486 1890 mea
497 1864 629 1895 Terentia¹
642 1869 672 1891 ut
681 1868 767 1899 poteS.
808 1864 861 1890 llo-

62 1899 216 1925 nestissime
228 1899 362 1926 viximus:
376 1899 526 1928 floruimus.
548 1902 606 1928 Non
618 1902 716 1929 vitium
726 1905 858 1932 nostrum.

62 1935 110 1962 sed
127 1936 212 1963 virtus
229 1942 316 1964 nostra
332 1946 380 1963 nos
391 1937 497 1965 afflixit.
537 1939 679 1966 Peccatum
690 1944 731 1966 est
742 1938 858 1970 nullum,

63 1973 116 1999 nisi
137 1973 209 2008 quod
230 1982 282 2000 non
303 1982 357 2000 una
377 1975 495 2001 animam
511 1984 573 2002 cum
587 1977 752 2003 ornamentis
766 1977 861 2003 amisi-

63 2018 134 2037 mus.
176 2010 229 2037 Sed
240 2012 263 2037 si
276 2011 326 2037 hoc
338 2010 388 2038 suit
403 2011 497 2038 liberis
508 2014 606 2040 nostris
617 2014 734 2049 gratius.
755 2021 802 2040 nos
818 2014 861 2040 vi-

63 2056 139 2074 vere:
155 2053 255 2079 cetera,
273 2057 438 2084 quamquam
451 2049 559 2076 serenda
571 2059 623 2077 non
635 2055 711 2081 sunt,
730 2050 858 2078 seramus.

62 2085 149 2120 Atque
161 2094 223 2121 ego.
242 2086 289 2120 qui
302 2090 326 2112 te
337 2086 478 2118 confirmo.
493 2088 550 2122 ipse
561 2096 604 2114 me
616 2097 667 2115 non
679 2097 800 2123 possum.
833 2090 858 2114 6.

61 2122 186 2149 Clodium
199 2123 389 2155 Philetaerum,
405 2123 478 2159 quod
491 2124 645 2152 valetudine
655 2125 795 2152 oculorum
809 2126 860 2151 im-

62 2159 231 2194 pediebatur,
246 2160 383 2187 hominem
397 2161 512 2192 lidclcm,
526 2163 629 2189 remisi.
660 2162 808 2190 Sallustius
819 2162 860 2189 of-

62 2196 122 2223 ficio
133 2198 218 2224 vincit
227 2206 332 2224 omues.
372 2199 536 2225 Pescennius
552 2205 592 2226 est
603 2199 801 2235 perbenevolus
812 2209 860 2226 no-

62 2233 118 2261 bis:
131 2243 213 2270 quem
224 2243 332 2270 semper
342 2244 420 2270 spero
432 2236 470 2262 tui
483 2235 537 2262 sore
548 2236 748 2264 observantem.
783 2238 859 2265 Sicca

61 2270 174 2303 dixerat.
187 2280 216 2299 se
228 2281 334 2298 mecum
347 2272 416 2299 fore:
428 2273 475 2299 sed
487 2274 632 2301 Brundisio
642 2274 778 2302 discessit.
805 2276 860 2302 Cu-

63 2316 99 2339 ra.
111 2309 199 2344 quoad
211 2314 296 2344 potes,
310 2314 339 2336 ut
350 2310 453 2336 valeas:
469 2311 545 2337 etsie
556 2312 706 2343 existimes,
722 2321 764 2339 me
777 2312 859 2339 vehe-

62 2346 180 2373 mentius
201 2351 245 2373 tua
267 2347 388 2378 miseria„
411 2356 493 2383 quam
514 2357 572 2374 mea
587 2351 761 2376 commoveri.
802 2350 859 2376 Mea

61 2381 192 2416 Terentia,
207 2384 338 2411 fidissima
350 2389 430 2420 atquc
441 2386 541 2420 optima
553 2394 630 2417 uxor,
643 2391 669 2413 et
679 2395 738 2413 mea
749 2387 859 2413 carissi-

61 2427 105 2447 ma
118 2419 208 2453 filiola,
221 2426 247 2448 et
257 2430 320 2456 spes
331 2422 433 2457 reliqua
446 2427 544 2454 nostru.
557 2423 659 2455 Cicero,
674 2423 769 2451 valete.
800 2424 859 2451 Pri-

61 2455 106 2484 die
115 2457 249 2486 Kalendas
263 2459 326 2486 Maii
337 2459 491 2487 Brundisio.

111 2548 138 2569 V.
154 2549 230 2569 ΛΚΕ.
246 2549 368 2571 Terentiae
387 2554 408 2570 et
424 2550 517 2570 reditun·
533 2557 545 2571 e
559 2550 641 2571 Cilici·
655 2550 769 2577 provi-ei·
784 2555 817 2576 ct.
834 2558 858 2573 ιο

61 2589 135 2603 omnen
146 2583 194 2604 eiu·
204 2583 311 2611 epistol·-
322 2584 442 2612 ucecpiue,
454 2585 551 2606 nuntiat:
563 2585 681 2610 signifieat.
692 2585 745 2611 nihi.
760 2586 779 2607 ui
794 2594 856 2614 quam

62 2615 190 2642 langiu-ime
200 2618 284 2639 obviam
297 2619 382 2644 veniat,
394 2624 477 2645 gramm
490 2621 549 2644 fore.
560 2625 580 2641 ct
592 2621 724 2643 hereditati·
735 2623 857 2644 Prodamne

61 2657 132 2672 cirrum
143 2652 266 2674 «lemn-adn.
297 2656 380 2679 (Paullo,
391 2657 483 2676 Murano
494 2664 539 2675 mu.
552 2660 575 2676 :u
581 2663 607 2681 κ]

1240 110 1260 136 Ε
1273 110 1302 136 Ρ.
1326 112 1338 136 Ξ
1359 125 1395 129 —
1415 110 1440 135 7.
1656 111 1707 137 779

931 181 967 207 M.
983 181 1013 207 T.
1029 180 1058 208 C.
1075 180 1104 208 S.
1118 181 1148 207 P.
1163 181 1193 207 D.
1209 180 1401 207 TERENTIAE
1422 180 1466 206 ET
1486 180 1584 207 TULL.
1605 180 1688 207 SCIS.

971 219 993 244 l.
1017 213 1050 244 Si
1061 223 1087 244 tu
1100 223 1125 245 et
1135 217 1232 249 Tullia,
1246 217 1294 244 lux
1305 222 1407 249 nostra,
1421 217 1531 249 valetis,
1547 226 1597 254 ego
1610 223 1636 244 et
1646 227 1710 244 sua-

912 255 1044 282 vissimus
1055 255 1148 282 Cicero
1158 255 1291 282 valemus.
1313 255 1402 281 Pridie
1413 255 1476 281 Idus
1487 255 1616 282 Octobres
1627 255 1710 282 Athe-

913 301 961 318 nas
972 293 1112 324 venimus,
1128 301 1214 328 quum
1225 301 1289 319 sane
1301 291 1422 319 adversis
1433 293 1521 319 ventis
1533 293 1576 319 usi
1587 301 1710 319 essemus

913 329 1042 364 tardeque
1065 335 1092 356 et
1115 330 1285 356 incommode
1313 330 1529 365 navigassemus.
1578 331 1615 356 De
1642 338 1710 356 nave

913 367 1077 393 exeuntibus
1089 367 1166 394 nobis
1172 368 1286 394 Acastus
1297 376 1359 393 cum
1372 367 1466 393 litteris
1478 372 1584 402 praesto
1595 367 1647 394 fuit
1657 376 1712 394 uno

913 409 938 430 et
949 405 1079 430 vicesimo
1094 404 1152 435 die.
1171 413 1234 431 sane
1250 410 1368 431 strenue.
1409 404 1507 439 Accepi
1525 410 1584 431 tuas
1599 405 1709 435 litteras.

913 441 1015 476 quibus
1031 441 1151 467 intellexi
1167 447 1191 467 te
1207 442 1307 472 vereri„
1326 450 1358 467 ne
1374 442 1527 476 superiores
1539 442 1607 468 mihi
1619 442 1712 468 reddi—

913 482 954 504 tae
966 487 1018 504 non
1030 484 1129 505 essent.
1170 479 1270 505 Omnes
1284 484 1347 505 sunt
1358 478 1476 505 redditae
1487 479 1712 514 diligentissime-

913 523 966 550 que
981 524 995 541 a
1012 520 1036 541 te
1053 516 1201 550 perscripta
1215 521 1278 542 sunt
1293 517 1398 542 omnia:
1414 516 1498 551 idque
1508 517 1576 543 mihi
1587 517 1711 552 gratissi-

914 561 989 578 mum
1006 552 1066 579 fuit.
1106 553 1200 588 Neque
1215 562 1277 579 sum
1297 553 1446 579 admiratus
1466 553 1535 580 hanc
1558 554 1708 589 epistolam,

913 598 995 624 quam
1006 590 1120 616 Acastus
1134 590 1236 622 attulit,
1254 590 1365 617 brevem
1382 590 1476 617 fuisse.
1517 591 1571 617 lam
1583 592 1656 617 enim
1669 599 1711 617 me

914 627 1005 662 ipsum
1021 632 1174 662 exspect-w,
1193 628 1252 654 sive
1268 636 1316 654 nos
1332 629 1419 662 ipsos,
1437 629 1486 663 qui
1502 628 1613 663 quidem
1629 637 1711 664 quam

913 665 1033 699 primum
1049 664 1082 691 ad
1098 673 1146 691 vos
1156 665 1249 691 venire
1260 665 1400 700 cupimus:
1417 665 1481 696 etsi,
1500 666 1527 692 in
1543 674 1625 700 quam
1640 674 1713 692 rem-

912 701 1051 736 publicam
1063 703 1214 733 veniamus,
1228 702 1359 738 intelligo.
1381 702 1501 738 Cognovi
1512 704 1584 729 enim
1596 712 1630 730 ex
1640 703 1713 729 mul-

914 744 1001 765 torum
1012 739 1161 766 amicorum
1173 739 1282 770 litteris,
1298 748 1366 774 quas
1377 739 1467 766 attulit
1478 740 1604 771 Acastus.
1622 740 1655 767 ad
1670 750 1712 767 ar-

913 785 956 802 ma
968 784 1024 802 rem
1036 781 1164 811 spectare,
1178 781 1208 803 ut
1221 777 1303 808 mihi,
1316 785 1402 811 quum
1414 785 1525 807 venero,
1538 777 1712 804 dissimulare

913 822 966 840 non
978 813 1065 844 liceat,
1078 813 1145 849 quid
1157 814 1282 841 sentiam.
1309 813 1371 845 Sed,
1384 813 1493 849 quando
1504 814 1647 841 subeunda
1659 814 1712 841 for-

913 855 977 877 tuna
989 855 1037 882 est,
1050 859 1081 877 eo
1091 851 1173 877 citius
1184 851 1312 878 dabimus
1322 860 1441 886 operam,
1454 855 1483 877 ut
1493 852 1644 883 veniamus,
1658 860 1713 887 quo

914 887 1022 914 facilius
1037 888 1070 914 de
1086 893 1137 915 tota
1153 897 1181 915 re
1197 888 1390 915 deliberemus.
1425 890 1450 915 2.
1473 889 1512 915 Tu
1527 888 1622 921 velim,
1639 888 1712 925 quod

914 925 1054 952 commodo
1066 925 1231 952 valetudinis
1242 931 1303 953 tuae
1314 926 1372 957 fiat,
1390 934 1473 961 quam
1489 925 1647 962 longissime
1664 935 1713 961 po-

914 963 990 993 teris,
1007 963 1116 989 obviam
1128 963 1206 990 nobis
1217 972 1354 998 properes.
1396 965 1420 990 3.
1442 964 1478 989 De
1490 963 1638 990 hereditate
1649 964 1713 990 Pre-

914 1001 1004 1031 ciana,
1026 1009 1095 1035 quae
1116 1000 1228 1036 quidem
1250 1001 1318 1027 mihi
1334 1009 1431 1037 magno
1447 1000 1532 1027 dolori
1548 1006 1601 1032 est,
1623 1001 1713 1036 (valde

914 1038 987 1064 enim
1002 1037 1081 1064 illum
1098 1038 1209 1074 amavi,)
1225 1038 1275 1065 hoc
1292 1038 1375 1065 velim
1395 1046 1487 1064 cures:
1510 1039 1533 1064 si
1549 1039 1637 1065 auctio
1652 1044 1713 1065 ante

914 1084 1005 1101 meum
1016 1075 1163 1102 adventum
1176 1075 1232 1107 fiet,
1250 1081 1280 1102 ut
1290 1076 1455 1111 Pomponius
1466 1080 1525 1107 aut,
1542 1077 1565 1102 si
1582 1077 1605 1102 is
1621 1077 1713 1102 minus

913 1113 1018 1148 poterit,
1031 1112 1162 1140 Camillus
1174 1118 1295 1140 nostrum
1306 1114 1445 1149 negotium
1455 1118 1540 1140 curet.
1562 1114 1616 1140 Nos
1627 1122 1713 1149 quum

913 1150 982 1177 salvi
994 1151 1164 1182 venerimus,
1180 1150 1285 1186 reliqua
1296 1159 1344 1186 per
1355 1160 1403 1177 nos
1414 1159 1540 1186 agemus:
1557 1151 1599 1177 sin
1616 1155 1644 1177 tu
1659 1152 1712 1177 iam

914 1188 998 1214 Roma
1020 1187 1137 1223 profecta
1158 1189 1225 1219 eris,
1247 1193 1336 1215 tamen
1350 1188 1473 1219 curabis,
1497 1193 1526 1214 ut
1541 1188 1591 1214 hoc
1606 1189 1641 1215 ita
1657 1188 1711 1215 flat.

913 1226 967 1252 Nos
977 1225 1001 1251 si
1012 1225 1050 1251 dii
1062 1225 1240 1257 adiuvabunt‚
1253 1226 1359 1253 circiter
1369 1225 1433 1252 Idus
1444 1225 1612 1252 Novembres
1623 1226 1651 1252 in
1661 1226 1714 1252 lta-

914 1262 948 1288 lia
962 1271 1104 1297 speramus
1120 1262 1185 1290 fore.
1225 1264 1292 1295 Vos,
1309 1272 1368 1290 mea
1382 1263 1546 1289 suavissima
1561 1267 1587 1290 et
1600 1264 1714 1298 optatis-

912 1301 982 1326 sima
993 1301 1115 1326 Terentia
1127 1305 1153 1327 et
1163 1300 1295 1332 Tulliola,
1308 1301 1332 1327 si
1343 1309 1391 1327 nos
1401 1300 1511 1331 amatis,
1523 1305 1614 1327 curate
1626 1305 1655 1327 ut
1666 1309 1714 1326 va-

914 1336 1001 1364 leatis.
1041 1337 1164 1370 Athenis,
1178 1347 1203 1365 a.
1215 1337 1243 1364 d.
1255 1346 1303 1364 xv.
1316 1337 1451 1364 Kalendas
1462 1337 1608 1364 Novembr.

966 1415 1005 1436 w.
1025 1415 1101 1436 ΑΚΘ.
1121 1415 1219 1436 Excusat
1228 1415 1401 1442 infrequentiam
1411 1415 1544 1439 litterarum.
1556 1414 1679 1435 Terentiae
1690 1414 1712 1435 in

913 1449 1014 1470 Tulliam
1026 1450 1101 1471 officia
1111 1449 1194 1475 laudnt.
1206 1450 1313 1471 Pollicem
1325 1454 1446 1478 exspectat.

1004 1489 1035 1510 (In
1045 1488 1110 1505 uniri»
1118 1488 1212 1511 Pompeii,
1222 1488 1300 1505 (ἵει-’.ιτς
1312 1488 1336 1506 ll.
1348 1488 1404 1505 δεῖν.
1416 1486 1497 1505 Isaurico
1507 1493 1553 1504 ron.
1564 1487 1618 1509 706.)

913 1532 949 1558 Μ.
965 1531 994 1557 T.
1010 1530 1040 1558 C.
1060 1530 1087 1557 S.
1102 1531 1132 1557 P.
1153 1532 1182 1557 D.
1205 1530 1432 1557 TERENTIAE
1457 1530 1504 1556 ET
1528 1530 1710 1557 TULLIAE.

969 1563 1031 1594 Nec
1042 1577 1121 1603 saepe
1132 1574 1181 1600 est,
1200 1570 1243 1594 eui
1258 1568 1357 1595 litteras
1372 1567 1482 1594 demus:
1500 1577 1548 1594 nec
1560 1576 1616 1594 rem
1628 1567 1712 1594 liabe-

913 1615 974 1632 mus
985 1605 1078 1636 ullam.
1095 1615 1177 1641 quam
1188 1606 1306 1632 scribere
1319 1605 1446 1632 velimus.
1486 1605 1527 1631 Ex
1539 1606 1592 1632 tuis
1605 1604 1709 1632 litteris.

913 1652 981 1678 quas
995 1644 1118 1678 proxime
1130 1644 1235 1678 accepi,
1253 1643 1368 1679 cognovi
1384 1642 1525 1677 praedium
1542 1642 1648 1669 nullum
1665 1651 1712 1668 ve-

913 1681 970 1707 nire
981 1681 1112 1716 potuisse.
1128 1680 1216 1713 Quare
1227 1680 1341 1707 videatis
1353 1680 1445 1711 velim,
1454 1679 1589 1715 quomodo
1599 1680 1713 1706 satisfiat

912 1719 947 1749 ei,
960 1719 1005 1745 cui
1016 1719 1092 1744 scitis
1104 1727 1146 1744 me
1157 1718 1283 1745 satisfieri
1296 1718 1375 1744 velle.
1401 1717 1479 1750 Quod
1491 1722 1578 1744 nostra
1591 1717 1640 1744 tibi
1650 1726 1712 1753 gra-

913 1757 963 1782 tias
974 1756 1038 1792 agit,
1053 1755 1080 1782 id
1091 1764 1141 1792 ego
1155 1765 1206 1782 non
1219 1756 1301 1782 miror
1313 1760 1336 1782 te
1349 1756 1460 1786 mereri,
1474 1760 1503 1781 ut
1513 1763 1543 1781 ea
1556 1754 1605 1781 tibi
1618 1756 1712 1781 merito

913 1798 958 1820 tuo
972 1793 1073 1829 gratias
1084 1802 1162 1829 agere
1174 1794 1269 1828 possit.
1310 1792 1452 1823 Pollicem,
1469 1792 1493 1818 si
1507 1792 1596 1818 adbuc
1608 1801 1661 1819 non
1673 1797 1712 1818 est

912 1830 1057 1866 profectus,
1069 1839 1152 1866 quam
1164 1831 1283 1866 primum
1299 1830 1339 1857 fac
1350 1829 1487 1857 extrudas.
1529 1829 1607 1861 Cura,
1625 1834 1654 1857 ut
1666 1838 1712 1855 va-

913 1868 978 1895 leas.
1018 1868 1112 1895 Idibus
1122 1868 1236 1901 Quintil.

965 1937 1015 1958 VH.
1032 1937 1108 1958 ΑΒΘ.
1127 1937 1307 1959 Sollicitudinem
1322 1943 1346 1956 ιε
1361 1936 1493 1964 depo-uine
1504 1935 1622 1961 aignifint.
1651 1936 1711 1956 l‘xn-

912 1979 956 1994 rem
968 1973 994 1993 nd
1003 1972 1157 1994 fortitudinem
1169 1972 1237 1993 animi
1248 1975 1269 1993 et
1280 1972 1306 1992 act
1316 1971 1452 1992 valetudini·
1462 1978 1535 1992 cunm
1547 1971 1656 1992 hort-tur.

1047 2011 1078 2033 (1η
1089 2014 1143 2034 portu
1153 2010 1249 2029 c-ieuuo.
1259 2010 1358 2029 Marcello.
1370 2009 1450 2026 Lentulo
1461 2015 1507 2026 «m.
1520 2010 1574 2028 70⁵.)

912 2053 947 2080 M.
967 2053 997 2080 T.
1020 2053 1049 2080 C.
1072 2053 1100 2080 S.
1122 2053 1151 2080 1‘.
1172 2053 1202 2079 Ι).
1224 2052 1417 2079 TERENTIAE
1439 2052 1526 2079 SUAE
1547 2052 1592 2079 ET
1612 2052 1710 2079 TULL.

969 2092 991 2116 l.
1010 2085 1118 2117 Omnes
1130 2089 1267 2117 molestias
1279 2095 1304 2116 et
1315 2089 1523 2119 sollicitudines,
1537 2089 1639 2124 quibus
1651 2094 1676 2115 ct
1688 2094 1711 2116 te

913 2127 1093 2154 miserrimam
1105 2127 1203 2158 habui,
1218 2126 1245 2153 id
1256 2127 1329 2162 quod
1341 2127 1409 2153 mihi
1424 2126 1648 2153 molestissimum
1659 2131 1708 2155 cst.

912 2164 1124 2199 Tulliolamque.
1138 2173 1207 2199 quac
1220 2164 1298 2190 nobis
1313 2169 1401 2190 nostra
1414 2165 1467 2190 vita
1479 2164 1586 2190 dulcior
1596 2169 1649 2193 cst,
1663 2163 1711 2189 de-

911 2202 991 2236 posui
1002 2206 1027 2228 et
1039 2202 1116 2228 eieci.
1157 2201 1228 2234 Quid
1240 2209 1352 2227 caussae
1363 2206 1452 2227 autem
1469 2201 1562 2232 fuerit.
1580 2200 1711 2236 postridie

913 2238 1043 2270 intellexi.
1057 2247 1139 2274 quam
1151 2248 1165 2265 a
1178 2238 1255 2265 vobis
1265 2238 1394 2264 discessi:
1414 2238 1495 2272 χολὴν
1505 2238 1618 2273 rixentur
1632 2243 1709 2264 noctu

911 2276 989 2302 eieci.
1029 2276 1124 2302 Statim
1141 2276 1176 2302 ita
1192 2284 1253 2301 sum
1271 2275 1388 2306 levatus.
1406 2279 1436 2301 ut
1452 2275 1519 2301 milii
1530 2274 1598 2301 deus
1610 2274 1710 2310 aliquis

911 2313 1074 2340 medicinam
1097 2312 1193 2339 [ocimo
1215 2312 1347 2338 videatur.
1388 2312 1438 2338 Cui
1465 2311 1577 2347 quidem
1599 2317 1626 2338 tu
1648 2311 1708 2341 deo.

910 2349 1141 2386 quemadmodum
1157 2349 1241 2380 soles,
1262 2350 1306 2384 pie
1321 2354 1346 2376 et
1360 2354 1432 2375 caste
1446 2348 1608 2378 satisfacias,
1628 2348 1654 2375 id
1670 2353 1710 2375 est

911 2387 1030 2423 Apollini
1045 2392 1071 2414 et
1088 2387 1258 2422 Aesculapio.
1299 2388 1324 2413 9..
1347 2387 1448 2412 Navem
1464 2395 1543 2421 spero
1563 2395 1611 2412 nos
1632 2385 1710 2412 valde

911 2425 1008 2451 bonnm
1025 2424 1136 2451 habere:
1162 2425 1187 2451 in
1204 2432 1262 2450 cam
1281 2423 1391 2450 simulat
1414 2432 1446 2449 uc
1465 2422 1625 2452 conscendi,
1644 2423 1709 2449 haec

909 2463 1018 2497 scripsi.
1063 2461 1164 2488 Deinde
1189 2461 1358 2488 conscribam
1383 2469 1406 2486 m
1437 2465 1540 2487 nostros
1562 2460 1708 2487 fniniliarcs

880 2525 881 2530 ,
911 2500 1008 2526 multas
1020 2499 1161 2534 epistolas,
1174 2499 1277 2534 quibus
1289 2504 1312 2525 te
1323 2504 1348 2525 ct
1360 2497 1502 2525 Tulliolam
1516 2502 1633 2524 nostram
1645 2497 1708 2524 dili-

929 2538 1068 2563 cntissimc
1079 2536 1284 2563 commendabo.
1311 2535 1470 2562 Coliortnrcr
1482 2544 1537 2566 vos.
1553 2544 1607 2571 quo
1618 2536 1709 2562 animo

908 2546 1016 2600 {ortium
1033 2575 1141 2605 essetis,
1161 2575 1213 2601 nisi
1230 2583 1277 2600 vos
1294 2573 1416 2599 fortiores
1430 2581 1602 2608 cognossem.
1625 2581 1707 2608 quam

909 2620 1075 2647 quemquam
1089 2612 1188 2638 virum.
1230 2611 1262 2638 Et
1278 2616 1365 2637 tamen
1382 2609 1517 2637 eiusmodi
1533 2619 1611 2646 spero
1626 2619 1707 2645 nego-

878 2627 883 2675 l
909 2649 944 2675 tia
955 2657 1028 2681 esse,
1043 2654 1107 2676 utet
1119 2658 1166 2675 vos
1179 2649 1238 2675 istic
1249 2648 1468 2675 commodissime
1480 2657 1586 2683 sperem
1598 2656 1670 2678 csse,
1683 2652 1708 2673 ct

1440 2698 1499 2722 93·
