1941 3052
363 124 694 152 EPISTOLARUM
723 123 778 150 AD
806 122 1465 150 ATTICUMLIB.1X.EP.l2—l5.
1684 123 1728 147 891

96 196 163 233 quid
177 200 250 232 agat:
267 195 408 231 διατροπήν
420 195 611 222 Corfiniensem
626 195 794 221 reformidat:
811 195 890 221 Pom-

96 236 158 271 peio
168 242 240 260 nunc
250 237 326 268 putat
336 232 516 259 satisfactum:
530 233 660 259 beneficio
667 233 787 259 Caesaris
799 240 891 258 move—

96 278 152 304 tur;
169 271 216 298 sed
228 275 316 298 tamen
328 275 451 296 movetur
462 270 548 305 magis
559 274 697 304 perspecta
709 278 746 296 re.
773 271 798 296 8.
815 270 891 295 Mene

97 310 162 336 haec
178 308 246 335 ferre
261 307 358 342 posse?
373 307 469 334 Omnia
481 308 592 333 misera:
610 307 657 333 sed
668 307 718 333 hoc
729 306 798 333 nihil
810 307 892 332 mise-

97 348 168 379 rius3
186 346 331 380 Pompeius
342 345 391 371 Cn.
404 345 523 380 Magium
535 344 567 370 de
579 353 643 379 pace
658 345 745 376 misit3
764 349 789 371 et
803 348 891 370 tamen
913 362 914 371 η

96 388 281 419 oppugnatur:
304 382 377 417 quod
394 391 443 417 ego
459 391 511 408 non
527 382 684 408 credebam:
707 381 755 407 sed
776 381 861 407 habeo
877 389 891 406 a

96 421 179 448 Balbo
195 420 308 451 litteraS,
329 428 445 454 quarum
460 419 493 446 ad
508 424 533 445 te
549 419 704 454 exemplum
720 419 796 445 misi:
821 418 888 453 lege,

97 466 212 494 quaeso,
233 462 259 484 et
272 457 340 483 illud
358 457 481 483 infimum
498 462 578 491 caput
594 457 680 491 ipsius
696 456 771 482 Balbi
785 456 889 490 optimi,

97 497 142 523 cui
153 495 258 522 Cnaeus
273 499 362 521 noster
373 494 470 525 locum,
479 494 527 520 ubi
539 494 627 520 hortos
639 493 799 524 aedificaret,
807 492 889 523 dedit,

97 542 179 569 quem
195 533 240 559 cui
256 537 376 558 nostrum
393 540 444 557 non
460 540 540 566 saepe
551 530 695 566 praetulit?
709 532 799 565 Itaque
811 531 893 556 miser

98 575 246 605 torquetur.
282 569 344 599 Sed,
358 577 390 595 ne
401 569 443 595 bis
455 568 548 594 eadem
560 568 642 604 legas,
656 568 689 594 ad
701 569 787 602 ipsam
799 572 823 594 te
835 567 894 601 epi-
914 587 922 607 „

97 608 193 635 stolam
205 607 307 633 reiicio.
330 606 411 641 Spem
424 611 512 632 autem
524 607 598 640 pacis
611 606 695 632 haheo
707 605 820 631 nullam.
842 605 894 630 Do-

98 645 195 672 labella
206 645 264 671 suis
276 644 379 674 litteris,
393 643 485 670 Idibus
495 644 570 669 Mart.
584 643 661 673 datis,
675 651 779 668 merum
791 641 893 668 bellum
914 641 923 668 Χζ

99 683 227 718 loquitur.
259 682 415 708 Maneamus
426 689 488 716 ergo
500 681 526 706 in
539 680 583 706 illa
595 680 688 706 eadem
699 680 830 706 sententia
842 679 894 704 mi-
914 696 916 702 »

98 729 157 747 sera
178 724 204 746 et
222 719 375 755 desperata3
398 718 505 753 quando
526 718 576 744 hoc
596 717 724 744 miserius
745 725 803 743 esse
824 715 893 742 nihil

98 762 194 793 potest.

151 843 207 864 XIII
218 849 237 863 fl.
257 844 363 866 (Marcello.
372 843 455 861 Lentulo
466 850 511 860 coss.
521 843 576 865 705.)

239 895 389 922 BALBUS
410 895 599 922 CICERONI
618 894 694 921 IMP.
716 893 744 920 S.

156 943 179 968 l.
201 936 304 968 Caesar
314 941 392 967 nobis
404 940 505 968 litteras
516 941 662 975 perbreves
674 940 761 970 misit,
778 947 894 974 quarum

98 978 255 1014 exemplum
270 979 432 1013 subscripsi.
472 979 604 1005 Brevitate
618 977 746 1013 epistolae
762 977 831 1003 scire
847 984 895 1010 po-

98 1018 176 1048 teris,
194 1025 257 1043 eum
268 1016 346 1042 valde
358 1025 417 1042 esse
427 1016 588 1047 distentum,
606 1016 655 1050 qui
668 1019 739 1042 tanta
755 1014 788 1040 de
802 1022 829 1040 re
841 1018 894 1040 tam

98 1055 216 1081 breviter
235 1054 383 1088 scripserit.
422 1053 451 1080 Si
471 1053 538 1088 quid
560 1058 696 1088 praeterea
715 1052 778 1079 novi
803 1051 892 1082 fuerit,

98 1092 188 1119 statim
199 1091 249 1118 tibi
260 1091 387 1117 scribam.

215 1145 369 1173 CAESAR
389 1144 504 1172 OPPIO
524 1143 724 1172 CORNELIO
745 1143 770 1170 S.

119 1187 160 1218 A.
175 1193 202 1218 d.
220 1191 276 1217 VII.
292 1190 332 1217 Id.
341 1191 420 1217 Mart.
434 1191 602 1217 Brundisium
612 1192 683 1216 veni:
694 1193 729 1216 ad
738 1198 840 1216 murum
851 1198 896 1215 ca-

98 1234 154 1256 stra
163 1231 246 1263 posui.
268 1229 400 1261 Pompeius
410 1233 446 1254 est
458 1229 598 1254 Brundisii.
613 1228 685 1253 Misit
695 1230 730 1253 ad
739 1236 777 1253 me
787 1227 897 1254 CmMa-

98 1269 167 1300 yium
177 1269 208 1292 de
216 1275 289 1299 pace.
332 1266 403 1297 Quae
416 1268 472 1291 visa
482 1270 549 1296 sunt,
561 1267 687 1298 respondi.
723 1265 777 1291 Hoc
788 1273 831 1290 vos
841 1269 897 1290 sta-

100 1307 144 1330 tim
154 1307 220 1330 scire
231 1304 307 1329 volui.
349 1303 431 1334 Quum
443 1305 470 1328 in
479 1312 546 1336 spem
557 1311 660 1333 venero,
677 1304 707 1328 de
718 1304 896 1335 compositione

99 1343 199 1375 aliquid
210 1350 248 1366 me
260 1342 388 1373 conficere,
401 1343 487 1366 statim
498 1349 542 1366 vos
553 1343 674 1366 certiores
682 1342 788 1373 faciam.

155 1380 180 1405 2.
202 1377 341 1410 Quomodo
353 1386 394 1403 me
409 1386 480 1403 nunc
491 1382 582 1412 putas,
596 1378 634 1403 mi
644 1377 751 1407 Cicero,
765 1377 893 1411 torqueri,

99 1420 242 1451 postquam
254 1423 348 1441 rursus
359 1415 386 1440 in
398 1423 474 1449 spem
486 1416 560 1449 pacis
571 1415 642 1445 veni,
651 1423 684 1440 ne
695 1423 747 1449 qua
755 1423 796 1440 res
803 1423 895 1441 eorum

99 1453 321 1488 compositionem
335 1451 482 1487 impediat?
500 1453 635 1487 Namque,
653 1451 727 1486 quod
744 1452 841 1478 absens
857 1451 897 1477 fa-

98 1499 158 1517 cere
167 1499 292 1525 possum,
310 1494 381 1524 opto.
422 1489 499 1522 Quod
509 1491 533 1516 si
545 1498 597 1516 una
608 1498 710 1520 essem,
727 1489 831 1524 aliquid
843 1488 896 1515 sor-

98 1533 170 1555 tasse
185 1527 313 1563 proiicere
333 1535 441 1562 possem
462 1527 560 1554 videri.
600 1528 678 1554 Nunc
696 1527 895 1562 exspectatione

98 1574 213 1592 crucior.

151 1642 213 1664 XIV.
241 1645 271 1669 (In
280 1643 387 1666 Formiano,
396 1644 496 1666 Marcello,
505 1645 587 1662 Lauinio
597 1651 643 1662 coss.
655 1645 709 1667 70⁵.)

282 1688 450 1715 CICERO
479 1687 648 1715 ATTICO
679 1688 707 1715 S.

156 1731 178 1755 t.
199 1724 333 1756 Miseram
354 1729 387 1756 ad
408 1734 432 1756 te
453 1738 490 1755 ix.
509 1729 567 1756 Kal.
590 1729 746 1765 exemplum
767 1729 895 1764 epistolae

98 1766 175 1793 Balbi
189 1766 222 1792 ad
234 1775 276 1793 mc
288 1772 313 1794 et
323 1767 445 1793 Caesaris
457 1766 489 1793 ad
501 1776 577 1799 eum;
595 1772 621 1793 et
631 1776 644 1793 a
657 1772 680 1793 te
692 1767 731 1793 ibi
743 1767 836 1793 eodem
851 1768 895 1793 die

98 1803 188 1838 Capua
202 1804 301 1830 litteras
313 1805 404 1839 accepi
416 1804 448 1830 ab
455 1804 486 1836 Q.
495 1804 589 1831 Pedio:
603 1805 743 1831 Caesarem
755 1805 788 1831 ad
799 1814 828 1831 se
839 1806 896 1840 pri-

98 1840 143 1867 die
154 1841 193 1867 Id.
207 1841 282 1868 Mart.
296 1842 404 1868 misisse
417 1842 465 1868 hoc
477 1842 614 1876 exemplo:

155 1879 285 1912 Pompeius
294 1888 320 1905 se
331 1882 422 1912 oppido
434 1884 511 1906 tenet:
524 1888 568 1906 nos
579 1882 613 1906 ad
621 1884 712 1913 portas
723 1884 809 1906 castra
820 1881 896 1906 hube-

98 1924 162 1942 mus.
204 1916 332 1942 Conantur
351 1925 413 1949 opus
433 1925 565 1950 maqnum,
586 1921 609 1943 et
630 1919 767 1943 multorum
787 1920 894 1947 dierum,

97 1957 203 1987 propter
213 1954 374 1979 altitudinem
384 1956 478 1979 maris:
490 1956 533 1980 sed
544 1958 627 1980 tamen
639 1956 703 1980 nihil
716 1959 760 1984 est,
773 1957 840 1988 quod
848 1964 896 1987 po—

100 1993 151 2017 tius
161 1993 296 2023 [aciamus.
334 1991 372 2016 Ab
383 1995 489 2024 utroque
498 1996 589 2024 portus
600 2000 678 2017 cornu
690 1993 766 2018 moles
777 1995 893 2022 iacimus,

99 2032 127 2054 ut
138 2032 183 2054 aut
194 2028 266 2053 illum
279 2030 468 2061 quamprimum
481 2031 608 2058 traiicere,
621 2031 688 2062 quod
698 2031 770 2055 habet
782 2030 896 2055 Brundi-

98 2067 133 2091 sii
144 2067 283 2097 copiarum,
298 2073 424 2098 coyamus,
437 2069 482 2091 aut
493 2068 564 2091 exitu
574 2067 760 2098 prohibeamus.

155 2104 180 2128 2.
201 2102 253 2128 Ubi
263 2106 303 2129 est
315 2101 360 2128 illa
372 2110 437 2136 pax,
459 2102 492 2128 de
508 2111 560 2137 qua
571 2102 670 2129 Balbus
686 2103 830 2137 scripserat
843 2107 896 2130 tor-

99 2139 177 2174 queri
189 2138 236 2165 se‘?
251 2139 355 2174 Ecquid
367 2138 509 2166 acerbius?
525 2140 623 2174 ecquid
638 2140 794 2167 crudelius‘?
809 2141 896 2175 Atque

100 2185 163 2203 eum
178 2176 252 2211 loqui
267 2176 379 2211 quidam
396 2176 557 2207 αὐθενιικώς
576 2177 711 2210 narrabat3
730 2178 778 2204 Cn.
796 2177 896 2204 Carbo-

99 2215 152 2245 nis,
165 2214 200 2241 M.
214 2214 287 2240 Bruti
299 2223 328 2240 se
340 2222 438 2249 poenas
449 2215 589 2249 persequi,
602 2216 779 2250 omniumque
791 2224 892 2245 eorum,

100 2252 128 2278 in
142 2259 210 2286 quos
221 2251 295 2278 Sulla
306 2251 424 2278 crudelis
441 2251 490 2277 lioc
506 2252 578 2278 socio
593 2251 701 2283 fuisset,
721 2252 788 2279 nihil
800 2253 895 2279 Curio—

100 2297 162 2315 nem
183 2297 211 2315 se
227 2288 296 2315 duce
312 2288 407 2320 tacere,
420 2288 492 2323 quod
505 2297 555 2315 non
568 2289 611 2315 hie
622 2289 696 2316 Sulla
707 2289 776 2316 duce
788 2289 896 2316 lecisset

100 2326 134 2352 ad
148 2326 332 2357 ambitionem,
345 2326 446 2361 quibus
458 2326 549 2352 exsilii
561 2335 645 2361 poena
657 2327 845 2361 superioribus
858 2327 895 2353 le-

99 2363 181 2399 gibus
193 2372 245 2390 non
257 2363 365 2396 fuisset,
382 2364 415 2390 ab
428 2363 473 2389 illo
484 2364 584 2398 patriae
596 2364 743 2398 proditores
755 2364 787 2390 de
799 2364 895 2391 exsilio

99 2400 223 2427 reductos
235 2409 306 2434 esse3
329 2402 407 2436 queri
418 2400 451 2427 de
465 2401 562 2427 Milone
574 2410 621 2436 per
633 2402 688 2427 vim
700 2401 826 2436 expulso:
848 2410 896 2428 ne-

100 2439 202 2464 minem
222 2443 310 2465 tamen
325 2447 353 2465 se
371 2438 546 2468 violaturum.
570 2439 622 2464 nisi
637 2439 685 2473 qui
700 2447 773 2465 arma
793 2444 893 2465 contra.

100 2475 169 2502 naec
184 2475 299 2502 Baebius
319 2476 444 2511 quidam,
468 2485 481 2501 a
497 2476 612 2502 Curione
634 2484 671 2502 iu.
692 2476 730 2502 ld.
749 2480 893 2510 protectus,

100 2512 181 2539 homo
200 2521 252 2539 uon
274 2512 376 2543 infans,
399 2513 446 2540 sed
462 2514 538 2548 quis,
562 2512 611 2539 ulli
627 2522 678 2539 non
693 2513 774 2539 (licut.
815 2513 895 2539 Plane

100 2550 205 2581 nescio,
229 2550 296 2585 quid
311 2559 399 2586 agam.
440 2550 510 2577 lllim
529 2550 655 2585 equidem
672 2550 790 2577 Cnaeum
807 2550 896 2585 prosc—

100 2591 174 2613 ctum
190 2592 264 2622 puto.
303 2588 444 2623 Quidquid
459 2593 508 2618 est,
522 2587 604 2613 biduo
616 2588 743 2614 sciemus.
785 2588 805 2613 A
818 2592 841 2614 te
854 2588 896 2614 ni-

100 2623 154 2656 hil,
171 2632 203 2650 ne
215 2625 325 2651 Anteros
337 2625 448 2660 quidem
460 2625 526 2660 quid
540 2625 697 2651 litterarum.
719 2625 772 2650 Nec.
785 2626 893 2651 mirum.

99 2660 172 2694 Quid
192 2662 264 2688 enim
279 2667 327 2693 est,
345 2662 417 2698 quod
432 2662 602 2689 scribamus?
622 2663 678 2698 Ego
690 2667 776 2689 tumen
789 2662 895 2688 nullum

924 1613 925 1620 ¹
947 1616 1026 1642 affero
1043 1616 1112 1642 iusta
1127 1615 1159 1641 ad
1172 1614 1382 1649 impetrandum.

942 193 1014 220 diem
1029 193 1219 228 praetermitto.
1260 195 1285 219 3.
1302 192 1405 227 Scripta
1418 190 1539 226 epistola,
1553 190 1655 218 litterae
1666 191 1734 218 mihi

942 236 1001 257 ante
1023 231 1110 257 lucem
1126 239 1139 256 a
1156 231 1237 264 Lepta
1249 230 1339 264 Capua
1355 229 1473 256 redditae
1489 233 1552 254 sunt
1562 228 1631 254 Idib.
1644 229 1731 259 Mart.,

942 269 1100 303 Pompeium
1124 277 1137 294 a
1158 267 1301 293 Brundisio
1324 266 1526 297 conscendisse,
1549 270 1575 292 at
1594 265 1734 293 Caesarem

943 315 966 332 a.
979 305 1006 332 d.
1020 314 1066 332 vn.
1079 305 1138 331 Kal.
1150 304 1236 339 April.
1249 305 1354 339 Capuae
1367 304 1430 330 fore.

995 375 1046 395 XV.
1070 376 1099 398 (In
1108 376 1217 396 Formiarm,
1226 376 1325 396 Marcello,
1336 375 1417 392 Lentulo
1427 381 1472 392 coss.
1483 375 1537 395 705.)

1129 418 1295 445 CICERO
1323 417 1491 445 ATTICO
1521 417 1549 444 S.

1001 457 1023 482 l.
1046 451 1144 487 Quum
1165 456 1300 482 dedissem
1317 455 1350 482 ad
1366 460 1390 482 te
1406 455 1520 486 litteras,
1537 459 1566 481 ut
1577 455 1660 481 scires
1670 454 1736 482 Cae-

943 502 1031 519 sarem
1043 493 1133 528 Capua
1145 502 1190 519 vu.
1204 493 1316 519 Kalend.
1330 492 1393 523 fore,
1408 492 1501 519 allatae
1513 492 1580 518 mihi
1592 497 1655 519 sunt
1666 491 1736 519 litte-

944 539 996 561 rae,
1013 539 1075 557 eum
1097 531 1123 557 in
1139 530 1242 557 Albano
1258 530 1329 565 apud
1341 530 1484 556 Curionem
1500 538 1526 556 ν.
1544 529 1656 555 Kalend.
1670 529 1735 556 sore.

944 569 1013 594 Eum
1025 577 1110 603 quum
1125 568 1366 602 videro,Arpinum
1374 576 1493 602 pergam.
1510 566 1612 593 Simihi
1620 567 1734 597 veniam,

944 614 1025 640 quam
1041 610 1109 640 peto,
1127 605 1239 636 dederit,
1258 610 1316 631 utar
1327 605 1492 631 conditione:
1515 605 1557 630 sin
1573 605 1672 633 minus,
1686 605 1735 630 im-

944 643 1054 677 petrabo
1074 642 1178 677 aliquid
1194 651 1208 668 a
1224 651 1266 668 me
1282 643 1351 676 ipso.
1391 642 1447 673 llle,
1466 647 1494 668 ut
1510 642 1543 667 ad
1559 650 1601 668 me
1618 642 1735 676 scripsit,

945 680 1063 715 legiones
1079 679 1200 715 singulas
1212 680 1302 714 posuit
1313 679 1462 710 Brundisii,
1480 680 1600 709 Tarenti,
1620 679 1736 713 siponti.

944 717 1074 743 Claudere
1094 717 1162 743 mihi
1183 717 1290 743 videtur
1310 717 1458 743 maritimos
1479 718 1581 743 exitus:
1609 721 1737 742 ettamen

944 755 1003 789 ipse
1018 754 1157 780 Graeciam
1168 758 1287 788 spectare
1301 755 1399 788 potius,
1413 762 1494 788 quam
1506 754 1658 788 Hispanias.
1684 752 1737 779 Sed

945 792 1010 817 haec
1022 791 1129 827 longius
1143 791 1250 817 absunt.
1272 793 1297 817 2.
1313 792 1354 817 Me
1366 799 1437 817 nunc
1448 796 1473 817 et
1483 799 1644 826 congressus
1656 790 1738 816 huius

944 828 1078 861 stimulat,
1093 829 1126 864 (is
1137 837 1200 855 vero
1214 828 1315 864 adest3)
1329 833 1354 855 et
1365 829 1466 863 primas
1477 829 1536 854 eius
1548 828 1664 854 actiones
1677 828 1739 853 hor-

945 875 999 892 reo.
1030 866 1106 893 Volet
1117 867 1199 897 enim,
1217 866 1305 897 credo,
1319 866 1345 892 S.
1357 866 1387 892 C.
1401 865 1499 892 facere:
1522 865 1593 891 volet
1604 873 1738 900 augurum

945 903 1096 930 decretum:
1130 904 1274 938 rapiemur,
1292 908 1338 929 aut
1353 903 1476 929 absentes
1491 902 1664 928 vexabimur:
1696 901 1738 928 vel

945 945 975 967 ut
992 940 1117 967 consules
1138 945 1212 976 roget
1226 945 1330 975 praetor
1346 940 1387 966 vel
1399 940 1555 966 dictatorem
1566 940 1649 970 dicat,
1672 948 1739 974 quo-

946 987 1005 1005 rum
1018 983 1143 1004 neutrum
1155 979 1198 1004 ius
1209 982 1258 1004 est.
1294 977 1345 1004 Sed
1357 978 1381 1003 si
1393 977 1468 1004 Sulla
1480 978 1567 1012 potuit
1578 977 1692 1006 efficere,
1707 976 1739 1002 ab

946 1016 1080 1051 interrege
1100 1020 1129 1042 ut
1148 1015 1260 1042 dictator
1279 1015 1426 1045 diceretur,
1448 1024 1495 1041 cur
1511 1014 1554 1040 hic
1571 1023 1622 1040 non
1639 1014 1740 1049 possit?

946 1053 1020 1080 Nihil
1037 1053 1164 1088 expedio,
1183 1053 1236 1079 nisi
1252 1057 1281 1079 ut
1298 1057 1344 1078 aut
1358 1052 1390 1078 ab
1403 1053 1466 1083 hoe,
1487 1057 1623 1087 tamquam
1636 1051 1667 1084 Q.
1681 1052 1740 1077 Mu-

946 1092 1019 1122 cius,
1041 1095 1087 1117 aut
1096 1090 1129 1116 ab
1142 1089 1201 1121 illo,
1219 1095 1357 1125 tamquam
1373 1091 1403 1117 L.
1419 1090 1518 1124 Scipio.
1560 1092 1584 1116 3.
1606 1089 1694 1122 Quum
1712 1094 1740 1115 tu

947 1129 1013 1155 haec
1036 1128 1119 1164 leges,
1137 1136 1186 1163 ego
1198 1127 1275 1154 illum
1288 1127 1398 1154 sortasse
1410 1136 1569 1154 convenere.
1613 1127 1741 1153 Τέτλαθι]

948 1166 1101 1202 (κύντερον.)
1122 1166 1161 1192 Ne
1173 1165 1241 1191 illud
1252 1164 1363 1200 quidem
1377 1170 1497 1192 nostrum
1509 1165 1657 1200 proprium.
1679 1164 1741 1190 Erat

947 1205 1019 1230 enim
1031 1212 1093 1238 spes
1104 1203 1250 1238 propinqui
1262 1202 1377 1235 reditus,
1401 1208 1456 1229 erat
1468 1203 1608 1229 hominum
1619 1201 1739 1237 querela.

947 1242 1024 1268 Nunc
1045 1241 1118 1267 exire
1133 1241 1273 1275 cupimus3
1299 1249 1352 1275 qua
1366 1249 1413 1275 spe
1425 1240 1536 1269 reditus,
1551 1240 1618 1266 mihi
1630 1239 1741 1274 quidem

947 1287 1096 1313 numquam
1108 1279 1135 1305 in
1150 1283 1267 1304 mentem
1281 1278 1364 1304 venit.
1405 1278 1463 1304 Non
1475 1277 1552 1303 modo
1564 1282 1653 1303 autem
1668 1276 1740 1303 nulla

946 1316 1055 1352 querela
1076 1321 1116 1342 est
1136 1314 1344 1350 municipalium
1366 1315 1506 1341 hominum
1523 1324 1552 1340 ae
1569 1315 1739 1345 rusticorum,

947 1354 994 1380 sed
1006 1358 1095 1380 contra
1107 1357 1239 1383 metuunt,
1256 1357 1285 1378 ut
1295 1352 1442 1383 crudelem,
1456 1353 1564 1378 iratum.
1586 1352 1639 1378 Nec
1652 1356 1740 1378 tamen

948 1392 1015 1417 mihi
1031 1390 1182 1426 quidquam
1198 1394 1238 1416 est
1249 1390 1388 1420 miserius,
1401 1399 1482 1425 quam
1495 1390 1669 1420 remansisse‘.
1693 1397 1741 1415 nec

946 1429 1077 1463 optatius,
1099 1436 1181 1463 quam
1201 1426 1319 1458 evolare,
1338 1436 1390 1454 non
1407 1432 1459 1453 tam
1470 1427 1503 1453 ad
1516 1426 1592 1457 belli,
1611 1435 1692 1461 quam
1708 1426 1741 1452 ad

947 1466 1026 1502 fugae
1038 1466 1202 1492 societatem.
1243 1464 1294 1490 sed
1307 1470 1334 1491 tu
1346 1465 1434 1491 omnia
1450 1465 1498 1499 qui
1510 1464 1621 1490 consilia
1634 1463 1741 1490 differe-

946 1504 994 1530 bas
1007 1503 1069 1529 inid
1081 1507 1196 1537 tempus,
1210 1510 1295 1537 quum
1308 1503 1449 1533 sciremus,
1466 1510 1534 1537 quae
1543 1501 1741 1527 Brundisiiacta

945 1540 1052 1567 essent‘?
1063 1541 1170 1567 Scimus
1183 1548 1292 1574 nempe:
1316 1540 1457 1567 haeremus
1472 1539 1556 1565 nihilo
1568 1539 1668 1565 minus.
1691 1539 1743 1565 vix

947 1579 1019 1605 enim
1041 1586 1120 1613 spero
1140 1577 1208 1604 milii
1223 1577 1293 1603 bunc
1305 1578 1411 1604 veniam
1423 1577 1562 1608 daturum3
1597 1576 1646 1603 etsi
1659 1575 1741 1602 multa

1424 1615 1476 1641 Sed
1489 1614 1537 1640 tibi
1548 1622 1655 1640 omnem
1667 1613 1742 1639 illius

947 1662 1093 1688 meumque
1114 1660 1279 1683 sermonem,
1310 1652 1438 1679 omnibus
1460 1652 1549 1677 verbis
1570 1659 1739 1685 expressum.

947 1691 1037 1718 statim
1049 1691 1162 1717 mittam.
1184 1691 1208 1716 4.
1221 1690 1260 1715 Tu
1272 1699 1343 1716 nunc
1354 1691 1426 1716 omni
1439 1698 1527 1715 amore
1541 1689 1650 1719 enitere,
1660 1693 1742 1714 utnos

947 1737 1011 1755 cura
1027 1733 1071 1755 tua
1086 1733 1111 1754 et
1126 1727 1269 1763 prudentia
1286 1729 1373 1754 iuves.
1414 1728 1449 1753 lta
1462 1727 1552 1752 subito
1566 1727 1694 1756 accurrit,
1714 1730 1743 1752 ut

948 1775 980 1792 ne
999 1766 1029 1792 T.
1045 1765 1171 1792 Rebilum
1182 1765 1308 1800 quidem,
1328 1770 1356 1792 ut
1367 1765 1570 1794 constitueram,
1588 1764 1688 1798 possim
1702 1764 1742 1788 vi—

947 1803 1020 1830 dere.
1061 1803 1157 1830 Omnia
1179 1803 1257 1829 nobis
1274 1803 1412 1838 imparatis
1433 1801 1545 1837 agenda.
1586 1800 1637 1827 Sed
1653 1805 1741 1827 tamen

1003 1856 1040 1860 —-
1054 1856 1090 1860 —-
1105 1855 1141 1860 -
1159 1856 1195 1860 —-
1210 1840 1274 1867 ἄλλα
1285 1842 1331 1875 μέν
1344 1840 1430 1870 αὐτὸς,
1448 1844 1475 1865 ut
1486 1839 1522 1865 ait
1534 1838 1588 1869 ille,

1004 1878 1068 1905 ἄλλα
1084 1878 1110 1904 δὲ
1121 1878 1164 1905 καὶ
1175 1877 1273 1913 δαίμων
1284 1877 1462 1911 ὑποθήσεται.

947 1915 1087 1950 Quidquid
1106 1924 1198 1951 egero,
1221 1916 1348 1942 continuo
1363 1915 1443 1940 scies.
1484 1912 1605 1939 Mandata
1621 1912 1742 1939 Caesaris

947 1953 981 1980 ad
1001 1953 1126 1979 consules
1141 1957 1167 1979 et
1182 1952 1215 1979 ad
1227 1953 1399 1987 Pompeium,
1416 1960 1484 1986 quae
1501 1960 1590 1986 rogas,
1609 1949 1682 1976 nulla
1696 1950 1742 1975 lia-

948 1991 1011 2017 beo:
1035 1999 1122 2025 neque
1139 1990 1273 2025 descripta
1285 1989 1373 2017 attulit
1386 1989 1430 2015 illa
1443 1989 1552 2015 Lucius.
1593 1988 1612 2013 E
1625 1988 1668 2013 via
1681 1987 1741 2013 misi

947 2028 980 2054 ad
1001 2033 1026 2054 te
1047 2033 1121 2059 ante,
1144 2036 1157 2054 e
1178 2028 1281 2062 quibus
1302 2026 1425 2053 mandata
1441 2031 1505 2060 puto
1521 2024 1635 2060 intelligi
1653 2032 1740 2059 posse.

949 2065 1091 2100 Philippus
1112 2065 1224 2099 Neapoli
1244 2069 1297 2095 est,
1321 2064 1451 2091 Lentulus
1470 2062 1597 2089 Puteolis.
1638 2062 1673 2087 De
1693 2062 1742 2087 Do-

925 2121 927 2144 .¹
948 2103 1037 2133 mitio,
1066 2107 1096 2129 ut
1120 2101 1200 2134 sacis,
1223 2103 1373 2132 sciscitare,
1401 2101 1448 2127 ubi
1476 2101 1523 2131 sit,
1546 2099 1613 2134 quid
1634 2099 1740 2133 cogitet.

947 2142 972 2166 5.
994 2139 1070 2172 Quod
1094 2139 1205 2170 scribis,
1228 2140 1351 2174 asperius
1368 2148 1423 2169 me,
1441 2146 1522 2172 quam
1540 2138 1591 2163 mei
1609 2137 1742 2171 patiuntur

926 2198 927 2204 ,
948 2186 1044 2207 mores,
1062 2176 1095 2202 de
1111 2177 1238 2212 Dionysio
1251 2176 1407 2211 scripsisse;
1431 2175 1503 2205 vide,
1516 2183 1598 2209 quum
1610 2175 1661 2199 sini
1673 2173 1742 2198 anti-

947 2223 1062 2249 quorum
1079 2214 1230 2240 hominum.
1271 2214 1306 2239 'l'c
1324 2212 1429 2239 medius
1443 2212 1523 2237 lidius
1537 2212 1603 2237 lianc
1615 2219 1669 2236 rem
1682 2219 1742 2245 grn-

948 2252 1009 2278 vius
1030 2251 1123 2286 putavi
1142 2250 1257 2277 latin-um
1273 2259 1341 2280 esse,
1359 2258 1440 2284 quum
1454 2258 1505 2274 me.
1548 2250 1612 2274 Num
1627 2252 1742 2281 praeter—

947 2297 1028 2324 quam
1045 2288 1117 2323 quod
1135 2293 1157 2314 te
1170 2289 1271 2314 moveri
1287 2287 1401 2313 arbitror
1415 2291 1535 2320 oportere
1549 2286 1655 2314 iniuria,
1673 2293 1742 2318 quim

948 2326 1015 2352 milii
1027 2335 1040 2351 u
1051 2334 1188 2360 quoquiun
1202 2325 1268 2351 saeta
1280 2326 1327 2356 sit,
1345 2329 1479 2359 praeterea
1492 2328 1515 2349 te
1529 2324 1616 2357 ipsum
1624 2321 1742 2356 quodum

948 2363 1026 2389 inodo
1048 2363 1090 2389 liic
1108 2362 1231 2393 violavit,
1254 2371 1339 2397 quum
1356 2362 1382 2387 in
1399 2370 1440 2386 ine
1458 2366 1509 2386 tuin
1527 2360 1666 2394 improbus
1682 2358 1741 2384 suit..

948 2401 1000 2427 Sed
1021 2405 1048 2426 tu
1066 2400 1092 2426 id
1108 2401 1201 2434 qutulti
1213 2400 1347 2429 aestimes,
1367 2404 1442 2424 tuum
1457 2397 1647 2423 iudiciumest.
1689 2396 1742 2421 Nec

949 2443 1035 2464 tamen
1058 2439 1084 2464 in
1107 2437 1155 2463 lioc
1177 2438 1226 2463 tibi
1247 2436 1397 2471 quidquam
1417 2435 1507 2460 oneris
1524 2435 1641 2468 inipetu).
1687 2433 1742 2467 Ego

947 2481 1036 2501 autem
1058 2474 1135 2501 illuni
1152 2475 1220 2500 nuile
1236 2483 1332 2500 sunum
1344 2482 1450 2507 semper
1462 2472 1564 2506 putavi.
1579 2479 1649 2496 nune
1661 2471 1741 2496 etiam

948 2514 1085 2547 impurum
1105 2517 1129 2538 et
1145 2512 1304 2538 scelerntuni
1321 2516 1393 2545 fuito,
1408 2518 1455 2535 nee
1468 2514 1554 2535 tunien
1568 2508 1634 2534 milii
1651 2508 1742 2534 inimi-

947 2551 1060 2579 ciorem,
1082 2558 1163 2585 quam
1184 2550 1247 2576 sibi.
1289 2549 1323 2574 De
1341 2547 1498 2582 Philargyro
1514 2546 1594 2572 bene:
1617 2554 1740 2571 caussam

947 2592 1017 2614 certe
1034 2587 1153 2613 habuisti
1168 2592 1193 2613 et
1210 2595 1299 2612 veram
1315 2590 1340 2611 ct
1357 2585 1466 2615 bonum,
1491 2583 1613 2609 relictum
1629 2591 1688 2608 csse
1700 2591 1741 2607 me

948 2625 1050 2659 potius,
1073 2633 1155 2659 quum
1180 2623 1332 2658 reliquisse.
1373 2624 1397 2647 s).
1420 2622 1509 2653 Quum
1530 2620 1666 2647 dedissem
1689 2620 1740 2645 iam

948 2662 1048 2688 litteras
1069 2671 1093 2688 a.
1115 2661 1142 2687 d.
1162 2670 1216 2687 iui.
1235 2660 1303 2690 Kal..
1321 2668 1389 2695 quos
1404 2667 1466 2685 cum
1484 2658 1562 2684 Matio
1578 2663 1603 2684 et
1619 2657 1741 2684 Trebatio

1461 2708 1507 2731 112·
1523 2705 1533 2715 “
