1941 3052
171 143 218 168 ⁸7⁸
748 140 789 165 97.
822 138 855 164 M.
887 138 917 164 T.

171 212 296 240 eonsilin,
314 216 338 237 et
355 217 440 237 tamen
457 219 504 245 pro
516 209 680 244 temporibus
693 218 743 235 non
758 210 875 236 incauta.
895 207 961 234 mibi

174 250 250 277 valde
267 249 421 284 probantur.
464 247 563 281 Lepido
579 246 688 280 quidem
706 248 776 272 (nam
794 245 847 271 lere
859 245 961 278 συνδιη-

171 286 326 322 μερεύωμμνς
350 285 421 319 quod
437 284 621 318 gratissimum
635 283 672 309 illi
685 288 733 316 est,
746 291 893 317 numquam
906 281 964 316 pla-

172 326 228 350 cuit
239 333 270 349 ex
287 323 357 349 ltalia
369 323 452 349 exire,
466 320 543 346 Tullo
556 320 638 346 multo
651 321 750 346 minus.
781 319 880 346 Crebro
891 319 962 345 enim

175 361 248 387 illius
261 361 358 385 lius-ran·
371 359 403 384 ab
415 357 474 383 aliis
487 357 518 383 ad
532 366 578 383 nos
590 362 749 383 commeant.
785 356 837 383 Sed
851 365 891 382 me
904 356 964 382 illo-

175 407 232 424 rum
245 397 390 422 sententia·-
403 396 491 421 minus
504 395 655 421 movebant.
688 395 776 420 Minus
788 393 870 420 multa
882 393 964 419 dede-

175 439 231 460 rant
245 434 281 459 illi
295 432 458 467 reipublicae
475 433 595 466 pignora.
637 432 691 457 Tua
708 431 860 457 melu-reule
875 435 965 457 aucto-

175 473 237 497 runs
251 471 421 496 veliementer
433 474 532 495 movet:
550 470 624 495 affert
634 470 705 495 enim
717 474 742 495 et
754 468 851 503 reliqui
863 473 966 502 ternpo-

175 509 210 534 ris
227 507 401 541 recuperandi
419 507 546 533 rationem
558 511 584 532 et
598 506 744 541 praesentis
757 505 859 532 tuendi.
900 504 963 535 Sed,

174 546 283 571 obsecro
296 550 328 574 te,
342 544 409 579 quid
422 544 469 570 boc
482 544 607 570 miserius
616 564 621 574 ,
634 553 715 579 quam
728 543 840 569 alterum
853 542 965 577 plausus
986 551 987 558 ¹

176 584 201 609 in
215 582 368 608 foedissima
379 590 472 607 caussa
484 590 611 616 quaerere
621 602 626 611 ,
643 581 755 607 alterum
766 580 926 607 offensiones
939 580 964 605 iu
986 612 988 615 .

174 618 292 654 optima?
311 619 422 645 alterum
441 619 590 644 existimari
610 623 821 645 conservatorem
843 617 966 643 inimico-

176 666 248 686 rum,
266 656 378 682 alterum
394 655 556 682 desertorem
577 655 742 682 amicorum?
762 655 794 682 Et
815 653 966 681 mehercule
987 675 988 678 ,

175 694 300 728 quamvis
316 702 438 719 amemus
454 693 572 719 Cnaeum
585 698 720 723 nostrum,
738 697 767 719 ut
779 697 806 719 et
817 691 931 718 facimus
941 695 967 717 et

175 732 314 761 debemus,
329 736 416 757 tumen
430 730 486 761 boc,
495 730 567 765 quod
579 730 678 756 talibus
689 731 754 756 viris
765 739 816 756 non
828 729 965 759 subvenit,

176 768 284 795 laudare
301 777 352 794 non
369 776 490 802 possum.
531 768 596 794 Nam
612 769 669 794 sive
687 767 789 798 timuit,
807 766 874 802 quid
891 767 967 801 igna-

176 805 256 832 vius‘?
275 806 346 835 sive,
366 810 393 832 ut
404 805 514 840 quidam
526 810 633 839 putant,
651 804 788 831 meliorem
800 812 968 831 suamcaus-

175 852 233 869 sam
251 842 357 869 illorum
373 842 454 869 caede
469 842 523 869 sore
539 843 656 877 putavit,
675 841 741 877 quid
756 840 902 868 iniustius?
916 840 967 867 Sed

177 880 241 907 haec
251 881 416 907 omittamus.
457 879 596 915 Augemus
611 880 683 906 enim
695 878 813 906 dolorem
825 883 968 905 retractan-

175 917 219 944 do.
261 919 285 944 4.
310 926 344 944 Π.
364 917 422 943 Kal.
440 918 546 952 vesperi
562 916 660 943 Balbus
675 917 762 943 minor
776 916 810 942 ad
826 924 868 942 me
884 915 966 945 venit,

175 954 278 987 occulta
300 955 342 981 via
364 963 474 981 currens
495 954 527 980 ad
549 954 691 981 Lentulum
707 953 859 984 consulem,
883 953 967 979 missu

175 992 305 1022 Caesaris,
318 1001 380 1018 cum
394 991 496 1022 litteris,
510 1000 571 1018 cum
584 991 725 1022 mandatis,
738 1000 799 1017 cum
812 990 969 1025 promissio—

177 1038 209 1056 ne
221 1030 384 1064 provinciae.
394 1030 502 1055 Romam
516 1034 544 1055 ut
556 1029 657 1062 redeat3
672 1027 879 1063 cuipersuaderi
890 1036 969 1063 posse

177 1075 228 1093 uon
240 1067 361 1097 arbitror,
375 1067 428 1092 nisi
440 1067 490 1093 erit
501 1071 659 1093 conventus.
699 1066 773 1092 Idem
784 1065 886 1096 aiebat,
900 1064 968 1091 nibil

177 1103 255 1130 malle
271 1104 425 1134 Caesarem,
447 1112 529 1138 quam
549 1108 578 1130 ut
592 1103 750 1138 Pompeium
766 1107 967 1137 assequeretur:

178 1141 204 1167 id
220 1141 312 1167 credo:
331 1146 355 1167 et
370 1140 467 1167 rediret
480 1141 506 1166 in
518 1142 644 1176 gratiam:
663 1140 690 1166 id
701 1149 753 1167 non
765 1139 858 1169 credo,
876 1144 902 1166 et
914 1148 970 1165 me-

177 1183 236 1205 tuo,
253 1186 286 1204 ne
297 1178 385 1204 omnis
397 1178 461 1204 haec
472 1177 613 1204 clementia
625 1177 657 1203 ad
670 1186 751 1204 unam
767 1177 839 1203 illam
851 1176 971 1203 crudeli·
991 1183 993 1191 ·

177 1220 256 1242 tatem
271 1215 422 1250 colligatur.
462 1214 561 1241 Balbus
577 1214 687 1250 quidem
704 1215 788 1241 maior
802 1214 835 1240 ad
850 1223 892 1240 me
903 1214 971 1240 scri-

176 1253 225 1283 bit,
240 1252 307 1278 nihil
320 1252 399 1278 malle
410 1252 559 1283 Caesarem,
573 1261 655 1287 quam
667 1252 788 1286 principe
795 1252 922 1286 Pompeio
932 1251 971 1277 si-

177 1298 210 1316 ne
222 1294 294 1316 metu
310 1290 412 1315 vivere.
453 1289 491 1315 Tu
508 1294 572 1324 puto
584 1290 649 1315 haec
665 1289 762 1315 credis.
803 1288 868 1319 Sed,
884 1296 970 1323 quum

177 1327 242 1353 hacc
253 1326 405 1353 scribebam
413 1335 438 1352 v.
447 1326 724 1361 Kalend.,1’ompeius
736 1327 789 1353 iam
795 1325 970 1352 Brundisium

179 1365 283 1390 venisse
295 1368 405 1398 poterat.
446 1364 596 1398 Expeditus
612 1365 683 1390 enim
699 1368 876 1390 antecesserat
889 1363 972 1398 legio-

177 1410 224 1427 nes
237 1401 358 1427 Luceria.
399 1400 452 1427 Sed
468 1400 517 1427 hoc
532 1403 608 1437 τέρας
622 1400 745 1427 horribili
756 1400 910 1436 vigilantia,
927 1409 972 1426 ce-

178 1438 292 1469 leritate,
319 1438 460 1474 diligentia
485 1443 534 1465 est.
575 1438 668 1470 Plane,
693 1438 761 1474 quid
781 1438 903 1465 futurum
925 1438 970 1469 sit,

177 1484 277 1502 nescio.

230 1550 258 1570 X.
287 1552 318 1575 (ln
327 1550 436 1572 Formis-uo,
446 1551 545 1572 Marem-uo,
555 1550 637 1569 Lentulo
648 1557 695 1569 cou-
706 1553 761 1573 70⁵.)

232 1627 386 1667 Dionysius
402 1639 487 1666 quum
502 1631 535 1657 ad
550 1640 592 1657 me
604 1636 708 1666 praeter
717 1632 871 1666 opinionem
883 1638 971 1658 meam

177 1669 308 1700 venisset,
328 1668 432 1695 locutus
443 1677 504 1695 sum
515 1677 577 1695 cum
589 1677 620 1695 eo
631 1668 834 1701 liberalissime:
853 1673 971 1703 tempora

176 1706 303 1741 exposui,
322 1706 428 1741 rogavi,
447 1710 475 1732 ut
490 1706 604 1736 diceret,
623 1705 690 1741 quid
705 1705 816 1732 haberet
831 1706 859 1732 in
870 1707 969 1737 animo,

177 1751 219 1769 me
235 1742 303 1769 nihil
320 1742 353 1769 ab
368 1743 428 1777 ipso
448 1743 533 1769 invito
553 1742 723 1770 contendere.
765 1743 913 1778 Respondit
931 1751 969 1774 se,

177 1780 249 1815 quod
261 1781 288 1806 in
300 1780 420 1806 nummis
432 1779 550 1811 haberet,
559 1781 735 1815 nescire,quo
746 1779 797 1807 loci
808 1785 891 1807 esset:
904 1779 971 1807 alios

177 1825 229 1843 non
241 1817 353 1847 solvere,
367 1816 481 1843 aliorum
492 1816 565 1843 diem
577 1817 697 1844 nondum
708 1825 777 1844 esse.
807 1817 881 1844 Dixit
891 1818 971 1844 etiam

177 1853 228 1881 alia
244 1854 377 1889 quaedam
391 1854 424 1880 de
440 1854 558 1881 servulis
573 1855 644 1884 suis,
661 1863 744 1890 quare
759 1854 900 1881 nobiscum
912 1862 972 1881 esse

177 1899 230 1917 non
241 1896 340 1926 posset.
363 1892 463 1917 Morem
474 1892 561 1927 gessi:
573 1891 667 1917 dimisi
678 1900 692 1917 a
704 1900 756 1921 me,
770 1896 800 1918 ut
811 1892 970 1927 magistrum

176 1928 346 1958 Ciceronum,
359 1937 411 1954 non
423 1927 558 1961 lubenter:
572 1933 601 1955 ut
613 1928 750 1955 hominem
761 1929 905 1964 ingratum,
920 1937 972 1956 non

178 1966 291 1992 invitus.
331 1964 409 1992 Volui
425 1970 450 1992 te
466 1966 547 1996 scire,
563 1965 630 2001 quid
645 1973 695 2002 ego
705 1965 739 1992 de
750 1966 810 1993 eius
820 1965 888 1993 sacto
899 1966 973 1993 iudi·-

177 2011 275 2029 carem.

230 2096 271 2117 ΧΙ.
301 2099 331 2121 (Lu
341 2097 449 2118 Formiano.
458 2098 558 2119 Marcello,
566 2098 647 2117 Lentulo
657 2105 704 2117 mss.
714 2099 770 2122 70⁵.)

363 2141 530 2168 CICERO
558 2141 727 2169 ATTICO
756 2142 786 2169 S.

235 2189 257 2212 l.
281 2181 364 2218 Quod
381 2196 422 2213 me
435 2196 531 2223 magno
542 2187 627 2214 animi
639 2192 711 2214 motu
723 2187 909 2222 perturbatum
921 2195 974 2222 pu—

178 2229 230 2256 tas;
244 2232 306 2250 sum
317 2224 455 2259 equidem,
463 2225 511 2251 sed
522 2233 574 2251 non
586 2230 640 2251 tam
651 2233 759 2260 magno,
767 2233 850 2260 quam
857 2225 907 2252 tibi
918 2225 974 2252 sor-

178 2266 248 2287 tasse
264 2261 366 2288 videor.
408 2262 523 2288 Levatur
539 2263 613 2289 enim
627 2262 717 2288 omnis
731 2271 809 2293 cura,
827 2271 914 2297 quum
928 2267 974 2289 aut

177 2299 296 2325 constitit
313 2298 472 2330 consilium,
495 2305 542 2326 aut
555 2299 698 2335 cogitando
717 2299 786 2326 nihil
806 2299 970 2334 explicatur:

179 2335 318 2362 lamentari
333 2341 422 2362 autem
438 2336 509 2363 licet.
549 2336 619 2363 Illud
636 2341 725 2363 tamen
736 2341 803 2363 totos
814 2336 882 2363 dies.
921 2336 973 2363 Sed

178 2381 283 2403 vereor,
298 2382 344 2403 ne,
362 2373 429 2400 nihil
445 2382 530 2408 quum
541 2373 693 2409 proficiam,
711 2374 792 2400 etiam
803 2373 928 2400 dedecori
939 2374 975 2400 sit

177 2409 276 2436 studiis
287 2418 316 2436 ac
328 2410 423 2437 litteris
434 2412 542 2438 nostris.
575 2411 711 2437 Consumo
722 2412 806 2447 igitur
815 2419 894 2438 omne
905 2415 974 2438 tem-

178 2454 239 2480 pus,
252 2447 435 2479 considerans,
451 2453 550 2483 quanta
561 2449 604 2474 vis
615 2449 651 2474 sit
661 2448 737 2474 illius
749 2449 815 2479 viri,
831 2456 913 2483 quem
924 2456 974 2475 no-

178 2484 241 2509 stris
253 2483 330 2510 libris
345 2486 409 2511 satis
424 2485 581 2521 diligenter,
599 2490 629 2512 ut
643 2484 693 2512 tibi
708 2485 820 2520 quidem
836 2485 970 2515 videmur,

179 2521 374 2554 expressimus.
414 2523 535 2549 Tenesne
555 2523 653 2558 igitur,
680 2522 874 2549 moderatorem
893 2521 973 2548 illum

179 2556 343 2591 reipublicae
355 2567 408 2593 quo
419 2559 516 2586 referre
527 2559 644 2586 velimus
654 2559 763 2585 omnia?
773 2560 840 2586 Nam
847 2559 974 2594 sicquin-

181 2598 214 2619 to,
228 2598 258 2619 ut
267 2594 375 2628 opinor,
389 2596 415 2621 in
427 2595 497 2623 libro
508 2596 628 2632 loquitur
638 2596 743 2631 Scipio:
763 2597 795 2623 Ut
805 2599 872 2623 enim
880 2598 974 2630 φιδιτ-

178 2632 266 2656 nator-i
276 2639 367 2657 cursus
376 2635 500 2659 secundus
507 2654 513 2663 ,
528 2636 624 2660 madico
636 2635 720 2663 salus,
732 2635 883 2667 imperatori
891 2636 973 2660 victo-

180 2669 236 2699 νίας
256 2670 294 2694 sic
308 2669 367 2694 huic
381 2671 537 2696 moderatori
551 2672 708 2705 reipublicae
723 2671 797 2697 beata
812 2673 905 2697 civium
918 2673 973 2697 vita

951 137 1226 165 CICERONIS

1011 211 1142 241 propom'm
1154 213 1189 234 eu
1197 219 1203 235 ,·
1215 213 1242 233 ιιι
1252 210 1341 240 apibus
1351 210 1433 240 firma,
1441 211 1520 241 coptu
1531 210 1740 242 loeuplea,910r···a
1750 218 1807 235 um-

1012 247 1066 278 μία,
1080 248 1173 270 virtum
1184 247 1285 270 humum
1296 248 1338 270 ιιἸ.
1375 245 1457 272 llum·
1468 255 1533 271 emm
1544 249 1634 279 operit.
1648 249 1756 272 mci-rimo*
1767 255 1807 272 m-

1015 287 1052 307 ter
1062 284 1173 307 hominen
1183 287 1259 315 alque
1269 284 1365 314 optimi,
1378 284 1449 308 illum
1459 291 1510 308 ene
1519 286 1682 316 perse-ctorem
1694 285 1758 308 tolo.
1780 284 1806 309 2.

1015 319 1068 345 lloc
1078 318 1183 344 Gnaeus
1195 323 1283 345 noster
1293 327 1378 353 quum
1390 324 1465 346 antea
1476 328 1634 354 numquam.
1651 325 1706 346 turn
1721 321 1746 346 in
1759 319 1808 346 hnc

1015 365 1109 381 rausum
1136 357 1247 382 minime
1272 357 1409 389 rogitavit.
1451 357 1599 383 {hirnia-'itio
1624 358 1745 392 quaesita
1773 356 1808 383 ab

1017 399 1129 427 utroque
1140 398 1193 419 est:
1217 402 1268 419 non
1281 393 1306 419 id
1319 398 1417 422 actum,
1431 393 1506 419 beata
1517 399 1542 419 et
1554 394 1662 420 honesta
1672 395 1768 420 civius
1781 399 1809 420 ut

1016 435 1095 456 esset.
1137 430 1190 456 Nec
1206 438 1267 455 vero
1280 430 1324 455 ille
1336 430 1433 456 Urbem
1446 431 1568 465 reliquit.
1585 431 1656 465 quod
1669 440 1727 457 cam
1740 432 1808 457 tueri

1018 476 1068 493 non
1081 471 1183 501 posset,
1203 476 1250 493 nee
1262 467 1362 493 ltaliam
1372 488 1378 496 .
1396 467 1468 502 quod
1484 477 1513 493 ea
1526 467 1682 502 pelleretur:
1701 468 1747 494 »ed
1761 468 1809 494 boc

1017 514 1029 530 a
1042 505 1128 539 primo
1139 504 1275 537 cogitavit.
1287 513 1381 531 ornnes
1392 510 1483 533 terras.
1495 506 1585 531 omnia
1598 506 1679 531 muria
1691 514 1807 534 movere.

1018 550 1094 577 reges
1110 541 1236 568 barbaros
1254 542 1376 571 incitare,
1394 547 1487 576 gentes
1504 541 1572 568 feras
1588 547 1702 568 annum
1719 543 1744 568 in
1759 543 1810 569 lta-

1019 579 1080 605 liarn
1093 579 1235 607 adducere,
1249 579 1383 605 exercitus
1393 580 1523 605 confir-cre
1536 580 1676 605 maximos.
1717 580 1810 606 Genus

1019 616 1085 642 illud
1098 616 1201 642 Sullani
1216 617 1290 648 reg-'ni
1304 616 1462 651 iampridem
1475 617 1621 651 appetitur,
1640 616 1746 645 multia.
1761 618 1810 651 qui

1019 662 1070 680 una
1085 658 1161 684 sunt,
1184 654 1368 687 cupientibus.
1409 654 1448 680 An
1463 662 1571 683 censes,
1594 653 1662 680 nihil
1681 654 1749 680 inter
1765 662 1810 680 eoa

1017 692 1169 719 convenire.
1179 691 1280 717 nullam
1292 691 1440 725 pactionem
1454 691 1510 717 lieri
1523 689 1659 725 potuisse?
1671 690 1752 716 llodie
1763 699 1811 725 po-

1018 733 1077 755 test.
1118 728 1170 754 Sed
1183 729 1270 754 neutri
1282 728 1382 758 σκοπός
1395 733 1434 754 est
1451 728 1509 757 ille,
1529 733 1557 754 ut
1567 736 1615 754 nos
1627 727 1696 754 beati
1707 728 1809 756 nimum

1019 770 1130 800 uterque
1143 774 1253 799 regnare
1266 765 1332 791 vult.
1373 768 1398 791 3.
1416 766 1493 795 llaec,
1507 774 1520 791 a
1533 770 1556 792 te
1569 766 1707 792 invitatus.
1721 764 1812 791 brevi-

1019 808 1057 829 ter
1070 804 1194 838 exposui.
1236 802 1350 829 Voluisti
1371 803 1442 829 enim
1463 811 1518 832 me,
1541 802 1607 837 quid
1625 802 1658 828 de
1675 802 1718 828 bis
1734 801 1811 829 malis

1018 841 1155 870 sentirem,
1168 839 1318 866 ostendere.
1360 841 1542 875 ΙΙροθεσπίζω
1557 840 1652 875 igitur.
1667 844 1755 866 noster
1766 840 1812 866 At—

1019 878 1079 907 tice.
1094 887 1145 904 non
1158 877 1301 907 hariolans,
1311 882 1339 903 ut
1351 877 1458 907 illa,cui
1469 886 1547 904 nemo
1557 876 1682 905 credidit,
1691 876 1737 903 sed
1748 885 1813 903 oon-

1021 915 1118 941 iectura
1131 916 1310 949 prospiciens:

1130 953 1234 986 lamque
1244 955 1312 977 mari
1322 955 1413 985 maqno'
1422 966 1467 978 —.

1020 990 1076 1015 Non
1094 988 1190 1019 multo,
1210 990 1334 1024 inquam,
1351 997 1430 1015 secus
1446 996 1556 1023 possum
1569 989 1722 1014 vaticinari:
1742 993 1811 1014 tanta

1021 1026 1152 1053 malorum
1169 1026 1305 1061 impendet
1320 1025 1401 1056 ’Πιάς-
1441 1027 1527 1060 Atque
1543 1025 1592 1052 hoc
1607 1030 1694 1051 nostra
1706 1026 1814 1060 gravior

1020 1068 1060 1090 est
1070 1072 1179 1092 caussa,
1195 1065 1242 1098 qui
1254 1063 1327 1089 domi
1338 1071 1446 1092 sumuS,
1465 1071 1545 1097 quam
1562 1061 1684 1092 illorum,
1701 1063 1749 1097 qui
1761 1070 1812 1088 una

1021 1102 1197 1131 transierunt,
1214 1100 1286 1136 quod
1303 1100 1342 1126 illi
1358 1099 1469 1135 quidem
1484 1099 1597 1126 alterum
1612 1104 1748 1128 metuunt.
1766 1107 1814 1126 nos

1021 1144 1176 1173 utrumque.
1217 1139 1241 1164 4.
1262 1138 1316 1164 Cur
1328 1138 1422 1173 igitur,
1436 1137 1541 1172 inquis,
1554 1135 1752 1163 remansimus?
1766 1136 1813 1163 Vel

1021 1176 1071 1202 tibi
1085 1176 1238 1211 paruimus,
1256 1174 1298 1201 vel
1315 1183 1367 1201 non
1381 1175 1562 1206 occurrimus,
1584 1173 1626 1200 vel
1643 1173 1692 1200 hoc
1708 1173 1758 1200 fuit
1772 1181 1815 1200 re—

1021 1214 1101 1240 ctius.
1141 1211 1307 1242 Conculcari,
1320 1212 1441 1246 inquam.
1456 1212 1581 1237 miseram
1594 1210 1695 1237 ltaliam
1708 1210 1814 1237 videbis

1021 1250 1142 1285 proxima
1158 1254 1256 1276 aestate
1271 1249 1306 1275 ab
1322 1250 1463 1284 utriusque
1478 1248 1620 1283 mancipiis
1635 1256 1669 1275 ex
1681 1248 1756 1275 omni
1766 1256 1815 1284 ge-

1021 1296 1084 1314 nere
1097 1286 1230 1318 collectis:
1249 1295 1297 1313 nec
1313 1291 1366 1312 tam
1381 1286 1482 1321 emptio
1496 1284 1722 1321 pertimescenda,
1745 1293 1815 1320 quae

1022 1325 1149 1351 Luceriae
1161 1324 1254 1350 multis
1265 1323 1437 1350 sermonibus
1448 1322 1602 1350 denuntiata
1608 1327 1656 1353 est,
1664 1331 1746 1357 quam
1753 1323 1816 1349 uni-

1022 1370 1114 1388 versae
1126 1362 1264 1388 interitus:
1278 1366 1363 1387 tantas
1375 1361 1401 1387 in
1412 1359 1580 1396 confligendo
1591 1360 1732 1395 utriusque
1743 1360 1816 1386 vires

1023 1399 1102 1426 video
1118 1398 1231 1426 futuras.
1272 1398 1360 1425 Habes
1375 1398 1556 1425 coniecturam
1575 1405 1672 1423 meam.
1712 1397 1752 1423 Tu
1767 1404 1816 1423 au-

1023 1442 1076 1463 tem
1091 1435 1281 1463 consolationis
1296 1435 1408 1462 fortasse
1423 1434 1527 1470 aliquid
1545 1434 1720 1469 exspectasti:
1745 1433 1815 1460 nihil

1023 1474 1146 1506 inveni0;
1165 1473 1233 1500 nihil
1250 1473 1307 1499 fieri
1323 1478 1408 1507 potest
1423 1472 1563 1501 miserius.
1587 1471 1654 1498 nihil
1671 1471 1813 1506 perditius.

1023 1510 1092 1537 nihil
1109 1510 1224 1537 foedius.
1264 1511 1290 1537 5.
1311 1509 1388 1542 Quod
1403 1510 1526 1544 quaeris,
1543 1508 1611 1544 quid
1621 1508 1718 1536 Caesar
1728 1508 1761 1534 ad
1773 1516 1816 1534 me

1023 1549 1174 1583 scripserit3
1192 1547 1265 1583 quod
1276 1555 1370 1582 saepe:
1387 1547 1573 1582 gratissimum
1583 1545 1637 1572 sibi
1653 1554 1725 1576 esse,
1743 1544 1816 1580 quod

1023 1586 1150 1621 quietim,
1162 1590 1282 1620 oratque,
1295 1585 1322 1611 in
1334 1593 1365 1611 eo
1375 1589 1403 1610 ut
1414 1591 1594 1618 perseverem.
1619 1582 1719 1610 Balbus
1730 1583 1817 1609 minor

1023 1623 1089 1649 haec
1104 1622 1198 1649 eadem
1214 1622 1348 1649 mandata.
1388 1621 1439 1648 lter
1453 1626 1543 1647 autem
1557 1621 1617 1647 eius
1631 1625 1686 1647 erat
1699 1619 1732 1646 ad
1746 1620 1817 1646 Len-

1023 1659 1111 1687 tulum
1122 1659 1260 1686 consulem
1271 1667 1333 1685 cum
1345 1658 1439 1685 litteris
1449 1658 1570 1685 Caesaris
1580 1658 1817 1692 praemiorumque

1023 1697 1174 1731 promissis,
1187 1697 1212 1723 si
1223 1697 1334 1723 Romam
1345 1695 1508 1722 revertisset.
1549 1694 1658 1725 Verum,
1670 1702 1756 1729 quum
1768 1694 1817 1720 ha-

1023 1734 1072 1761 beo
1084 1735 1213 1761 rationem
1223 1733 1339 1763 dierum,
1347 1737 1407 1759 ante
1419 1737 1483 1767 puto
1494 1732 1725 1761 transmissurum,
1733 1739 1815 1766 quam

1022 1772 1139 1806 potuerit
1149 1771 1297 1797 conveniri.
1329 1771 1354 1796 6.
1366 1768 1547 1804 Epistolarum
1558 1769 1679 1803 Pompeii
1689 1767 1813 1798 duarum,

1022 1817 1090 1843 quas
1101 1808 1135 1835 ad
1146 1816 1188 1834 me
1200 1808 1287 1838 misit,
1302 1806 1509 1843 negligentiam,
1528 1814 1670 1841 meamque
1681 1806 1709 1832 in
1720 1806 1817 1832 rescri-

1023 1845 1111 1872 bendo
1121 1845 1292 1881 diligentiam
1302 1844 1377 1871 volui
1388 1843 1439 1870 tibi
1450 1848 1538 1870 notam
1549 1851 1619 1869 esse.
1658 1842 1757 1869 Earum
1768 1851 1817 1869 ex-

1023 1882 1112 1918 empla
1127 1882 1160 1909 ad
1177 1887 1201 1909 te
1216 1883 1289 1908 misi.
1329 1882 1354 1908 7.
1369 1880 1492 1907 Caesaris
1510 1880 1555 1907 hic
1575 1888 1622 1915 per
1635 1879 1763 1915 Apuliam
1783 1879 1818 1906 ad

1023 1920 1198 1947 Brundisium
1213 1928 1310 1946 cursus
1324 1918 1392 1954 quid
1406 1917 1517 1947 efficiat,
1534 1922 1669 1952 exspecto.
1710 1917 1817 1944 Utinam

1023 1957 1128 1992 aliquid
1138 1956 1365 1984 simileParthicis
1375 1955 1470 1982 rebus!
1483 1954 1569 1981 Simul
1580 1953 1685 1989 aliquid
1695 1953 1815 1984 audiero,

1024 1995 1141 2021 scribam
1152 1994 1185 2021 ad
1196 1999 1231 2021 te.
1271 1994 1311 2020 Tu
1326 1993 1360 2019 ad
1376 2001 1418 2019 me
1432 1991 1515 2019 velim
1525 1992 1657 2019 bonorum
1668 1999 1816 2018 sermones.

1024 2033 1122 2059 Romae
1133 2031 1287 2067 frequentes
1298 2039 1357 2057 esse
1368 2030 1504 2057 dicuntur.
1543 2028 1606 2056 Scio
1616 2028 1742 2063 equidem
1754 2033 1779 2054 te
1789 2029 1817 2055 in

1024 2069 1166 2104 publicum
1183 2077 1235 2096 non
1250 2068 1367 2103 prodire.
1408 2066 1462 2094 Sed
1477 2071 1566 2093 tamen
1580 2065 1674 2092 audire
1688 2070 1712 2092 te
1733 2065 1816 2092 multa

1024 2115 1133 2133 necesse
1149 2111 1199 2133 est.
1239 2105 1350 2132 Memini
1367 2104 1467 2131 librum
1485 2103 1536 2130 tibi
1553 2102 1640 2129 afferri
1655 2111 1670 2129 a
1685 2102 1817 2129 Demetrio

1024 2145 1146 2180 Magnete
1157 2143 1200 2178 (ad
1211 2148 1237 2170 te
1247 2143 1363 2169 missurn
1374 2142 1439 2177 scio)
1450 2141 1509 2177 περὶ
1521 2140 1650 2175 ὁμονοίας.
1684 2139 1754 2166 Eum
1765 2140 1817 2165 mi-

1024 2181 1053 2208 hi
1064 2181 1147 2208 velim
1159 2181 1258 2207 mittas.
1297 2179 1390 2210 Vides,
1401 2187 1484 2214 quam
1494 2185 1619 2205 caussam
1629 2176 1751 2204 mediter.

1077 2275 1117 2302 Δ.)
1147 2276 1254 2299 (Lucu-ine,
1262 2277 1362 2297 Mai-eruo,
1372 2276 1454 2295 Lentulo
1463 2281 1509 2293 coss-
1520 2275 1575 2296 70⁵.)

1066 2328 1125 2356 CN,
1146 2327 1309 2355 MAGNUS
1329 2326 1490 2354 PROCOS.
1513 2325 1542 2353 S.
1562 2325 1594 2351 D.
1615 2324 1651 2350 M.
1672 2323 1781 2350 CICE-

1325 2373 1419 2400 RONI
1438 2372 1514 2399 IMP.

1079 2414 1203 2451 Quintus
1209 2418 1310 2446 Fabius
1321 2418 1355 2444 ad
1366 2427 1408 2444 me
1420 2418 1494 2444 venit
1504 2415 1607 2442 a.d.n*.
1615 2413 1814 2440 KalendAEetn.

1023 2457 1049 2483 Is
1063 2457 1169 2483 nuntiat
1180 2457 1210 2483 L.
1222 2456 1369 2482 Domitium
1383 2463 1446 2482 cum
1460 2454 1519 2480 suis
1532 2451 1687 2479 cohortibus
1697 2459 1726 2476 xx
1735 2455 1761 2477 et
1771 2459 1817 2478 oo-

1024 2494 1148 2521 hortibus
1158 2502 1220 2523 mv,
1233 2501 1301 2528 quas
1311 2492 1448 2519 Vibullius
1463 2489 1589 2519 adduxit,
1606 2487 1640 2515 ad
1653 2495 1696 2514 me
1708 2488 1758 2514 iter
1768 2487 1817 2514 ha—

1023 2531 1101 2558 bere:
1115 2530 1244 2557 habuisse
1254 2530 1282 2557 in
1293 2530 1383 2556 animo
1392 2527 1527 2564 proficisci
1533 2524 1649 2553 Corfinio
1659 2533 1684 2551 a.
1695 2524 1722 2551 d.
1736 2533 1762 2551 v.
1774 2524 1815 2551 Id.

1024 2568 1115 2599 Febr..
1130 2567 1160 2595 C.
1168 2568 1277 2594 Hirrum
1287 2575 1351 2593 cum
1358 2575 1374 2591 v
1379 2564 1534 2592 cohortibus
1543 2562 1687 2597 subsequi.
1702 2561 1813 2591 Censeo,

1024 2605 1058 2631 ad
1068 2614 1117 2632 nos
1127 2605 1269 2633 Luceriam
1284 2604 1387 2630 venias.
1427 2602 1496 2628 Nam
1511 2606 1536 2628 te
1550 2600 1595 2627 hic
1606 2599 1741 2627 tutissime
1751 2603 1816 2634 puto

1023 2642 1089 2669 fore.
