1941 3052
371 129 697 157 EPISTOLARUM
728 131 780 156 AD
809 131 1215 158 ATT1CEML113.XV.

97 199 208 236 quidem
218 204 273 226 tuta
285 204 355 230 sunt,
369 201 417 235 qui
427 200 500 227 dant.

97 237 249 272 proficiens.
286 237 393 271 Frustra
405 246 468 264 vero
479 238 526 272 qui
538 238 692 273 ingrediar?
701 239 792 265 Matris
803 239 893 264 consi-

98 275 134 301 lio
141 283 227 309 quum
239 278 337 305 utatur,
351 274 392 300 vel
405 275 485 301 etiam
497 276 633 309 precibus,
642 275 709 310 quid
721 285 763 302 me
775 277 893 310 interpo-
921 296 922 300 ,

97 310 178 338 nam?
188 311 239 337 Sed
252 316 340 337 tamen
351 312 483 347 cogitabo,
493 321 546 346 quo
557 321 654 348 genere
666 312 891 339 utarlitterarum.
914 309 915 326 ³

96 349 163 375 Nam
185 348 264 374 silere
286 357 337 375 non
358 357 479 383 possum.
520 350 615 376 Statim
632 351 714 385 igitur
729 352 833 376 mittam
850 350 892 376 vel

96 386 206 412 Antium
219 385 260 411 vel
272 386 399 412 Circeios.

149 442 190 463 ΧΙ.
220 444 248 465 (lu
259 444 339 463 Antiati.
348 444 439 464 Antonio,
451 445 551 462 Dolabella
563 451 608 461 coss.
620 446 675 465 710»)

284 478 451 505 CICERO
481 479 651 506 ATTICO
681 479 709 506 S.

155 517 177 541 l.
199 510 317 541 Antium
338 516 400 542 veni
421 520 481 542 ante
496 525 532 543 w.
549 516 588 542 Id.
604 516 617 529 *
655 517 736 543 Bruto
756 515 893 542 iucundus
914 517 923 546 ³,

96 557 185 579 noster
196 552 339 579 adventus.
379 553 479 579 Deinde
494 554 587 580 multis
598 553 786 583 audientibus,
802 553 894 579 Servi-

97 589 141 620 lia,
155 589 281 621 Tertulla,
295 590 386 616 Porcia
398 599 536 625 quaerere,
548 590 615 625 quid
627 591 753 625 placeret.
796 590 893 616 Aderat

95 628 174 653 etiam
188 627 334 653 Favonius.
374 628 444 663 Ego,
463 628 535 662 quod
551 637 622 654 eram
639 628 784 654 meditatus
797 628 822 653 in
838 628 890 657 via,

95 664 218 695 suadere,
227 669 257 690 ut
267 669 386 691 uteretur
393 665 508 691 Asiatica
519 666 656 691 curatione
668 665 808 691 frumenti:
824 664 891 690 nihil

95 710 155 728 esse
167 702 219 728 iam
232 701 339 744 reliqui
354 702 426 736 quod
440 711 590 737 ageremus
600 703 653 728 nisi
664 707 693 728 ut
704 702 796 728 salvus
807 706 890 727 esset.

95 739 123 765 in
135 747 166 765 eo
176 739 256 765 etiam
272 739 325 773 ipsi
340 739 504 773 reipublicae
518 748 577 765 esse
589 739 765 781 praesidium.
806 738 892 770 Quam

94 777 242 803 orationem
253 785 338 810 quum
350 777 489 811 ingressus
500 785 597 807 essem,
611 776 720 803 Cassius
732 777 819 802 interi
822 781 889 807 emt

95 822 145 849 ego
159 813 252 839 eadem
264 813 310 839 illa
322 814 446 848 repetivi.
481 814 534 840 Hoc
547 813 612 844 loco,
627 813 741 840 sortibus
753 822 816 839 sane
828 822 893 839 ocu-

96 850 130 876 lis
140 850 264 881 Cassius,
281 851 401 885 (Martem
413 851 514 884 spirare
529 850 654 886 diceres,)
670 859 711 877 »se
727 851 753 877 in
771 850 891 877 Siciliam

94 896 148 914 non
159 889 271 914 iturum.
310 888 410 922 Egone,
427 893 456 913 ut
467 887 629 914 beneficium
641 889 777 923 accepisse
790 889 816 914 in
828 897 892 914 con-

95 924 266 952 tumeliam‘?«
285 924 356 956 Quid
377 933 439 960 ergo
460 924 536 960 agis?
557 926 678 960 inquam.
720 927 753 952 At
768 925 827 955 ille,
850 926 891 951 »in

94 962 223 988 Achaiam
234 970 262 988 se
274 962 401 988 iturum.«
430 961 502 994 Quid
513 968 555 993 tu,
574 963 700 997 inquam,
714 962 812 989 Brute?
827 964 892 988 »Ro-

93 1008 175 1030 mam,
190 1000 287 1034 inquit,
303 1000 327 1025 si
338 999 388 1027 tibi
401 999 532 1026 videtur.«
556 1000 623 1026 Mihi
635 1009 698 1027 vero
710 1001 835 1026 minime:
849 1005 892 1026 tu-

94 1041 119 1063 to
130 1038 202 1063 enim
215 1045 267 1063 non
279 1037 342 1063 eriS.
363 1036 466 1068 »Quidt
476 1038 499 1063 si
510 1046 617 1072 possem
629 1046 696 1068 esse,
710 1037 892 1072 placeretne‘3«

93 1074 181 1109 Atque
196 1079 225 1100 ut
238 1075 361 1105 omnino,
381 1083 467 1109 neque
479 1083 565 1106 nunc,
582 1084 670 1110 neque
685 1084 718 1101 ex
729 1080 852 1110 praetura
865 1076 891 1101 in

93 1111 261 1146 provinciam
283 1112 345 1138 ires.
386 1111 438 1137 Sed
460 1117 551 1138 auctor
571 1121 623 1138 non
640 1121 715 1143 sum,
738 1118 767 1139 ut
787 1118 811 1138 te
827 1112 892 1138 Urbi

93 1149 254 1175 committas.
294 1149 421 1175 Dicebam
438 1158 481 1180 ea,
498 1158 567 1184 quae
584 1150 633 1176 tibi
650 1149 766 1184 profecto
778 1151 804 1176 in
817 1159 892 1176 men-

93 1191 146 1213 tem
162 1187 289 1217 veniunt,
312 1195 360 1212 cur
375 1195 427 1212 non
443 1192 514 1213 esset
529 1192 585 1213 tuto
601 1187 719 1213 futurus.
761 1189 786 1214 2.
809 1187 892 1214 Multo

93 1223 156 1250 inde
168 1232 291 1250 sermone
306 1223 502 1258 querebantur,
519 1229 599 1259 atque
616 1224 642 1250 id
659 1225 769 1260 quidem
782 1225 892 1251 Cassius

93 1261 225 1292 maxime,
245 1262 358 1287 amissas
373 1262 541 1292 occasiones,
564 1262 759 1297 Decimumque
775 1263 893 1298 graviter

93 1298 245 1325 accusabat.
286 1299 342 1334 Ego
355 1298 486 1334 negabam
497 1304 617 1333 oportere
629 1300 784 1334 praeterita:
799 1308 893 1325 assen-

93 1336 179 1362 tiebar
203 1341 303 1362 tamen.

92 1373 160 1408 quid
176 1374 351 1408 oportuisset,
369 1373 428 1408 (nec
444 1382 507 1400 vero
523 1374 673 1409 quidquam
690 1375 767 1405 novi,
787 1374 834 1400 sed
851 1383 890 1405 ea,

93 1419 162 1446 qnae
173 1410 294 1445 quotidie
305 1411 475 1445 omnes,)nec
487 1416 573 1437 tamen
587 1411 665 1438 illum
678 1411 766 1438 locum
778 1413 892 1448 attinge-

92 1456 159 1478 rem,
173 1456 338 1483 quemquam
350 1453 485 1482 praeterea
497 1449 647 1483 oportuisse
659 1449 742 1485 tangi,
755 1449 802 1475 sed
814 1458 893 1475 sena-

92 1490 150 1512 tum
167 1486 269 1515 vocari,
293 1485 424 1528 populum
441 1485 578 1512 ardentem
594 1486 683 1513 studio
704 1486 892 1513 vehementius

92 1523 212 1553 incitari,
240 1527 321 1548 totam
337 1523 504 1557 susciperem
526 1523 737 1558 rempublicam:
760 1524 893 1551 exclamat

91 1565 137 1586 tua
149 1543 303 1586 familiaris:
317 1561 363 1586 hoc
374 1569 433 1586 vero
443 1563 565 1586 neminem
577 1570 697 1594 uniquam
708 1564 805 1588 auditi.
836 1562 892 1598 Ego

92 1597 219 1640 repressi.
254 1597 307 1623 Sed
319 1602 344 1623 et
355 1597 465 1624 Cassius
477 1598 545 1624 mihi
557 1598 702 1625 videbatur
712 1599 813 1626 iturus.-
827 1599 893 1634 (ete-

92 1635 149 1662 nim
165 1634 278 1660 Servilia
294 1634 473 1669 pollicebatur
490 1644 518 1661 se
539 1641 705 1667 curaturam⁷
729 1641 758 1662 ut
773 1636 819 1663 illa
836 1636 893 1663 fru-

91 1672 175 1699 menti
186 1672 289 1698 curatio
299 1672 332 1699 de
344 1677 453 1699 senatus
465 1673 587 1699 consulto
600 1657 736 1700 tolleretur
745 1673 793 1708 :)et
804 1679 893 1700 noster

91 1709 144 1736 cito
155 1709 276 1736 deiectus
287 1714 328 1736 est
338 1709 371 1735 de
383 1709 429 1736 illo
441 1711 514 1736 inani
524 1719 657 1737 sermone.
693 1710 768 1737 Velle
779 1712 851 1738 enim
864 1720 892 1738 se

91 1746 207 1773 dixerat.
243 1747 388 1774 Constituit
399 1747 492 1783 igitur,
506 1752 534 1774 ut
546 1747 612 1779 ludi,
625 1748 736 1774 absente
747 1757 785 1780 se,
800 1749 892 1776 tierent

91 1792 142 1810 suo
152 1784 271 1811 nomine.
310 1784 444 1811 Proficisci
455 1789 544 1811 autem
557 1785 625 1811 mihi
637 1786 663 1812 in
676 1785 767 1812 Asiam
780 1786 892 1813 videba-

91 1826 136 1848 tur
146 1821 180 1848 ab
194 1821 274 1848 Antio
285 1821 365 1848 velle.
406 1824 431 1848 3.
454 1823 491 1848 Ne
504 1822 600 1855 multa,
616 1822 683 1849 nihil
697 1832 738 1849 me
751 1824 777 1850 in
790 1823 836 1850 illo
849 1825 892 1850 iti-

92 1867 155 1885 nere
166 1863 272 1894 praeter
281 1859 473 1886 conscientiam
486 1859 640 1887 delectavit.
682 1861 739 1887 Non
757 1861 828 1887 enim
842 1861 892 1888 suit

91 1895 325 1926 committendum,
335 1901 363 1922 ut
375 1896 419 1922 ille
430 1905 463 1923 ex
474 1896 548 1923 Italia
560 1898 645 1931 prius,
654 1906 735 1932 quam
747 1907 760 1924 a
774 1907 816 1924 me
828 1908 892 1925 con-

92 1937 190 1960 ventus
201 1937 281 1964 esset,
293 1933 453 1960 discederet.
486 1935 538 1960 Hoc
549 1934 658 1977 dempto
670 1944 781 1962 munere
792 1938 891 1963 amoris

92 1975 172 2006 atque
183 1969 276 2001 officii,
291 1970 464 2005 sequebatur,
477 1975 507 1997 ut
518 1980 623 1998 mecum
635 1974 707 2007 ipse·

133 2009 167 2036 ‘H
179 2007 245 2045 δεῦρ
263 2006 322 2039 ὁδός
335 2020 379 2036 σοι
392 2010 416 2035 τί
429 2007 535 2036 &hamt
549 2009 601 2040 ιῦι,
616 2009 765 2046 (homnium

92 2049 204 2076 Prorsus
215 2048 378 2075 dissolutum
389 2049 488 2075 offendi
500 2050 581 2085 navig
585 2050 654 2079 ium.
674 2050 714 2077 vel
731 2052 820 2086 potius
833 2052 891 2079 dis-

91 2087 222 2122 sipatum.
264 2086 338 2112 Nihil
349 2086 478 2117 consilio,
491 2087 558 2113 nihil
572 2089 686 2117 ratione,
705 2089 772 2114 nihil
785 2089 887 2117 ordine.

92 2125 185 2159 Itaque
196 2124 247 2150 etsi
259 2132 291 2150 ne
302 2128 378 2150 antea
390 2124 501 2158 quidem
513 2124 650 2155 dubitavi,
669 2130 756 2152 tamen
774 2135 845 2153 nunc
861 2136 891 2154 eo

93 2162 194 2192 minus,
208 2161 314 2187 evolare
327 2161 402 2193 hinc3
418 2161 499 2196 idque
510 2170 591 2196 quam
604 2163 737 2197 primum,
751 2163 798 2190 ubi

149 2199 233 2225 necl't
230 2201 381 2232 {opidorum
392 2201 471 2232 sucta,
486 2208 565 2232 neque
574 2202 670 2242 [avitam
681 2203 794 2227 audium.

93 2237 118 2263 ln.
140 2236 192 2263 Sed
206 2236 274 2262 heus
286 2241 322 2267 tu,
337 2244 369 2262 ne
381 2235 446 2262 forte
457 2236 495 2262 sis
507 2237 624 2267 nescius,
638 2237 772 2265 Dolabella
785 2247 827 2265 me
837 2239 890 2265 sibi

93 2273 193 2309 legavit
204 2282 228 2300 a.
242 2273 269 2300 d.
284 2282 319 2300 iv.
333 2273 432 2300 Nonas.
472 2273 499 2299 Id
515 2273 582 2300 mihi
595 2274 652 2301 heri
665 2276 771 2310 vesperi
783 2277 891 2302 nuntia-

92 2316 150 2338 tum
161 2315 210 2338 est.
251 2311 346 2337 Votiva
362 2319 394 2337 ne
411 2310 461 2337 tibi
479 2310 590 2345 quidem
612 2311 743 2346 placebat.
784 2314 890 2340 Etenim

92 2353 148 2375 erat
159 2348 322 2379 absurdum,
340 2356 423 2383 quae,
441 2348 464 2374 si
480 2349 598 2375 stetisset
612 2349 780 2384 respublica,
799 2352 891 2377 vovis-

91 2394 164 2416 sem,
182 2394 211 2412 ea
227 2394 283 2416 me,
301 2394 393 2412 eversa
407 2385 464 2416 illa,
482 2390 540 2412 vota
557 2385 719 2413 dissolvere:
738 2392 764 2413 et
780 2387 888 2419 habent,

91 2423 200 2458 opinor,
223 2422 323 2450 liberae
337 2423 483 2458 legationes
499 2422 640 2449 delinitum
657 2428 764 2458 tempus
778 2424 834 2459 lege
847 2426 891 2451 Iu-

92 2459 140 2492 lia3
156 2468 204 2487 nec
216 2459 293 2486 facile
305 2460 367 2486 addi
380 2465 474 2495 potest.
505 2460 578 2486 Aveo
588 2469 675 2496 genus
687 2460 836 2496 legationis.
850 2467 887 2493 ut,

91 2505 177 2532 quum
190 2497 267 2529 velis,
277 2498 477 2528 introire,exire
491 2497 580 2524 liceat:
593 2497 666 2532 quod
679 2507 750 2524 nunc
762 2499 829 2525 mihi
842 2499 890 2525 ad-

91 2533 179 2561 ditum
191 2539 240 2561 est.
281 2535 352 2561 Bella
369 2540 409 2561 cst
424 2540 512 2561 autem
530 2535 612 2561 liuius
628 2535 695 2561 iuris
706 2537 887 2570 quinquennii

91 2570 209 2598 licentia.
249 2571 420 2607 Quamquam
434 2572 500 2607 quid
513 2571 546 2598 de
557 2572 745 2607 quinquennio
755 2573 889 2608 cogitem?

90 2608 217 2635 Contrahi
230 2609 297 2636 mihi
309 2610 446 2646 negotium
459 2609 575 2636 videtur.
607 2609 660 2635 Sed
671 2611 813 2645 βλάσφημα
825 2612 888 2637 mit-

90 2651 189 2672 tamus.

538 201 589 227 Sed
602 202 703 235 possim
716 201 743 227 id
755 201 892 236 negligere
920 202 921 205 ’

342 1336 488 1371 Quumque
514 1337 653 1372 ingressus
678 1346 766 1363 essem
791 1337 889 1368 dicere,
921 1338 923 1347 '

1246 133 1307 158 ΕΡ.
1330 135 1343 158 6
1364 148 1400 151 -
1425 134 1462 158 ¹3.
1690 135 1734 159 941

996 202 1048 222 XH-
1078 204 1108 226 (Iu
1118 204 1198 223 Antiati,
1208 204 1298 223 Auitonin,
1308 204 1409 221 nomana
1420 210 1465 221 coss.
1478 203 1532 225 710.)

915 261 922 283 .
1140 246 1543 273 C1CEROATT1COS.

921 307 922 327 l

1002 294 1024 318 l.
1045 287 1121 318 Bene
1133 292 1286 318 mehercule
1298 292 1330 318 de
1344 293 1480 319 Buthroto.
1511 292 1544 318 At
1555 300 1604 327 ego
1615 292 1738 318 Tironem

914 333 922 364 i}
944 329 976 355 ad
990 329 1151 355 Dolabellam
1166 338 1228 355 cum
1246 329 1353 360 litteris,
1371 331 1435 364 quia
1452 330 1582 360 iusseras,
1602 330 1738 355 miseram.

914 371 922 400 s
943 367 1014 398 Quid
1031 366 1125 393 nocet‘?
1145 368 1180 392 De
1196 368 1293 393 nostris
1310 372 1397 393 autem
1413 367 1566 393 Antiatibus
1582 367 1647 393 satis
1663 366 1740 392 vide—

945 404 992 429 bar
1008 404 1086 438 plane
1106 405 1261 438 scripsisse,
1286 410 1313 430 ut
1329 413 1380 430 non
1396 404 1548 433 dubitares,
1569 409 1658 430 essent
1673 404 1740 438 quin

943 442 1021 467 otiosi
1035 441 1126 468 futuri.
1136 442 1266 475 usurique
1277 441 1521 468 beneficioAntonii
1535 440 1738 467 contumelioso.

914 497 923 506 1,
944 479 1054 505 Cassius
1071 478 1271 504 frumentariam
1288 487 1343 504 rem
1360 479 1562 513 aspernabatur.
1602 479 1668 504 Eam
1680 478 1741 504 Ser-

945 516 1008 541 vilia
1020 515 1187 541 sublaturam
1202 524 1236 541 ex
1251 521 1360 542 senatus
1375 516 1497 542 consulto
1512 524 1540 542 se
1552 524 1610 541 esse
1623 515 1738 541 dicebat.

945 553 1040 579 Noster
1051 561 1113 578 vero
1122 573 1127 582 ‚
1145 553 1187 578 κιιὶ
1198 553 1268 587 μάλα
1280 553 1386 587 σεμνός,
1406 554 1432 579 in
1444 553 1534 579 Asiam
1544 574 1549 583 ,
1565 557 1740 587 posteaquam

914 608 923 620 „
945 590 1012 616 mihi
1024 595 1063 615 est
1075 598 1211 620 assensus,
1225 595 1280 616 tuto
1292 599 1320 615 se
1333 590 1429 616 Romae
1441 599 1499 616 esse
1511 599 1562 616 non
1575 599 1663 624 posse.
1686 591 1741 616 Lu-

914 626 923 660 }¹
944 627 992 653 dos
1012 628 1084 653 enim
1106 627 1203 652 absens
1225 626 1310 652 faeere
1331 627 1455 653 malebat.
1496 627 1590 653 Statim
1606 632 1694 653 autem
1712 636 1740 653 se

945 665 1055 694 iturum,
1064 664 1146 690 simul
1158 673 1188 689 ac
1200 664 1323 690 ludorum
1336 669 1493 698 apparatum
1505 666 1549 694 iis,
1562 665 1610 699 qui
1622 665 1739 690 curaturi

944 707 1042 731 essent.
1056 701 1220 727 tradidisset.
1251 702 1363 736 Navigia
1375 702 1528 737 colligebat.
1561 703 1623 728 Erat
1634 703 1741 728 animus

921 743 923 754 ³
945 739 971 764 in
982 747 1074 764 cursu.
1115 739 1215 764 Interea
1228 739 1253 764 in
1266 739 1368 764 eisdem
1382 738 1446 765 locis
1457 744 1531 765 erant
1543 738 1635 765 futuri.
1674 740 1741 765 Bru-

944 781 987 802 tus
1001 775 1112 810 quidem
1129 784 1157 801 se
1173 776 1260 801 aiebat
1275 776 1396 802 Asturae.
1437 778 1462 802 2.
1485 777 1515 802 L.
1532 776 1643 810 quidem
1659 777 1741 802 Anto-

945 814 1006 839 nius
1023 812 1170 838 liberaliter
1186 812 1280 838 litteris
1296 813 1354 839 sine
1365 822 1428 839 cura
1441 822 1482 839 me
1494 822 1553 839 esse
1565 813 1648 839 iubet.
1690 814 1742 839 Ha-

921 873 922 876 ,
944 850 994 876 beo
1006 859 1091 876 unum
1105 850 1280 881 beneficium;
1296 850 1408 876 alterurn
1421 850 1545 881 fortasse,
1559 851 1587 876 ni
1599 851 1626 876 in
1638 851 1741 876 Tuscu—

945 887 1036 913 lanum
1049 888 1162 913 venerit.
1202 886 1224 913 Ο
1236 888 1340 922 negotia
1357 896 1408 913 non
1425 871 1546 913 serendal
1569 896 1638 922 quae
1651 887 1742 913 ferun-

944 930 988 951 tur
1008 929 1106 951 lamen.
1151 927 1207 951 Τῶι
1229 924 1254 950 ὅ
1281 924 1365 951 (ιῖῐιάι
1386 927 1437 951 'usn
1457 925 1583 959 Βρούτωι
1605 926 1639 954 τίς
1660 929 1741 958 εἶχε).

944 962 1099 992 Octaviano,
1113 966 1142 988 ut
1153 962 1288 996 perspexi
1303 963 1368 988 satis
1380 963 1491 997 ingenii
1509 963 1573 988 satis
1585 963 1682 988 animi:
1700 963 1742 987 xi-

944 1000 1112 1034 debaturque
1128 1008 1189 1034 erga
1206 1004 1309 1025 nostros
1325 1000 1410 1034 ἥρωας
1426 1000 1459 1025 ita
1472 999 1539 1029 fore,
1559 1004 1587 1025 ut
1599 1008 1646 1025 nos
1659 999 1742 1024 velle-

944 1046 1014 1066 mus,
1028 1037 1172 1063 animatus.
1206 1036 1259 1062 Sed
1271 1037 1339 1071 quid
1351 1037 1428 1063 aetati
1440 1037 1605 1063 credendum
1618 1037 1660 1066 sit,
1675 1036 1742 1071 quid

945 1075 1056 1105 nomini,
1069 1074 1136 1109 quid
1150 1074 1299 1105 hereditati,
1313 1074 1379 1109 quid
1391 1076 1536 1108 κατηχήσει,
1551 1075 1642 1109 magni
1653 1074 1743 1099 consi-

945 1112 973 1138 lii
985 1117 1034 1138 est.
1075 1112 1193 1137 Vitricus
1204 1111 1315 1146 quidem
1329 1111 1396 1137 nihil
1412 1111 1551 1138 censebat:
1569 1120 1649 1146 quem
1662 1112 1742 1137 Astu-

944 1158 987 1175 rae
999 1148 1130 1175 vidimus,
1144 1149 1194 1174 Sed
1204 1154 1290 1175 tamen
1303 1148 1416 1175 alendus
1427 1154 1479 1177 est:
1494 1154 1527 1179 et,
1537 1154 1565 1175 ut
1577 1148 1644 1174 nihil
1656 1148 1740 1179 aliud,

944 1187 977 1213 ab
985 1187 1099 1213 Antonio
1110 1186 1306 1222 seiungendus.
1324 1186 1466 1212 Marcellus
1477 1186 1622 1221 praeclare,
1631 1187 1653 1211 si
1665 1194 1743 1220 prae-

921 1243 923 1257 (
944 1225 1010 1258 cipit
1021 1229 1109 1250 nostra
1126 1224 1170 1249 isti
1184 1227 1207 1249 ’.-
1226 1225 1269 1249 cui
1285 1223 1396 1258 quidem
1409 1224 1454 1250 ille
1465 1224 1574 1249 deditus
1587 1223 1653 1249 mihi
1667 1223 1743 1249 vide-

945 1262 1032 1288 batur.
1074 1262 1174 1287 Pansae
1190 1266 1278 1287 autem
1294 1266 1319 1287 et
1333 1261 1418 1287 Hirtio
1439 1269 1491 1287 non
1508 1261 1590 1287 nimis
1605 1260 1740 1287 credebat.

944 1300 1014 1325 Bona
1027 1299 1141 1329 indoles,
1158 1299 1203 1325 ἐὰν
1215 1298 1340 1333 διαμείνῃ.

997 1376 1053 1397 ΧῙΙῙ
1064 1383 1083 1397 ι.
1107 1379 1137 1400 (ln
1147 1379 1258 1397 Puteolano.
1269 1378 1360 1397 Antania,
1372 1378 1472 1396 Dolabella
1483 1384 1529 1395 «ω.
1542 1379 1595 1398 710.)

1128 1424 1295 1451 CICERO
1326 1424 1495 1451 ATTICO
1528 1424 1556 1451 S.

1003 1472 1026 1496 l.
1049 1465 1156 1497 Octavo
1173 1470 1231 1496 Kal.
1249 1470 1316 1496 duas
1332 1479 1346 1496 a
1363 1475 1386 1496 te
1403 1471 1493 1505 accepi
1513 1469 1649 1504 epistolas.
1691 1470 1742 1495 Re-

944 1507 1083 1542 spondebo
1099 1508 1181 1543 igitur
1196 1508 1277 1542 priori
1294 1509 1379 1542 prius.
1421 1508 1558 1533 Assentior
1572 1507 1634 1537 tibi,
1654 1511 1683 1532 ut
1694 1515 1741 1532 nec

944 1546 1027 1571 duces
1042 1545 1129 1571 simus
1146 1554 1194 1571 nec
1210 1554 1305 1580 agmen
1322 1554 1463 1580 cogamus:
1488 1544 1625 1570 faveamus
1642 1549 1740 1570 tamen.

946 1584 1091 1609 Orationem
1109 1582 1157 1608 tibi
1174 1583 1246 1609 misi.
1289 1583 1354 1608 Eius
1365 1582 1556 1608 custodiendae
1568 1587 1593 1608 et
1605 1581 1742 1616 proferen-

944 1620 992 1646 dae
1005 1620 1146 1646 arbitrium
1159 1625 1246 1646 tuum.
1287 1620 1337 1646 Sed
1350 1619 1458 1654 quando
1471 1619 1546 1645 illum
1559 1619 1641 1648 diem,
1655 1627 1740 1653 quum

945 1663 972 1684 tu
985 1657 1116 1683 edendam
1129 1657 1225 1692 putes?
1245 1659 1269 1683 2.
1284 1657 1417 1687 inducias,
1431 1665 1499 1691 quas
1510 1657 1622 1686 scribis,
1635 1665 1686 1682 non
1699 1657 1739 1681 in-

945 1694 1036 1729 telligo
1048 1695 1104 1720 lieri
1117 1703 1206 1729 posse.
1246 1695 1340 1721 Melior
1351 1700 1391 1721 est
1401 1694 1621 1727 (iral'ttqmrijo’t'u.
1634 1702 1687 1728 qua
1700 1702 1741 1719 me

945 1741 1058 1758 usurum
1070 1732 1192 1759 arbitror.
1219 1731 1296 1764 Quod
1307 1732 1404 1758 scribis
1417 1731 1535 1766 legiones
1546 1731 1614 1757 duas
1626 1730 1742 1757 Brutuli-

944 1770 1016 1796 sium
1028 1770 1149 1802 venisse3
1164 1778 1211 1796 vos
1222 1770 1311 1796 onmia
1325 1770 1410 1804 prius.
1437 1769 1543 1795 Scribes
1557 1769 1646 1803 igitur.
1660 1768 1742 1802 quid-

944 1807 1010 1842 quid
1023 1807 1152 1833 audieris.
1193 1809 1218 1834 3.
1240 1807 1365 1833 Varronis
1377 1807 1499 1842 διάλογον
1510 1811 1646 1840 exspecto.
1688 1806 1741 1831 lam

945 1844 1028 1879 probo
1039 1844 1244 1879 ‘ugmxtetdetma
1266 1845 1423 1879 praesertim
1439 1852 1524 1878 quum
1542 1848 1568 1870 tu
1581 1848 1651 1869 tanto
1661 1851 1741 1876 opere

943 1882 1090 1908 delectere.-
1108 1881 1155 1907 sed
1171 1881 1250 1916 quale
1267 1881 1348 1911 velis,
1366 1881 1447 1907 velim
1463 1882 1542 1907 scire.
1582 1879 1657 1912 Quod
1673 1879 1705 1905 ad
1718 1886 1741 1905 te

943 1925 1032 1947 ιιιιΙιίι,
1055 1924 1134 1953 atque
1155 1919 1221 1945 adeo
1240 1922 1314 1952 prius
1329 1919 1426 1953 scripsi
1441 1919 1490 1953 (sie
1509 1918 1580 1944 enim
1597 1917 1740 1950 mavis),ud

943 1956 1128 1986 scribendum,
1143 1957 1192 1982 tibi
1205 1957 1269 1982 itero
1279 1956 1473 1985 dicere,secisti
1487 1964 1527 1981 me
1539 1956 1678 1981 acriorem,
1702 1954 1740 1979 Ad

944 1999 1020 2020 tuum
1031 1995 1104 2020 enim
1118 1994 1259 2024 iudicium,
1268 1993 1340 2028 quod
1353 1994 1420 2019 milti
1431 1999 1486 2019 erat
1498 1998 1600 2022 uotum,
1613 1991 1740 2018 addidisti

944 2030 1077 2057 Peducaei
1091 2032 1289 2061 auctoritatem,
1310 2040 1434 2065 magnam
1450 2030 1561 2065 quidem
1578 2029 1650 2064 apud
1663 2038 1704 2055 me
1716 2035 1741 2054 et

944 2069 971 2094 in
983 2069 1078 2103 primis
1089 2077 1210 2103 gravem.
1228 2069 1417 2103 Enitarigitur,
1427 2066 1741 2094 nedesideresautimlu—

943 2107 1036 2132 striam
1050 2114 1136 2131 meam
1148 2110 1193 2131 aut
1204 2105 1384 2140 diligentium.
1415 2106 1578 2134 Vettieuum,
1593 2110 1620 2130 ut
1631 2103 1738 2133 scribis,

943 2148 967 2169 ct
980 2143 1122 2169 Faberium
1136 2142 1222 2168 foveo.
1248 2142 1373 2169 Clodium
1387 2142 1453 2168 nibil
1466 2142 1579 2168 arbitror
1592 2141 1737 2167 malitiose:

943 2189 1108 2214 quamquam
1120 2194 1166 2205 —.
1191 2179 1242 2205 Sed
1253 2179 1320 2214 quid
1331 2179 1433 2213 egerit?
1445 2180 1479 2205 De
1492 2179 1612 2205 libertate
1623 2179 1740 2204 retinen-

943 2217 976 2243 da
985 2238 990 2247 ,
1006 2226 1059 2251 qua
1071 2222 1141 2243 certe
1154 2217 1221 2243 nihil
1234 2222 1273 2243 est
1285 2216 1394 2243 dulcius
1403 2237 1408 2246 ,
1427 2216 1475 2242 tibi
1487 2217 1627 2242 assentior.
1669 2216 1739 2241 Itane

943 2255 972 2281 C.
995 2253 1100 2280 Annio?
1119 2255 1141 2279 Ο
1162 2254 1298 2280 hominem
1320 2254 1449 2288 nequam!
1473 2253 1539 2288 quid
1560 2254 1632 2279 euim
1651 2251 1738 2278 dicum

943 2291 1035 2318 aliud?
1049 2296 1157 2317 cautum
1170 2290 1338 2317 Marcellum!
1357 2299 1399 2316 me
1410 2291 1449 2316 sic
1459 2305 1509 2320 —,
1527 2290 1574 2316 sed
1587 2299 1638 2315 uon
1651 2294 1738 2315 tamen

942 2328 1143 2355 cautissimum!
1168 2329 1191 2354 h.
1210 2329 1334 2363 Longiori
1350 2327 1478 2362 epistolae
1493 2327 1681 2362 superiorique
1698 2334 1738 2352 re·

942 2365 1049 2401 spondi.
1091 2366 1168 2391 Nune.
1194 2365 1310 2391 breviori
1336 2365 1508 2400 propiorique
1533 2363 1600 2399 quid
1628 2372 1738 2398 respon-

920 2409 921 2414 *
942 2403 1029 2432 deam,
1039 2403 1091 2429 nisi
1102 2411 1160 2428 eum
1173 2402 1256 2428 luisse
1268 2402 1474 2428 dulcissiumni'?
1486 2402 1536 2427 lles
1548 2402 1738 2435 Hispanienses

944 2440 1020 2466 valde
1040 2440 1134 2466 bonae.
1177 2440 1254 2466 Modo
1270 2439 1414 2466 llulbilium
1437 2438 1599 2465 ineolumem
1620 2437 1735 2465 videam.

919 2486 920 2503 ς
941 2477 1096 2504 subsidium
1110 2482 1212 2503 nostrae
1225 2478 1380 2503 senectutis.
1404 2477 1567 2502 DeAnuiano
1579 2477 1652 2505 item.
1665 2475 1737 2510 quod

942 2524 983 2541 me
996 2514 1073 2540 valde
1085 2514 1209 2541 observat
1221 2514 1340 2541 viseum.
1378 2514 1429 2539 Sed
1443 2514 1507 2539 haee
1518 2513 1629 2548 quidem
1642 2513 1737 2539 liuma-

918 2558 919 2563 ’
941 2561 983 2578 riu.
1025 2552 1059 2577 De
1072 2552 1151 2577 Bruto
1163 2557 1186 2578 te
1199 2552 1346 2578 nihilscin
1357 2551 1439 2577 dicis:
1454 2550 1617 2580 sedSeliciu,
1630 2551 1737 2576 venisse

917 2590 919 2620 ζ
940 2590 974 2616 Μ.
995 2589 1146 2623 Scaptium:
1165 2598 1282 2624 euinque
1299 2598 1350 2615 non
1366 2597 1418 2623 qun
1431 2597 1542 2623 pompa.
1560 2587 1592 2614 ad
1608 2593 1736 2614 setnmen

917 2633 918 2640 ¹
938 2627 1006 2653 elam
1020 2631 1162 2652 venturum
1174 2636 1202 2653 s(
1206 2627 1360 2661 iturumque
1372 2634 1414 2652 me
1424 2626 1526 2652 omniu:
1539 2634 1609 2660 quiae
1623 2634 1673 2660 ego
1684 2630 1737 2651 sta-

909 2674 911 2689 2
939 2665 996 2690 tim.
1038 2664 1137 2690 lutere-i
1159 2669 1245 2690 murat
1264 2663 1371 2695 endem,
1395 2663 1468 2689 Bassi
1490 2671 1599 2689 servum
1618 2663 1734 2690 venisse
