1941 3052
436 141 527 169 PRO
559 142 587 168 T.
621 141 776 169 ANNIO
809 140 1011 168 MILONE.

64 214 140 242 vobis
161 213 266 250 largiar.
306 213 419 240 Servum
440 213 529 244 etiam,
547 217 577 240 ut
587 212 680 239 Arrius
699 221 776 239 meus
791 212 858 239 ami-

63 261 111 280 cus
134 251 216 282 dixit,
242 251 400 286 corruperit.
454 251 546 286 Legite
574 251 725 277 testimonia
749 250 858 276 testium

62 293 223 316 vestrorum.
263 289 335 315 Dixit
355 288 384 315 C.
407 287 557 319 Cassinius,
577 292 752 323 cognomento
772 287 857 317 Scola,

62 327 235 357 Interamnas,
254 325 482 352 familiarissimus
497 330 523 351 et
538 325 609 352 idem
620 333 709 351 comes
720 325 749 350 P.
762 324 857 355 Clodii,

63 364 141 391 cuius
171 363 224 389 iam
251 362 354 397 pridem
378 363 531 389 testimonio
552 361 662 389 Clodius
683 362 775 388 eadem
797 362 860 388 hora

63 402 227 428 Interamnae
247 400 334 426 fuerat
354 404 380 426 et
399 401 510 431 Romae,
528 400 557 426 P.
574 399 697 426 Clodium
713 399 759 426 illo
774 399 817 425 die
832 399 860 425 in

64 438 167 466 Albano
187 446 344 464 mansurum
364 437 457 469 fuisse,
475 437 522 463 sed
538 437 629 463 subito
644 437 668 463 ei
679 445 738 463 esse
753 436 861 462 nuntia-

63 480 130 506 tum,
153 475 253 511 Cyrum
274 475 447 501 architectum
462 483 521 501 esse
536 479 686 504 mortuum,
704 474 794 508 itaque
809 474 861 499 Ro-

64 521 136 540 mam
147 516 254 547 repente
265 512 435 538 constituisse
446 512 588 547 proficisci.
628 512 700 537 Dixit
711 511 760 537 hoc
770 519 859 537 comes

63 551 127 577 item
138 550 166 576 P.
180 549 275 580 Clodii,
289 549 318 576 C.
331 549 451 576 Clodius.
472 549 564 575 XVIII.
578 550 618 575 47.
631 548 733 579 Videte,
746 548 858 579 iudices,

63 591 178 623 quantae
199 595 240 613 res
257 587 299 613 his
311 587 470 613 testimoniis
485 587 540 613 sint
556 585 698 613 confectae.
739 586 860 611 Primum

63 629 134 652 certe
150 624 276 650 liberatur
287 624 358 655 Milo,
376 633 429 651 non
441 633 472 650 eo
481 623 593 650 consilio
604 622 738 658 profectus
750 631 817 653 esse,
831 626 860 648 ut

64 661 238 689 insidiaretur
256 662 284 688 in
301 662 343 687 via
359 661 464 688 Clodio:
490 662 605 696 quippe;
627 661 651 686 si
666 660 712 686 ille
727 659 824 686 obvius
836 659 860 685 ei

64 699 172 726 futurus
191 699 300 725 omnino
320 707 372 725 non
387 703 451 725 erat.
491 697 591 724 Deinde
606 697 668 733 (non
684 697 756 723 enim
771 696 857 727 video,

63 745 112 764 cur
123 745 175 763 uon
186 745 277 763 meum
288 744 397 771 quoque
407 744 483 771 agam
490 734 737 771 negotium‚)scitis,
746 734 857 765 iudices,

65 774 159 805 fuisse,
168 774 215 809 qui
227 774 254 800 in
266 773 314 800 hac
325 773 459 809 rogatione
470 772 606 799 suadenda
618 772 744 803 dicerent,
753 771 860 798 Milonis

64 820 146 838 manu
167 810 273 837 caedem
289 819 348 837 esse
363 810 468 841 factam,
485 809 598 836 consilio
613 818 675 836 vero
690 809 797 835 maioris
812 809 861 835 ali-

64 849 152 875 cuius.
192 848 234 874 Me
249 847 373 874 videlicet
389 847 516 874 latronem
527 856 557 873 ac
568 847 694 873 sicarium
706 847 802 873 abiecti
813 846 861 872 ho-

65 887 151 912 mines
165 889 191 911 et
205 884 301 920 perditi
316 885 513 911 describebant.
535 885 622 911 Iacent
633 885 690 910 suis
705 884 818 910 testibus
830 884 858 914 ii,

63 923 111 958 qui
123 922 245 954 Clodium
257 927 354 958 negant
364 930 395 949 eo
404 922 448 949 die
454 923 573 953 Romam,
587 922 639 948 nisi
650 921 683 948 de
690 922 758 957 Cyro
769 921 862 947 audis-

65 965 113 992 set,
128 957 212 987 i'uisse
223 959 382 987 rediturum.
421 960 570 995 Respiravi‚
585 959 712 985 liberatus
723 968 794 990 sum,
808 967 860 985 non

65 1006 165 1029 vereor,
188 1006 230 1028 ne,
252 997 325 1033 quod
340 1005 373 1023 ne
387 998 518 1032 suspicari
533 996 644 1032 quidem
661 996 802 1032 potuerim,
819 996 861 1022 vi-

65 1035 128 1062 dear
143 1035 171 1061 id
181 1035 321 1070 cogitasse⁴
354 1036 395 1061 48.
412 1035 490 1061 Nunc
501 1043 647 1069 persequar
657 1039 752 1060 cetera.
793 1034 860 1060 Nam

65 1072 179 1099 occurrit
198 1072 280 1099 illud:
307 1073 390 1108 igitur
409 1081 442 1099 ne
458 1072 568 1099 Clodius
583 1071 694 1107 quidem
710 1071 743 1098 de
754 1071 860 1098 insidiis

64 1110 198 1146 cogitavit,
207 1110 333 1145 quoniam
345 1109 396 1136 fuit
406 1110 434 1136 in
445 1109 548 1136 Albano
559 1118 712 1141 mansurus,
725 1108 861 1144 siquidem

65 1148 187 1174 exiturus
206 1147 239 1173 ad
254 1147 362 1173 caedem
373 1155 387 1173 e
399 1147 462 1174 villa
474 1156 525 1174 non
538 1147 643 1173 suisset.
683 1147 767 1174 Video
777 1147 858 1177 enim,

65 1184 155 1216 illum,
177 1185 226 1220 qui
246 1184 344 1211 dicitur
362 1184 396 1211 de
416 1184 477 1221 Cyri
498 1189 581 1211 morte
597 1184 747 1215 nuntiasse,
766 1192 818 1210 non
834 1183 861 1210 id

65 1223 217 1254 nuntiasse,
239 1222 287 1249 sed
302 1221 428 1249 Milonem
448 1223 672 1257 appropinquare.
713 1222 780 1248 Nam
794 1221 861 1256 quid

65 1259 99 1286 de
119 1259 187 1295 Cyro
203 1260 348 1291 nuntiaret,
366 1268 447 1295 quem
466 1259 575 1287 Clodius
592 1260 674 1286 Roma
690 1259 861 1294 proficiscens

65 1297 209 1332 reliquerat
228 1297 403 1324 morientem?
426 1297 483 1324 Una
504 1297 555 1328 fui,
573 1301 762 1324 testamentum
778 1296 860 1323 simul

64 1334 207 1371 obsignavi
230 1343 293 1361 cum
314 1334 418 1361 Clodio:
451 1339 639 1361 testamentum
663 1338 753 1360 autem
772 1333 861 1369 palam

65 1371 174 1403 fecerat,
197 1375 223 1398 et
241 1371 319 1399 illum
340 1371 465 1398 heredem
485 1376 511 1398 et
526 1380 568 1398 me
583 1372 735 1407 scripserat.
775 1371 860 1403 Quem

65 1409 153 1444 pridie
174 1409 237 1436 bora
252 1409 327 1435 tertia
343 1410 458 1436 animam
474 1409 607 1436 efflantem
623 1409 785 1444 reliquisset,
799 1417 860 1435 eum

65 1451 214 1477 mortuum,
228 1446 356 1481 postridie
376 1447 440 1473 hora
459 1446 563 1473 decima
582 1447 700 1482 denique
715 1447 738 1473 ei
755 1447 862 1473 nuntia-

65 1483 161 1511 batur?
189 1484 263 1511 XIX.
277 1485 319 1511 49.
331 1483 401 1520 Age,
419 1485 455 1511 sit
474 1485 510 1511 ita
526 1484 639 1511 factum:
671 1492 739 1519 quae
755 1492 859 1513 caussa,

64 1529 112 1548 cur
125 1522 235 1548 Romam
252 1521 420 1556 properaret?
439 1530 487 1548 cur
502 1522 528 1548 in
545 1526 648 1548 noctem
664 1530 693 1548 se
703 1520 863 1548 coniiceret‘?

64 1558 136 1591 Quid
147 1558 270 1585 afferebat
281 1559 467 1591 festinationis,
481 1559 554 1594 quod
566 1559 642 1586 heres
654 1558 726 1586 erat?
739 1559 861 1585 Primum

64 1601 120 1623 erat
136 1596 212 1627 nihil,
229 1605 278 1623 cur
293 1601 432 1631 properato
445 1605 515 1632 opus
530 1601 614 1623 esset:
641 1596 747 1627 deinde,
760 1597 784 1623 si
795 1596 861 1631 quid

65 1637 143 1665 esset,
151 1633 218 1668 quid
233 1634 337 1660 tandem
350 1639 412 1665 erat,
420 1634 492 1669 quod
504 1643 534 1660 ea
546 1634 858 1669 nocteconsequiposset,

64 1671 197 1698 amitteret
217 1675 314 1703 autem,
331 1671 354 1698 si
371 1671 498 1706 postridie
513 1680 591 1698 mane
602 1672 712 1698 Romam
725 1670 862 1698 venisset?

64 1707 160 1744 Atque,
183 1712 213 1735 ut
227 1708 267 1735 illi
282 1713 428 1735 nocturnus
439 1709 472 1735 ad
485 1709 582 1736 Urbem
593 1709 724 1735 adventus
736 1708 861 1735 vitandus

65 1746 162 1781 potius,
179 1754 261 1781 quam
276 1746 442 1781 expetendus
459 1745 523 1773 fuit:
545 1747 584 1773 sio
599 1746 700 1778 Miloni,
718 1755 804 1782 quum
820 1747 862 1773 in-

65 1783 175 1810 sidiator
194 1788 278 1814 esset,
300 1784 323 1810 si
338 1783 417 1810 illum
432 1783 465 1810 ad
481 1784 579 1811 Urbem
595 1788 674 1811 noctu
690 1792 861 1810 accessurum

64 1820 173 1852 sciebat,
195 1821 393 1848 subsidendum
409 1826 488 1856 atque
503 1821 714 1857 exspectandum
730 1821 790 1848 suit.
817 1823 859 1848 50.

63 1858 157 1890 Noctu,
180 1858 309 1885 insidioso
325 1863 350 1885 et
365 1858 444 1893 pleno
460 1858 590 1885 latronum
603 1860 629 1886 in
643 1859 698 1886 loco
708 1859 859 1886 occidisset.

64 1895 148 1922 Nemo
167 1895 191 1922 ei
211 1896 317 1931 neganti
338 1904 390 1923 non
404 1896 575 1926 credidisset,
596 1905 678 1932 quem
694 1905 753 1923 esse
768 1905 861 1923 omnes

63 1932 171 1959 salvum
191 1933 269 1959 etiam
290 1933 458 1960 confitentem
475 1933 578 1960 volunt.
619 1933 861 1960 Sustinuissethoc

63 1969 164 1996 crimen
186 1970 303 2004 primum
318 1970 377 2005 ipse
391 1970 437 1997 ille
453 1970 584 1997 latronum
597 1971 742 1998 occultator
752 1976 778 1998 et
789 1979 862 1997 rece-

63 2011 150 2042 ptator
171 2006 258 2038 locus,
281 2007 346 2034 dum
368 2016 455 2043 neque
474 2013 548 2034 muta
569 2008 685 2035 solitudo
705 2009 858 2039 indicasset,

64 2052 151 2079 neque
162 2052 238 2071 caeca
250 2052 302 2071 nox
313 2045 474 2071 ostendisset
485 2045 619 2076 Milonem,
628 2045 727 2072 deinde
737 2046 775 2072 ibi
783 2045 860 2072 multi

63 2081 97 2108 ab
108 2081 154 2108 illo
166 2081 265 2113 violati,
279 2082 394 2117 spoliati,
408 2082 484 2109 bonis
495 2082 612 2118 expulsi.
621 2083 699 2109 multi
712 2083 860 2110 baecetiam

64 2119 187 2146 timentes
209 2119 236 2145 in
256 2119 438 2154 suspicionem
458 2119 594 2151 caderent,
620 2124 671 2147 tota
686 2120 803 2155 denique
818 2129 860 2146 rea

63 2156 188 2183 citaretur
202 2156 318 2183 Etruria.
350 2158 392 2183 5⁴.
409 2156 496 2192 Atque
512 2157 558 2184 illo
572 2157 617 2184 die
631 2161 701 2184 certe
717 2158 803 2184 Aricia
820 2165 861 2184 re-

64 2193 139 2220 diens
160 2193 274 2220 devertit
294 2194 404 2221 Clodius
419 2194 452 2220 ad
467 2203 496 2220 se
511 2194 538 2221 in
554 2194 699 2221 Albanum.
739 2194 816 2227 Quod
833 2199 861 2221 ut

64 2231 143 2258 sciret
163 2230 234 2263 Milo,
254 2230 331 2257 illum
343 2231 446 2258 Ariciae
461 2231 554 2263 fuisse,
572 2232 704 2267 suspicari
716 2236 802 2259 tamen
814 2232 862 2258 de-

64 2267 131 2299 buit,
153 2276 225 2299 eum,
242 2269 346 2295 etiamsi
364 2270 472 2295 Romam
490 2269 536 2295 illo
550 2269 594 2296 die
610 2270 705 2296 reverti
722 2269 810 2300 vellet,
828 2269 861 2295 ad

64 2304 156 2332 villam
172 2314 259 2337 suam,
276 2314 345 2341 quae
358 2307 427 2333 viam
440 2311 566 2342 tangeret,
580 2306 767 2334 deversurum.
808 2307 861 2334 Cur

65 2350 151 2378 neque
171 2347 232 2370 ante
246 2344 369 2375 occurrit,
389 2352 422 2370 ne
437 2343 483 2370 ille
494 2344 520 2370 in
534 2343 596 2370 villu
608 2344 749 2371 resideret:
773 2353 820 2371 nec
831 2353 861 2371 eo

64 2379 93 2407 in
105 2379 160 2407 loco
170 2380 301 2412 subsedit,
315 2389 369 2416 quo
380 2381 425 2408 ille
436 2386 514 2407 noctu
526 2386 655 2407 venturus
667 2381 755 2408 esset?

119 2417 202 2445 Video
213 2418 300 2445 adbuc
310 2423 430 2445 constare
441 2419 539 2449 omnin,
549 2418 664 2445 iudices:
683 2419 860 2445 Milonietiam

64 2453 131 2481 utile
142 2453 226 2482 fuisse
237 2455 360 2482 Clodium
373 2457 472 2487 vivere,
491 2455 529 2482 illi
541 2456 573 2482 nd
585 2464 624 2487 eu,
637 2464 706 2491 quae
717 2456 861 2490 concupie-

65 2495 117 2522 rat,
139 2493 336 2527 optatissimum
358 2494 495 2520 interitum
517 2493 638 2526 Milonis3
662 2493 753 2519 odium
777 2493 860 2519 luisse

64 2526 140 2554 illius
159 2529 187 2556 in
202 2529 275 2557 hunc
285 2531 500 2562 acerbissimum,
515 2531 541 2557 in
553 2530 630 2557 illum
646 2530 727 2557 liuius
739 2530 859 2563 nullum;

65 2566 285 2594 consuetudinem
299 2568 374 2595 illius
381 2567 761 2604 perpetuaminviiufcrenda,
778 2568 861 2594 huius

66 2605 168 2644 tuntum
178 2603 207 2630 in
218 2605 383 2640 repellendu3
405 2608 447 2633 52.
460 2610 571 2632 mortem
583 2605 616 2631 ab
627 2605 860 2632 illodenuntintam

66 2638 158 2666 Miloni
179 2644 204 2667 et
218 2643 395 2676 praedicatam
407 2643 504 2678 palam,
519 2642 585 2670 niliil
598 2651 727 2679 umquam
739 2642 860 2669 auditum

913 2576 920 2602 -

66 2683 99 2703 ex
111 2676 221 2712 Milone;
243 2680 413 2714 profectionis
429 2681 511 2708 huius
526 2680 597 2707 diem
614 2680 653 2707 illi
667 2685 773 2712 notum,
790 2679 861 2707 redi-
882 2682 891 2707 ll
913 2679 973 2706 Iuro
992 2688 1025 2706 an
1046 2679 1158 2710 iniuria,
1181 2677 1247 2706 nihil
1268 2677 1302 2704 ad
1318 2682 1450 2705 tortorem.

1059 140 1158 167 CAP.
1194 141 1342 167 lit—21.
1657 141 1702 166 58¹

910 216 968 238 tum
989 211 1063 238 illius
1079 211 1143 238 huic
1158 211 1279 247 ignotum
1296 210 1394 243 suisse3
1421 209 1504 236 huius
1522 209 1570 236 iter
1585 217 1709 236 necessa-

912 250 995 280 rium,
1018 248 1092 275 illius
1113 249 1192 275 etiam
1208 249 1298 283 potius
1314 247 1446 279 alienum;
1469 247 1540 273 hunc
1552 255 1614 282 prae
1625 255 1653 273 se
1665 251 1708 272 tu-

913 286 984 317 lisse,
1007 294 1035 312 se
1056 285 1102 312 illo
1116 285 1160 312 die
1175 286 1257 312 Roma
1269 286 1414 316 exiturum,
1428 284 1506 311 illum
1517 293 1547 310 eo
1558 284 1601 310 die
1612 292 1640 310 se
1651 283 1709 310 dis-

911 323 1056 350 simulasse
1071 323 1235 355 rediturum}
1256 323 1328 349 hunc
1345 322 1446 349 nullius
1462 322 1500 348 rei
1516 326 1634 348 mutasse
1645 329 1708 347 con-

911 361 1013 391 silium,
1027 360 1105 387 illum
1116 369 1239 387 caussam
1255 359 1616 391 mutandiconsiliifinxisse3
1634 358 1706 389 huic,

912 399 935 424 si
952 398 1136 429 insidiaretur,
1161 402 1264 424 noctem
1284 406 1365 432 prope
1376 397 1474 423 Urbem
1490 395 1706 431 exspectandam,

911 435 965 465 illi,
988 435 1092 461 etiamsi
1113 435 1185 461 hunc
1206 444 1257 461 non
1278 436 1394 465 timeret,
1418 439 1505 460 tamen
1521 442 1658 460 accessum
1675 432 1708 459 ad

911 472 1009 498 Urbem
1022 477 1181 498 nocturnum
1193 472 1277 498 fuisse
1289 471 1474 498 metuendum.

965 509 1028 535 XX.
1041 511 1083 536 53.
1096 509 1242 536 Videamus
1258 518 1329 535 nunc
1344 509 1380 540 id,
1394 508 1465 544 quod
1477 512 1557 543 caput
1567 512 1615 538 est,
1633 506 1708 533 locus

911 546 944 572 ad
965 546 1077 573 insidias
1098 546 1143 573 ille
1158 547 1225 581 ipse,
1242 546 1290 573 ubi
1301 547 1437 582 congressi
1452 551 1523 577 sunt,
1539 546 1588 571 utri
1601 544 1709 571 tandem

912 583 992 610 suerit
1007 585 1101 618 aptior.
1142 584 1172 610 Id
1187 592 1258 613 vero,
1277 584 1388 614 iudices,
1402 584 1481 610 etiam
1493 582 1671 609 dubitandum
1683 586 1709 608 et

912 620 1015 647 diutius
1030 621 1202 657 cogitandum
1218 620 1275 647 est‘?
1294 622 1362 647 Ante
1378 620 1493 647 fundum
1505 620 1598 650 Clodii,
1613 628 1666 654 quo
1680 620 1708 645 in

912 658 1004 689 fundo,
1014 663 1121 693 propter
1132 659 1239 684 insanas
1251 658 1310 684 illas
1322 658 1543 688 substructiones,
1553 656 1709 683 facilemille

912 696 1052 722 hominum
1079 696 1254 722 versabantur
1277 695 1438 726 valentium,
1469 695 1539 721 edito
1563 694 1709 720 adversarii

911 738 991 768 atque
1012 732 1116 759 excelso
1139 732 1194 759 loco
1209 733 1374 767 superiorem
1395 741 1423 758 se
1439 731 1493 758 t'ore
1509 731 1619 766 putabat
1634 731 1707 762 Milo,

911 775 937 797 et
947 770 980 796 ob
992 778 1049 796 eam
1060 778 1116 796 rem
1128 778 1190 796 eum
1203 770 1289 796 locum
1301 769 1334 796 ad
1346 778 1463 805 pugnam
1476 769 1647 803 potissimum
1655 768 1709 794 ele—

911 806 1002 843 gerat‘?
1031 816 1064 834 an
1080 808 1107 833 in
1122 816 1153 834 eo
1167 807 1222 834 loco
1233 812 1274 833 est
1285 807 1374 842 potius
1385 810 1554 841 exspectatus
1565 806 1598 832 ab
1609 814 1647 835 eo,
1661 806 1709 840 qui

912 845 999 880 ipsius
1021 844 1071 871 loci
1086 853 1134 879 spe
1149 844 1233 871 facere
1248 845 1379 879 impetum
1395 843 1539 879 cogitarat?
1559 844 1609 869 Res
1623 843 1710 878 loqui-

913 887 955 908 tur
975 883 1043 917 ipsa,
1061 882 1178 909 iudices:
1200 890 1269 917 quae
1285 891 1392 917 semper
1407 881 1474 907 valet
1485 881 1643 916 plurimum.
1665 882 1708 906 54.

913 920 941 946 Si
953 920 1017 946 haec
1029 929 1080 946 non
1091 925 1165 955 gesta
1177 919 1314 950 audiretis,
1328 919 1375 945 sed
1387 920 1455 954 picta
1468 918 1607 945 videretis:
1622 923 1710 944 tamen

913 962 1058 992 appareret,
1081 962 1139 984 uter
1159 962 1230 984 esset
1249 957 1402 987 insidiator,
1426 961 1484 983 uter
1500 956 1568 982 nibil
1584 956 1710 991 cogitaret

913 995 985 1026 mali,
1003 1004 1089 1030 quum
1105 994 1171 1021 alter
1186 994 1328 1021 veheretur
1339 995 1365 1021 in
1377 994 1459 1020 rheda
1471 992 1643 1028 paenulatus,
1657 1001 1710 1019 una

913 1032 1016 1059 sederet
1045 1041 1122 1059 uxor.
1162 1032 1234 1064 Quid
1260 1032 1355 1059 horum
1381 1041 1432 1058 non
1453 1029 1711 1066 impeditissimum?

914 1070 1034 1101 vestitus,
1048 1078 1081 1096 an
1093 1069 1258 1101 vehiculum,
1271 1079 1304 1096 an
1316 1069 1423 1096 comes?
1442 1068 1508 1104 quid
1519 1069 1610 1094 minus
1621 1076 1711 1102 prom-

913 1112 989 1143 ptum
1010 1107 1043 1134 ad
1056 1116 1185 1143 pugnam,
1202 1116 1287 1143 quum
1302 1106 1414 1142 paenula
1426 1107 1553 1137 irretitus,
1568 1106 1649 1132 rheda
1661 1106 1711 1131 im-

913 1145 1030 1180 peditus,
1052 1154 1135 1171 uxore
1151 1154 1235 1180 paene
1249 1145 1408 1171 constrictus
1425 1143 1514 1170 esset‘.>
1534 1143 1627 1170 Videte
1639 1151 1712 1169 nunc

913 1182 1004 1214 illum,
1032 1183 1150 1217 primum
1171 1182 1351 1218 egredientem
1376 1190 1390 1208 e
1411 1181 1489 1213 villa,
1511 1181 1615 1208 subito:
1647 1180 1712 1206 cur?

914 1220 1033 1255 vesperi:
1064 1220 1132 1255 quid
1153 1229 1262 1246 necesse
1278 1219 1336 1246 est‘?
1356 1219 1443 1246 tarde·
1465 1220 1513 1254 qui
1528 1218 1666 1249 convenit,
1684 1217 1712 1244 id

913 1257 1068 1292 praesertim
1099 1257 1245 1292 temporis?
1274 1258 1392 1284 Devertit
1416 1257 1443 1283 in
1468 1256 1561 1282 villam
1582 1255 1710 1290 Pompeii.

914 1295 1070 1330 Pompeium
1083 1294 1238 1321 utvideret‘?
1251 1294 1357 1321 Sciebat
1369 1295 1395 1320 in
1402 1293 1517 1320 Alsiensi
1530 1302 1598 1320 esse.
1613 1293 1711 1319 Villam

913 1337 943 1359 ut
963 1332 1143 1367 perspiceret?
1171 1332 1269 1359 Millies
1285 1333 1311 1359 in
1328 1341 1356 1358 ea
1374 1331 1467 1358 suerat.
1499 1331 1570 1363 Quid
1584 1339 1647 1366 ergo
1657 1335 1712 1356 erat

913 1378 1001 1396 morae
1016 1374 1042 1396 et
1053 1369 1300 1406 tergiversationis?
1319 1370 1387 1396 Dum
1395 1369 1437 1395 hic
1450 1369 1561 1399 veniret,
1571 1367 1658 1394 locum
1671 1375 1712 1394 re-

914 1407 1036 1442 linquere
1048 1406 1142 1434 noluit.

968 1445 1042 1471 xxi.
1055 1446 1096 1471 55.
1110 1445 1166 1480 Age
1182 1453 1262 1475 nunc,
1279 1445 1327 1471 iter
1338 1443 1456 1479 expediti
1468 1442 1576 1469 latronis
1588 1451 1649 1468 cum
1662 1442 1713 1468 Mi-

914 1481 982 1508 lonis
1007 1482 1208 1517 impedimentis
1234 1486 1393 1517 comparate.
1434 1480 1546 1515 Semper
1570 1479 1616 1506 ille
1636 1485 1711 1506 antea

913 1528 974 1546 cum
998 1528 1091 1550 uxore,
1113 1524 1169 1546 tum
1191 1520 1250 1546 sine
1270 1528 1313 1546 ea:
1341 1527 1490 1553 numquam
1506 1518 1601 1544 nonin
1619 1516 1710 1547 rheda,

914 1561 971 1583 tum
992 1557 1019 1583 iu
1040 1566 1119 1592 equo.
1160 1557 1276 1584 Comites
1293 1556 1431 1587 Graeculi,
1453 1563 1626 1590 quocumque
1646 1554 1710 1585 ibat,

914 1595 993 1620 etiam
1005 1603 1091 1629 quum
1104 1595 1129 1621 in
1141 1599 1226 1621 castra
1237 1594 1349 1621 Etrusca
1365 1593 1534 1628 properabat3
1558 1597 1614 1618 tum
1628 1600 1713 1627 nuga-

914 1640 974 1658 rum
985 1632 1013 1658 in
1024 1633 1150 1659 comitatu
1163 1632 1240 1658 nihil.
1263 1631 1335 1663 Milo,
1348 1631 1395 1666 qui
1408 1639 1565 1665 numquam,
1581 1634 1636 1656 tum
1648 1637 1712 1655 casu

913 1677 1011 1704 pueros
1032 1669 1239 1706 symphoniacos
1260 1669 1351 1695 uxoris
1374 1668 1489 1695 ducebat
1509 1672 1534 1694 et
1554 1667 1711 1693 ancillarum

912 1715 1017 1743 greges.
1058 1706 1113 1738 Ille,
1136 1707 1184 1742 qui
1199 1715 1305 1741 semper
1320 1714 1412 1733 secum
1428 1710 1521 1735 scorta,
1534 1713 1640 1739 semper
1650 1713 1713 1730 exo—

914 1745 989 1776 letos,
1011 1752 1118 1779 semper
1140 1744 1217 1779 lupas
1237 1744 1354 1775 duceret,
1377 1748 1434 1770 tum
1451 1743 1598 1773 nemiuem,
1617 1742 1667 1768 nisi
1684 1746 1713 1767 ut

914 1783 1003 1808 virum
1024 1790 1038 1808 a
1054 1782 1112 1808 viro
1128 1781 1226 1809 lectum
1243 1790 1302 1808 esse
1313 1781 1424 1807 diceres.
1466 1780 1519 1807 Cur
1531 1780 1613 1815 igitur
1625 1780 1712 1805 victus

913 1818 971 1846 est‘?
1000 1820 1064 1854 quia
1079 1828 1132 1846 non
1147 1828 1254 1854 semper
1265 1819 1350 1845 viator
1361 1827 1374 1845 a
1387 1818 1495 1848 latrone,
1509 1825 1712 1852 nonnumquam

913 1857 992 1883 etiam
1010 1857 1074 1884 latro
1089 1866 1103 1883 a
1120 1857 1219 1883 viatore
1230 1857 1377 1883 occiditur:
1400 1855 1472 1891 quia,
1486 1863 1651 1890 quamquam
1667 1863 1713 1889 pa·

913 1899 986 1921 ratus
1007 1895 1034 1921 in
1055 1895 1200 1929 imparatos
1214 1894 1338 1925 Clodius.
1362 1897 1449 1919 tamen
1471 1892 1569 1919 mulier
1585 1891 1714 1918 inciderat

913 1932 940 1958 in
957 1932 1037 1959 viros.
1078 1933 1121 1959 56.
1139 1932 1192 1959 Nec
1207 1940 1270 1959 vero
1283 1932 1322 1958 sic
1333 1936 1389 1957 erat
1400 1938 1528 1965 umquam
1541 1938 1592 1956 non
1605 1934 1713 1964 paratus

913 1969 976 1996 Milo
995 1974 1086 1996 contra
1106 1969 1198 2000 illum,
1221 1974 1251 1996 ut
1270 1978 1322 1996 non
1343 1969 1408 1994 satis
1431 1967 1484 1994 sere
1504 1972 1575 1994 esset
1594 1972 1710 2002 paratus.

913 2006 1024 2042 Semper
1044 2007 1099 2038 ille,
1116 2011 1142 2034 et
1156 2011 1288 2042 quantum
1305 2007 1446 2032 interesset
1460 2006 1486 2031 I'.
1500 2004 1585 2031 Clodii
1601 2013 1630 2030 se
1642 2004 1713 2039 peri-

913 2052 949 2075 re,
972 2049 998 2071 et
1016 2049 1116 2079 quanto
1132 2044 1171 2071 illi
1185 2044 1245 2071 odio
1260 2048 1331 2070 esset
1345 2048 1371 2070 et
1384 2047 1515 2078 quantum
1532 2042 1578 2068 ille
1593 2041 1710 2071 auderet,

912 2081 1054 2117 cogitabat.
1094 2082 1274 2114 Quamobrem
1291 2082 1372 2108 vitam
1389 2089 1476 2110 suam,
1493 2079 1712 2114 quammaximis

914 2119 1040 2154 praemiis
1056 2119 1218 2154 propositam
1234 2124 1259 2145 et
1270 2127 1352 2154 paene
1366 2118 1498 2144 addictam
1510 2117 1618 2146 sciebat,
1633 2125 1713 2142 num-

912 2165 994 2191 quam
1019 2157 1046 2183 in
1068 2156 1217 2191 periculum
1239 2157 1297 2183 sine
1318 2155 1451 2190 praesidio
1471 2159 1496 2181 et
1515 2155 1573 2180 siue
1592 2153 1712 2180 custodia

913 2194 1077 2229 proiiciebat.
1118 2193 1193 2220 Adde
1204 2202 1292 2224 casus,
1306 2193 1373 2219 addo
1384 2194 1497 2219 incertos
1508 2192 1596 2217 exitus
1609 2199 1712 2226 pugna-

914 2240 983 2262 rum,
1006 2232 1171 2266 Martemque
1192 2239 1373 2260 communem,
1394 2230 1442 2264 qui
1457 2237 1536 2263 saepe
1552 2228 1710 2263 spoliantem

913 2269 965 2295 iam
991 2273 1017 2295 et
1039 2268 1218 2294 exsultantem
1244 2267 1339 2294 evertit
1363 2271 1388 2293 et
1408 2266 1521 2301 perculit
1543 2266 1575 2291 ab
1599 2265 1710 2291 abiecto.

913 2305 987 2332 Addo
998 2305 1131 2332 inscitiam
1144 2305 1244 2340 pransi,
1258 2304 1467 2339 poti,oscitantis
1477 2303 1711 2336 ‹lucis,q11iquu1u

912 2352 925 2369 a
948 2348 1021 2378 tergo
1042 2343 1144 2369 bostem
1161 2341 1336 2368 interclusum
1353 2341 1516 2375 reliquisset,
1531 2339 1597 2365 nihil
1609 2339 1641 2365 de
1653 2339 1712 2365 eius

912 2380 1040 2407 extremis
1060 2379 1205 2406 comitibus
1225 2379 1364 2414 chtavit:
1397 2378 1424 2404 in
1444 2386 1513 2412 quos
1534 2378 1657 2402 incensos
1674 2377 1712 2402 ira

914 2418 1053 2452 vitamque
1066 2417 1169 2443 domini
1184 2416 1358 2451 desperantes
1367 2423 1452 2450 quum
1466 2413 1612 2442 incidisset,
1628 2414 1712 2440 haesit

913 2455 939 2481 in
956 2455 989 2481 iis
1011 2454 1112 2489 poenis,
1129 2463 1197 2488 quns
1212 2454 1245 2479 ab
1261 2462 1291 2479 co
1301 2453 1370 2479 servi
1384 2451 1475 2478 fideles
1486 2460 1534 2486 pro
1544 2451 1645 2477 domini
1659 2451 1711 2477 vita

913 2492 1109 2527 expetiverunt.
1131 2492 1174 2517 57.
1191 2491 1244 2517 Cur
1256 2491 1338 2525 igitur
1349 2498 1394 2516 eos
1405 2497 1484 2515 mauu
1498 2488 1589 2515 misit?
1610 2489 1711 2515 Metue—

913 2530 957 2556 bat
977 2528 1088 2560 scilicet,
1112 2537 1144 2555 ne
1165 2528 1324 2558 indicarent,
1343 2536 1375 2553 ne
1391 2526 1508 2553 dolorem
1526 2525 1641 2561 perferre
1657 2533 1708 2551 nou

922 2571 1030 2597 mssent,
1053 2575 1086 2592 ne
1101 2566 1238 2592 tormentis
1249 2569 1414 2601 cogerentur,
1427 2565 1546 2590 occisum
1558 2572 1616 2590 esse
1628 2572 1641 2589 a
1653 2571 1709 2589 scr-

1637 2600 1708 2633 Quid

912 2649 981 2676 upus
992 2640 1156 2668 esttortoro‘?
1175 2640 1242 2676 quid
1253 2639 1378 2675 quaeris?
1398 2638 1582 2665 Occideritne?
1600 2637 1706 2665 occidit.

1497 2676 1568 2703 Facti
1587 2676 1659 2703 enim
1681 2675 1707 2702 iu

914 2605 954 2630 vis
976 2603 1082 2630 Milonis
1097 2604 1124 2630 in
1140 2604 1224 2639 Appia
1238 2603 1279 2629 vin
1292 2603 1320 2628 l’.
1333 2602 1456 2629 Clodium
1468 2601 1597 2627 coniiteri.
