1941 3052
338 155 391 180 DE
425 155 751 182 liARUSPICUM
783 155 1075 182 RESPONSIS.
1111 155 1208 181 CAP.
1242 156 1375 180 7—13.

41 225 115 252 Mitto
126 224 375 259 liaruspices,mitto
386 225 459 251 illam
472 231 587 252 veterem
599 227 632 252 ab
642 227 709 261 ipsis
720 226 772 252 diis
784 227 835 252 im-

40 261 208 293 mortalibus,
230 266 261 288 ut
281 261 421 288 hominum
443 263 512 289 fama
533 268 581 295 est,
604 264 725 290 Etruriae
746 264 833 289 datam

40 299 226 334 disciplinam:
247 308 295 326 nos
316 308 403 326 nonne
424 300 580 335 haruspices
596 310 656 327 esse
671 300 836 336 possumus?

41 346 207 363 znumrns
224 345 253 362 m
270 345 345 363 Aeno
363 347 527 368 pnormouo
545 347 579 364 ετ
596 347 768 365 sununuso
786 347 835 363 esr

40 383 199 400 srnerirns
225 383 338 404 Qurnnu
364 384 562 407 neem-inires,
603 385 636 401 ετ
662 383 835 402 annuimus

40 420 188 438 nem-rus
211 420 362 438 Annonem.
402 411 468 444 Quis
489 417 529 438 est
550 421 583 439 ex
597 413 752 448 gigantibus
768 411 832 442 illis,

39 457 107 483 quos
123 452 215 483 poetae
231 447 320 475 ferunt
335 448 436 475 bellum
452 449 503 476 diis
519 450 715 476 immortalibus
728 448 836 475 intulis-

40 494 82 517 se,
99 489 153 512 tam
164 486 279 520 impius,
295 487 343 520 qui
355 486 404 512 hoc
415 491 468 512 tam
480 495 548 513 novo
560 491 685 521 tantoque
697 491 770 513 motu
783 495 834 512 non

40 531 168 558 magnum
184 522 288 558 aliquid
303 523 366 549 deos
382 523 482 558 populo
492 524 610 550 Romano
625 528 834 558 praemonstrare

39 564 65 587 et
73 560 227 595 ,praecinere
239 560 370 586 fateatur?
384 561 419 587 De
431 569 459 587 ea
471 570 498 587 re
510 562 640 596 scriptum
653 565 701 592 est,
715 560 835 595 postula-

41 598 125 624 tiones
137 606 197 624 esse
208 598 277 628 Iovi,
291 597 418 629 Saturno,
431 599 568 632 Neptuno,
581 598 694 629 Telluri,
712 598 764 624 diis
776 605 835 623 cae-

41 634 164 661 lestibus.
196 636 237 661 21.
254 634 354 666 Audio,
367 635 468 670 quibus
480 635 532 661 diis
544 635 649 662 violatis
660 635 776 669 expiatio
787 634 834 660 de-

0 697 1 707 ,
39 671 146 698 beatur:
163 671 224 703 sed,
237 672 376 698 hominum
388 681 456 707 quae
466 673 500 698 ob
512 672 619 703 delicta,
632 681 740 707 quaero.
781 681 835 698 ιυ-

0 726 1 740 }
40 718 92 736 DOS
122 718 210 736 MINUS
240 718 420 735 nlLtcsNTER
456 719 577 741 FAcros,
614 717 832 739 POLLUTOSQUE.

39 746 112 779 Quos
123 746 220 773 ludos‘?
239 747 275 772 Te
286 746 404 781 appello,
420 747 544 778 Lentule,
557 747 607 781 (tui
619 746 759 773 sacerdotii
771 750 834 772 sunt

39 788 143 814 tensae,
156 783 298 813 curricula,
311 784 468 818 praecentio,
482 783 548 815 ludi,
563 784 711 815 libationes,
725 783 834 817 epulae-

38 829 92 856 que
105 821 229 847 ludorum
241 820 431 855 publicorum.)
444 830 552 856 vosque,
566 821 754 856 pontifices,ad
765 829 834 855 quos

39 858 167 893 epulones
188 858 258 884 Iovis
279 857 379 892 Optimi
395 859 519 890 Maximi,
541 859 565 885 si
580 858 647 894 quid
662 863 702 885 est
717 862 834 893 praeter-

39 896 152 922 missum
164 899 209 922 aut
219 895 404 926 commissum,
417 895 542 922 afferunt:
556 905 670 931 quorum
682 896 715 922 de
725 900 834 922 senten-

39 933 74 959 tia
90 932 135 959 illa
150 932 243 959 eadem
259 937 383 959 renovata
399 937 478 968 atque
492 934 638 960 instaurata
649 933 831 961 celebrantur:

39 970 161 1005 quisunt
173 969 229 996 ludi
241 970 332 996 minus
344 970 487 1005 diligenter
502 970 581 997 sacti?
602 975 703 1006 quanto
720 975 765 997 aut
779 979 834 1005 quo

38 1007 137 1034 scelere
148 1006 263 1042 polluti?
281 1007 465 1042 Respondebis
481 1012 505 1034 et
520 1017 568 1043 pro
583 1012 607 1034 te
622 1013 647 1034 et
661 1017 709 1043 pro
723 1007 833 1044 collegis

38 1045 93 1071 tuis
108 1049 134 1071 et
148 1053 195 1079 pro
211 1044 367 1080 pontificum
383 1045 508 1081 collegio,
532 1045 600 1072 nihil
616 1046 776 1080 cuiusquam
788 1049 834 1071 aut

39 1081 203 1118 negligentia
223 1086 406 1116 contemptum
427 1087 473 1109 aut
493 1083 592 1109 scelere
608 1092 667 1109 esse
683 1083 831 1118 pollutum:

38 1120 125 1146 omnia
137 1119 277 1146 sollemnia
288 1128 318 1145 ac
329 1119 398 1146 iusta
410 1119 544 1151 ludorum,
557 1121 683 1146 omnibus
695 1120 775 1147 rebus
786 1120 834 1146 ob-

38 1157 159 1188 servatis,
172 1165 278 1183 summa
290 1165 352 1183 cum
364 1157 522 1184 caerimonia
533 1166 592 1184 esse
603 1162 715 1184 servata.

91 1194 138 1220 XI.
155 1195 197 1221 22.
215 1193 287 1226 Quos
303 1195 385 1230 igitur
401 1194 557 1230 haruspices
574 1195 651 1221 ludos
667 1196 757 1222 minus
771 1194 834 1221 dili-

36 1235 129 1267 genter
145 1231 225 1258 raetos
241 1231 412 1266 pollutosque
427 1241 486 1258 esse
501 1232 612 1259 dicunt?
631 1233 696 1264 Eos,
717 1241 833 1267 quorum

37 1269 92 1303 ipsi
104 1268 141 1295 dii
155 1268 318 1295 immortales
335 1274 414 1304 atque
429 1269 475 1295 illa
487 1270 569 1296 Mater
579 1270 655 1296 Idaea
671 1274 708 1302 te,
728 1274 766 1301 te,
784 1270 831 1297 Cn.

38 1305 163 1337 Lentule,
177 1307 255 1332 cuius
267 1306 344 1332 abavi
355 1306 481 1333 manibus
494 1312 565 1333 esset
574 1312 690 1342 accepta,
703 1311 835 1342 spectato—

38 1351 94 1370 rem
106 1351 165 1369 esse
177 1342 270 1369 voluit.
296 1342 374 1375 Quod
385 1344 413 1370 ni
425 1348 453 1370 tu
464 1344 606 1380 Megalesia
618 1345 665 1371 illo
676 1344 719 1370 die
730 1349 835 1379 specta-

38 1389 66 1407 re
81 1380 229 1412 voluisses,
246 1380 318 1406 haud
334 1381 390 1407 scio
405 1389 437 1407 an
453 1382 544 1408 vivere
559 1382 637 1408 nobis
652 1386 731 1416 atque
748 1382 790 1408 his
801 1382 833 1408 de

37 1418 118 1444 rebus
130 1418 182 1444 iam
193 1418 270 1452 queri
282 1417 381 1444 liceret.
411 1418 457 1445 vis
469 1419 540 1445 enim
551 1419 756 1445 innumerabilis
767 1419 835 1445 inci-

38 1459 98 1486 tata,
112 1463 145 1482 ex
156 1455 282 1482 omnibus
295 1456 361 1482 vicis
373 1455 491 1487 collecta,
504 1465 643 1483 servorum
657 1456 689 1483 ab
702 1456 750 1483 hoc
761 1456 835 1483 aedi-

38 1491 62 1519 le
78 1492 204 1528 religioso
219 1497 326 1527 repente
342 1492 490 1519 fornicibus
509 1494 640 1528 ostiisque
660 1494 786 1520 omnibus
807 1494 834 1520 in

36 1538 157 1561 scenam,
171 1530 248 1565 signo
259 1530 332 1561 dato,
346 1530 468 1556 immissa
479 1531 586 1566 irrupit.
627 1531 683 1557 Tua
694 1536 764 1562 tum,
779 1535 832 1562 tua,

37 1566 86 1594 Cn,
100 1567 224 1598 Lentule,
237 1567 329 1593 eadem
342 1568 427 1594 virtus
439 1567 502 1599 fuit,
516 1577 584 1603 quae
595 1569 623 1595 in
634 1569 738 1603 privato
748 1577 835 1603 quon-

37 1604 98 1631 dam
111 1608 156 1631 tuo
167 1613 274 1639 proavo.
297 1605 342 1636 Te,
356 1613 462 1636 nomen,
475 1606 629 1640 imperium,
646 1614 748 1636 vocem,
757 1615 835 1641 aspe-

36 1646 119 1673 ctum,
131 1642 263 1676 impetum
275 1646 352 1668 tuum
364 1646 437 1668 stans
449 1647 558 1669 senatus
569 1643 728 1678 equitesque
739 1644 834 1669 Roma-

37 1679 66 1706 ni
76 1683 102 1705 et
111 1687 204 1706 omnes
215 1679 277 1705 boni
293 1679 487 1714 sequebantur,
505 1689 590 1715 quum
603 1680 647 1706 ille
659 1689 798 1707 servorum
809 1685 835 1707 et

38 1715 172 1743 ludiorum
196 1716 363 1743 multitudini
387 1721 510 1744 senatum
531 1718 717 1753 populumque
738 1718 835 1744 Roma-

37 1762 103 1781 num
114 1754 233 1780 vinctum
246 1754 305 1788 ipso
314 1762 442 1780 consessu
453 1760 479 1781 et
489 1756 662 1782 constrictum
673 1755 834 1790 spectaculis

38 1795 117 1826 atque
132 1791 292 1826 impeditum
308 1791 385 1818 turba
401 1796 427 1818 et
441 1793 573 1828 angustiis
586 1793 748 1819 tradidisset.
789 1794 831 1820 23.

37 1827 91 1860 An,
109 1829 132 1855 si
144 1827 236 1855 ludius
247 1829 378 1860 constitit,
396 1833 442 1856 aut
456 1830 555 1856 tibicen
572 1834 679 1865 repente
694 1830 831 1861 conticuit,

38 1870 84 1892 aut
98 1874 164 1901 puer
179 1865 225 1892 ille
237 1866 367 1901 patrimus
379 1871 404 1893 et
415 1867 565 1899 matrimus,
582 1868 605 1894 si
623 1872 718 1894 terram
731 1877 782 1894 non
795 1872 834 1894 te—

37 1903 104 1934 nuit,
117 1907 163 1930 aut
173 1906 284 1936 tensam,
297 1908 343 1930 aut
353 1903 438 1930 lorum
449 1904 547 1936 amisit,
555 1909 601 1931 aut
611 1905 634 1931 si
646 1905 741 1931 aedilis
753 1905 834 1931 verbo

37 1944 83 1967 aut
92 1939 210 1975 simpulo
221 1940 366 1972 aberravit,
386 1940 442 1967 ludi
453 1946 517 1968 sunt
528 1951 579 1968 non
593 1943 642 1968 rite
657 1942 731 1973 facti,
749 1951 833 1977 eaque

37 1981 122 2004 errata
133 1977 287 2012 expiantur,
305 1982 330 2004 et
345 1982 447 2004 mentes
462 1978 572 2005 deorum
588 1979 778 2006 immortalium
792 1979 834 2006 lu-

37 2014 134 2042 dorum
149 2014 340 2041 instauratione
356 2015 507 2050 placantur:
529 2016 553 2042 si
570 2015 626 2042 ludi
641 2017 674 2042 ab
691 2016 788 2043 laetitia
800 2016 833 2043 ad

37 2056 139 2079 metum
151 2051 263 2078 traducti
275 2056 352 2083 sunt,
367 2053 390 2078 si
402 2061 453 2079 non
466 2053 627 2084 intermissi,
643 2054 690 2079 sed
703 2055 834 2088 perempti

38 2093 117 2125 atque
128 2088 227 2115 sublati
239 2093 315 2120 sunt,
337 2089 359 2115 si
374 2090 476 2116 civitati
492 2090 633 2117 universae
648 2091 748 2117 scelere
763 2091 831 2123 eius,

38 2127 86 2162 qui
102 2126 180 2153 ludos
195 2126 227 2152 ad
244 2125 346 2152 luctum
362 2126 480 2153 conferre
493 2127 589 2159 voluit,
606 2128 765 2154 exstiterunt
775 2128 833 2154 dies

37 2163 79 2191 illi
90 2163 150 2190 festi
161 2171 244 2198 paene
257 2162 369 2195 funesti;
392 2163 592 2196 dubitabimus,
605 2174 674 2200 quos
684 2165 729 2191 ille
742 2165 834 2192 fremi-

38 2204 82 2228 tus
92 2201 198 2228 nuntiet
210 2200 286 2227 ludos
297 2209 356 2227 esse
368 2201 502 2236 pollutos?
519 2203 560 2228 24.
572 2203 609 2229 Ac
619 2203 643 2228 si
655 2202 780 2229 volumus
792 2211 830 2234 ea,

39 2245 108 2274 quae
127 2238 160 2265 de
179 2246 288 2273 quoque
307 2238 357 2264 deo
379 2238 455 2264 nobis
477 2239 570 2266 tradita
591 2244 664 2271 sunt,
686 2240 830 2266 recordari:

39 2274 108 2302 hanc
126 2276 236 2303 Matrem
259 2283 397 2311 magnam,
419 2276 498 2302 cuius
518 2275 574 2303 ludi
597 2277 699 2308 violati,
725 2277 830 2312 polluti.

59 2320 122 2339 aene
137 2312 170 2340 ad
184 2312 292 2339 caedem
307 2317 333 2339 et
347 2313 380 2339 ad
397 2312 479 2339 funus
494 2313 610 2340 civitatis
625 2315 746 2340 conversi
758 2319 829 2345 sunt,

59 2357 120 2381 ano,
138 2350 261 2385 inquam,
279 2351 432 2384 accepimus
450 2359 527 2385 agros
538 2355 564 2377 et
575 2359 680 2377 nemora
691 2360 752 2378 cum
764 2360 832 2386 quo-

39 2385 100 2414 dam
111 2387 223 2422 strepitu
237 2387 399 2422 fremituque
410 2396 559 2423 peragrare.
600 2388 658 2414 ΧΠ.
672 2389 739 2414 llaec
750 2389 832 2423 igitur

40 2423 126 2456 vobis,
139 2424 202 2450 haec
214 2424 314 2459 populo
325 2425 443 2451 Romano
454 2430 478 2450 et
489 2425 620 2451 scelerum
633 2425 730 2452 indicia
742 2431 831 2452 osten-

40 2459 79 2488 dit
88 2465 115 2488 et
125 2461 304 2496 periculorum
315 2462 391 2498 signa
404 2461 535 2496 patefecit.
576 2463 642 2488 Nam
658 2462 724 2497 quid
740 2471 789 2498 ego
799 2462 831 2488 de

39 2496 95 2525 illis
105 2497 176 2525 ludis
189 2498 294 2534 loquar,
313 2507 381 2534 quos
399 2499 424 2525 in
437 2499 535 2525 Palatio
550 2500 632 2526 nostri
648 2500 760 2526 maiores
772 2505 831 2526 unte

39 2534 168 2570 templum
177 2556 183 2567 ,
196 2536 223 2562 in
235 2536 294 2570 ipso
306 2536 395 2562 Matris
407 2545 518 2572 magnae
529 2541 682 2571 conspectu,
697 2536 831 2572 Megalen-

39 2571 115 2599 sibus
126 2571 182 2599 fieri
192 2572 373 2608 celebrarique
388 2573 547 2600 voluerunt?
560 2574 607 2609 qui
624 2578 687 2600 sunt
703 2583 774 2600 more
791 2574 832 2600 in-

40 2609 194 2645 stitutisque
205 2610 320 2636 maxime
331 2611 405 2642 casti,
418 2610 571 2643 sollemnes,
585 2611 717 2647 religiosi,
730 2611 830 2646 quibus

40 2643 111 2673 ludis
126 2647 243 2682 primum
258 2651 318 2674 ante
333 2648 426 2683 populi
440 2657 597 2675 consessum
618 2648 721 2675 senatui
744 2648 830 2674 locum

39 2681 70 2709 P.
80 2682 219 2711 Africanus
231 2684 326 2711 iterum
337 2685 430 2712 consul
443 2685 488 2712 ille
499 2686 582 2712 maior
592 2685 679 2713 dedit:
694 2690 722 2712 ut
732 2694 777 2712 eos
790 2685 830 2712 lu-

1627 157 1677 182 495

886 225 933 252 dos
949 225 1014 252 haec
1029 225 1087 252 lues
1103 226 1207 260 impura
1224 225 1368 260 pollueret:
1391 234 1444 260 quo
1459 226 1482 251 si
1497 226 1544 260 qui
1557 224 1623 251 liber
1634 231 1679 252 aut

886 263 1023 297 spectandi
1035 264 1169 289 autetiam
1186 263 1322 298 religionis
1337 272 1431 289 caussa
1447 268 1604 293 accesserat,
1624 272 1680 288 nia-

887 309 938 326 nus
949 300 1137 326 afferebantur:
1150 309 1203 334 quo
1216 305 1333 326 matrona
1345 300 1418 326 nulla
1429 300 1502 331 adiit,
1511 305 1618 335 propter
1626 301 1679 326 vini

886 346 1097 372 consessumque
1108 346 1257 363 servorum.
1283 338 1319 364 Ita
1332 337 1408 364 ludos
1419 346 1477 368 eos,
1491 346 1605 372 quorum
1618 337 1680 363 reli—

885 375 930 409 gio
941 379 1011 400 tanta
1023 380 1076 406 est,
1094 379 1123 401 ut
1134 383 1167 401 ex
1178 374 1281 401 ultimis
1293 376 1369 401 terris
1380 375 1503 401 arcessita
1514 375 1542 401 in
1554 375 1602 400 hac
1614 375 1680 400 urbe

886 412 1048 444 consederit:
1066 412 1113 447 qui
1129 412 1176 437 uni
1188 412 1244 438 ludi
1256 420 1287 438 ne
1299 412 1380 438 verbo
1391 412 1499 447 quidem
1513 411 1681 446 appellantur

887 449 991 480 Latino,
1006 453 1035 475 ut
1047 449 1176 475 vocabulo
1188 450 1246 483 ipso
1258 454 1284 475 et
1294 450 1409 484 appetita
1421 449 1514 485 religio
1525 454 1642 479 externa,
1655 454 1682 475 et

886 486 977 512 Matris
989 495 1100 521 magnae
1112 487 1218 512 nomine
1230 492 1353 521 suscepta
1365 486 1527 513 declaretur:
1542 486 1590 512 hos
1604 486 1680 512 ludos

886 523 956 549 servi
969 522 1100 554 fecerunt,
1114 524 1184 549 servi
1196 528 1397 557 spectaverunt:
1421 528 1471 550 tota
1483 523 1613 558 denique,
1632 524 1681 550 hoc

886 559 983 591 aedile,
1003 569 1141 586 servorum
1153 560 1295 596 Megalesia
1308 560 1425 587 fuerunt.
1467 562 1508 587 25.
1520 561 1570 587 Pro
1581 561 1618 587 dii
1631 561 1681 587 ini-

886 597 1024 623 mortales!
1041 598 1089 632 qui
1100 598 1185 632 magis
1197 598 1337 623 nobiscum
1349 598 1421 632 loqui
1434 599 1557 632 possetis,
1571 598 1594 624 si
1607 607 1681 624 esse-

886 635 920 660 tis
932 635 1159 669 versareminique
1171 634 1330 661 nobiscum?
1350 635 1426 661 ludos
1442 644 1501 661 esse
1516 634 1632 670 pollutos
1644 636 1682 662 si-

885 671 1017 707 gnificatis
1033 680 1062 697 ac
1077 671 1155 706 plane
1171 671 1268 698 dicitis.
1309 671 1379 704 Quid
1396 673 1481 708 magis
1492 672 1678 703 deformatum,

886 709 1070 743 inquinatum,
1098 717 1268 743 perversum,
1295 710 1482 735 conturbatum
1507 710 1559 736 dici
1583 715 1678 744 potest.

885 755 967 780 quam
978 754 1056 772 omne
1067 747 1220 776 servitium,
1238 747 1371 780 permissu
1384 747 1567 782 magistratus,
1585 747 1682 773 libera—

886 788 957 814 tum,
975 784 1002 809 in
1018 783 1127 809 alteram
1143 792 1250 809 scenam
1266 784 1435 814 immissum,
1453 783 1527 810 alteri
1544 785 1680 818 praeposi-

885 824 957 849 tum,
980 825 1008 846 ut
1023 820 1089 846 alter
1103 829 1246 846 consessus
1262 822 1384 855 potestati
1399 830 1537 847 servorum
1553 821 1681 847 obiicere-

886 862 937 889 tur,
946 857 1011 884 alter
1022 866 1160 884 servorum
1173 862 1242 884 totus
1255 858 1342 884 esset?
1353 858 1381 884 Si
1393 867 1504 884 examen
1515 867 1596 893 apum
1609 858 1680 884 ludis

885 896 913 921 in
929 903 1036 921 scenam
1052 896 1182 926 venisset,
1201 895 1358 930 haruspices
1373 896 1511 922 acciendos
1528 904 1561 922 ex
1575 896 1679 922 Etruria

885 937 1055 967 putaremus:
1080 932 1204 958 videmus
1220 933 1339 959 universi
1355 938 1462 968 repente
1477 934 1599 959 examina
1611 938 1680 959 tanta

885 978 1024 996 servorum
1041 970 1162 996 immissa
1178 970 1206 996 in
1221 970 1352 1005 populum
1364 971 1513 996 Romanum
1525 975 1630 1006 septum
1643 976 1681 996 at-

885 1015 938 1041 que
949 1007 1098 1038 inclusum,
1116 1012 1142 1033 et
1156 1016 1209 1033 non
1225 1007 1444 1034 commovemur?
1462 1008 1549 1043 Atque
1560 1009 1587 1034 in
1599 1016 1680 1042 apum

886 1044 998 1071 fortasse
1009 1045 1132 1071 examine
1144 1053 1191 1071 nos
1203 1054 1236 1071 ex
1250 1045 1423 1072 Etruscorum
1436 1046 1544 1080 scriptis
1556 1045 1682 1080 haruspi-

885 1090 937 1113 ces,
952 1086 1005 1108 uta
1017 1083 1125 1108 servitio
1136 1090 1301 1113 caveremus,
1315 1087 1460 1109 monerent.
1487 1084 1529 1110 26.
1542 1082 1618 1115 Quod
1630 1083 1682 1118 igi—

886 1123 928 1145 tur
943 1128 976 1146 ex
989 1119 1080 1154 aliquo
1095 1119 1230 1146 disiuncto
1244 1119 1404 1155 diversoque
1416 1124 1534 1146 monstro
1545 1120 1681 1155 significa-

885 1161 942 1183 tum
957 1165 1126 1188 caveremus,
1149 1157 1177 1183 id
1191 1166 1276 1192 quum
1293 1157 1382 1192 ipsum
1398 1158 1449 1184 sibi
1465 1162 1614 1184 monstrum
1629 1162 1679 1188 est,

885 1198 911 1220 et
924 1203 1009 1229 quum
1026 1194 1053 1221 in
1068 1203 1099 1220 eo
1109 1195 1168 1229 ipso
1179 1195 1329 1229 periculum
1342 1199 1394 1226 est,
1412 1203 1445 1221 ex
1460 1204 1515 1230 quo
1530 1194 1680 1230 periculum

886 1231 1064 1267 portenditur,
1079 1240 1130 1258 non
1142 1232 1381 1267 pertimescemus?
1399 1233 1553 1258 Istiusmodi
1566 1232 1681 1268 Megale-

885 1270 924 1295 sia
936 1268 997 1295 fecit
1008 1274 1081 1303 pater
1092 1269 1174 1295 tuus‘?
1184 1270 1339 1296 istiusmodi
1350 1269 1482 1304 patruus?
1492 1271 1516 1296 Is
1528 1270 1680 1296 mihietiam

884 1306 990 1341 generis
1011 1307 1054 1332 sui
1075 1307 1237 1333 mentionem
1258 1307 1329 1338 facit,
1351 1316 1437 1342 quum
1457 1307 1614 1333 Athenionis
1636 1312 1681 1333 aut

886 1343 1004 1378 Spartaci
1016 1343 1139 1379 exemplo
1151 1343 1226 1370 ludos
1239 1344 1324 1370 facere
1335 1344 1467 1375 maluerit,
1479 1353 1560 1379 quam
1568 1344 1623 1370 Caii
1635 1349 1681 1370 aut

885 1381 966 1415 Appii
980 1380 1171 1407 Claudiorum?
1192 1381 1233 1407 Illi
1248 1390 1333 1416 quum
1351 1381 1428 1408 ludos
1444 1381 1570 1411 facerent,
1588 1390 1680 1407 servos

885 1418 918 1444 de
929 1426 1009 1444 cavea
1020 1418 1092 1444 exire
1103 1418 1244 1445 iubebant:
1262 1424 1289 1445 tu
1302 1419 1329 1445 in
1340 1419 1448 1445 alteram
1461 1427 1553 1445 servos
1565 1419 1680 1444 immisi-

886 1455 934 1486 sti,
956 1464 989 1481 ex
1004 1455 1084 1481 altera
1101 1455 1197 1482 liberos
1213 1456 1324 1482 eiecisti.
1365 1457 1456 1491 ltaque
1471 1457 1518 1491 qui
1530 1461 1604 1482 antea
1617 1465 1680 1482 voce

886 1493 1023 1528 praeconis
1034 1501 1048 1519 a
1060 1493 1150 1519 liberis
1161 1494 1380 1524 semovebantur,
1393 1494 1446 1520 tuis
1459 1493 1530 1519 ludis
1543 1502 1593 1520 non
1606 1502 1678 1524 voce,

885 1530 932 1557 sed
945 1539 1025 1556 manu
1038 1530 1135 1557 liberos
1146 1539 1159 1556 a
1171 1539 1199 1557 se
1210 1531 1394 1566 segregabant.
1426 1530 1496 1557 xlll.
1510 1531 1548 1557 Ne
1560 1531 1608 1556 boc
1619 1531 1680 1565 qui-

885 1568 946 1594 dem
959 1567 1007 1594 tibi
1018 1568 1046 1593 in
1057 1573 1173 1594 mentem
1186 1568 1316 1599 veniebat,
1325 1568 1458 1603 Sibyllino
1469 1568 1607 1598 sacerdoti.
1617 1568 1680 1594 baec

886 1613 959 1631 sacra
971 1605 1083 1631 maiores
1095 1610 1198 1632 nostros
1210 1614 1243 1632 ex
1254 1606 1350 1632 vestris
1363 1605 1438 1632 libris
1449 1605 1600 1640 expetisse?
1611 1605 1633 1631 si
1647 1605 1680 1631 il-

887 1642 904 1668 li
915 1646 979 1668 sunt
990 1643 1084 1673 vestri,
1098 1651 1166 1677 quos
1179 1647 1206 1669 tu
1218 1643 1299 1677 impia
1312 1648 1399 1669 mente
1409 1643 1559 1678 conquiris,
1574 1642 1679 1669 violatis

885 1679 970 1706 oculis
984 1679 1060 1715 legiS,
1072 1680 1258 1706 contaminatis
1271 1681 1395 1707 manibus
1407 1685 1537 1707 attrectas.
1572 1681 1613 1707 27.
1627 1680 1679 1706 Hac

886 1717 968 1753 igitur
983 1721 1041 1743 vate
1056 1717 1184 1743 suadente
1200 1718 1350 1752 quondam,
1374 1717 1478 1744 defessa
1495 1717 1567 1744 ltalia
1580 1718 1679 1744 Punico

886 1754 956 1781 bello
974 1758 1054 1789 atque
1075 1755 1107 1781 ab
1124 1755 1269 1781 llannibale
1285 1760 1390 1786 vexata,
1413 1764 1485 1781 sacra
1501 1756 1550 1781 ista
1567 1755 1679 1781 maiores

886 1792 967 1818 nostri
983 1792 1063 1818 ascita
1083 1800 1116 1818 ex
1132 1792 1246 1828 Phrygia
1262 1792 1359 1819 Romae
1379 1792 1588 1819 collocaverunt:
1611 1800 1680 1827 quae

886 1830 926 1855 vir
937 1829 959 1855 is
971 1830 1084 1864 accepit,
1102 1830 1149 1864 qui
1165 1834 1205 1855 est
1220 1831 1338 1864 optimus
1351 1829 1442 1865 populi
1455 1830 1565 1856 Romani
1578 1829 1680 1856 iudica—

885 1871 941 1897 tus,
960 1866 988 1892 P.
1001 1866 1105 1901 Scipio:
1130 1866 1227 1893 semina
1242 1872 1345 1898 autem,
1361 1876 1430 1902 quae
1446 1872 1625 1893 matronarum
1636 1876 1680 1893 ca-

885 1904 1001 1930 stissima
1018 1904 1174 1939 putabatur,
1192 1905 1221 1936 Q.
1234 1904 1358 1931 Claudia:
1379 1905 1457 1931 cuius
1475 1905 1589 1939 priscam
1606 1904 1679 1930 illam

885 1942 1053 1968 severitatem
1074 1942 1195 1968 sacrificii
1217 1942 1326 1968 mirifice
1350 1946 1394 1968 tua
1417 1951 1490 1969 soror
1512 1942 1680 1968 existimatur

886 1979 995 2005 imitata.
1037 1979 1109 2005 Nihil
1123 1983 1146 2005 tc
1159 1979 1240 2014 igitur
1253 1988 1338 2014 neque
1349 1980 1462 2006 maiores
1475 1980 1526 2011 tui,
1544 1980 1678 2006 coniuncti

884 2025 946 2042 cum
959 2016 1001 2042 bis
1012 2016 1201 2052 religionibus,
1221 2025 1307 2051 neque
1318 2017 1495 2043 sacerdotium
1507 2017 1611 2052 ipsum,
1625 2025 1679 2051 quo

885 2058 925 2080 est
940 2053 1004 2080 haec
1019 2058 1070 2080 tota
1088 2053 1181 2089 religio
1190 2055 1347 2085 constituta,
1366 2063 1452 2089 neque
1467 2054 1570 2080 curulis
1585 2054 1679 2080 aedili-

885 2095 937 2122 tas,
950 2099 1020 2126 quae
1031 2091 1147 2117 maxime
1159 2091 1226 2117 lianc
1238 2092 1304 2117 tucri
1318 2091 1472 2127 religionem
1485 2091 1560 2123 solet,
1575 2100 1679 2126 permo-

885 2128 936 2159 vit,
949 2136 1004 2163 quo
1015 2129 1105 2154 minus
1115 2129 1281 2155 castissimos
1294 2128 1370 2155 ludos
1381 2130 1453 2155 ouini
1465 2128 1564 2164 flagitio
1575 2128 1679 2163 polluih

885 2174 940 2196 res,
956 2165 1085 2192 dedecore
1096 2165 1258 2196 maculares,
1273 2166 1372 2192 scelere
1382 2166 1534 2201 obligares?
1562 2168 1603 2192 28.
1625 2166 1677 2192 Sed

884 2202 950 2237 quid
961 2210 1010 2237 ego
1021 2202 1048 2228 id
1059 2202 1194 2229 admiror?
1208 2204 1265 2238 qui,
1279 2208 1384 2238 acceptu
1397 2204 1518 2237 pecunie,
1532 2203 1678 2229 Pessinun-

884 2245 936 2266 tem
949 2240 1048 2274 ipsum,
1062 2240 1153 2266 sedem
1165 2239 1386 2275 domiciliumque
1398 2241 1488 2266 Matris
1499 2240 1619 2270 deorum,
1633 2250 1678 2266 va-

884 2277 972 2306 staris,
984 2281 1009 2302 et
1021 2277 1155 2311 Brogitaro
1166 2277 1347 2311 Gallograeco,
1361 2278 1468 2312 impuro
1479 2277 1579 2303 bomini
1591 2286 1620 2303 ac
1633 2286 1677 2303 ue-

885 2313 963 2344 fario,
976 2314 1054 2339 cuius
1067 2314 1158 2349 legati,
1173 2319 1196 2339 te
1207 2315 1328 2343 tribuno,
1341 2314 1460 2340 dividere
1473 2315 1498 2340 iu
1511 2315 1575 2340 aede
1587 2314 1676 2340 ensto-

884 2352 921 2376 ris
934 2351 987 2376 tuis
998 2351 1086 2385 operis
1103 2359 1227 2377 uuuuuos
1243 2351 1376 2381 soli-bunt.
1395 2356 1477 2377 totum
1495 2351 1571 2377 illum
1590 2351 1674 2377 locuni

885 2388 1030 2422 fanumque
1047 2388 1218 2414 vendideris-⁵?
1236 2388 1398 2414 sacerdotem
1415 2389 1448 2414 ab
1464 2389 1530 2423 ipsis
1546 2389 1599 2414 nris
1616 2389 1677 2423 pul-

885 2425 1079 2459 vinaribusque
1093 2425 1257 2451 detraxeris?
1277 2426 1364 2451 omiun
1381 2425 1439 2455 illa.
1461 2434 1530 2460 quac
1548 2431 1674 2457 vetustas,

883 2471 951 2497 quae
964 2462 1071 2493 Persae,
1085 2471 1154 2497 quae
1165 2462 1224 2497 Syri
1234 2483 1239 2492 ,
1251 2471 1320 2497 quae
1332 2471 1406 2497 reges
1417 2471 1519 2493 omnes,
1533 2463 1579 2497 qui
1592 2463 1676 2490 Euro—

884 2508 944 2534 pum
960 2500 1105 2534 Asiamque
1121 2504 1276 2530 tenuerunt,
1297 2508 1403 2534 semper
1423 2508 1528 2526 sumum
1548 2499 1676 2536 religione

882 2537 1035 2568 coluerunt,
1054 2536 1231 2571 perverteris?
1252 2545 1320 2572 quae
1334 2537 1450 2572 denique
1466 2538 1548 2563 nostri
1563 2538 1675 2564 maiores

883 2579 935 2600 tnui
948 2579 1036 2600 sunt-tu
1048 2574 1190 2604 duxeruut,
1205 2579 1242 2604 ut,
1256 2582 1340 2609 quum
1354 2574 1474 2600 refertam
1487 2574 1584 2601 Urbem
1596 2580 1675 2610 atque

884 2610 984 2637 nuliam
996 2610 1116 2638 fanorum
1129 2611 1296 2641 haberemus,
1311 2616 1397 2638 tamen
1410 2612 1490 2638 nostri
1503 2612 1674 2646 imperatores

883 2649 1009 2675 maximis
1024 2653 1049 2675 et
1065 2648 1301 2683 periculosissimis
1318 2649 1396 2675 bellis
1412 2648 1475 2675 huic
1489 2649 1553 2675 deno
1565 2655 1623 2676 vota
1637 2649 1673 2676 su-

882 2690 983 2717 ccrent,
1001 2694 1085 2721 eaque
1096 2687 1122 2713 in
1134 2686 1193 2721 ipso
1204 2686 1362 2713 Pessinunte
1373 2686 1405 2712 nd
1417 2686 1490 2713 illam
1502 2687 1588 2722 ipsum
1600 2688 1673 2722 prin-
