1941 3052
332 80 661 108 EPISTULARUM
692 80 745 107 AD
773 79 1003 107 DIVERSOS
1043 79 1124 106 LIB.
1149 80 1184 106 11.
1216 79 1276 105 ΕΡ.
1302 81 1326 105 Η
1351 81 1448 105 -16,

67 162 116 190 ego
129 153 214 179 risum
230 155 348 179 nostrum
365 151 501 178 desidero!
537 152 560 178 4.
581 151 646 178 Mihi
658 156 713 178 erat
724 151 751 178 in
762 151 859 182 animo,

66 191 194 226 quoniam
205 189 415 216 iurisdictionem
426 188 600 220 confeceram,
613 189 733 215 civitates
746 188 863 223 locuple—

68 233 165 258 taram,
178 226 328 262 publicanis
340 226 418 252 etiam
430 226 576 261 superioris
588 226 664 253 lustri
675 226 791 261 reliqua,
804 226 863 252 sine

68 265 201 292 sociorum
212 264 266 290 ulla
278 263 394 299 querela,
403 272 596 294 conservarem,
605 264 726 298 privatis,
735 264 860 293 summis,

67 302 168 329 infimis
184 301 286 328 fueram
302 300 450 331 iucundus,
468 301 599 335 proficisci
610 302 637 327 in
649 301 769 328 Ciliciam
780 300 863 327 Nonis

68 339 145 366 Maiis
157 343 195 370 et,
213 347 299 374 quum
315 338 401 373 prima
416 339 516 364 aestiva
531 339 679 374 attigissem
695 338 863 372 militemque

69 376 253 407 collocassem,
271 375 398 402 decedere
414 384 447 402 ex
462 375 702 402 senatusconsulto.
743 375 828 409 Cupio
840 379 864 401 te

69 413 182 440 aedilem
198 413 302 444 videre,
325 413 447 447 miroque
462 412 595 440 desiderio
609 421 652 440 me
663 412 731 439 Urbs
748 412 829 439 afficit
839 416 864 438 et

69 459 161 478 omnes
173 452 224 477 mei
235 455 317 485 tuque
328 451 354 476 in
367 450 471 485 primis.
512 450 585 476 Vale.

123 532 184 552 xjv.
207 532 282 552 ARG.
307 532 336 552 M.
357 531 422 552 Fadii
442 532 468 551 de
487 531 554 551 fundu
574 530 735 551 Herculanensi
754 531 864 555 negotium

70 567 206 588 commendat
216 567 255 592 (cf.
267 570 304 591 lx.
315 568 372 592 25.):
389 566 461 587 Caelii
471 565 558 586 litteras
569 565 595 586 tle
605 566 664 586 Urbe
674 568 796 592 exspectat.

249 603 370 625 (Laodiceae,
386 603 459 623 Paulli),
471 603 563 621 Marcello
573 609 618 619 coss.
630 604 685 622 70⁴.)

100 647 134 672 M.
148 647 178 672 Τ.
191 646 220 673 C.
233 647 301 673 IMP.
315 647 342 672 S.
355 647 383 672 D.
397 647 432 673 M.
445 644 567 672 CAELIO
582 645 693 671 AEDILI
709 645 840 672 CURULI.

125 687 220 718 Marco
236 690 329 721 Fadio,
347 691 405 717 viro
418 692 519 725 optimo
533 695 559 717 et
573 691 681 717 homine
699 691 863 722 doctissimo,

73 729 280 756 familiarissime
301 733 373 758 utor,
398 728 563 763 mirificeque
583 737 646 754 eum
672 728 755 764 diligo
780 737 865 763 quum

72 770 178 802 propter
193 774 329 792 summum
344 765 483 800 ingenium
500 766 558 791 eius
569 774 758 801 summamque
769 765 867 792 doctri-

72 812 147 834 nam,
165 807 222 830 tum
237 807 344 838 propter
359 802 522 838 singularem
535 802 703 829 modestiam.
742 803 808 829 Eius
820 811 868 829 ne-

71 841 174 877 gotium
185 840 224 866 sic
234 840 315 866 velim
327 840 468 874 suscipias,
482 844 511 865 nt
521 840 544 866 si
556 844 626 866 esset
637 849 678 866 res
689 849 759 866 mea.
799 841 867 867 Novi

72 886 121 914 ego
135 886 182 904 vos
198 886 309 913 magnos
325 881 463 912 patronos:
487 877 622 903 hominem
638 877 740 904 occidat
754 882 865 913 oportet,

72 916 119 950 qui
135 919 221 942 vestra
236 923 313 949 opera
330 915 368 941 uti
383 915 461 946 velit,
482 914 530 940 sed
546 915 573 940 in
585 914 633 941 hoc
646 915 752 941 homine
765 915 868 942 nullam

73 953 173 987 accipio
188 952 396 978 excusationem.
437 952 532 979 Omnia
544 951 691 987 relinques,
708 953 730 979 si
742 961 784 979 me
796 962 868 979 ama-

73 990 124 1021 bis,
138 998 223 1025 quum
235 994 279 1016 tua
290 998 368 1024 opera
379 988 478 1016 Fadius
489 989 528 1015 uti
540 989 619 1015 volet.
653 990 710 1026 Ego
721 999 762 1016 res
773 991 870 1016 Roma-

73 1036 120 1054 nas
140 1027 312 1054 vehementer
326 1031 451 1061 exspecto
466 1031 492 1053 et
506 1026 641 1053 desidero:
662 1028 689 1053 in
709 1029 867 1063 primisque,

72 1064 140 1100 quid
155 1073 231 1100 agas,
248 1064 315 1090 scire
330 1065 424 1099 cupio;
447 1073 507 1091 nam
520 1064 635 1095 iamdiu,
654 1070 761 1100 propter
772 1066 869 1091 hiemis

73 1102 296 1138 magnitudinem,
312 1101 380 1128 nihil
391 1102 452 1128 novi
464 1101 496 1128 ad
509 1110 555 1128 nos
567 1101 735 1129 afferebatur.
776 1102 849 1129 Vale.

127 1188 179 1209 XV.
198 1188 274 1208 ΛΚΘ.
289 1187 402 1208 Reseribit
417 1188 442 1208 acl
458 1187 544 1214 aliquot
559 1188 631 1209 Caelii
642 1195 691 1216 epp.
702 1192 726 1208 ut
737 1191 790 1213 vm,
802 1191 833 1209 11.
849 1192 870 1209 et

76 1226 106 1244 ¹³.
118 1223 145 1243 de
154 1222 325 1250 supplicatione,
334 1223 361 1243 de
370 1222 431 1243 filiae
441 1226 462 1243 et
468 1222 599 1244 Dolabellae
609 1223 705 1250 nuptiis:
717 1223 743 1244 de
753 1226 871 1250 quaestore

75 1258 152 1279 Caelio
163 1258 291 1285 provinciae
301 1257 411 1285 praefecto
418 1267 423 1277 1
433 1258 460 1278 de
470 1258 552 1279 Ocella.

267 1294 362 1317 (05de
373 1295 447 1315 Paullo,
458 1295 548 1313 Μιτευιιυ
557 1301 604 1312 mss.
616 1297 671 1316 70⁴.)

128 1342 162 1368 M.
176 1342 206 1368 T.
219 1342 247 1368 C.
262 1342 329 1368 [MP.
343 1341 371 1367 S.
388 1341 416 1367 1².
429 1342 458 1367 D.
472 1342 507 1369 M.
521 1341 643 1368 CAELIO
654 1342 730 1369 AED.
743 1342 818 1369 CUR.

132 1389 153 1414 l.
167 1382 231 1414 Non
245 1388 330 1423 potuit
340 1389 490 1414 accuratius
501 1388 543 1424 agi
556 1397 603 1415 nec
613 1388 871 1424 prudentius,quam

75 1429 116 1452 est
127 1429 214 1451 actum
226 1434 239 1451 a
252 1430 276 1451 te
286 1434 347 1452 cum
360 1425 474 1452 Curione
484 1425 517 1452 de
527 1425 735 1461 supplicatione:
754 1431 792 1457 et,
811 1426 872 1453 her-

75 1462 144 1493 cule,
157 1461 274 1489 confecta
286 1471 326 1489 res
338 1471 371 1490 ex
381 1464 512 1490 sententia
524 1472 581 1489 mea
593 1468 641 1494 est,
654 1472 741 1498 quum
751 1463 873 1490 celerita-

76 1505 114 1531 te,
132 1504 189 1526 tum
204 1500 276 1535 quod
292 1501 328 1531 is,
351 1501 398 1535 qui
414 1505 470 1527 erat
483 1501 580 1532 iratus,
596 1501 753 1535 competitor
768 1506 830 1528 tuus
847 1506 872 1528 et

75 1537 147 1564 idem
164 1545 252 1568 meuS,
275 1546 402 1564 assensus
418 1542 458 1564 est
471 1538 509 1568 ei,
531 1538 578 1573 qui
594 1539 698 1565 ornavit
713 1547 755 1565 res
770 1543 872 1566 nostras

76 1574 177 1602 divinis
199 1574 334 1601 laudibus.
375 1575 462 1608 Quare
476 1576 543 1602 scito
559 1584 601 1602 me
616 1584 723 1610 sperare
737 1584 781 1607 ea,
803 1585 872 1611 quae

77 1616 240 1647 sequuntur:
263 1612 296 1639 ad
311 1621 380 1647 quae
395 1617 424 1639 tu
440 1617 464 1639 te
480 1621 552 1647 para.
593 1614 618 1640 2.
640 1612 803 1640 Dolabellam
819 1622 833 1640 a
848 1618 873 1640 te

76 1649 180 1686 gaudeo
194 1650 311 1684 primum
329 1650 443 1682 laudari,
465 1649 562 1677 deinde
578 1650 656 1677 etiam
673 1651 765 1677 amari.
806 1651 872 1678 Nam

77 1695 115 1719 ea,
128 1695 196 1722 quae
207 1695 298 1722 speras
309 1687 412 1714 Tulliae
424 1696 497 1714 meae
508 1687 649 1722 prudentia
660 1689 801 1723 temperari
811 1697 874 1724 pos-

77 1732 115 1755 se,
123 1725 186 1755 scio,
194 1725 238 1751 cui
249 1729 308 1751 tuae
319 1725 446 1760 epistolae
456 1725 642 1760 respondeant.
664 1725 744 1758 Quid,
752 1726 775 1752 si
787 1735 873 1753 meam

79 1761 165 1797 legas,
182 1770 264 1796 quam
276 1770 324 1797 ego
336 1767 392 1789 tum
404 1771 437 1789 ex
447 1764 501 1790 tuis
514 1762 608 1789 litteris
619 1763 681 1790 misi
692 1763 725 1789 ad
737 1763 874 1798 Appium?

78 1798 131 1826 Sed
142 1799 208 1834 quid
218 1799 298 1835 agas?
318 1800 362 1826 Sic
375 1800 483 1827 vivitur.
524 1800 600 1832 Quod
611 1805 700 1827 actum
712 1805 765 1832 est,
778 1801 816 1828 dii
828 1810 875 1836 ap-

78 1836 199 1871 probent.
235 1836 318 1871 Spero
330 1836 383 1864 fore
394 1837 543 1864 iucundum
554 1846 683 1873 generum
696 1838 786 1871 nobis;
803 1839 875 1866 mul—

79 1878 190 1908 tumque
206 1873 232 1900 in
248 1882 279 1900 eo
295 1878 338 1900 tua
352 1883 400 1901 nos
410 1875 563 1901 humanitas
574 1875 721 1902 adiuvabit.
762 1878 786 1902 3.
808 1876 875 1903 Res-

78 1910 187 1946 publica
197 1919 240 1937 me
252 1910 327 1937 valde
338 1911 471 1938 sollicitat.
502 1912 589 1939 Faveo
600 1912 721 1945 Curioni,
735 1913 874 1940 Caesarem

78 1948 222 1975 honestum
242 1956 301 1975 esse
321 1949 414 1983 cupio:
437 1957 484 1983 pro
504 1949 629 1984 Pompeio
649 1950 731 1976 emori
755 1959 874 1985 possum.

80 1985 133 2012 Sed
152 1989 239 2012 tamen
257 1986 316 2020 ipsa
337 1986 473 2020 republica
494 1986 561 2013 nihil
583 1987 649 2013 mihi
669 1992 710 2014 est
723 1988 824 2020 carius;
848 1989 874 2015 in

80 2031 133 2058 qua
144 2026 173 2049 tu
185 2031 236 2049 non
249 2022 324 2049 valde
336 2027 360 2049 tc
372 2024 466 2050 iactas:
489 2023 626 2050 districtus
638 2025 708 2050 enim
721 2025 788 2051 mihi
800 2025 876 2052 vidc-

80 2060 117 2086 ris
132 2068 204 2091 esse.
221 2059 294 2095 quod
311 2064 336 2086 et
351 2060 438 2087 bonus
453 2061 520 2087 civis
532 2066 557 2087 et
569 2061 654 2087 bonus
666 2062 768 2088 amicus
779 2071 818 2088 es.
850 2064 873 2089 4.

80 2097 136 2133 Ego
147 2097 180 2124 de
196 2097 332 2131 provincia
342 2097 474 2124 decedens
485 2103 653 2133 quaestorem
668 2099 787 2126 Caelium
800 2108 876 2134 prae-

81 2134 158 2170 posui
182 2134 343 2169 provinciae.
384 2134 518 2161 Puerum?
542 2136 658 2170 inquies.
699 2136 732 2162 At
752 2142 876 2172 quaesto-

82 2180 150 2205 rem3
163 2176 189 2198 at
200 2171 316 2198 nobilem
329 2171 538 2205 adolescentem,
551 2177 576 2199 at
587 2173 708 2199 omnium
720 2173 774 2200 fere
785 2183 876 2201 exem-

82 2208 139 2244 plo;
153 2217 239 2243 neque
250 2213 305 2235 erat
316 2210 453 2244 superiore
465 2209 563 2237 honore
574 2218 739 2245 usus,quem
751 2212 877 2246 praefice-

82 2254 146 2273 rem.
187 2246 355 2281 Pomptiuius
377 2246 462 2273 multo
481 2251 540 2274 ante
555 2246 727 2280 discesseram
750 2257 764 2275 a
778 2249 877 2281 Quinto

82 2282 160 2310 fratre
171 2284 307 2319 impetrari
320 2293 371 2310 non
383 2288 496 2319 poterat;
518 2293 600 2319 quem
617 2289 703 2312 tamen
715 2285 738 2312 si
750 2286 876 2321 reliquis—

82 2328 147 2352 sem,
160 2320 278 2348 dicerent
289 2321 384 2356 iniqui,
399 2331 451 2348 non
463 2330 505 2348 me
517 2321 594 2356 plane
606 2327 664 2356 post
675 2331 785 2354 annum,
795 2328 823 2349 ut
834 2332 877 2350 sc-

83 2362 159 2386 natus
174 2358 316 2389 voluisset,
333 2358 366 2385 de
377 2359 513 2394 provincia
523 2359 684 2388 decessisse.
701 2361 828 2394 quoniam
839 2360 878 2387 al—

83 2399 168 2422 terum
180 2404 222 2422 me
233 2395 413 2431 reliquissem.
436 2397 556 2423 Fortasse
568 2397 647 2423 etiam
660 2396 728 2423 illud
739 2397 875 2429 adderent,

83 2437 203 2460 senatum
219 2441 263 2460 eos
280 2433 398 2460 voluisse
414 2434 559 2469 provinciis
575 2442 709 2469 praeesse,
734 2435 781 2469 qui
802 2440 877 2462 antea

84 2477 134 2496 non
142 2469 333 2505 praefuissent;
348 2470 454 2498 fratrem
466 2480 555 2498 meum
567 2471 711 2498 triennium
718 2471 795 2498 Asiae
803 2481 878 2507 prae—

85 2505 177 2534 fuisse.
217 2507 336 2543 Denique
348 2517 418 2536 nunc
429 2508 560 2536 sollicitus
573 2517 624 2535 non
636 2517 710 2535 sum:
733 2510 756 2536 si
770 2509 876 2536 fratrem

85 2543 262 2580 reliquissem.
275 2546 363 2572 omnia
375 2547 505 2573 timerem.
547 2546 681 2573 Postremo
692 2555 743 2573 non
756 2551 807 2573 tam
820 2555 877 2574 mea

85 2586 192 2616 sponte.
208 2590 289 2618 quam
302 2584 547 2618 potentissimorum
558 2583 673 2610 duorum
685 2584 816 2619 exemplo,
829 2585 877 2620 qui

86 2625 177 2647 omnes
192 2619 297 2648 Cassios
313 2620 494 2657 Antoniosque
508 2620 642 2657 complexi
661 2626 737 2654 sunt,
759 2621 877 2650 nobilem

1658 79 1706 106 675

913 149 1107 177 adolescentem
1128 158 1180 177 non
1196 154 1250 177 tam
1265 150 1369 176 allicere
1385 149 1472 180 volui,
1494 158 1575 184 quam
1594 148 1708 176 alienare

914 187 997 214 nolui.
1032 188 1085 214 Hoc
1105 192 1133 214 tu
1154 196 1244 214 meum
1260 187 1402 214 consilium
1419 186 1510 213 laudes
1527 195 1635 213 necesse
1653 191 1707 213 est:

914 225 1010 251 mutari
1026 226 1097 251 enim
1114 233 1164 251 non
1181 229 1275 259 potest.
1316 226 1340 251 5.
1362 225 1398 251 De
1409 223 1497 251 Ocella
1510 232 1603 258 parum
1620 223 1651 249 ad
1667 232 1709 250 me

915 262 992 296 plane
1003 263 1157 297 scripseras,
1173 263 1235 289 etin
1247 262 1312 288 actis
1324 270 1375 288 non
1387 266 1450 288 erat.
1486 261 1557 287 Tuae
1568 269 1610 287 res
1621 266 1710 296 gestae

914 300 949 325 ita
963 304 1037 326 notae
1047 304 1122 329 sunt,
1141 304 1170 326 ut
1181 304 1252 326 trans
1264 303 1379 326 montem
1392 299 1508 325 Taurum
1521 299 1599 324 etiam
1611 298 1644 324 de
1656 298 1712 324 Ma-

915 337 994 363 trinio
1005 337 1040 363 sit
1050 336 1182 363 auditum.
1222 336 1291 372 Ego,
1310 337 1362 363 nisi
1377 336 1444 371 quid
1456 344 1497 362 me
1508 335 1613 362 Etesiae
1625 344 1712 362 mora-

916 374 1024 404 buntur,
1038 374 1157 400 celeriter
1168 374 1207 407 (ut
1218 373 1304 408 spero]
1317 382 1363 400 vos
1376 373 1481 400 videbo.
1517 371 1611 409 [Vale]

968 447 1030 467 XVI·
1048 447 1124 466 ΑΚΘ.
1142 446 1218 467 Cicero
1229 453 1241 466 fl
1251 446 1326 467 Caelio
1339 447 1412 470 (vm,
1421 448 1455 472 tn)
1467 446 1604 468 admonitus,
1623 453 1648 466 ne
1663 446 1712 472 pnl-

917 489 963 501 sum
974 481 1103 508 Pompeium
1114 485 1250 507 sequeretur,
1262 488 1334 508 pacem
1346 488 1369 501 se
1379 481 1442 505 velle,
1455 489 1494 502 nee
1504 481 1620 507 quidquam
1633 484 1713 501 temere

916 516 1082 537 commissurum
1092 516 1177 536 scribit.
1213 518 1233 535 Iu
1244 519 1335 538 Cur-nano,
1345 518 1444 538 Μηιςειῐιι,
1455 518 1535 536 Lentulo
1545 525 1591 535 coss.
1604 520 1657 537 703.)

959 562 994 587 M.
1010 561 1039 587 T.
1056 562 1085 588 C.
1101 562 1168 587 IMP.
1185 561 1212 587 S.
1229 561 1257 587 P.
1272 561 1302 587 D.
1319 561 1354 586 M.
1371 560 1492 587 CAELIO
1505 561 1580 587 ΑΕΒ.
1597 561 1672 587 CUR.

975 604 998 628 l.
1020 597 1124 637 Magno
1138 601 1228 628 dolore
1244 610 1285 628 me
1297 601 1444 628 affecissent
1455 606 1515 628 tuae
1528 602 1641 632 litterae,
1660 600 1714 627 nisi

918 640 970 665 iam
983 644 1008 665 et
1023 640 1088 665 ratio
1102 640 1160 674 ipsa
1176 638 1326 673 depulisset
1339 647 1431 665 omnes
1447 638 1596 670 molestias,
1613 644 1639 665 et
1652 639 1714 665 diu-

917 681 995 703 turna
1011 675 1196 711 desperatione
1211 684 1300 702 rerum
1315 675 1488 702 obduruisset
1501 677 1607 702 animus
1623 675 1655 702 ad
1667 676 1715 702 do-

919 714 1000 740 lorem
1012 722 1122 740 novum.
1160 713 1213 739 Sed
1224 717 1312 739 tamen
1322 722 1405 748 quare
1416 712 1548 744 acciderit,
1562 718 1592 739 ut
1603 721 1636 740 ex
1648 714 1714 739 meis

919 751 1104 786 superioribus
1116 750 1210 777 litteris
1221 750 1249 777 id
1260 751 1440 785 suspicarere,
1457 750 1530 785 quod
1541 751 1650 781 scribis,
1668 759 1715 776 ne-

919 789 984 815 scio.
1024 788 1096 821 Quid
1111 788 1182 814 enim
1199 787 1250 814 fuit
1264 787 1371 818 inillis,
1388 787 1491 822 praeter
1501 787 1638 822 querelam
1649 792 1716 813 tem-

919 834 1027 861 porum,
1050 833 1119 860 quae
1143 834 1195 852 non
1216 825 1337 852 animum
1357 833 1448 851 meum
1467 825 1552 860 magis
1568 824 1715 851 sollicitum

919 864 1041 894 haberet,
1064 871 1145 898 quam
1161 862 1257 889 tuum?
1276 863 1343 889 Nam
1358 871 1410 889 non
1426 871 1483 888 eam
1499 863 1612 898 cognovi
1632 863 1716 888 aciem

919 901 1021 937 ingenii
1033 901 1084 930 tui,
1102 900 1174 935 quod
1185 901 1243 935 ipse
1254 899 1373 931 videam,
1391 904 1417 926 te
1429 899 1457 926 id
1468 904 1561 926 utnon
1572 903 1664 934 putem
1677 900 1718 925 vi-

920 938 991 965 dere.
1026 937 1095 964 Illud
1106 938 1196 969 miror,
1210 937 1306 964 adduci
1318 937 1438 972 potuisse
1449 941 1482 968 te,
1496 937 1543 972 qui
1556 945 1598 963 me
1609 937 1717 972 penitus

920 984 999 1002 nosse
1009 975 1130 1006 deberes,
1140 979 1216 1001 utme
1222 975 1390 1002 existimares
1402 979 1448 1001 aut
1458 979 1511 1001 tam
1523 974 1714 1010 improvidum,

919 1013 968 1048 qui
979 1013 1012 1040 ab
1023 1013 1135 1039 excitata
1147 1012 1251 1039 fortuna
1257 1012 1450 1039 adinclinatam
1461 1016 1486 1039 et
1496 1020 1577 1047 prope
1589 1012 1717 1038 iacentem

921 1051 1110 1081 desciscerem‚
1123 1054 1169 1076 aut
1180 1054 1233 1077 tam
1245 1051 1452 1081 inconstantem,
1471 1054 1500 1076 ut
1510 1049 1646 1076 collectam
1658 1058 1718 1085 gra-

922 1089 985 1115 tiam
997 1087 1177 1114 florentissimi
1190 1088 1307 1114 hominis
1323 1087 1500 1118 effunderem,
1518 1096 1532 1113 a
1548 1095 1645 1122 meque
1660 1087 1718 1121 ipse

921 1125 1071 1157 deficerem,
1084 1130 1118 1157 et,
1134 1125 1206 1161 quod
1217 1125 1294 1152 initio
1304 1133 1463 1160 semperque
1475 1124 1546 1160 fugi,
1563 1124 1636 1150 civili
1649 1123 1720 1150 bello

922 1164 1087 1190 interessem.
1128 1164 1153 1190 2.
1175 1162 1251 1195 Quod
1272 1167 1313 1189 est
1332 1163 1415 1198 igitur
1435 1171 1525 1188 meum
1541 1162 1616 1188 triste
1631 1162 1720 1187 consi-

923 1200 1009 1227 lium‘?
1029 1202 1063 1227 Ut
1077 1200 1242 1227 discederem
1259 1199 1371 1227 fortasse
1385 1200 1413 1226 in
1425 1199 1529 1234 aliquas
1540 1197 1720 1226 solitudines?

922 1238 998 1265 Nosti
1009 1238 1081 1264 enim
1093 1246 1144 1264 non
1157 1237 1236 1264 modo
1246 1237 1376 1264 stomachi
1388 1237 1455 1268 mei,
1472 1237 1551 1263 cuius
1562 1241 1589 1263 tu
1602 1236 1719 1263 similem

922 1275 1056 1311 quondam
1076 1275 1207 1306 habebas,
1225 1274 1271 1301 sed
1287 1275 1367 1301 etiam
1383 1274 1521 1301 oculorum
1536 1275 1564 1300 in
1579 1274 1718 1300 hominum

922 1312 1096 1339 insolentium
1115 1312 1274 1348 indignitate
1304 1311 1453 1338 fastidium.
1503 1311 1612 1338 Accedit
1639 1311 1719 1337 etiam

923 1350 1035 1377 molesta
1051 1350 1115 1376 haec
1130 1358 1226 1385 pompa
1239 1349 1362 1376 lictorum
1375 1357 1494 1375 meorum
1506 1356 1657 1383 nomenque
1669 1348 1720 1374 im-

923 1388 1004 1423 perii,
1026 1396 1081 1422 quo
1095 1387 1224 1422 appellor.
1264 1387 1303 1413 Eo
1317 1387 1340 1413 si
1356 1395 1434 1413 onere
1448 1395 1577 1416 carerem,
1595 1386 1720 1420 quamvis

924 1426 1013 1460 parvis
1025 1425 1114 1451 Italiae
1131 1424 1238 1451 latebris
1254 1428 1393 1450 contentus
1407 1432 1504 1450 essem.
1545 1423 1598 1449 Sed
1610 1423 1721 1449 incurrit

925 1463 990 1489 hacc
999 1467 1086 1489 nostra
1099 1462 1190 1488 laurus
1202 1470 1252 1488 non
1264 1461 1351 1488 solum
1363 1462 1390 1487 in
1401 1460 1505 1492 oculos,
1518 1460 1566 1487 sed
1577 1461 1629 1487 iam
1640 1460 1719 1486 etiam

924 1501 951 1527 in
969 1499 1076 1527 voculas
1092 1499 1294 1526 malevolorum.
1335 1498 1411 1531 Quod
1426 1507 1511 1533 quum
1528 1499 1563 1524 ita
1581 1502 1664 1528 esset,
1683 1496 1720 1524 nil

924 1542 1013 1564 tamen
1024 1545 1154 1572 umquam
1165 1537 1198 1563 de
1210 1536 1382 1571 profectione,
1399 1536 1450 1562 nisi
1463 1536 1539 1562 vobis
1550 1534 1722 1570 approbanti—

925 1575 990 1606 bus,
1012 1575 1136 1610 cogitavi.
1178 1574 1230 1600 Sed
1242 1582 1300 1600 mea
1312 1573 1444 1608 praediola
1460 1573 1508 1599 tibi
1522 1578 1580 1599 nota
1595 1577 1672 1603 sunt,
1694 1573 1721 1598 in

925 1612 968 1638 his
989 1612 1057 1639 mihi
1077 1620 1185 1638 necesse
1206 1616 1246 1638 est
1261 1619 1332 1641 esse,
1356 1619 1388 1637 ne
1404 1611 1497 1636 amicis
1514 1610 1643 1637 molestus
1658 1609 1719 1635 sim.

924 1649 1002 1682 Quod
1017 1654 1106 1676 autem
1121 1650 1148 1676 in
1165 1649 1305 1675 maritimis
1317 1657 1378 1675 sum
1389 1647 1529 1679 facillime,
1551 1656 1645 1674 moveo
1657 1655 1721 1673 non-

926 1687 1009 1714 nullis
1025 1687 1220 1721 suspicionem,
1239 1686 1308 1713 velle
1323 1694 1365 1712 me
1381 1686 1519 1720 navigare:
1541 1684 1613 1720 quod
1635 1689 1722 1710 tamen

926 1724 1036 1751 fortasse
1054 1733 1106 1750 non
1127 1724 1238 1754 nollem,
1261 1724 1283 1749 si
1302 1732 1408 1758 possem
1424 1723 1457 1749 ad
1473 1723 1567 1749 otium.
1608 1722 1674 1748 Nam
1690 1721 1723 1748 ad

925 1762 1029 1789 bellum
1039 1761 1150 1797 quidem
1161 1762 1208 1796 qui
1220 1760 1362 1788 convenit?
1377 1760 1533 1795 praesertim
1549 1764 1638 1786 contra
1649 1767 1721 1789 eum,

926 1800 969 1827 cui
981 1808 1059 1835 spero
1070 1808 1113 1826 me
1124 1798 1300 1830 satisfecisse,
1323 1798 1356 1825 ab
1374 1806 1418 1828 eo,
1436 1798 1479 1824 cui
1497 1802 1584 1824 tamen
1599 1796 1724 1823 satisfieri

927 1837 1001 1864 nullo
1017 1837 1094 1864 modo
1109 1836 1214 1872 potest?
1242 1838 1267 1863 3.
1288 1835 1388 1863 Deinde
1407 1835 1565 1862 senteutiam
1587 1842 1673 1860 meam
1695 1838 1724 1860 tu

927 1874 1054 1902 facillime
1064 1874 1215 1909 perspicere
1226 1874 1337 1909 potuisti
1348 1874 1400 1900 iam
1406 1872 1439 1899 ab
1450 1872 1629 1907 illotempore,
1638 1879 1723 1906 quum

927 1913 954 1939 in
966 1913 1118 1939 Cumanum
1134 1912 1201 1938 mihi
1216 1912 1323 1938 obviam
1341 1911 1448 1937 venisti.
1490 1910 1547 1937 Non
1562 1909 1633 1936 enim
1646 1914 1670 1935 te
1681 1917 1725 1935 ce—

928 1950 980 1977 lavi
992 1949 1290 1983 sermoncmT.Ampii;
1305 1948 1404 1979 vidisti,
1418 1956 1498 1983 quam
1511 1947 1680 1974 abhorrerem
1691 1946 1724 1972 ab

928 1987 997 2014 Urbe
1008 1987 1193 2022 relinquenda.
1234 1985 1311 2019 Quod
1322 1994 1407 2021 quum
1419 1985 1564 2016 audissem,
1578 1992 1664 2011 nonne
1677 1983 1723 2010 tibi

927 2025 1071 2056 affirmavi,
1095 2024 1205 2059 quidvis
1216 2032 1259 2050 me
1271 2024 1361 2059 potius
1372 2031 1577 2058 perpessurum,
1599 2030 1680 2056 quani
1693 2029 1725 2047 ex

928 2062 1001 2089 Italia
1017 2062 1050 2089 ad
1066 2061 1168 2088 bellum
1183 2061 1263 2088 civile
1279 2060 1433 2088 exiturum?
1452 2059 1522 2092 Quid
1542 2068 1604 2094 ergo
1619 2058 1722 2086 accidit,

905 2111 906 2116 ι
927 2108 975 2126 cur
989 2099 1132 2126 consilium
1149 2098 1299 2125 mutarem?
1319 2099 1411 2124 Nonne
1425 2097 1514 2123 omnia
1530 2098 1632 2131 potius,
1655 2100 1683 2121 ut
1699 2096 1724 2120 in

927 2137 1059 2163 sententia
1071 2135 1273 2170 permanerem?
1293 2135 1389 2162 Credas
1402 2134 1451 2161 hoc
1462 2134 1529 2160 mihi
1542 2133 1636 2163 velim.
1652 2132 1724 2167 quod

929 2178 993 2208 puto
1000 2178 1023 2200 te
1030 2173 1192 2204 existimare,
1201 2181 1243 2199 me
1254 2181 1287 2199 ex
1299 2172 1340 2198 his
1352 2172 1468 2198 miseriis
1480 2170 1546 2197 nihil
1558 2169 1631 2197 aliud
1643 2178 1726 2204 quae-

929 2219 998 2241 rere,
1018 2211 1069 2237 nisi
1086 2214 1115 2236 ut
1130 2210 1252 2236 homines
1264 2209 1408 2244 aliquando
1419 2207 1582 2243 intelligant,
1601 2215 1642 2233 ine
1658 2206 1724 2232 nihil

929 2248 1065 2278 maluisse,
1079 2255 1160 2282 quam
1172 2255 1278 2281 pacem:
1292 2255 1320 2272 ca
1332 2246 1480 2280 desperata,
1496 2245 1562 2271 nihil
1575 2250 1627 2270 tam
1641 2243 1726 2279 fugis-

928 2294 970 2317 se,
992 2293 1074 2320 quam
1093 2293 1166 2310 arina
1181 2283 1280 2310 civilia.
1322 2283 1408 2310 liuius
1424 2291 1466 2309 me
1480 2282 1641 2309 constantiae
1663 2285 1726 2315 puto

929 2322 984 2349 foro
996 2326 1025 2349 ut
1036 2330 1184 2356 numquam
1199 2320 1340 2355 poeniteat.
1381 2321 1486 2346 Etenim
1502 2319 1612 2345 memini
1632 2319 1658 2344 in
1677 2318 1726 2344 hoc

928 2368 1025 2394 genero
1040 2358 1148 2393 gloriari
1163 2358 1272 2385 solitum
1288 2366 1347 2384 esse
1363 2357 1520 2384 familiarem
1537 2360 1672 2385 nostrum,
1692 2355 1724 2388 Q.

930 2398 1113 2427 Hortensium.
1135 2395 1208 2431 quod
1224 2404 1370 2430 numquam
1383 2394 1452 2421 bello
1463 2393 1535 2420 civili
1549 2392 1723 2419 interfuisset.

930 2435 983 2461 Iloc
998 2439 1087 2461 nostra
1103 2433 1161 2460 lnus
1176 2434 1226 2460 erit
1242 2432 1383 2463 illustrior,
1405 2431 1478 2467 quod
1499 2431 1538 2457 illi
1559 2430 1726 2457 tribuebatur

930 2472 1065 2507 ignaviae,
1088 2470 1121 2497 de
1137 2470 1213 2498 nobis
1235 2470 1262 2497 id
1277 2470 1425 2496 existimari
1441 2477 1519 2504 posse
1535 2476 1586 2495 non
1602 2468 1723 2494 arbitror.

931 2511 954 2536 t.
967 2510 1021 2536 Nec
1032 2517 1074 2536 me
1086 2509 1135 2535 ista
1148 2512 1253 2538 terrent.
1265 2515 1334 2542 quae
1346 2507 1411 2533 mihi
1423 2516 1436 2533 a
1449 2511 1472 2533 te
1484 2506 1516 2532 ad
1528 2506 1648 2532 timorem
1661 2505 1726 2532 fide-

931 2547 1032 2573 lissima
1052 2551 1132 2582 atque
1154 2546 1336 2572 amantissime
1357 2548 1550 2580 proponuntur.
1591 2542 1671 2570 Nulla
1687 2548 1727 2569 est

928 2585 1000 2611 euim
1016 2584 1158 2616 acerbitas,
1173 2591 1242 2619 quac
1254 2591 1306 2609 non
1316 2582 1442 2609 omnibus
1455 2581 1503 2608 hac
1513 2580 1585 2608 orbis
1597 2585 1725 2607 terrarum

929 2622 1126 2657 perturbatione
1139 2620 1294 2657 impendere
1305 2619 1440 2648 videatur:
1463 2627 1544 2655 quam
1555 2618 1665 2654 quidem
1678 2627 1726 2654 ego

1459 2666 1517 2692 ss·
