1941 3052
274 105 452 133 EPISTOL.
474 106 521 133 AD
542 107 694 134 DIVERS.
717 107 787 134 LIB.
810 107 880 134 XIII.
902 107 958 133 ΕΡ.
982 109 1013 134 70
1034 123 1069 127 —
1090 109 1131 135 79.

44 186 110 204 num
122 177 252 208 tractetis,
268 185 380 212 remque
394 186 457 204 cum
473 186 504 204 eo
517 178 678 209 conficiatis,
697 183 739 209 ut,
757 187 838 213 quam

44 215 243 250 possessionem
259 214 340 241 habet
355 215 382 241 in
398 223 461 250 agro
472 215 641 251 Fregellano,
661 225 675 242 a
690 215 768 242 vobis
782 224 840 241 em-

43 257 126 288 ptam,
140 260 198 278 eam
211 251 324 278 liberam
335 256 360 278 et
371 253 520 278 immunem
533 253 631 279 habere
643 253 737 287 possit.
776 253 804 279 Id
816 253 839 278 si

44 300 59 316 a
74 290 151 316 vobis
168 290 324 324 impetrare,
345 298 453 316 summo
469 299 511 316 me
526 290 657 317 beneficio
673 295 761 316 vestro
777 289 841 316 affe-

45 331 117 353 ctum
128 326 286 353 arbitrabor.

91 396 209 417 LXXVII.
228 396 305 416 ΑΚΘ.
324 396 402 417 Officio
421 403 461 416 nno
480 396 503 416 in
523 396 687 424 supplicatione
705 396 841 417 decernenda

45 435 141 456 narrato,
152 432 288 452 commendat
298 431 412 456 Bolanum,
424 434 537 458 rogatque,
547 436 572 452 ut
583 439 668 452 nervum
679 431 795 456 fugifivum
807 438 840 451 re-

44 467 178 488 stituendum
190 470 258 488 curet.
287 469 376 491 (Ro-nne,
386 469 465 487 caesare
473 469 505 486 lv.
517 475 554 486 eos.
564 476 578 486 s.
591 468 633 486 coll.
647 470 701 489 709.)

141 512 177 539 Μ.
199 513 229 539 Τ.
251 512 280 539 C.
303 512 331 538 S.
353 513 383 539 D.
410 513 438 539 P.
462 512 644 539 SULPICIO
664 512 741 538 IMP.

102 551 125 576 t.
146 545 243 582 Quum
263 550 306 576 his
326 550 493 585 temporibus
510 559 562 576 non
583 558 647 576 sane
668 550 696 575 in
716 553 840 575 senatum

44 588 213 618 ventitarem,
228 592 324 618 tamen,
339 592 368 614 ut
380 592 439 614 tuas
451 587 551 614 litteras
566 587 628 622 legi,
638 595 689 613 non
700 586 841 612 existima-

44 626 72 651 vi
86 633 129 651 me
143 624 218 651 salvo
233 626 291 651 iure
308 629 412 651 nostrae
424 625 521 651 veteris
533 625 667 651 amicitiae
679 623 839 650 multorum-

43 671 97 696 que
112 662 182 688 inter
195 671 243 688 nos
258 661 409 688 officiorum
428 661 515 688 facere
530 670 622 697 posse,
641 666 670 688 ut
685 661 779 687 honori
795 665 840 687 tuo

43 699 177 726 deessem.
199 700 290 734 Itaque
301 699 385 730 adfui,
398 699 678 734 supplicationemque
689 698 740 724 tibi
752 697 836 724 liben-

44 741 84 764 ter
93 737 214 763 decrevi:
229 745 277 763 nec
288 736 392 771 reliquo
404 741 522 771 tempore
534 736 589 763 ullo
603 740 648 762 aut
660 736 711 766 rei,
725 739 771 762 aut
781 736 841 761 exi-

43 775 191 801 stimationi
202 779 248 800 aut
258 774 384 809 dignitati
395 778 455 800 tuae
466 773 556 800 deero.
590 774 686 808 Atque,
699 773 749 799 hoc
760 777 790 799 ut
801 773 840 799 tui

45 812 189 838 necessarii
203 811 301 841 sciant,
320 811 369 837 hoc
384 819 427 837 me
443 812 533 837 animo
546 819 609 847 erga
625 815 650 837 te
665 818 738 841 esse,
756 809 840 836 velim

44 848 126 875 facias
141 857 185 875 eos
197 857 245 883 per
260 848 360 875 litteras
376 849 515 879 certiores,
534 853 576 879 ut,
595 849 618 874 si
632 848 699 883 quid
709 847 760 874 tibi
770 856 839 882 opus

43 887 87 917 sit,
104 894 137 912 ne
148 885 273 912 dubitent
283 885 353 912 mihi
363 886 420 912 iure
431 894 481 912 suo
492 885 661 913 denuntiare.
702 886 728 911 2.
740 885 776 911 M.
789 885 840 911 Βο-

43 923 148 954 lanum.
173 923 263 950 virum
274 923 376 950 honum
387 928 413 950 et
424 923 519 950 fortem
529 927 555 950 et
565 923 693 950 omnibus
704 922 786 949 rebus
796 931 840 948 or-

43 965 145 991 natum,
158 969 305 995 meumque
315 965 433 987 veterem
443 961 576 992 amicum,
589 961 640 987 tibi
651 968 749 996 magno
760 968 839 994 opere

42 998 212 1025 commendo.
251 998 409 1033 Pergratum
424 998 493 1024 mihi
508 998 617 1029 feceris,
635 998 659 1024 si
675 997 793 1027 curaris,
811 1001 840 1023 ut

42 1036 66 1062 is
78 1035 219 1071 intelligat,
236 1035 304 1062 hanc
315 1035 575 1062 commendationem
587 1036 642 1062 sibi
653 1043 751 1071 magno
761 1034 841 1061 adiu-

42 1077 132 1100 mento
147 1072 242 1099 fuisse.
282 1073 430 1108 Ipsumque
451 1074 541 1099 virum
561 1074 694 1108 optimum
717 1072 841 1108 gratissi-

42 1119 172 1146 mumque
183 1119 339 1146 cognosces.
379 1111 508 1137 Promitto
517 1111 568 1137 tibi
576 1131 582 1142 ‚
595 1115 620 1137 te
631 1119 665 1137 ex
675 1111 734 1137 eius
745 1109 841 1136 amici-

42 1148 78 1174 tia
89 1156 215 1183 magnam
226 1147 392 1182 voluptatem
402 1157 462 1174 esse
472 1152 625 1183 capturum.
657 1150 682 1174 3.
703 1148 840 1173 Praeterea

43 1193 57 1211 a
72 1189 97 1212 te
110 1189 171 1220 peto
185 1185 213 1211 in
228 1186 357 1212 maiorem
372 1185 483 1212 modum
502 1194 550 1221 pro
569 1190 658 1212 nostra
677 1185 794 1212 amicitIa
816 1188 842 1210 et

42 1231 91 1257 pro
102 1227 147 1249 tuo
158 1227 287 1257 perpetuo
298 1223 325 1249 in
337 1231 379 1249 me
389 1223 479 1249 studio
487 1244 493 1254 ‚
511 1223 578 1250 utin
590 1223 640 1249 hac
655 1231 681 1249 re
694 1223 774 1249 etiam
785 1221 841 1248 ela—

42 1260 135 1286 bores:
148 1260 306 1295 Dionysius.
320 1268 415 1287 servus
427 1269 518 1291 meus,
535 1261 584 1295 qui
595 1269 681 1287 meam
694 1259 841 1287 bibliothe-

41 1306 91 1324 cen
103 1296 250 1324 multorum
260 1306 434 1324 nummorum
446 1299 581 1329 tractavit,
599 1307 685 1333 quum
696 1297 795 1324 multos
807 1296 841 1323 li-

1 1348 3 1356 1
42 1335 105 1362 bros
116 1335 294 1369 surripuisset
304 1344 353 1361 nec
364 1343 392 1361 se
404 1336 516 1370 impune
528 1335 645 1362 laturum
656 1340 775 1370 putaret,
791 1343 840 1361 au-

2 1399 4 1408 ,
42 1371 122 1408 fugit.
162 1373 186 1398 Is
201 1376 242 1399 est
255 1373 282 1399 in
299 1373 437 1407 provincia
449 1377 504 1400 tua.
544 1373 614 1399 Eum
628 1377 654 1399 et
664 1373 699 1399 M.
712 1373 837 1403 Bolanus,

41 1409 184 1436 familiaris
201 1418 290 1441 meus,
309 1414 334 1436 et
349 1409 428 1436 multi
443 1410 490 1437 alii
501 1411 621 1437 Naronae
633 1410 773 1437 viderunt:
791 1409 839 1436 sed

2 1457 5 1482 ¹,
41 1455 128 1482 quum
139 1456 167 1473 se
178 1455 192 1473 a
204 1455 246 1473 me
256 1448 456 1474 manumissum
467 1456 526 1474 esse
537 1448 645 1479 diceret,
655 1448 838 1474 crediderunt.

3 1488 5 1510 1
41 1485 118 1511 Hunc
130 1489 158 1511 tu
169 1485 193 1511 si
205 1484 274 1511 mihi
285 1485 482 1512 restituendum
493 1486 605 1518 curaris,
615 1494 666 1512 non
674 1494 786 1520 possum
797 1485 840 1511 di-

40 1530 115 1553 cere,
132 1531 214 1557 quam
226 1522 294 1548 mihi
305 1526 412 1558 gratum
423 1522 545 1550 futurum
556 1523 601 1550 sit.
642 1524 693 1549 Res
708 1524 766 1558 ipsa
778 1531 840 1558 par-

40 1568 83 1590 va,
97 1559 145 1586 sed
156 1560 240 1586 animi
251 1560 304 1585 mei
315 1559 391 1586 dolor
401 1569 516 1595 magnus
527 1565 577 1587 est.
616 1560 667 1587 Ubi
679 1561 723 1591 sit,
737 1560 839 1596 etquid

5 1622 7 1627 ,
41 1596 99 1623 fieri
110 1597 204 1632 possit,
221 1596 336 1623 Bolanus
349 1602 373 1624 te
384 1597 501 1624 docebit.
542 1598 598 1633 Ego
608 1599 632 1624 si
643 1598 781 1624 hominem
792 1607 840 1633 per

40 1638 66 1661 te
77 1635 240 1670 reciperaro,
253 1643 361 1662 summo
373 1644 415 1662 me
425 1644 441 1662 a
452 1640 476 1662 te
487 1635 619 1662 beneficio
630 1635 755 1663 affectum
766 1636 840 1663 arbi-

5 1700 7 1709 Α
41 1672 139 1699 trabor.

93 1741 221 1763 Lxxvtu.
237 1741 254 1762 A
263 1742 314 1762 Ro.
334 1742 403 1767 Petit,
413 1745 437 1763 nt
449 1742 599 1765 Democritum
609 1742 633 1763 in
643 1743 705 1764 fidem
716 1743 818 1770 recipi-t.

221 1779 308 1802 (Romae.
319 1779 398 1798 enos-ra.-
408 1781 443 1798 111.
454 1780 529 1803 Lepido
540 1787 587 1799 con».
599 1781 654 1802 708.)

138 1813 173 1840 M.
190 1814 220 1840 T.
238 1814 267 1840 C.
284 1814 311 1841 S.
328 1815 358 1841 I).
376 1814 552 1841 ALLIENO
577 1815 739 1843 PROCOS.

98 1852 121 1877 ⁴.
144 1846 319 1878 Democritus
331 1851 475 1887 Sicyonius
487 1862 539 1879 non
550 1853 639 1880 solum
652 1853 750 1888 hospes
762 1862 839 1880 meus

39 1892 93 1918 est,
118 1887 166 1914 sed
181 1888 274 1919 etiam.
296 1889 369 1924 quod
385 1898 437 1916 non
453 1889 547 1916 multis
562 1891 706 1926 contingit,
729 1891 839 1918 Graecis

40 1925 212 1959 praesertim,
226 1925 304 1952 valde
316 1925 467 1953 familiaris.
508 1928 556 1954 Est
566 1929 638 1954 enim
650 1929 678 1954 in
689 1936 721 1955 eo
732 1937 839 1955 summa

40 1961 284 1997 probitas,summa
297 1963 506 1994 virtus‚summa
519 1965 546 1991 in
560 1965 679 2000 hospites
691 1964 839 1993 liberalitas

11 2032 13 2035 .
40 2004 66 2026 et
81 1999 265 2026 observantia:
292 2008 390 2035 meque
404 2006 509 2036 praeter
523 2006 625 2028 ceteros
637 2006 662 2029 et
672 2002 736 2029 colit
750 2007 776 2030 et
790 2003 840 2030 ob·-

39 2041 130 2063 servat
139 2041 164 2063 et
178 2036 278 2073 diligit.
324 2037 393 2064 Eum
406 2042 433 2064 tu
443 2047 498 2065 non
510 2038 589 2065 modo
599 2048 712 2066 suorum
723 2040 837 2071 civium,

12 2073 13 2102 j
40 2082 135 2100 verum
147 2082 232 2109 paene
244 2074 359 2101 Achaiae
370 2075 522 2110 principem
532 2084 688 2112 cognosces.
728 2079 754 2104 2.
771 2078 839 2104 Huic

12 2109 13 2116 ¹
39 2119 90 2154 ego
101 2111 286 2139 tantummodo
300 2112 403 2139 aditum
415 2112 448 2139 ad
460 2117 532 2140 tuam
544 2114 726 2149 cognitionem
737 2114 839 2149 patefa-

39 2156 82 2175 cio
91 2153 117 2175 et
127 2149 234 2176 munio:
251 2151 389 2185 cognitum
400 2158 449 2184 per
461 2155 485 2177 te
501 2151 606 2185 ipsum,
624 2160 694 2186 quae
705 2156 749 2178 tua
761 2157 839 2179 natu-

14 2213 15 2221 ,
40 2193 69 2212 ra
79 2190 132 2217 est,
150 2186 265 2222 dignum
281 2191 327 2214 tua
341 2188 459 2214 amicitia
469 2192 550 2222 atque
563 2188 679 2223 hospitio
692 2189 837 2216 iudicabis.

14 2243 15 2246 η
40 2222 102 2250 Peto
113 2224 199 2259 igitur
209 2233 223 2250 a
235 2229 272 2255 te,
286 2229 329 2255 ut,
343 2224 386 2250 his
400 2224 496 2251 litteris
507 2225 595 2256 lectis,
609 2227 724 2261 recipias
735 2235 797 2252 eum
811 2227 837 2253 in

40 2263 113 2287 tuam
124 2261 219 2295 Iidem,
233 2261 377 2296 polliceare
387 2263 476 2288 omnia
489 2267 512 2288 to
525 2262 657 2289 facturum
666 2272 835 2290 meacaussa.

16 2324 17 2337 ἶ
40 2296 76 2323 De
87 2296 205 2332 reliquo,
219 2299 256 2329 si,
270 2299 297 2323 id
310 2299 383 2333 quod
394 2298 512 2330 confido,
526 2298 581 2326 fore
592 2299 706 2337 dignum
718 2309 780 2327 enm
793 2306 836 2328 tua

40 2334 158 2361 amicitia
174 2335 347 2371 hospitioque
362 2336 535 2371 cognoveris:
554 2341 626 2371 peto.
645 2342 675 2364 ut
690 2347 752 2364 eum
763 2347 838 2365 com-

40 2369 168 2406 plectare,
181 2372 294 2408 diligas.
310 2373 335 2399 in
348 2373 402 2399 tuis
415 2373 524 2400 habeas.
565 2374 622 2401 Erit
633 2374 660 2401 id
673 2375 741 2402 mihi
754 2376 838 2402 maio-

16 2410 18 2441 }
40 2415 96 2435 rem
108 2409 135 2436 in
147 2409 257 2436 modum
267 2415 385 2445 gratum.
426 2410 500 2437 Vale.

93 2478 201 2500 LXXIX.
217 2479 295 2500 Atto.
311 2481 335 2501 C.
347 2484 368 2500 et
377 2481 406 2501 Μ.
415 2463 535 2505 Avianius.
547 2480 635 2505 suern,
645 2482 788 2504 commend-t.

223 2516 310 2538 (numne,
321 2517 399 2535 Cannu·
410 2518 444 2535 111,
456 2517 529 2541 loepidn
540 2524 586 2535 ruis.
598 2519 652 2539 ⁷0⁸.)

95 2566 130 2592 M.
153 2567 183 2594 T.
207 2567 238 2595 C.
260 2567 289 2595 S.
310 2569 339 2595 P.
362 2570 391 2595 D.
414 2568 590 2595 ALLIENO
611 2569 773 2597 PROCOS.

96 2599 132 2630 Et
155 2609 180 2631 te
202 2605 272 2632 scire
292 2606 419 2638 arbitror,
451 2607 546 2641 quanti
569 2606 677 2634 fecerim
701 2608 731 2634 C.
755 2609 836 2635 Avia-

19 2651 21 2683 ἒ
41 2639 117 2667 nium
132 2640 271 2675 Flaccum,
293 2648 319 2670 et
335 2652 385 2680 ego
400 2653 434 2671 ex
450 2644 508 2679 ipso
523 2644 675 2676 audieram,
693 2646 795 2681 optimo
811 2650 836 2673 et

1173 109 1243 135 LIB.
1260 108 1331 135 xlv.
1355 109 1408 136 ΕΡ.
1428 111 1450 135 t.
1637 110 1686 136 777

890 179 1044 214 gratissimo
1058 179 1180 210 homine,
1199 188 1280 214 quam
1292 188 1306 206 a
1318 185 1342 206 te
1354 179 1499 207 liberaliter
1510 185 1580 207 esset
1592 185 1688 207 tracta-

891 221 944 243 tus.
985 217 1050 242 Eius
1067 216 1148 248 filios,
1166 217 1342 253 dignissimos
1359 217 1405 244 illo
1415 223 1489 252 patre
1501 226 1629 252 meosque
1641 227 1689 244 ne-

891 254 1036 285 cessarios,
1054 262 1122 288 quos
1133 263 1182 289 ego
1194 255 1272 280 unice
1284 254 1381 290 diligo,
1400 255 1559 282 commendo
1573 255 1622 281 tibi
1637 256 1685 283 sic,

892 295 921 317 ut
933 292 1032 317 maiore
1041 291 1131 318 studio
1143 291 1231 318 nullos
1242 293 1430 318 commendare
1441 293 1553 327 possim.
1569 292 1598 319 C.
1608 293 1689 318 Avia-

892 329 954 354 nius
970 329 997 354 in
1009 328 1100 354 Sicilia
1117 333 1166 355 est.
1207 330 1312 355 Marcus
1327 334 1368 356 est
1377 330 1530 356 nobiscum.
1570 330 1603 356 Ut
1614 329 1688 355 illius

892 365 1052 401 dignitatem
1062 367 1212 400 praesentis
1223 375 1310 397 orneS,
1328 376 1383 393 rem
1394 368 1536 402 utriusque
1548 366 1686 397 defendas,

892 407 917 429 te
938 411 1011 438 rogo.
1052 404 1105 429 Hoc
1126 403 1194 429 mihi
1214 404 1317 439 gratius
1338 405 1365 430 in
1382 405 1431 431 ista
1447 405 1586 439 provincia
1603 403 1689 430 facere

892 440 961 466 nihil
972 444 1056 474 potes.
1097 440 1181 475 quue
1193 446 1222 467 ut
1234 440 1325 472 facias,
1339 446 1364 468 te
1375 442 1548 469 vehementer
1559 442 1639 468 etiam
1651 446 1690 468 at-

892 486 945 512 que
957 478 1037 504 etiam
1048 486 1121 514 rogo.
1162 478 1233 505 Vale.

1182 572 1286 582 .-.=0
1290 569 1404 584 cae»—

1271 732 1313 757 84.

956 794 1095 823 LIBER
1143 794 1357 824 DECIMUS
1394 795 1627 829 QUARTUS.

946 911 962 932 I.
979 912 1056 932 ARG.
1076 912 1159 933 Scribit
1176 913 1203 933 ile
1218 913 1353 933 calamitatis
1369 919 1422 933 suae
1436 913 1600 938 mugnimdine,
1615 913 1642 933 de
1652 919 1692 940 spe

891 946 1053 971 restitutionis,
1065 947 1091 967 de
1101 947 1200 972 familia.
1211 948 1238 968 de
1247 947 1336 969 Plancii
1346 948 1439 973 officiis,
1451 949 1478 969 de
1488 948 1580 969 Pisonis
1591 947 1691 968 humani-

893 987 950 1007 tate,
966 984 993 1003 de
1007 983 1164 1010 componendis
1181 983 1302 1004 discordiis
1312 983 1453 1008 domesticis.
1469 984 1496 1004 de
1505 983 1557 1004 dote
1567 983 1690 1007 retinenda.

892 1018 918 1038 de
925 1018 1016 1038 itineris
1027 1018 1063 1038 sui
1073 1018 1206 1039 rationibus.

917 1055 1016 1077 (Inclinato
1027 1055 1180 1077 Thessalonicae,
1190 1055 1241 1073 finit-a
1251 1055 1452 1079 Dyrrlinchiifflisone,
1461 1055 1542 1074 Gabinio
1553 1062 1600 1074 coss.
1611 1057 1668 1075 590.)

909 1098 1077 1126 TULLIUS
1097 1099 1126 1125 S.
1147 1099 1178 1126 D.
1200 1098 1427 1125 TERENTIAE
1448 1099 1562 1130 SUAE,
1586 1099 1680 1125 TUL-

996 1140 1138 1167 LIOLAE
1160 1141 1273 1172 SUAE,
1295 1140 1484 1167 CICERONI
1504 1140 1587 1167 SUO.

950 1187 973 1213 i.
994 1182 1033 1213 Et
1048 1186 1143 1213 litteris
1159 1186 1306 1213 multorum
1322 1191 1348 1213 et
1362 1195 1485 1213 sermone
1496 1187 1618 1213 omnium
1631 1195 1693 1221 per-

893 1223 977 1250 fertur
993 1223 1026 1250 ad
1041 1233 1098 1255 me,
1117 1224 1307 1251 incredibilem
1321 1229 1394 1251 tuam
1409 1225 1536 1250 virtutem
1549 1229 1575 1250 et
1586 1223 1692 1250 fortitu-

892 1261 984 1287 dinem
996 1270 1065 1293 esse,
1079 1266 1158 1297 teque
1170 1270 1219 1288 nec
1230 1262 1315 1288 animi
1321 1270 1409 1297 neque
1420 1262 1540 1296 corporis
1553 1261 1692 1287 laboribus

892 1298 1045 1334 defatigari.
1079 1300 1121 1325 Me
1133 1299 1276 1326 miserum!
1290 1304 1324 1329 te,
1338 1300 1387 1325 ista
1400 1299 1508 1329 virtute,
1523 1298 1584 1329 fide,
1599 1298 1692 1333 probi—

892 1341 952 1367 tate,
967 1336 1146 1368 humanitate,
1160 1337 1188 1363 in
1200 1341 1285 1363 tantas
1297 1345 1439 1363 aerumnas
1451 1341 1558 1371 propter
1569 1344 1611 1361 nie
1624 1336 1693 1362 inci—

891 1373 978 1400 dissel
1001 1373 1200 1409 Tulliolamque
1212 1378 1338 1405 nostram,
1352 1382 1386 1400 ex
1396 1382 1450 1409 quo
1462 1378 1535 1408 patre
1548 1378 1633 1399 tantas
1645 1382 1693 1399 vo-

893 1411 1008 1446 luptates
1019 1412 1155 1446 capiebat,
1171 1421 1206 1439 ex
1216 1420 1247 1438 eo
1258 1416 1344 1438 tantos
1355 1412 1493 1446 percipere
1506 1410 1607 1436 luctus!
1625 1411 1692 1436 Nam

891 1448 959 1483 quid
975 1457 1024 1484 ego
1039 1449 1072 1475 de
1084 1449 1210 1476 Cicerone
1226 1448 1333 1475 dicam‘?
1352 1449 1400 1484 qui
1416 1457 1501 1484 quum
1519 1449 1637 1483 primum
1649 1457 1692 1474 sa-

891 1495 954 1521 pere
964 1487 1065 1521 coepit,
1089 1487 1279 1514 acerbissimos
1293 1486 1398 1512 dolores
1410 1487 1587 1521 miseriasque
1600 1494 1693 1520 perce-

892 1525 940 1559 pit.
972 1524 1045 1556 Quae
1056 1525 1089 1555 si,
1103 1529 1133 1551 ut
1144 1529 1171 1551 tu
1183 1525 1290 1554 scribis.
1306 1523 1357 1550 fato
1369 1523 1435 1550 sacta
1447 1528 1578 1558 putarem,
1595 1523 1691 1549 ferrem

892 1560 983 1597 paullo
995 1561 1115 1588 facilius:
1133 1562 1180 1588 sed
1196 1563 1286 1589 omnia
1297 1566 1362 1588 sunt
1374 1570 1432 1588 mea
1443 1561 1523 1595 culpa
1535 1561 1689 1590 commissa.

891 1600 939 1635 qui
951 1599 985 1625 ab
996 1599 1030 1625 iis
1042 1608 1085 1625 me
1095 1600 1179 1626 amari
1192 1600 1330 1634 putabam,
1339 1600 1386 1634 qui
1395 1599 1567 1629 invidebant,
1581 1607 1625 1625 eos
1639 1607 1691 1624 non

891 1636 1040 1672 sequebar,
1053 1638 1102 1672 qui
1112 1637 1248 1672 petebant.
1289 1638 1314 1663 2.
1336 1636 1413 1668 Quod
1424 1637 1447 1662 si
1460 1637 1558 1662 nostris
1569 1635 1692 1662 consiliis

891 1676 935 1701 usi
947 1683 1084 1705 essemus,
1103 1683 1191 1709 neque
1203 1674 1275 1709 apud
1288 1682 1335 1701 nos
1347 1679 1450 1700 tantum
1462 1673 1592 1700 valuisset
1603 1681 1692 1699 sei-mo

891 1717 937 1739 aut
946 1712 1090 1739 stultorum
1102 1713 1250 1739 amicorum
1262 1717 1308 1738 aut
1324 1711 1523 1746 improborum,
1540 1711 1691 1737 beatissimi

891 1751 1057 1777 viveremus.
1097 1751 1188 1781 Nunc,
1211 1750 1340 1785 quoniam
1355 1758 1463 1784 sperare
1479 1758 1526 1775 nos
1547 1749 1627 1775 amici
1650 1749 1692 1774 iu-

891 1788 967 1820 bent,
985 1787 1054 1814 dabo
1065 1796 1187 1823 operam,
1207 1796 1239 1813 ne
1251 1796 1309 1814 mea
1322 1786 1447 1813 valetudo
1458 1791 1502 1813 tuo
1515 1786 1598 1812 labori
1611 1786 1690 1811 «lesit.

890 1826 942 1852 Res
961 1830 1060 1861 quanta
1081 1826 1129 1856 sit.
1154 1825 1288 1860 intelligo.
1311 1829 1466 1860 quantoque
1483 1823 1563 1850 fuerit
1585 1823 1692 1849 facilius

891 1872 998 1889 manere
1013 1863 1096 1894 domi,
1109 1871 1191 1898 quani
1203 1863 1300 1889 redii-c.
1327 1862 1379 1888 Sed
1390 1867 1488 1892 tamen,
1505 1862 1528 1888 si
1538 1869 1632 1887 omncs
1644 1861 1692 1886 tri-

891 1901 978 1927 bunos
994 1900 1082 1935 plebis
1099 1900 1246 1931 habemus,
1264 1901 1288 1926 si
1299 1899 1443 1926 Lentulum
1457 1904 1509 1926 tam
1526 1898 1689 1927 studiosum,

890 1946 972 1973 quam
984 1938 1105 1969 videtur,
1122 1938 1146 1964 si
1163 1947 1224 1964 vero
1240 1939 1320 1964 etiam
1332 1937 1490 1972 Pompeium
1503 1941 1528 1963 et
1538 1936 1689 1966 Caesarem,

891 1984 943 2002 non
955 1980 995 2002 est
1006 1975 1216 2010 desperandum.
1258 1977 1282 2002 3.
1305 1976 1340 2001 De
1353 1974 1469 2005 familia,
1487 1973 1623 2009 quomodo
1633 1972 1692 2008 pla-

890 2013 980 2039 cuisse
997 2013 1092 2039 amicis
1108 2013 1220 2043 scribis,
1239 2012 1379 2039 faciemus.
1421 2012 1456 2038 De
1474 2011 1530 2037 loco
1546 2020 1617 2037 nunc
1629 2011 1691 2045 qui-

890 2051 952 2077 dem
965 2051 1018 2077 iam
1029 2050 1097 2077 abiit
1107 2050 1274 2085 pestilentia:
1293 2050 1340 2076 sed
1357 2048 1488 2084 quamdin
1502 2048 1565 2079 suit.
1584 2057 1690 2074 menon

890 2088 988 2123 attigit.
1010 2087 1145 2118 Plancius,
1160 2087 1239 2114 homo
1249 2087 1478 2117 officiosissimus,
1492 2095 1534 2112 me
1545 2087 1621 2120 cupit
1632 2093 1691 2111 csse

890 2134 983 2151 secum
995 2130 1020 2151 et
1030 2125 1119 2151 adhuc
1131 2125 1236 2151 retinet.
1271 2125 1327 2159 Ego
1339 2123 1462 2151 volebam
1477 2123 1533 2150 loco
1545 2123 1632 2157 magis
1643 2122 1691 2148 dc-

890 2167 960 2189 serto
975 2171 1034 2188 esse
1049 2162 1076 2188 in
1089 2162 1183 2196 Epiro.
1199 2170 1253 2197 quo
1269 2170 1356 2197 neque
1373 2162 1430 2195 ipsc
1443 2161 1547 2187 veniret
1558 2170 1606 2187 nee
1618 2159 1691 2186 mili-

890 2205 942 2232 tes3
956 2199 1003 2226 sed
1016 2199 1104 2225 adhuc
1111 2199 1237 2225 Plancius
1248 2207 1291 2225 me
1302 2199 1407 2225 retinet.
1427 2198 1520 2233 Sperat
1532 2206 1609 2232 posse
1621 2197 1688 2226 fieri.

891 2242 919 2263 nt
931 2245 1037 2263 mecum
1051 2237 1078 2263 in
1090 2236 1192 2262 Italiam
1204 2236 1325 2262 decedat.
1369 2235 1455 2267 Quem
1467 2244 1516 2271 ego
1528 2235 1600 2261 diem
1613 2235 1636 2260 si
1649 2234 1691 2259 vi-

889 2274 952 2301 ‹lcro
959 2279 984 2300 et
995 2274 1018 2300 si
1032 2275 1058 2300 iu
1070 2278 1190 2299 vestrum
1201 2273 1374 2308 complexum
1388 2281 1485 2299 venero
1496 2282 1526 2298 ac
1537 2273 1560 2298 si
1572 2277 1598 2298 et
1607 2280 1654 2297 vos
1665 2275 1691 2296 et

890 2312 1038 2346 meipsum
1059 2319 1231 2345 recuperaro,
1254 2311 1319 2336 satis
1336 2318 1464 2345 magnum
1487 2309 1555 2336 inihi
1573 2309 1689 2335 fructum

890 2348 1002 2375 videbor
1014 2348 1168 2383 percepisse
1179 2352 1204 2374 et
1217 2352 1320 2374 vestrae
1331 2348 1439 2382 pietatis
1450 2352 1475 2373 et
1487 2355 1571 2373 meae.
1604 2347 1628 2372 6.
1645 2345 1690 2371 Pi-

889 2386 963 2413 sonis
978 2386 1147 2416 humanitas,
1166 2386 1265 2415 virtus.
1289 2394 1362 2411 arnor
1379 2384 1405 2410 in
1421 2393 1515 2410 omnes
1531 2392 1578 2410 nos
1601 2387 1689 2409 tantus

889 2428 942 2453 est,
956 2427 986 2449 ut
997 2422 1065 2449 nihil
1077 2431 1159 2457 snpra
1170 2423 1265 2457 possit.
1307 2422 1413 2448 Utinam
1425 2430 1455 2447 ca
1468 2430 1509 2447 res
1521 2422 1545 2446 ei
1559 2420 1688 2454 voluptati

889 2461 936 2487 sit!
959 2459 1059 2494 gloriae
1071 2459 1182 2495 quidem
1195 2459 1273 2486 video
1285 2459 1349 2485 fore.
1377 2459 1411 2485 uo
1423 2458 1454 2491 Q.
1469 2458 1546 2484 fratre
1558 2457 1626 2484 nihil
1639 2466 1689 2492 ego

890 2503 913 2524 tc
925 2498 1064 2524 accusavi:
1082 2497 1130 2524 sed
1147 2506 1208 2528 vos,
1225 2506 1312 2532 quum
1324 2497 1481 2531 pracsertim
1494 2501 1546 2522 tam
1559 2495 1638 2530 pauci
1650 2496 1689 2521 si-

889 2535 931 2565 tis.
946 2534 1020 2561 volui
1031 2543 1090 2561 csse
1100 2543 1182 2570 quum
1195 2534 1442 2561 coniunctissimos.
1480 2535 1505 2560 5.
1527 2532 1634 2566 Quibus
1646 2541 1688 2558 mc

890 2572 998 2599 voluisti
1009 2581 1088 2607 agere
1099 2574 1208 2607 gratias,
1222 2572 1275 2607 egi,
1284 2576 1308 2598 ct
1321 2580 1362 2597 nic
1374 2579 1387 2597 a
1400 2576 1424 2597 te
1435 2571 1574 2597 certiorem
1587 2569 1687 2596 factum

888 2618 946 2635 csse
957 2610 1065 2644 scripsi.
1105 2609 1182 2642 Quod
1195 2609 1228 2635 nd
1241 2618 1282 2635 nic
1291 2629 1297 2640 ,
1315 2617 1373 2635 inea
1385 2608 1522 2638 Terentia.
1535 2607 1648 2637 scribis,
1663 2612 1687 2633 te

889 2647 979 2674 vicum
993 2647 1176 2674 venditurum:
1195 2646 1277 2682 quid.
1290 2646 1401 2673 obsecro
1413 2651 1450 2675 tc.
1465 2645 1517 2680 (nic
1532 2646 1660 2672 miserum
1670 2645 1687 2679 ἔ)

1445 2696 1479 2720 98
