1941 3052
203 108 251 133 97ss

204 187 232 203 se
249 177 371 211 putalmt.
389 175 578 209 opinionisque
595 172 822 205 iudiciosuscipi,
840 172 997 197 etomnium

205 215 434 250 pcrturlmiionuin
451 210 629 236 arbitrabatur
642 214 751 234 matrem
764 218 822 233 esse
838 208 998 234 immodera-

206 258 257 278 iaiu
278 250 422 286 quamdam
441 247 683 282 intemperantinni.
726 246 793 271 llaec
814 245 868 271 sero
887 245 920 271 ‹le
942 254 998 271 ino-

205 289 290 316 ribus.

262 326 306 351 ΧΙ,
330 325 363 349 i›‹·
380 322 482 348 naturis
498 325 585 346 autem
602 321 641 346 sic
655 319 800 350 sentiebat,
821 319 953 354 primum.
971 323 1000 344 ut

204 367 329 398 quattuor
342 360 425 385 initiis
438 367 526 384 rerum
539 357 593 383 illis
605 358 726 392 quintani
740 357 807 383 lianc
819 361 950 385 naturam.
965 364 998 382 ex

204 408 256 434 qua
272 399 424 432 superiores
434 404 530 421 sensus
542 399 567 421 et
579 399 694 421 mentem
706 394 775 420 esiici
788 394 928 423 rebantur.
947 402 998 419 uon

205 436 353 462 adhiberet.
393 432 531 459 Statueliat
546 433 617 458 enim
640 433 728 466 ignem
743 440 802 457 esse
820 431 905 465 ipsam
922 435 999 456 natu-

206 483 270 502 ram,
284 481 352 507 quae
364 471 485 506 quidque
497 471 627 503 gigneret.
636 474 661 495 ct
673 473 788 495 mentem
800 473 879 502 atque
891 476 997 493 sensus.

206 509 376 544 Discrcpahut
389 508 469 534 etiam
486 506 519 533 ali
536 506 646 536 iisdem.
664 506 736 540 quod
752 505 825 532 nullo
838 505 915 531 modo
927 505 1000 530 arbi-

206 547 324 574 trabatur
334 545 483 580 quidquam
495 544 566 570 esiici
579 552 656 578 posse
667 543 700 568 al)
712 552 751 573 ea.
768 551 837 578 quae
848 551 945 577 expers
956 550 999 567 cs-

205 589 244 611 set
255 584 387 618 corporis.
403 583 491 616 (cuius
506 582 613 614 generis
630 581 791 606 Xenocrates
806 585 831 606 et
846 580 999 614 superiores

205 623 283 649 etiam
296 621 416 646 animum
428 628 486 645 esse
498 619 642 652 dixerant.)
654 627 701 644 nec
712 627 787 648 vero.
801 622 846 643 aut
857 616 928 651 quod
941 616 998 642 esti-

205 664 275 686 ceret
285 657 398 692 aliquid.
412 661 457 682 aut
467 656 539 691 quod
551 655 710 686 efficeretur,
719 664 797 690 posse
808 663 867 680 esse
879 663 930 680 non
942 662 1000 679 cor-

206 705 266 732 pus.
308 696 348 721 40,
371 694 487 720 Plurima
503 697 590 719 autem
609 694 635 719 in
653 692 698 718 illa
717 693 790 719 tertia
812 691 999 726 philosophiae

206 738 278 769 parte
291 732 414 759 mutavit.
432 732 459 757 ln
471 739 524 765 qua
536 731 653 764 primum
665 729 698 756 de
710 729 999 763 sensibusipsisquae-

205 772 266 797 dam
279 770 348 796 dixit
359 777 439 800 n0va;
453 776 521 803 quos
532 772 641 793 cunctos
650 767 659 779 ‘
671 775 730 793 esse
740 767 846 793 censuit
857 775 870 791 a
882 765 998 801 quadam

205 808 284 843 quasi
296 806 459 841 impulsione
468 805 555 832 oblata
562 805 744 831 extrinsecus:
757 803 891 839 quamille
898 813 998 837 φαντα-

205 847 278 874 σίαν,
299 853 346 870 nos
363 844 452 869 visum
467 842 634 877 appellemus
656 841 729 871 licet;
754 846 780 868 et
795 845 932 867 teneamus
950 840 999 866 hoc

206 882 320 909 verbum
336 880 460 915 quidem:
483 880 533 906 erit
548 880 620 905 enim
636 878 766 906 utendum
782 880 808 904 in
824 877 928 912 reliquo
943 886 1000 903 ser-

206 928 284 946 mone
295 919 414 953 saepius.
454 916 507 943 Sed
519 917 551 942 ad
569 916 646 946 haec,
662 924 731 951 quae
743 916 800 942 visa
811 920 875 941 sunt
885 920 911 941 et
921 915 999 949 quasi

206 962 312 994 accepta
328 955 467 985 sensibus,
490 955 672 980 assensionem
688 953 811 988 adiungit
832 953 996 978 animorum:

205 1002 287 1029 quam
299 1001 357 1019 esse
370 992 427 1019 vult
438 992 465 1018 in
477 991 554 1017 nohis
565 992 679 1025 positam
691 995 716 1017 et
727 990 915 1016 voluntariam.
957 990 997 1015 41.

206 1031 278 1058 Visis
293 1039 345 1057 non
361 1029 488 1056 omnibus
502 1028 666 1063 adiungebat
679 1027 758 1053 iidem
767 1047 773 1058 ,
795 1027 842 1053 sed
855 1027 888 1053 iis
899 1025 997 1056 solum,

205 1076 274 1104 quae
291 1068 425 1102 propriam
440 1065 584 1100 quamdam
598 1065 726 1091 haberent
738 1064 944 1091 declarationem
956 1072 1000 1089 ea-

206 1114 265 1132 runi
282 1113 383 1135 rerum,
396 1112 465 1138 quae
478 1103 645 1129 viderentur:
662 1102 689 1128 id
701 1106 789 1128 autem
802 1102 901 1132 visum.
914 1109 1000 1135 quum

205 1143 296 1177 ipsum
314 1150 360 1176 per
374 1149 402 1167 se
417 1145 582 1170 cerneretur,
605 1138 859 1173 comprehensibile.
900 1138 1000 1164 Feretis

206 1179 290 1206 haec‘?
310 1179 362 1205 Nos
379 1186 455 1208 vero,
472 1178 569 1211 inquit.
610 1177 731 1208 Quonam
747 1176 820 1202 enim
831 1175 910 1202 modo
920 1185 999 1201 κατα-

205 1215 302 1251 ληπτόν
313 1214 543 1244 diceres?—-Sed,
556 1222 641 1248 quum
653 1218 791 1247 acceptum
804 1214 856 1239 iam
867 1217 893 1239 et
903 1220 1001 1247 appro-

205 1254 297 1280 batum
313 1257 396 1283 esset.
413 1251 681 1286 comprehensionem
696 1250 861 1285 appellabat,
881 1249 1000 1276 similem

206 1292 240 1317 iis
252 1290 343 1320 rebus,
356 1297 425 1324 quae
437 1297 518 1314 manu
530 1287 737 1322 prenderentur:
751 1296 784 1314 ex
796 1296 850 1322 quo
860 1288 940 1313 etiam
953 1295 1001 1313 no-

206 1336 267 1354 men
279 1327 328 1353 hoc
343 1326 469 1356 duxerat,
482 1333 567 1360 quum
579 1333 609 1351 eo
621 1325 703 1351 verbo
714 1329 774 1351 ante
786 1333 864 1351 nemo
876 1324 921 1351 tali
933 1325 960 1350 in
973 1332 1000 1350 re

205 1368 362 1392 ususesset:
375 1363 556 1398 plurimisque
569 1362 640 1389 idem
651 1363 729 1389 novis
741 1362 916 1397 verbis(nova
927 1362 1000 1388 enim

205 1401 320 1437 dicebat)
340 1409 408 1428 usus
424 1404 475 1427 est.
513 1399 590 1432 Quod
605 1404 694 1426 autem
710 1403 766 1426 erat
780 1408 862 1426 sensu
877 1407 1000 1434 compre-

206 1440 335 1469 hensum,
353 1437 381 1464 id
397 1438 487 1472 ipsum
503 1445 614 1463 sensum
632 1436 797 1471 appellabat,
816 1441 841 1463 et
855 1437 880 1463 si
895 1437 929 1463 ita
945 1440 1001 1462 erat

205 1476 440 1511 comprehensum,
454 1479 483 1501 ut
493 1473 610 1500 convelli
621 1475 721 1500 ratione
733 1482 785 1500 non
797 1478 895 1509 posset,
912 1474 1001 1500 scien-

204 1515 283 1541 tiam:
297 1514 340 1539 sin
352 1512 436 1542 aliter.
450 1512 621 1538 inscientiam
632 1511 800 1538 nominabat:
818 1519 853 1538 ex
863 1519 916 1546 qua
927 1511 1001 1537 exsi-

205 1555 286 1578 steret
296 1551 376 1576 etiam
387 1549 487 1584 opinio,
500 1557 569 1583 quae
580 1553 651 1575 esset
662 1548 806 1579 imbecilla.
822 1553 848 1574 et
860 1557 922 1575 cum
934 1547 1001 1574 falso

205 1588 396 1623 incognitoque
407 1587 569 1613 communis.
610 1587 651 1612 42.
673 1585 725 1612 Sed
740 1586 809 1612 inter
823 1586 964 1612 scientiam
975 1589 1002 1611 et

205 1626 375 1652 inscientiam
385 1623 654 1658 comprehensionem
665 1622 739 1649 illam
747 1644 753 1654 ,
767 1631 848 1658 quam
859 1622 932 1653 dixi.
945 1621 1002 1649 col—

207 1662 322 1692 locabat,
336 1670 449 1696 eamque
461 1669 548 1695 neque
560 1661 587 1686 in
599 1661 691 1691 rectis,
708 1669 796 1695 neque
807 1661 835 1686 in
847 1660 938 1695 pravis
949 1668 1001 1686 nu-

205 1699 338 1730 merabat,
354 1698 403 1725 sed
423 1697 474 1724 soli
493 1697 658 1724 credendum
679 1705 739 1723 esse
753 1697 869 1724 dicebat.
909 1697 930 1723 E
946 1705 1000 1731 quo

206 1737 332 1764 sensibus
344 1737 424 1762 etiam
437 1735 517 1761 fidem
528 1734 677 1766 tribuebat,
693 1734 780 1769 quod,
798 1739 828 1762 ut
837 1742 919 1769 supra
930 1733 998 1764 dixi,

205 1773 411 1809 comprehensio
422 1772 489 1799 faeta
503 1772 630 1799 sensibus
641 1776 667 1798 et
678 1780 740 1798 vera
750 1780 809 1798 esse
825 1771 879 1803 illi,
898 1776 924 1797 et
934 1770 1000 1797 fide-

206 1811 240 1838 lis
261 1810 417 1837 videbatur:
440 1818 493 1836 non
513 1809 585 1844 quod
605 1809 708 1839 omnia.
730 1817 799 1844 quae
814 1812 904 1835 essent
918 1809 947 1834 in
960 1816 998 1839 re,

205 1847 457 1883 comprehenderet:
479 1846 526 1873 sed
537 1847 601 1881 quia
612 1845 681 1872 nihil
689 1866 695 1876 .
712 1846 786 1881 quod
797 1845 892 1872 cadere
903 1846 930 1871 in
941 1853 999 1871 eam

206 1890 308 1920 posset,
330 1883 507 1919 relinqueret.
529 1883 656 1918 quodque
676 1888 770 1910 natura
784 1883 863 1918 quasi
879 1891 1000 1909 normam

206 1922 333 1948 scientiae
348 1925 374 1947 et
388 1921 555 1956 principium
565 1921 608 1946 sui
619 1919 751 1951 dedisset.
766 1920 839 1947 unde
850 1924 941 1955 postea
952 1928 1001 1946 no—

205 1960 291 1986 tiones
303 1967 391 1985 rerum
403 1959 430 1984 in
442 1958 540 1984 animis
556 1957 788 1992 imprimerentur:
812 1972 849 1977 —
869 1965 883 1983 e
898 1957 999 1992 quibus

206 2005 259 2023 non
275 1995 408 2031 principia
421 1994 523 2025 solum,
540 1994 588 2021 sed
604 1994 711 2020 latiores
725 1994 859 2029 quaedam
875 1994 908 2020 ad
920 1994 1000 2020 ratio-

206 2042 268 2060 nem
280 2032 471 2059 inveniendam
481 2032 541 2058 viae
553 2031 724 2066 reperiuntur
732 2046 777 2058 —.
815 2032 940 2058 Errorem
952 2039 1001 2057 au-

206 2076 260 2098 tem
275 2075 301 2097 et
323 2070 499 2096 temeritatem
518 2073 543 2096 et
566 2069 743 2104 ignorantiam
761 2073 787 2095 et
808 2070 1000 2104 opinationem,

206 2113 232 2134 et
247 2107 445 2142 suspicionem,
467 2110 493 2133 et
508 2114 562 2132 uno
577 2106 686 2132 nomine
701 2107 804 2138 omnia,
825 2115 895 2141 quae
911 2111 1001 2133 essent

206 2145 293 2172 aliena
309 2144 400 2170 firmae
416 2148 442 2170 et
456 2144 603 2170 constantis
618 2144 797 2174 assensionis,
813 2153 827 2170 a
842 2145 942 2170 virtute
956 2152 1001 2170 sa—

205 2182 362 2217 pientiaque
377 2180 541 2208 removebat.
580 2181 668 2215 Atque
684 2181 711 2207 in
727 2181 770 2207 his
785 2180 840 2208 fere
850 2185 1001 2208 commuta—

206 2220 242 2246 tio
261 2219 384 2246 consistit
401 2218 490 2245 omnis
509 2217 699 2253 dissensioque
713 2218 828 2245 Zenonis
847 2227 862 2245 a
877 2218 1001 2254 superio—

206 2257 292 2283 ribus.

259 2293 319 2320 ΧΠ.
341 2294 382 2320 43.
403 2292 477 2325 Quae
496 2300 582 2327 quum
602 2291 729 2319 dixisset:
751 2293 784 2319 Et
804 2292 922 2319 breviter
934 2300 999 2318 saue

206 2331 372 2366 minimeque
382 2329 496 2357 obscure
506 2329 628 2365 exposita
638 2333 687 2361 est,
700 2330 821 2365 inquam,
835 2339 849 2356 a
860 2334 894 2361 te,
907 2330 997 2360 Varro,

357 100 1614 131 Μ.Τ,ι’,ιῐῑι-ῐιυ),κ’1.<ΜὶΛυῐζΜΗῑυιιυΜΡΟΒΤΕΙΗΟΗΕΜΙ.11;.Ι.(;Λν.Η.
1641 103 1678 128 12.

1049 176 1074 197 et
1087 171 1183 196 veteris
1194 170 1352 197 Academiae
1363 172 1429 197 ratio
1439 177 1465 198 ct
1475 172 1634 198 Stoicorum.
1674 173 1771 199 Verum
1783 181 1842 198 esse

1050 212 1138 233 autem
1153 207 1278 238 arbitror,
1297 213 1325 234 ut
1335 209 1474 238 Antiocho.
1492 216 1580 236 nostro
1597 209 1734 238 familiari.
1753 209 1842 244 place-

1051 245 1104 275 bat.
1113 246 1302 271 correctionem
1315 246 1412 271 veteris
1419 246 1576 272 Academiae
1589 248 1686 282 potius.
1699 256 1781 281 «inam
1793 247 1842 273 ali-

1050 291 1131 316 quam
1153 291 1249 308 novam
1271 282 1444 317 disciplinam
1465 284 1621 318 putandam.
1661 285 1729 310 Tum
1752 284 1840 313 varro.

1050 320 1122 345 Tuae
1133 325 1196 346 sunt
1208 328 1278 346 nunc
1292 325 1388 353 partes.
1403 320 1500 355 inquit.
1513 322 1560 356 qui
1571 321 1605 347 ab
1619 322 1789 356 antiquorum
1802 331 1844 348 ra-

1052 357 1122 382 tione
1139 366 1210 383 nunc
1225 356 1355 383 desciscis
1370 362 1396 383 et
1411 365 1455 387 ea.
1479 366 1547 392 quae
1562 358 1596 384 ab
1611 359 1728 385 Arm-sila
1749 364 1843 385 novata

1051 399 1122 423 sunt,
1132 394 1238 428 probas.
1246 394 1350 423 docere.
1359 394 1473 429 quod.et
1483 404 1536 430 qua
1547 395 1580 421 de
1591 404 1685 422 caussa
1696 396 1843 422 discidium

1052 431 1151 457 factum
1162 432 1210 457 sit:
1225 436 1254 457 ut
1265 431 1415 462 videamus.
1424 433 1523 459 satisne
1532 434 1580 459 ista
1592 434 1626 459 sit
1637 434 1704 459 iusta
1718 433 1841 459 defectio.

1052 469 1092 494 45.
1115 469 1183 494 Tum
1199 477 1262 501 ego.
1280 469 1346 495 Cum
1359 469 1476 499 Zenone,
1496 471 1620 504 inquam.
1639 475 1668 496 ut
1677 472 1840 504 accepimus.

1052 505 1184 531 Arcesilas
1199 506 1252 532 sibi
1267 515 1345 532 omne
1361 511 1493 532 certamen
1511 507 1639 536 instituit.
1661 516 1712 533 non
1728 508 1845 541 wertina-

1051 544 1091 568 cia
1103 547 1149 569 aut
1160 543 1249 569 studio
1261 543 1401 573 vincendi.
1418 549 1446 570 ut
1457 544 1524 570 milii
1535 544 1647 579 quidem
1665 545 1783 574 videtur,
1797 545 1843 570 sed

1051 589 1142 606 earum
1155 589 1243 606 rerum
1254 580 1502 615 obscuritate.quae
1516 581 1548 607 ad
1560 581 1756 608 confessionem
1768 582 1845 617 igno-

1052 618 1161 644 rationis
1173 617 1340 644 adduxerant
1350 618 1498 648 Socratem.
1515 623 1540 644 et
1552 619 1604 645 iam
1616 623 1676 645 ante
1688 620 1698 629 '
1710 618 1844 645 Socratem

1052 655 1241 685 Democritum.
1255 656 1450 690 Anaxagoram,
1465 655 1664 690 Empedoclem,
1677 664 1770 682 omnes
1782 664 1845 690 pa&

1052 701 1085 719 ne
1097 697 1212 718 veteres:
1228 693 1276 727 qui
1289 692 1355 718 nihil
1367 694 1501 727 cognosci.
1511 693 1579 719 nihil
1591 694 1703 728 percipi.
1713 693 1780 719 nihil
1792 702 1845 719 sci-

1052 731 1074 756 ri
1086 738 1164 764 posse
1177 728 1337 766 [dixerunt]:
1355 735 1483 766 angustos
1497 739 1608 761 sensus.
1625 730 1775 756 imbecillos
1787 731 1845 756 ani-

1052 776 1118 797 mos,
1132 767 1224 793 brevia
1235 766 1368 793 curricula
1382 768 1460 798 vitae,
1473 772 1499 794 et
1508 768 1548 801 (ut
1558 768 1733 801 Democritus,
1746 768 1771 793 in
1784 776 1846 802 pro—

1053 804 1135 831 fundo
1146 805 1283 831 veritatem
1294 813 1353 831 esse
1365 804 1530 831 demersam:
1545 805 1720 840 opinionibus
1731 809 1757 830 et
1769 805 1846 830 insti-

1051 843 1116 868 tutis
1131 843 1220 869 omnia
1237 842 1334 868 teneri:
1357 842 1425 868 nihil
1443 843 1547 868 veritati
1563 842 1695 877 relinqui:
1717 841 1846 876 deinceps

1051 879 1140 906 omnia
1152 879 1270 906 tenebris
1281 879 1444 906 circumfusa
1457 888 1516 905 esse
1527 879 1664 906 dixerunt.
1695 880 1737 906 45.
1754 879 1846 913 ltaque

1051 916 1183 943 Arcesilas
1199 916 1313 952 negabat
1328 925 1387 943 esse
1401 916 1566 951 quidquam.
1581 916 1654 951 quod
1669 917 1733 942 sciri
1745 921 1843 951 posset,

1051 962 1083 980 ne
1095 954 1163 980 illud
1175 954 1285 988 quidem
1298 953 1478 988 ipsumqued
1485 954 1604 980 Socrates
1615 953 1668 980 sibi
1680 953 1844 988 reliquisset:

1052 991 1096 1017 Sic
1116 991 1205 1017 onmia
1228 991 1307 1017 latere
1327 991 1454 1017 censebat
1469 992 1479 1002 ”
1497 991 1523 1018 in
1539 990 1657 1017 occulto:
1679 999 1766 1025 neque
1786 999 1845 1016 esse

1051 1028 1215 1064 quidquam.
1232 1028 1304 1063 quod
1315 1029 1388 1054 cerni
1400 1033 1446 1055 aut
1457 1027 1572 1063 intelligi
1583 1033 1685 1062 posset:
1699 1027 1802 1062 quibus
1813 1027 1846 1053 de

1051 1067 1156 1092 caussis
1168 1065 1236 1092 nihil
1248 1070 1368 1100 oportere
1379 1074 1467 1100 neque
1477 1065 1606 1100 profiteri,
1615 1073 1702 1100 neque
1713 1064 1846 1091 affirmare

1051 1111 1230 1138 quemquam.
1248 1111 1335 1137 neque
1351 1103 1505 1129 assensione
1521 1102 1682 1137 approbare:
1705 1102 1846 1128 cohibere·

1052 1149 1104 1175 que
1116 1148 1236 1174 semper,
1254 1144 1280 1166 et
1290 1139 1324 1166 ab
1333 1140 1406 1165 omni
1420 1139 1496 1174 lapsu
1507 1140 1643 1165 continere
1654 1139 1844 1166 temeritatem;

1051 1186 1121 1212 quae
1131 1182 1188 1203 tum
1200 1181 1271 1203 esset
1281 1177 1407 1212 insignis.
1422 1185 1509 1211 quum
1520 1181 1566 1203 aut
1577 1175 1642 1203 falsa
1653 1181 1699 1202 aut
1711 1177 1846 1212 incognita

1052 1223 1095 1241 res
1105 1214 1311 1249 approbaretur:
1334 1222 1422 1248 neque
1437 1214 1487 1240 boc
1497 1213 1648 1248 quidquam
1659 1221 1718 1240 esse
1729 1214 1845 1248 turpius.

1052 1260 1134 1287 quam
1149 1251 1297 1287 cognitioni
1307 1255 1333 1277 et
1343 1251 1509 1286 perceptioni
1519 1251 1702 1277 assensionem
1714 1250 1847 1285 approba-

1052 1290 1206 1324 tionemque
1221 1296 1403 1324 praecurrere.
1444 1288 1512 1314 Huic
1525 1288 1623 1314 rationi
1633 1287 1706 1323 quod
1717 1292 1774 1314 erat
1783 1296 1847 1314 oon-

1051 1332 1219 1357 sentaneum,
1227 1325 1350 1356 faciebat,
1358 1330 1487 1352 utcontra
1498 1326 1620 1352 omnium
1631 1325 1777 1352 sententias
1788 1324 1847 1351 dies

1052 1366 1105 1392 iam
1116 1364 1260 1399 plerosque
1270 1362 1427 1389 deduceret:
1440 1367 1478 1394 ut.
1491 1371 1578 1398 quum
1591 1363 1619 1389 in
1629 1361 1723 1389 eadem
1736 1370 1762 1388 re
1772 1362 1846 1397 paria

1051 1401 1192 1429 contrariis
1207 1401 1235 1427 in
1250 1400 1374 1435 partibus
1388 1405 1523 1427 momenta
1542 1400 1677 1426 rationum
1692 1400 1848 1426 inveniren-

1051 1444 1108 1471 tur,
1130 1438 1238 1465 facilius
1253 1438 1287 1464 ab
1304 1442 1416 1472 utraque
1430 1442 1505 1472 parte
1521 1437 1642 1464 assensio
1658 1437 1845 1463 sustineretur.

1052 1478 1093 1503 46.
1115 1476 1188 1502 Hanc
1208 1474 1381 1502 Academiam
1401 1483 1498 1501 novam
1517 1474 1666 1509 appellant;
1688 1482 1758 1509 quae
1778 1473 1847 1500 mihi

1051 1519 1130 1541 vetus
1144 1513 1265 1539 videtur:
1282 1513 1307 1539 si
1321 1511 1433 1547 quidem
1445 1511 1581 1538 Platonem
1592 1520 1626 1537 ex
1640 1510 1686 1538 illa
1696 1516 1785 1537 vetere
1796 1519 1847 1537 nu·

1052 1559 1202 1582 meramus;
1215 1550 1294 1576 cuius
1307 1550 1333 1576 in
1347 1549 1423 1575 libris
1435 1549 1504 1576 nihil
1515 1548 1848 1579 affirmatur,etinutram-

1052 1597 1105 1624 que
1116 1591 1219 1623 partem
1231 1586 1315 1613 multa
1325 1586 1505 1617 disseruntur,
1516 1586 1551 1612 de
1559 1585 1687 1612 omnibus
1697 1586 1845 1620 quaeritur.

1052 1625 1122 1652 nihil
1137 1625 1203 1651 certi
1223 1623 1332 1650 dicitur.
1372 1623 1425 1650 Sed
1440 1628 1529 1650 tamen
1544 1623 1604 1654 illa,
1624 1631 1707 1657 quam
1721 1623 1844 1657 exposui,

1052 1667 1130 1689 vetus
1139 1683 1145 1692 ,
1161 1662 1228 1688 haec
1239 1669 1307 1687 nova
1319 1661 1485 1687 nominetur:
1509 1668 1579 1695 quae
1590 1667 1677 1694 usque
1688 1658 1722 1685 ad
1732 1658 1847 1686 Carnea-

1051 1701 1114 1727 dem
1125 1698 1266 1735 perducta.
1279 1699 1328 1732 qui
1338 1702 1450 1732 quartus
1461 1697 1495 1724 ab
1505 1696 1624 1724 Arcesila
1635 1695 1699 1727 suit,
1713 1696 1740 1723 in
1751 1695 1846 1722 eadem

1051 1736 1186 1764 Arcesilae
1201 1736 1302 1761 ratione
1316 1735 1474 1769 permansit.
1514 1733 1665 1761 Carneades
1680 1738 1769 1760 autem
1785 1733 1847 1760 nul-

1052 1774 1105 1801 lius
1115 1772 1303 1809 philosophiae
1313 1772 1397 1807 partis
1411 1772 1522 1807 ignarus
1532 1776 1572 1802 et,
1589 1776 1617 1798 ut
1631 1771 1746 1806 cognovi
1756 1779 1790 1797 ex
1801 1771 1844 1800 iis.

1051 1813 1099 1847 qui
1110 1810 1188 1837 illum
1198 1809 1346 1840 audierant.
1360 1810 1532 1844 maximeque
1543 1817 1577 1835 ex
1587 1808 1720 1843 Epicureo
1731 1808 1844 1837 Zenone.

1051 1849 1108 1884 qui,
1125 1855 1211 1883 quum
1223 1846 1256 1873 ab
1267 1855 1298 1873 eo
1310 1846 1460 1881 plurimum
1474 1845 1642 1875 dissentiret,
1660 1853 1745 1871 unum
1757 1850 1846 1872 tamen

1051 1890 1155 1921 praeter
1165 1889 1266 1911 ceteros
1277 1883 1434 1915 mirabatur,
1449 1882 1605 1910 incredibili
1618 1881 1735 1917 quadam
1747 1881 1798 1908 fuit
1808 1881 1847 1908 fa·

1050 1923 1158 1950 cultate.
1173 1921 1185 1934 ⁴
1198 1921 1209 1935 *
1221 1921 1232 1934 ‘
1244 1920 1256 1933 ⁸

1231 1958 1327 1991 (Multa
1337 1960 1454 1991 deinceps
1467 1957 1666 1990 desiderantur.)

1244 2121 1489 2149 FRAGMENTA
1509 2120 1614 2147 LIBRI
1632 2120 1654 2147 1.

1092 2179 1115 2215 l)
1135 2173 1196 2210 Qui
1210 2185 1273 2204 cum
1287 2175 1468 2202 similitudine
1483 2174 1560 2201 verbi
1573 2173 1715 2201 concinere
1727 2171 1844 2199 maxime

1126 2215 1181 2242 sihi
1194 2214 1341 2241 videretur.
1381 2213 1459 2247 (Non.
1471 2221 1497 2239 υ.
1511 2211 1706 2244 Corwn'nnarep.
1719 2208 1772 2243 ta.)

1088 2254 1115 2289 2)
1134 2251 1206 2285 Quid
1217 2256 1306 2278 autem
1317 2249 1499 2277 stomachetur
1508 2247 1696 2278 Mnesarchus,
1711 2245 1778 2281 quid
1789 2246 1844 2272 An-

1126 2291 1222 2325 tipater
1236 2287 1400 2324 digladietur
1415 2295 1478 2314 cum
1493 2285 1628 2313 Carneade
1646 2288 1684 2311 tot
1698 2282 1845 2310 volumini-

1125 2325 1195 2354 bus‘?
1207 2327 1258 2360 (Id.
1271 2335 1295 2352 υ,
1307 2326 1491 2359 Diqladiarip.
1505 2322 1558 2359 65.)
