1941 3052
217 122 278 146 ttno

214 196 276 221 rent,
290 190 335 216 aed
348 199 423 216 sitnm
438 191 526 219 vitam,
543 194 569 215 ut
582 188 675 222 legem,
691 188 804 223 prm-sert
815 190 872 214 fluis
883 188 1000 214 civibus.
1023 189 1034 220 Γ

213 230 264 260 Qui
281 229 303 254 ni
321 237 390 254 unus
406 233 468 253 nati-⁴
483 227 570 252 munia
586 228 713 260 vorm-quii
729 231 830 260 μονα-ι,
852 225 919 251 nihil
935 234 1003 259 opus

213 271 283 292 ‹mss-t
300 266 436 299 pluribus,
460 273 482 289 si
500 265 618 289 universi
638 263 726 288 vidi-n·
741 263 872 296 optimum
889 268 914 288 ct
932 263 956 288 in
973 271 1004 287 eo

213 306 482 335 ‹tntum-nurepossent.
494 309 570 325 iii-ino
581 300 696 325 ‹tuh-‹riam
708 301 842 334 principes
853 304 1001 334 quaeri-ret.
1024 320 1026 333 ‚

214 339 359 366 {hilii-ulnis
373 337 597 364 i=·-·nnui‹=m1silii
610 346 663 363 rein
677 346 689 362 a
703 346 763 369 rege
775 336 919 370 uilplurffl,
933 346 1004 362 error
1024 358 1025 367 ,

212 382 238 403 vt
255 378 386 402 tenu-ritas
403 375 561 408 populorum
578 384 591 399 a
609 374 780 399 multitudine
796 374 827 399 ad
841 382 939 408 pmii-«m
952 379 1003 399 Irn-

214 414 281 440 tuln.
322 413 364 437 Sin
387 413 453 437 inu-r
475 412 653 439 inlirmitntciu
677 412 756 437 nnius
773 412 1003 445 tenu-ritatemque

213 451 356 476 inultorum
370 449 487 474 inedium
499 450 640 482 optinmtes
652 448 828 483 possederunt
841 448 936 477 locum,
950 457 1004 482 quo

212 487 278 514 nilnl
297 491 380 520 potest
401 495 459 511 csse
476 486 651 511 moderatius:
673 486 774 520 quibus
791 495 845 511 rem
866 485 1002 520 publicam

212 524 362 553 tuentibus,
381 523 549 549 beatissimos
565 532 623 548 esse
639 523 751 557 populos
767 531 875 548 necesse
886 528 939 553 cst,
959 531 1004 548 vu-

211 570 274 586 cuos
286 562 358 586 oinni
370 570 432 586 curn
444 561 650 595 otcogitaiionm
665 560 725 586 aliis
737 561 868 594 permisso
877 561 930 586 otio
943 569 1001 589 suo.

210 598 310 633 quibus
323 598 348 623 id
362 598 490 624 tuendum
502 603 550 627 cst,
565 606 651 632 nequo
663 597 898 627 committendum,
916 602 944 623 ut
955 606 1002 622 sua

209 635 346 660 coinmmla
368 635 484 669 populus
500 635 601 670 negligi
617 644 630 660 a
647 635 817 669 principibus
836 639 919 669 putet.
960 635 1001 660 53.

211 673 274 698 Nam
292 672 468 707 aequabilitas
485 672 595 707 quidem
613 672 693 702 iuris,
715 680 796 707 quam
817 671 1004 706 amplexantur

211 709 286 735 liberi
300 710 402 744 populi,
417 719 503 744 neque
515 710 614 735 servari
628 714 725 744 potest:
750 710 801 744 ipsi
813 709 884 735 enim
898 708 1001 744 populi,

208 748 334 781 quamvis
355 747 435 773 soluti
456 747 628 781 effrenatique
653 747 719 777 sint.
747 747 888 781 praecipue
910 746 1002 772 multis

209 783 292 810 inultn
305 785 438 815 tribuunt,
455 789 480 810 et
491 789 531 811 est
543 785 568 810 in
582 784 648 818 ipsis
660 793 774 819 magnus
784 784 904 809 delectus
916 783 1003 809 homi-

209 830 273 847 num
285 826 310 847 ct
321 822 496 856 ‹lignitatiin13
511 830 680 856 enque.quae
692 820 842 855 appellatur
853 821 1002 855 aequabili-

209 863 261 889 tas,
280 859 451 894 iniquissima
462 863 511 886 est.
551 860 640 890 Quum
652 859 723 884 enim
737 867 784 892 par
796 858 908 884 babetur
920 858 1002 884 honos

208 897 324 922 summis
340 901 364 922 et
381 897 494 927 infimis.
517 897 564 931 qui
580 896 634 922 sint
651 896 675 921 in
692 897 764 921 omni
782 896 880 930 populo
895 904 1002 921 necesse

208 938 257 964 est,
268 934 324 968 ipsa
336 934 456 968 aequitas
469 934 640 968 iniquissima
653 938 704 959 est:
718 933 790 968 quod
803 934 829 959 in
843 934 874 959 iis
885 933 1002 958 civitati-

208 970 274 1002 bus,
291 979 360 1004 quae
376 971 409 996 ab
423 971 532 1005 optimis
548 975 690 1006 reguntur,
708 970 828 996 accidere
843 979 893 996 non
907 974 1000 1004 potest.

208 1008 276 1034 lla-ec
292 1007 358 1037 sere,
376 1008 462 1039 Laeli,
480 1009 648 1043 etquaedam
660 1007 782 1033 ciusdem
794 1008 900 1042 generis
912 1007 945 1033 ab
959 1008 1000 1037 iis,

207 1046 255 1080 qui
267 1054 325 1071 eam
339 1045 449 1072 formam
462 1046 499 1072 rei
509 1045 634 1080 publicae
647 1045 762 1071 maxime
774 1044 891 1076 laudant,
907 1044 1003 1080 dispu-

209 1083 257 1108 tari
270 1082 365 1109 solent.

262 1119 374 1146 XXXV.
387 1121 428 1146 521.
440 1120 506 1146 Tum
520 1119 634 1149 Laelius.
648 1119 718 1152 Quid
731 1119 777 1146 tu‘?
791 1120 888 1154 inquit,
901 1118 1000 1153 Scipio,

207 1165 221 1183 e
234 1157 319 1183 tribus
332 1157 398 1187 istis,
417 1157 481 1192 quid
495 1158 611 1183 maxime
623 1156 737 1191 probas?
756 1167 776 1183 s.
794 1157 871 1183 Recte
882 1157 1000 1191 quaeris,

207 1194 274 1229 quid
286 1195 402 1220 maxime
412 1203 426 1219 e
439 1195 537 1221 tribus:
551 1195 678 1229 quoniam
691 1202 782 1220 eorum
795 1193 900 1220 nullum
913 1195 1002 1228 ipsum

207 1239 255 1265 per
267 1240 295 1257 se
309 1236 460 1265 separatum
476 1231 572 1266 probo;
590 1236 774 1266 anteponoque
790 1231 907 1267 singuiis
923 1230 1000 1261 illud,

206 1268 279 1303 quod
295 1268 436 1294 conflatum
454 1268 533 1295 fuerit
548 1277 581 1295 ex
596 1268 733 1295 omnibus.
774 1268 826 1295 Sed
840 1269 863 1294 si
877 1277 961 1295 unum
973 1276 1002 1294 ac

206 1305 323 1340 simplex
335 1305 503 1340 probandum
514 1309 559 1336 sit,
577 1306 682 1342 regium
695 1305 807 1339 probem
822 1311 897 1340 atque
909 1309 935 1332 in
947 1306 1003 1340 pri-

206 1345 254 1368 mis
265 1345 374 1369 laudem.
415 1344 442 1369 In
457 1346 541 1376 primo
555 1349 651 1373 aulem,
670 1345 736 1377 quod
751 1343 800 1369 hoc
816 1343 872 1369 loco
883 1343 1003 1378 appella-

207 1385 262 1411 tur,
276 1381 391 1406 occurrit
402 1389 497 1407 nomen
510 1381 587 1416 quasi
600 1381 717 1415 patrium
729 1381 814 1416 regis,
831 1385 860 1407 ut
870 1389 904 1407 ex
915 1389 944 1406 se
955 1389 1002 1406 na-

207 1418 240 1444 tis
262 1418 296 1443 ita
317 1417 483 1444 consulentis
498 1418 556 1444 suis
572 1418 693 1449 civibus,
716 1422 742 1444 et
757 1426 802 1444 eos
817 1418 1002 1444 conservantis

205 1455 361 1486 studiosius,
374 1463 455 1490 quam
467 1455 611 1491 redigentis
623 1458 649 1481 in
658 1458 821 1488 servitutem3
840 1460 867 1481 ut
877 1464 940 1481 saue
950 1457 1002 1481 uti-

207 1493 258 1517 Ii'us
272 1495 305 1518 sie
319 1492 493 1525 facultatibus
509 1497 530 1519 et
546 1497 626 1518 mente
640 1495 750 1526 eoeiquos
761 1493 905 1519 sustentari
920 1493 1002 1518 unius

206 1529 300 1564 optimi
312 1534 337 1555 et
348 1530 449 1555 summi
462 1530 513 1556 viri
524 1529 674 1565 diligentia.
706 1530 748 1556 55.
770 1529 876 1557 Adsunt
886 1531 1002 1565 optima-

207 1570 254 1596 tes,
268 1567 315 1601 qui
326 1575 354 1592 se
365 1567 462 1593 melius
475 1567 524 1593 hoc
536 1566 607 1593 idem
620 1566 704 1593 facere
716 1566 902 1601 profiteantur,
925 1567 1002 1602 plus-

206 1611 258 1638 que
270 1603 323 1629 fore
335 1603 424 1630 dicant
436 1605 462 1630 in
475 1604 599 1639 pluribus
610 1604 730 1635 consilii,
751 1613 832 1639 quam
848 1605 875 1631 in
891 1613 958 1635 uno,
977 1609 1002 1631 et
1022 1600 1025 1631 ἶ

206 1640 328 1667 eamdem
338 1645 425 1667 tamen
436 1642 597 1676 aequitatem
608 1646 634 1667 et
645 1641 735 1668 iidem.
766 1642 832 1668 Ecce
844 1647 932 1668 autem
945 1650 1002 1668 ma-
1022 1650 1025 1675 fi

207 1678 279 1704 xima
291 1686 354 1704 voce
365 1678 461 1704 clamat
473 1678 599 1713 populus,
613 1687 699 1714 neque
711 1687 738 1704 se
750 1679 796 1705 uni
808 1687 895 1714 neque
907 1679 1001 1714 paucis
1022 1695 1025 1717 3

207 1714 275 1740 velle
287 1723 392 1749 parere;
408 1715 527 1742 libertate
539 1724 571 1742 ne
584 1715 648 1741 feris
659 1716 769 1750 quidem
781 1716 931 1751 quidquam
942 1725 1001 1743 esse
1022 1728 1025 1741 ι

206 1751 327 1784 dulcius;
343 1752 392 1778 hac
402 1761 494 1779 omnes
505 1761 603 1783 carere,
619 1753 677 1778 sive
690 1753 745 1788 regi
756 1753 814 1779 sive
824 1754 1001 1788 optimatibus

206 1790 333 1815 serviant.
365 1791 401 1816 Ita
412 1791 519 1816 caritate
531 1799 578 1817 nos
590 1791 699 1824 capiunt
709 1798 794 1825 reges,
808 1790 920 1817 consilio
931 1791 1002 1825 opti·
1022 1783 1024 1817 l

207 1831 299 1857 mates‚
317 1826 436 1853 libertate
446 1827 555 1862 populi:
578 1832 607 1853 ut
619 1828 645 1853 in
656 1827 835 1861 comparando
845 1827 956 1853 difficile
967 1828 1000 1853 ad
1022 1825 1024 1857 l

206 1863 361 1897 eligendum
373 1866 416 1895 sit,
430 1864 497 1899 quid
509 1865 626 1890 maxime
637 1864 715 1890 veliS.
756 1874 778 1890 L.
793 1864 887 1894 Credo.
902 1865 998 1899 inquit,

206 1900 254 1926 sed
265 1901 386 1934 expediri
398 1909 467 1935 quae
478 1906 578 1928 restant
588 1902 635 1927 vix
645 1905 782 1935 poterunt,
795 1902 819 1927 si
831 1901 880 1927 hoc
892 1902 1002 1928 inchoa-

207 1942 263 1964 tum
276 1937 429 1972 reliqueris.

262 1974 386 2001 XXXVI.
401 1976 443 2001 56.
455 1985 476 2001 s.
488 1975 614 2001 Imitabor
624 1975 812 2010 ergoAratum,
825 1976 882 2010 qui,
897 1977 1001 2011 magnis

207 2011 239 2038 de
251 2011 332 2037 rebus
343 2011 432 2038 dicere
443 2012 599 2043 exordiens,
617 2020 631 2038 a
648 2013 706 2038 love
718 2013 902 2047 incipiendum
915 2018 999 2048 putat.
1022 2035 1023 2047 ,

206 2058 229 2075 L.
241 2048 299 2081 Quo
310 2048 389 2075 Iove‘?
402 2054 447 2076 aut
457 2049 523 2084 quid
537 2049 615 2075 habet
628 2049 928 2076 illiuscarminissimile
937 2050 1000 2077 haec
1022 2071 1023 2087 ,

206 2085 308 2112 oratio?
317 2096 338 2112 s.
351 2086 474 2117 Tantum,
484 2087 581 2121 inquit,
595 2092 623 2113 ut
635 2088 683 2112 rite
694 2087 727 2113 ab
739 2095 769 2113 eo
779 2087 886 2113 dicendi
899 2089 1001 2122 princi·
1022 2089 1023 2096 ¹

206 2124 251 2158 pia
262 2123 414 2157 capiamus,
432 2132 513 2158 quem
526 2132 610 2150 unum
621 2125 742 2150 omnium
753 2124 865 2150 deorum
876 2130 901 2150 et
913 2125 1001 2151 homi·
1021 2124 1023 2149 l

207 2169 272 2186 num
279 2169 368 2196 regem
376 2169 531 2187 esseomnes
543 2160 661 2187 doctrina
673 2161 803 2196 expoliti*
815 2170 868 2188 uno
878 2171 923 2188 ore
936 2171 1001 2189 con-
1021 2172 1023 2194 ς

207 2199 335 2224 sentiunt.
375 2197 464 2230 Quid‘?
475 2199 563 2233 inquit
575 2198 691 2224 Laelius.
732 2199 763 2224 Et
775 2198 833 2225 ille:
850 2198 921 2231 Quid
936 2209 1000 2226 cen-
1021 2222 1023 2229 .

207 2242 258 2265 ses,
273 2235 325 2261 nisi
336 2235 409 2270 quod
420 2240 529 2261 estante
540 2234 650 2261 oculos‘?
663 2236 725 2261 Sive
738 2235 801 2262 haec
813 2236 846 2262 ad
858 2236 999 2264 utilitatem

208 2273 276 2298 vitae
287 2273 429 2299 constituta
440 2274 494 2299 sint
505 2281 518 2298 a
530 2273 700 2307 principibus
713 2281 801 2299 rerum
816 2273 997 2308 publicarum,
1020 2279 1023 2311 j

208 2313 235 2335 ut
246 2318 292 2336 rex
303 2314 440 2344 putaretur
451 2319 521 2336 unus
535 2318 594 2335 esse
609 2311 637 2336 in
652 2310 738 2340 caelo,
756 2311 803 2345 qui
821 2316 901 2341 nutu.
920 2318 948 2338 ut
963 2313 1000 2339 ait

206 2346 350 2376 Homerus,
373 2352 457 2373 totum
473 2346 619 2383 Olympum
636 2352 814 2377 converteret.
832 2348 958 2384 idemque
974 2354 999 2376 et
1020 2362 1022 2377 ι

207 2391 253 2409 rex
264 2388 289 2409 ct
306 2389 379 2418 pater
394 2384 536 2411 haberetur
546 2385 681 2416 omnium3
699 2393 795 2420 magna
807 2387 948 2412 auctoritas
959 2391 999 2413 est
1020 2382 1022 2392 ¹

207 2419 338 2455 multique
359 2426 451 2454 testes,
478 2421 613 2456 siquidem
637 2430 731 2447 omnes
752 2421 850 2448 multos
869 2423 998 2458 appellari

208 2456 304 2490 placet3
319 2459 354 2484 ita
364 2459 533 2485 consensisse
543 2463 645 2494 genteS,
662 2458 776 2485 decretis
788 2459 913 2487 videlicet
924 2461 1006 2495 prinae

207 2494 311 2528 cipum3
329 2495 396 2521 nihil
412 2505 470 2522 esse
486 2504 548 2531 rege
563 2495 673 2526 melius,
691 2497 819 2530 quoniam
831 2496 894 2524 deos
905 2507 998 2524 omnes

207 2535 316 2556 censent
331 2534 410 2558 unius
426 2534 482 2568 regi
499 2534 619 2559 numine.
659 2532 721 2559 Sive
733 2533 798 2559 haec
810 2534 837 2560 in
847 2543 935 2561 errore
946 2537 999 2562 im-

207 2568 351 2601 peritorum
363 2570 447 2603 posita
458 2578 516 2596 esse
527 2575 553 2596 et
565 2569 715 2596 fabularum
726 2570 826 2596 similia
833 2571 994 2600 didicimus:

207 2604 348 2631 audiamus
364 2614 517 2633 communes
533 2608 612 2642 quasi
626 2607 746 2634 doctores
761 2607 927 2635 eruditorum
949 2610 998 2636 ho—

208 2642 325 2673 minum,
342 2643 390 2678 qui
401 2648 536 2678 tamquam
546 2644 632 2671 oculis
648 2644 694 2672 illa
710 2644 848 2677 viderunt.
866 2655 934 2681 quae
949 2655 997 2674 nos
1018 2665 1021 2671 .

1030 907 1032 911 ’
1055 902 1116 923 (rem
1130 903 1267 930 nuncupat.
1283 903 1330 924 etc.

1032 461 1033 467 ¹
1055 456 1077 476 rt
1089 452 1201 476 mirabili
1217 454 1316 477 ratione
1329 455 1462 485 perfectus.

1032 501 1033 509 κ
1056 498 1131 513 unum
1146 497 1197 513 esar
1211 493 1327 517 niente-m,
1345 498 1409 522 quae
1424 491 1516 514 mundo
1527 492 1687 522 praesideat.
1706 493 1846 524 confitetur.

796 119 850 145 «27.
883 118 917 144 M.
952 118 982 145 T.
1013 117 1284 143 ‹lictzttoNIS

1056 188 1100 213 vix
1114 187 1248 213 audiendo
1258 187 1456 222 cognoscimus.
1490 187 1615 220 Quinam.
1631 190 1717 225 inquit
1729 189 1845 221 Laelius,

1057 225 1098 250 isti
1112 226 1190 250 sunt'!
1202 225 1232 250 lz't
1245 224 1302 250 illc:
1316 226 1366 256 Qui
1380 230 1471 250 nature
1482 226 1603 252 omnium
1616 236 1704 253 rerum
1716 229 1846 262 pervesti-

1024 264 1025 291 ζ
1055 261 1140 296 ganda
1155 267 1296 287 senserunt
1306 270 1412 287 omnem
1426 261 1496 288 hunc
1509 263 1639 290 mundum
1653 270 1739 291 mente
1752 267 1761 276 ”
1775 266 1785 276 ”
1798 266 1808 276 ‘

1212 307 1409 339 (Desideratum-
1420 310 1531 340 paginae
1541 313 1684 343 quattuor.)

1104 350 1134 368 Η.
1151 350 1211 368 Ilune
1225 350 1304 368 titanum
1315 350 1381 369 Malu:
1392 351 1469 374 expleri
1480 352 1523 369 vnn
1533 352 1564 371 hl·
1575 354 1642 372 vertit·
1653 353 1762 375 anuntss.
1773 360 1799 373 ιι
1809 355 1847 373 boe

1055 380 1160 399 circumi·
1171 383 1226 403 turn.
1242 385 1264 400 οι
1279 382 1371 404 videtur.
1387 382 1526 401 niumm-un:
1542 378 1560 411 ἦ·
1584 379 1654 404 Plato
1675 382 1849 406 monarchiam

1054 417 1158 442 ‹mm-it,
1177 423 1252 439 unum
1264 417 1336 440 deum
1347 417 1432 440 dicen-1
1440 436 1445 445 ,
1462 424 1478 441 a
1489 424 1539 449 quo
1548 418 1581 450 ερι
1592 418 1699 442 mundun
1710 420 1850 443 instructu:

1503 454 1656 482 Aristoteles,
1672 456 1776 479 auditor
1785 457 1848 485 eius,

1056 527 1211 551 Antisthenes:
1223 535 1299 552 tinum
1310 535 1362 552 esee
1372 528 1434 552 dicit
1445 528 1589 552 naturalem
1600 529 1681 556 deum,
1693 531 1770 554 totius
1779 537 1848 554 eum-

1032 575 1033 583 1
1055 571 1109 587 mue
1120 564 1322 594 yuberrmmrcm.
1347 563 1459 596 Lonqum
1469 568 1504 589 est
1516 572 1652 593 recensere,
1664 574 1729 598 qime
1739 567 1769 590 de
1779 574 1848 591 mn»-

1055 608 1094 624 mo
1108 602 1152 624 tlt-n
1168 602 1206 625 vel
1220 600 1308 626 Thales
1324 602 1362 626 vel
1373 601 1529 634 l'ythaqorm
1543 606 1566 627 el
1578 603 1747 628 Anus-‘menen
1762 606 1846 632 antea,

1056 638 1092 661 rel
1105 639 1262 669 pmtmmlum
1278 638 1371 667 Stoici,
1391 638 1522 663 Cleanthes
1536 643 1558 664 et
1576 638 1731 672 Chrysippus
1746 644 1768 665 et
1779 639 1849 665 Zeno

1055 674 1089 706 (ee
1108 677 1160 706 ipsa»
1179 675 1286 707 Tullius)
1301 677 1523 708 praedicarerine;
1544 685 1620 708 quum
1636 677 1662 701 tu·
1675 685 1759 702 omnes
1773 686 1789 702 ιι
1803 678 1849 702 deo

1053 712 1106 736 solo
1117 714 1170 744 reqn'
1182 714 1300 737 mundum
1311 714 1507 745 affirmat-erint.
1547 713 1657 742 uermes,
1671 716 1715 747 qui
1725 715 1755 739 ob
1767 716 1849 740 virtu-

1054 752 1101 773 tem
1117 750 1304 782 multarumque
1314 752 1410 775 artium
1423 752 1555 775 scienciam
1570 749 1746 783 Trismeyiuus
1756 752 1848 776 meruit

1054 788 1182 811 nominari
1186 807 1190 813 .
1202 789 1247 819 qui
1257 792 1279 812 e!
1290 789 1422 812 ‹lucii-inae
1433 791 1554 812 τείνεται(
1565 788 1725 820 philosophos
1735 793 1849 814 anteces-

1053 826 1098 851 sit,
1115 825 1208 856 quique
1223 826 1292 856 apud
1307 825 1439 856 Aeqypn'os
1454 828 1480 850 ue
1495 825 1556 850 deus
1567 826 1672 853 colitur.
1693 827 1849 851 maimaiem

1053 862 1093 886 dei
1103 861 1243 893 sinyularis
1255 862 1360 894 infinitis
1369 869 1486 886 asserem
1496 862 1622 891 laudibus,
1630 864 1757 888 dominum
1768 866 1791 888 el
1799 871 1849 896 pa-

1371 904 1476 925 (Larum.
1487 904 1542 927 Eplt.
1553 910 1571 923 c.
1581 906 1610 926 4.)

1109 934 1244 960 xxxvii.
1266 936 1308 961 58.
1332 936 1341 946 ”
1356 937 1365 946 '
1378 937 1388 947 ⁸
1400 936 1453 963 Sed
1465 938 1488 962 si
1503 938 1553 967 vis,
1567 936 1654 966 Laeli,
1666 935 1736 962 dabo
1748 936 1797 962 tibi
1809 941 1848 962 te-

1053 976 1107 997 stes
1124 980 1172 998 nec
1188 972 1269 998 nimis
1284 973 1409 1007 antiquos
1424 982 1472 1000 nec
1488 973 1543 1001 ullo
1564 974 1642 1000 modo
1663 973 1799 1000 barbaros,
1823 982 1847 1000 ι..

1055 1009 1128 1039 istos.
1142 1009 1238 1044 inquit,
1253 1009 1321 1036 volo.
1361 1020 1382 1036 s.
1397 1010 1511 1037 Videsne
1523 1012 1606 1046 igitur
1616 1011 1706 1037 minus
1717 1010 1849 1045 quadrin-

1053 1051 1193 1081 gentorum
1209 1055 1339 1073 annorum
1350 1056 1409 1073 esse
1422 1048 1489 1074 lianc
1501 1049 1594 1074 urbem
1603 1069 1609 1078 ,
1627 1053 1656 1074 ut
1666 1049 1725 1074 sine
1737 1047 1848 1083 regibus

1054 1082 1106 1109 sit‘?
1116 1093 1138 1109 L.
1151 1084 1219 1110 Vero
1230 1085 1331 1110 minus.
1353 1094 1373 1110 s.
1385 1085 1455 1117 Quid
1467 1085 1547 1121 crgo‘?
1562 1085 1626 1111 haee
1637 1085 1849 1121 quadringento-

1055 1129 1113 1147 rum
1125 1129 1256 1147 annorum
1267 1126 1351 1152 aetas,
1369 1127 1398 1148 ut
1410 1122 1488 1148 Urbis
1503 1128 1528 1148 et
1538 1123 1670 1152 civitatis,
1692 1131 1757 1148 num
1770 1121 1847 1148 valde

1055 1157 1131 1193 longa
1143 1157 1200 1184 est‘?
1220 1167 1242 1184 ι..
1256 1159 1307 1184 Ista
1320 1167 1391 1189 vero,
1405 1160 1502 1194 inquit,
1515 1159 1605 1186 adulta
1617 1160 1673 1186 vix.
1689 1169 1710 1185 s.
1723 1159 1793 1195 Ergo
1805 1159 1848 1185 his

1053 1196 1131 1221 annis
1142 1195 1348 1231 quadringentis
1360 1196 1457 1223 Romae
1473 1205 1519 1223 rex
1535 1196 1608 1223 erat‘?
1627 1206 1650 1223 ι..
1666 1196 1699 1222 Et
1713 1196 1849 1231 superbus

1053 1231 1175 1267 quidem.
1196 1242 1217 1259 s.
1234 1232 1306 1264 Quid
1321 1233 1421 1268 supra?
1439 1243 1462 1260 ι..
1479 1234 1660 1265 iustissimus;
1684 1238 1710 1260 et
1719 1233 1848 1268 deinceps

1054 1274 1121 1296 retro
1137 1278 1223 1304 usque
1238 1270 1272 1296 ad
1287 1270 1445 1301 Romulum,
1467 1272 1515 1306 qui
1533 1271 1567 1298 ab
1583 1271 1632 1298 hoc
1646 1276 1764 1305 tempore
1779 1279 1849 1298 anno

1053 1307 1248 1334 sexcentesimo
1263 1316 1311 1334 rex
1325 1313 1390 1335 erat.
1429 1318 1451 1335 s.
1473 1309 1542 1344 Ergo
1558 1317 1591 1335 ne
1602 1310 1650 1335 iste
1663 1308 1775 1343 quidem
1787 1317 1849 1343 per-

1054 1344 1149 1370 vetus?
1169 1354 1192 1371 ι..
1207 1345 1331 1375 Minime,
1349 1354 1379 1371 ac
1393 1354 1474 1380 prope
1490 1351 1644 1373 senescente
1660 1347 1714 1372 iam
1725 1345 1846 1372 Graecia.

1053 1391 1073 1407 s.
1087 1381 1170 1412 Cedo,
1185 1391 1260 1412 num.
1274 1382 1378 1417 Scipio,
1392 1383 1566 1410 barbarorum
1579 1383 1709 1410 Romulus
1722 1391 1770 1409 rex
1781 1382 1850 1409 fuit?

1053 1428 1075 1444 L.
1089 1418 1127 1449 Si.
1142 1419 1272 1446 utGraeci
1283 1419 1386 1450 dicunt,
1399 1429 1492 1447 omnes
1503 1421 1649 1448 autGraios
1660 1429 1719 1446 esse
1730 1425 1776 1446 aut
1786 1420 1849 1447 bar-

1053 1455 1140 1487 baros,
1154 1465 1247 1483 vereor
1259 1465 1290 1483 ne
1301 1457 1476 1484 barbarorum
1489 1467 1535 1485 rex
1547 1457 1638 1489 suerit,
1657 1459 1699 1484 sin
1712 1458 1739 1484 id
1751 1465 1849 1484 nomen

1054 1494 1174 1520 moribus
1185 1493 1305 1520 dandum
1317 1499 1365 1525 est,
1379 1504 1431 1522 non
1443 1495 1553 1531 linguis,
1567 1504 1619 1522 non
1631 1496 1747 1522 Graecos
1758 1496 1850 1521 minus

1053 1531 1189 1562 barbaros,
1201 1540 1283 1566 quam
1296 1533 1426 1559 Romanos
1437 1538 1511 1567 puto.
1552 1533 1584 1559 Et
1594 1532 1699 1568 Scipio:
1721 1533 1804 1567 Atqui
1815 1531 1849 1558 ad

1054 1568 1116 1598 boc,
1139 1568 1171 1594 de
1183 1577 1237 1603 quo
1248 1570 1349 1604 agitur,
1368 1578 1420 1596 non
1431 1571 1589 1605 quaerimus
1599 1575 1720 1606 gentem,
1739 1569 1848 1605 ingenia

1053 1606 1218 1641 quaerimus.
1250 1606 1278 1632 Si
1291 1607 1363 1632 enim
1374 1612 1399 1633 et
1410 1607 1556 1642 prudentes
1568 1607 1691 1634 homines
1701 1611 1727 1632 et
1737 1615 1790 1633 non
1802 1615 1850 1633 ve-

1053 1648 1122 1669 teres
1134 1651 1209 1679 reges
1222 1643 1319 1670 babere
1331 1643 1486 1675 voluerunt,
1508 1649 1567 1671 utor
1582 1653 1668 1679 neque
1681 1644 1848 1679 perantiquis

1053 1688 1140 1715 neque
1152 1680 1309 1706 inhumanis
1320 1689 1350 1706 ac
1360 1680 1423 1707 seris
1434 1681 1558 1707 testibus.

1109 1717 1256 1743 xxxvlu.
1277 1719 1319 1743 59.
1335 1718 1403 1744 Tum
1416 1718 1537 1744 Laelius:
1555 1717 1638 1744 Video
1649 1723 1682 1749 te,
1696 1717 1795 1753 Scipio,
1808 1722 1848 1744 te-

1052 1755 1187 1780 stimoniis
1198 1755 1263 1780 satis
1274 1755 1448 1781 instructum:
1465 1754 1512 1781 sed
1523 1755 1595 1790 apud
1607 1763 1663 1785 me,
1677 1760 1705 1781 ut
1716 1755 1787 1789 apud
1800 1755 1849 1781 bo-

1053 1800 1118 1817 num
1135 1791 1267 1822 iudicem,
1284 1797 1440 1827 argumenta
1457 1791 1533 1827 plus.
1554 1801 1635 1827 quam
1651 1797 1731 1818 testes
1747 1792 1846 1818 valent.

1053 1829 1121 1855 Tum
1132 1828 1235 1863 Scipio:
1258 1833 1332 1854 utere
1344 1830 1427 1864 igitur
1438 1835 1608 1865 argumento,
1622 1829 1708 1859 Laeli,
1723 1834 1777 1856 tute
1789 1830 1848 1864 ipse

1052 1874 1148 1891 sensus
1161 1866 1209 1892 tui.
1236 1865 1334 1897 Cuius,
1353 1867 1441 1901 inquit
1457 1867 1514 1897 ine,
1532 1866 1647 1893 sensus‘?
1666 1876 1687 1893 s.
1700 1866 1848 1901 Siquando

1051 1901 1084 1939 [si
1097 1899 1174 1937 sorte]
1188 1902 1237 1929 tibi
1249 1904 1326 1929 visus
1337 1912 1365 1929 es
1377 1904 1456 1930 irasci
1470 1903 1560 1930 alicui.
1595 1913 1617 1930 ι..
1639 1904 1695 1939 Ego
1711 1912 1774 1930 vero
1789 1912 1849 1930 sae-

1052 1940 1127 1974 pius,
1143 1948 1225 1974 quam
1237 1939 1344 1966 vellem.
1366 1950 1387 1967 s.
1407 1940 1514 1973 »Quidi’
1533 1946 1604 1972 tum,
1618 1949 1702 1976 quum
1715 1945 1743 1967 tu
1754 1949 1783 1967 es
1794 1941 1848 1967 ira—

1053 1982 1109 2007 tus,
1132 1977 1265 2011 permittis
1280 1977 1321 2004 illi
1335 1978 1489 2004 iracundiae
1501 1978 1667 2005 dominatum
1678 1978 1762 2004 animi
1773 1977 1848 2004 tui‘h

1053 2023 1076 2040 L.
1089 2014 1146 2040 Non
1158 2014 1320 2045 mehercule,
1334 2015 1436 2050 inquit:
1453 2015 1501 2042 sed
1513 2016 1602 2042 imitor
1612 2016 1757 2051 Archytam
1768 2014 1847 2042 illum

1051 2052 1238 2082 Tarentinum,
1255 2052 1304 2086 qui
1317 2061 1402 2087 quum
1418 2052 1450 2079 ad
1467 2052 1560 2079 villam
1571 2053 1703 2083 venisset,
1721 2057 1747 2079 et
1756 2053 1846 2079 omnia

1051 2088 1127 2114 aliter
1137 2088 1292 2115 offendisset
1302 2097 1332 2115 ac
1344 2090 1470 2121 iusserat,
1487 2090 1537 2121 Te,
1554 2094 1578 2116 te
1590 2089 1739 2120 infelicem,
1757 2090 1847 2125 inquit

1052 2125 1152 2156 villico,
1160 2134 1241 2160 quem
1253 2135 1390 2153 necassem
1403 2128 1455 2153 iam
1467 2127 1635 2158 verberibus,
1645 2128 1697 2153 nisi
1709 2127 1792 2153 iratus
1803 2135 1847 2153 es-

1050 2171 1118 2189 sem.
1159 2164 1200 2189 60.
1215 2162 1332 2198 Optime,
1346 2165 1434 2199 inquit
1445 2164 1546 2199 Scipio.
1570 2164 1640 2200 Ergo
1651 2164 1782 2199 Archytas
1793 2164 1846 2190 ira-

1050 2200 1177 2226 cundiam
1185 2221 1191 2231 ,
1204 2200 1331 2227 videlicet
1342 2201 1520 2228 dissidentem
1531 2210 1546 2227 a
1556 2202 1670 2233 ratione,
1683 2201 1843 2228 seditionem

1050 2237 1195 2272 quamdam
1207 2238 1290 2264 animi
1302 2247 1364 2264 vere
1375 2238 1502 2271 ducebat3
1516 2247 1574 2265 eam
1580 2238 1787 2265 consiliosedari
1797 2247 1843 2264 vo-

1051 2274 1131 2301 lebat.
1171 2274 1246 2301 Adde
1261 2277 1416 2307 avaritiam,
1437 2276 1506 2302 adde
1522 2277 1642 2310 imperii,
1661 2275 1728 2302 adde
1742 2275 1844 2311 gloriae

1050 2312 1235 2347 cupiditatem.
1248 2312 1316 2339 adde
1328 2313 1468 2345 libidines;
1482 2318 1507 2339 et
1517 2313 1586 2339 illud
1598 2313 1674 2339 vides
1682 2314 1703 2343 ⁸.
1716 2313 1741 2339 si
1751 2313 1778 2339 in
1785 2313 1845 2338 ani-

1050 2350 1102 2375 mis
1115 2349 1253 2376 hominum
1265 2350 1352 2386 regale
1369 2351 1514 2385 imperium
1529 2351 1577 2380 sit,
1594 2351 1675 2376 unius
1691 2349 1745 2376 sore
1755 2349 1844 2376 domi-

1050 2392 1155 2417 uatum,
1177 2386 1285 2413 consilii
1300 2387 1417 2414 scilicet:
1439 2403 1476 2407 —
1495 2396 1525 2414 ea
1541 2392 1581 2414 est
1595 2388 1667 2413 enim
1683 2387 1766 2413 animi
1780 2395 1843 2422 pars

1049 2425 1163 2458 optima:
1175 2439 1212 2443 —
1222 2424 1336 2451 consilio
1347 2430 1436 2451 autem
1446 2425 1608 2455 dominante,
1622 2423 1728 2450 nullum
1739 2433 1798 2451 esse
1809 2424 1844 2451 li-

1049 2461 1205 2492 bidinibus,
1219 2461 1325 2488 nullum
1337 2463 1404 2493 irae,
1418 2461 1525 2488 nullum
1536 2461 1676 2488 temeritati
1688 2460 1787 2488 locum.
1817 2471 1841 2488 1..

1049 2498 1103 2529 Sic,
1117 2499 1213 2534 inquit,
1221 2503 1271 2525 est.
1286 2508 1307 2525 s.
1319 2499 1419 2526 Probas
1430 2499 1513 2535 igitur
1522 2499 1643 2525 animum
1655 2498 1689 2524 ita
1701 2498 1845 2525 affectum?

1048 2545 1071 2562 ι.
1082 2536 1156 2562 Nihil
1169 2544 1239 2566 vero,
1253 2536 1351 2571 inquit,
1365 2537 1460 2571 magis.
1480 2536 1579 2571 s.Ergo
1591 2543 1642 2561 non
1652 2535 1770 2570 profecto
1780 2544 1843 2570 pro-

1048 2573 1138 2604 bares,
1155 2574 1179 2600 si
1193 2573 1306 2600 consilio
1316 2573 1395 2608 pulso
1406 2572 1546 2603 libidines,
1562 2580 1631 2607 quae
1642 2577 1705 2599 sunt
1716 2573 1842 2599 innume-

1048 2610 1161 2641 rabiles,
1183 2611 1372 2637 iracundiaeve
1391 2614 1510 2637 tenerent
1523 2610 1623 2636 omnia.
1663 2619 1687 2636 1..
1706 2610 1763 2646 Ego
1778 2618 1842 2636 vero

1047 2647 1117 2674 nihil
1133 2648 1183 2675 isto
1198 2648 1301 2679 animo,
1319 2647 1388 2674 nihil
1403 2648 1438 2674 ita
1453 2647 1569 2674 animato
1589 2646 1697 2674 homine
1715 2648 1842 2674 miserius
