1941 3052
207 139 255 161 000
784 136 826 160 99.
858 134 880 159 M
887 155 892 160 .

209 207 276 233 Ilm-c
292 207 374 241 igitur
389 207 411 231 ai
429 205 554 234 Inibi-bis,
580 208 605 230 et
621 203 691 229 talin.
734 204 765 230 tit
779 204 890 238 quidem
907 205 1001 238 paucis

208 244 305 270 «liebus
320 243 423 278 aliquid
440 242 526 267 nmtiri
544 250 650 266 nevi-ss(-
667 245 716 266 est.
757 243 782 266 3.
804 240 855 266 Sed
876 241 954 267 redeo
968 240 1000 267 nd

208 281 344 307 Serviunt.
386 278 544 305 Distulimus
564 279 673 303 omniuo
691 286 840 304 sermonem
863 279 888 304 in
914 283 1002 312 poste-

209 327 281 348 rum,
296 317 342 343 sed
354 316 444 342 turdus
456 315 487 340 ml
500 315 668 341 exeundum:
684 315 767 341 multo
778 324 806 340 ne
820 315 844 341 in
858 324 906 341 suo
919 315 1002 341 lectu-

210 355 234 380 lo
246 354 337 383 mulie,
355 352 489 387 quidquid
507 352 580 377 fort-t.
621 351 737 377 Odiosus
753 352 897 386 scrupulus
909 353 942 378 dc·
954 352 1001 378 filii

209 391 304 417 militin
318 389 487 416 Brundisina.
521 389 606 415 Unum
621 389 687 415 illud
700 389 853 414 firmissime
865 398 1002 415 assevera—

209 429 262 458 bat,
277 428 300 453 si
314 427 432 452 damnati
445 426 655 456 restituerentur,
672 427 697 452 in
709 426 836 452 exsilium
850 436 877 451 se
891 428 1000 452 iturum.

210 466 262 492 Nos
279 469 366 490 autem
384 463 416 489 ad
434 464 510 489 baec:
529 468 553 489 et
570 463 595 489 id
610 464 698 498 ipsum
710 468 781 489 certo
793 463 860 490 fore:
879 469 916 493 et,
934 472 1002 498 quae

209 503 261 528 iam
275 502 349 531 liant,
369 510 418 526 non
436 509 494 526 esse
512 499 624 532 leviora,
644 500 781 534 multaque
797 501 1001 535 collige-bamus,

210 540 307 565 Verum
319 547 348 564 en
362 546 412 564 non
430 538 550 563 animum
565 538 624 563 eius
640 537 786 572 augebant,
806 538 852 563 sed
870 539 1000 568 timorem,

211 581 238 603 ut
255 576 306 602 iam
323 574 452 601 celandus
469 575 555 610 magis
571 574 604 600 dc
620 580 709 600 nostro
724 575 850 606 consilio,
873 584 953 610 qutun
970 575 1002 601 ad

210 613 281 640 idem
294 614 303 624 '
318 613 326 625 ’
341 612 486 639 videretur.
527 612 614 643 Quare
630 613 655 638 in
673 612 722 638 boc
744 621 794 638 non
817 612 931 640 multum
952 617 1002 639 est.

209 651 263 678 Nos
274 655 323 677 ate
335 649 464 676 admoniti
475 649 508 675 de
519 648 609 675 Caelio
619 649 808 684 cogitabimus,

262 719 314 740 XV.
343 722 372 744 (In
383 720 474 740 (nn-ww,
486 720 584 740 ΜιιιιιΙΙυ,
596 720 675 737 Its-:tolo
686 728 731 737 suu.
744 723 797 741 ἴθ’»)

396 758 563 786 CICERO
593 759 761 786 ATTICO
790 760 817 787 S.

267 799 290 823 I.
313 791 428 823 Servius
444 805 528 831 quum
545 801 615 823 esset
629 797 700 831 apud
721 806 776 828 me,
799 796 927 832 Cephalio
941 806 1003 824 cum

210 834 264 861 tuis
280 833 375 860 litteris
392 842 427 860 vi.
444 833 481 860 Id.
500 835 584 865 vcnit3
609 843 678 869 quae
694 835 771 860 nobis
787 844 910 871 magnam
927 844 1003 869 spem
1032 842 1033 847 ¹

210 870 357 898 attulerunt
372 871 513 897 meliorum
530 880 618 897 reruni
635 871 668 897 (Ie
683 877 741 898 octo
755 872 924 898 cohortibus:
940 874 1005 907 (ete-
1032 874 1034 880 '

211 909 266 935 nim
279 917 324 935 eae
336 917 453 943 quoque,
467 909 574 943 quaein
588 909 630 934 liis
643 909 707 935 Iocis
718 914 793 940 sunt,
809 909 896 935 labare
907 910 1006 936 dicun·
1026 915 1035 934 «t

211 945 278 981 tur:)
293 945 386 972 eodem
402 945 446 972 die
463 945 645 972 Funisulanus
661 955 674 972 a
691 951 714 972 te
735 947 823 973 attulit
841 947 954 977 litteras,
978 948 1004 973 in

210 983 312 1018 quibus
328 988 383 1009 erat
398 983 582 1010 confirmatius
598 983 669 1010 idem
686 983 764 1010 illud.

210 1021 282 1056 gotio
297 1020 422 1055 respondi
437 1020 572 1047 cumulate
587 1030 649 1047 cum
669 1022 741 1047 omni
757 1026 800 1048 tua
816 1023 910 1057 gratia.
951 1021 1006 1048 Ad-

211 1058 264 1084 huc
276 1066 327 1084 non
340 1057 531 1090 satisfacit—bau
545 1058 625 1084 debet
635 1063 723 1084 autem
736 1059 802 1084 mihi
816 1060 913 1085 multos
925 1067 1006 1085 num-

211 1103 278 1126 mos,
292 1103 340 1121 nec
353 1095 466 1121 habetur
478 1095 607 1130 locuples.
634 1097 709 1122 Nunc
721 1097 757 1122 ait
768 1104 795 1121 se
807 1096 946 1128 daturum3
960 1096 1004 1122 cui

211 1140 359 1167 expensum
372 1132 470 1162 tulerit,
481 1133 589 1165 morari:
605 1133 791 1164 tabellariis,si
805 1133 876 1168 apud
889 1139 912 1160 te
924 1138 1003 1164 esset,

211 1178 263 1204 qua
275 1169 449 1196 satisfecisset
460 1169 485 1201 ⁸,
498 1170 586 1196 dareS.
625 1170 761 1202 Quantum
773 1171 820 1201 sit,
838 1171 903 1197 Eros
914 1170 1006 1197 Philo-

211 1207 270 1233 timi
282 1207 331 1233 tibi
343 1207 423 1233 dicet.
463 1208 488 1233 2.
511 1207 564 1233 Sed
580 1207 612 1233 ad
625 1208 723 1234 maiora
736 1207 887 1234 redeamus.

210 1248 300 1278 optas,
314 1243 469 1270 Caelianum
483 1244 551 1270 illud
564 1246 728 1271 maturescit.

211 1286 301 1307 utrum
313 1286 423 1307 ventum
435 1286 599 1316 exspectem.

212 1317 315 1345 labunt.

211 1360 301 1390 itaque
321 1364 363 1382 me
384 1355 567 1391 profecturum
588 1361 663 1391 puto.
703 1357 773 1383 Tuas
793 1361 881 1383 tamen
898 1358 1005 1383 interim

212 1392 312 1419 litteras
335 1398 471 1428 exspecto.
511 1394 598 1420 Servii
622 1394 734 1420 consilio
759 1394 827 1420 nihil
851 1394 1004 1429 expeditur.

211 1430 310 1457 Omnes
320 1431 456 1465 captiones
468 1431 494 1457 in
506 1432 580 1457 omni
591 1432 722 1458 sententia
732 1437 885 1458 occurrunt.
917 1432 1005 1458 Unum

210 1467 240 1495 C.
253 1467 377 1494 Marcello
388 1469 501 1503 cognovi
513 1468 686 1500 timidiorem,
695 1477 776 1504 quem
788 1469 926 1496 consulem
939 1469 1007 1495 fuis-

210 1513 239 1531 se
252 1505 370 1540 poenitet
400 1505 434 1531 Ὢ
445 1506 540 1540 πολλῆς
550 1505 699 1542 ἀγεννείας]
709 1507 757 1541 qui
768 1507 848 1533 etiam
859 1507 1006 1533 Antonium

210 1542 383 1568 confirmasse
397 1542 510 1574 dicitur,
527 1548 557 1570 ut
568 1543 776 1578 meimpediret3
795 1553 849 1579 quo
860 1545 932 1579 ipse,
949 1553 1007 1570 cre-

211 1579 253 1610 do,
277 1579 426 1606 honestius.
466 1582 491 1606 3.
513 1580 646 1607 Antonius
666 1586 754 1607 autem
770 1589 806 1608 w.
829 1581 868 1607 Id.
886 1581 1006 1616 Capuam

211 1616 346 1651 profectus
356 1621 408 1649 est;
423 1617 456 1643 ad
468 1626 510 1643 me
522 1618 605 1649 misit,
619 1627 646 1644 se
655 1639 661 1649 ,
675 1618 776 1653 pudore
787 1619 944 1645 deterritum
953 1640 959 1649 ,
973 1618 1006 1645 ad

212 1662 254 1680 me
269 1663 321 1680 non
344 1655 465 1686 venisse,
489 1655 562 1690 quod
584 1664 625 1682 me
640 1656 695 1682 sibi
716 1664 874 1682 succensere
890 1660 1004 1691 putaret.

210 1691 296 1717 Ibitur
307 1692 398 1727 igitur,
412 1696 437 1718 et
448 1693 483 1718 ita
494 1692 615 1727 quidem,
631 1698 660 1719 ut
670 1701 777 1726 censes3
791 1694 844 1719 nisi
855 1694 934 1720 cuius
945 1702 1008 1729 gra-

212 1729 294 1755 vioris
306 1737 434 1763 personae
444 1730 633 1764 suscipiendae
644 1739 706 1765 spes
712 1731 827 1757 eritante
833 1730 931 1757 oblata.
953 1730 1007 1757 Sed

214 1766 259 1792 vix
269 1766 319 1792 erit
330 1770 382 1792 tam
394 1766 455 1792 cito.
487 1766 610 1793 Allienus
620 1772 709 1794 autem
720 1772 825 1802 praetor
836 1768 946 1802 putabat
957 1767 1007 1794 ali-

211 1811 302 1838 quem,
316 1804 339 1829 si
351 1812 400 1839 ego
411 1812 473 1834 non,
486 1812 520 1830 ex
530 1804 640 1840 collegis
652 1805 720 1831 suis.
741 1804 837 1837 Quivis
849 1805 1007 1836 licet‚dun1-

211 1840 290 1867 modo
301 1840 410 1875 aliquis.
451 1841 486 1867 De
497 1849 595 1872 sorore,
610 1841 699 1868 laudo.
738 1843 762 1868 4.
784 1842 819 1868 De
830 1842 928 1874 Quinto
940 1851 1008 1877 pue-

211 1886 248 1908 ro,
261 1877 340 1904 datur
349 1886 440 1912 opera.
479 1878 562 1912 Spero
575 1887 634 1905 esse
645 1878 766 1905 meliora.
799 1880 833 1905 De
844 1879 942 1911 Quinto
954 1879 1008 1905 fra-

212 1919 260 1945 tre,
273 1916 339 1941 scito
351 1923 413 1940 eum
425 1923 477 1941 non
488 1915 658 1942 mediocriter
670 1916 788 1942 laborare
802 1916 834 1942 de
846 1925 941 1943 usura:
959 1917 1006 1943 sed

211 1951 300 1977 adhuc
311 1951 380 1978 nihil
391 1960 406 1978 a
418 1952 446 1978 L.
458 1952 570 1987 Egnatio
581 1955 723 1987 expressit.
754 1953 839 1980 Axius
850 1953 883 1979 de
893 1962 933 1979 xu
944 1953 1007 1980 mit-

212 1988 285 2015 libus
296 1988 415 2023 pudens!
438 1988 522 2023 Saepe
533 1990 605 2016 enim
617 1991 755 2025 ascripsit,
769 1995 798 2016 ut
809 1990 906 2021 Gallio,
920 2000 1008 2026 quan-

211 2030 269 2053 tum
279 2026 302 2052 is
314 2025 408 2057 vellet,
425 2025 527 2053 darem.
567 2026 644 2059 Quod
658 2029 682 2053 si
694 2036 746 2054 non
761 2028 927 2062 scripsisset,
945 2037 1008 2063 pos-

211 2072 304 2090 semne
324 2062 418 2089 aliter?
438 2064 470 2090 Et
484 2063 596 2098 quidem
611 2073 690 2099 saepe
706 2073 767 2091 sum
785 2065 936 2100 pollicitus:
959 2066 1007 2092 sed

211 2105 315 2127 tantum
326 2100 412 2126 voluit
422 2101 482 2127 cito.
523 2101 564 2127 Me
581 2110 642 2128 vero
658 2101 817 2128 adiuvarent
829 2103 871 2128 his
882 2103 909 2129 in
921 2111 1008 2139 angu—

211 2139 282 2164 stiis.
323 2137 375 2164 Sed
396 2137 435 2164 dii
456 2138 533 2164 istos!
556 2138 654 2165 Verum
675 2138 751 2166 alias.
792 2140 828 2165 Te
849 2149 862 2166 a
878 2145 1007 2175 quartana

212 2175 355 2201 liberatum
365 2175 479 2210 gaudeo,
494 2176 612 2210 itemque
623 2176 729 2203 Piliam.
768 2177 833 2212 Ego,
846 2177 912 2203 dum
924 2186 1007 2212 panes

211 2217 237 2239 et
247 2217 332 2239 cetera
345 2213 372 2238 in
383 2221 478 2238 navem
491 2218 625 2247 parantur,
639 2222 752 2240 excurro
763 2214 790 2240 in
802 2215 1006 2249 Pompeianum.

210 2250 333 2277 Vettieno
342 2249 425 2275 velim
437 2251 545 2285 gratias,
559 2251 631 2285 quod
643 2251 780 2278 studiosus
792 2252 837 2278 sit.
872 2252 900 2278 Si
911 2261 1007 2287 quem-

211 2295 293 2322 quam
309 2291 402 2313 nactus
420 2286 515 2318 fueris,
538 2288 585 2322 qui
601 2287 729 2323 perferat;
753 2288 853 2316 litteras
871 2289 919 2316 des
935 2294 1005 2321 ante,

211 2333 294 2360 quam
305 2323 482 2351 discedimus.

640 1282 745 1308 Vexillo
756 1291 824 1317 opus
836 1287 888 1309 est:
906 1291 1006 1309 convo—

264 2394 327 2415 XVL
358 2396 388 2418 (In
397 2396 521 2419 Pompeiano,
530 2397 629 2416 Man-etto.
639 2397 721 2414 Lentulo
731 2403 778 2414 tou.
789 2398 846 2419 70⁵.)

398 2438 564 2466 CICERO
593 2439 760 2466 ATTICO
789 2440 818 2467 S.

268 2477 291 2502 4.
311 2471 495 2502 Commodum
506 2476 538 2502 ad
551 2481 575 2503 te
586 2476 712 2503 dederam
725 2476 825 2503 litteras
836 2477 869 2504 de
881 2477 1007 2512 pluribus

213 2512 307 2542 rebus.
328 2522 413 2547 quum
429 2513 462 2539 ad
478 2522 520 2540 me
536 2513 604 2540 bene
620 2522 697 2540 mane
713 2514 857 2550 Dionysius
873 2514 937 2542 fuit:
962 2516 1007 2541 cui

213 2548 323 2582 quidem
343 2558 392 2584 ego
412 2559 464 2576 non
481 2551 559 2577 modo
574 2550 734 2585 placabilem
750 2560 793 2577 me
809 2552 1004 2586 praebuissem,

213 2584 261 2611 sed
272 2590 356 2611 totum
368 2587 543 2618 remisissem,
557 2589 580 2614 si
591 2587 754 2619 advenisset,
771 2597 824 2623 qua
835 2594 923 2615 mente
936 2594 963 2616 tu
974 2589 1007 2615 ad

214 2630 256 2647 me
271 2623 427 2656 scripseras
469 2625 531 2651 Erat
551 2626 622 2652 enim
638 2626 678 2651 sic
694 2625 721 2651 in
738 2626 792 2651 tuis
808 2625 916 2656 litteris,
939 2635 1007 2661 quas

213 2659 307 2693 Arpini
319 2667 482 2695 acceperam,
494 2669 557 2688 eum
569 2666 713 2689 venturum
725 2661 921 2698 facturumque,
934 2663 1007 2699 quod

355 1318 432 1351 Quod
444 1318 555 1350 suades,
573 1319 715 1353 utpalam,
733 1328 843 1354 prorsus
860 1321 1002 1352 assentior;
1027 1346 1028 1350 ,

804 985 836 1010 Εἰ
851 984 884 1010 de
898 993 947 1011 suo
959 993 1006 1010 ne-
1026 995 1027 1001 ¹

928 1207 1005 1240 Quod
1027 1227 1028 1234 1

767 1246 858 1280 Itaque
871 1250 1002 1280 torqueor,
1027 1241 1029 1290 j

1029 215 1031 220 ·
1052 213 1101 235 ego
1118 204 1223 230 vellem.

1030 339 1031 346 ,
1053 315 1170 341 ,ut-ribert-
1191 315 1320 341 micham.

1030 422 1032 428 Ι
1055 390 1105 415 hus
1120 390 1177 414 suis
1195 390 1353 423 impeditum
1367 390 1507 415 nobiscum
1521 391 1557 416 ire
1570 400 1619 416 non
1632 400 1719 425 grosse.

1030 441 1033 448 -
1055 426 1193 460 respondi:
1218 435 1345 461 'inagnum
1362 428 1452 461 accepi
1470 426 1602 458 dolorem,
1628 427 1746 453 intellexi
1763 427 1846 453 fortu-

1032 554 1033 557 =
1056 537 1157 564 loribus
1175 538 1245 564 hunc
1258 538 1324 563 mihi
1340 539 1406 564 scito
1417 547 1484 564 esse.

1032 575 1033 585 ¹
1054 576 1098 601 sit.

1032 610 1033 639 ἶ
1054 613 1126 638 enim
1139 612 1251 638 tamdiu.
1293 614 1316 638 Ξ.

1032 642 1033 668 i
1055 649 1174 684 periculo
1188 649 1252 675 fore.
1285 650 1350 675 Nam
1361 655 1386 676 et
1399 649 1643 679 dissimulabimus,
1656 655 1690 678 et.
1705 654 1732 675 ut
1742 650 1845 684 opinor.

923 134 954 161 T.
984 134 1259 160 CICERONIS

1265 204 1320 236 Euo
1335 204 1456 231 volebam
1468 211 1569 233 auu-m.
1590 205 1784 240 vel=·=1pi‹·bam
1797 214 1844 241 po-

1053 243 1114 270 tius,
1129 250 1187 266 esne
1199 250 1260 266 eum
1274 241 1424 267 nobiscum.
1455 242 1531 273 Quod
1543 244 1606 277 quia
1619 243 1704 277 plane.
1719 251 1804 277 quum
1818 243 1844 269 in

1054 279 1224 304 Formianum
1238 278 1363 308 venisset,
1378 279 1549 313 praecidi-rat.
1558 281 1679 314 nasu-riu·-
1691 280 1722 305 ud
1736 285 1759 305 ta·
1771 280 1804 305 ιΙι·
1814 288 1846 306 eo

1362 316 1393 341 At
1418 315 1462 341 ille
1483 325 1613 350 perpauca
1636 317 1753 346 locutus,
1778 317 1845 342 han«-

1054 361 1186 378 summani
1200 352 1293 378 babuit
1303 353 1443 378 orationis:
1463 358 1491 378 ut
1502 353 1553 379 sibi
1568 354 1745 386 ignoscerem:
1765 363 1792 379 »¹-
1805 363 1845 379 re-

1762 391 1845 416 tamt-a

1055 473 1114 489 nam
1131 464 1164 488 ab
1180 472 1210 489 eo
1227 469 1342 489 nostram
1359 463 1511 498 desan-tam
1527 473 1595 490 ense.
1635 464 1706 496 Quid
1721 464 1848 500 qum-ris?

1056 501 1175 527 Fortasse
1188 501 1343 526 miraberis:
1359 501 1383 527 in
1397 501 1624 527 maximishorum
1637 507 1787 535 temporum
1799 501 1846 527 do-

1527 538 1625 568 Velim,
1644 539 1847 565 uttibiamicus

1140 575 1192 600 IIoc
1212 584 1296 609 quum
1313 575 1360 600 tibi
1377 580 1451 609 opto,
1473 581 1534 610 opto
1551 580 1578 601 ut
1594 576 1687 601 beatus
1703 576 1750 601 nis.
1792 576 1847 602 Erit

1339 613 1487 638 Consilium
1504 618 1622 639 nostrum
1638 621 1716 647 spero
1733 621 1846 639 vacuum

1055 687 1182 713 acerrime
1199 686 1417 717 adservabimur,
1435 688 1570 722 navigatio
1586 687 1663 713 modo
1674 688 1721 715 sit.
1740 687 1846 721 qualem

1054 729 1125 758 opto.
1166 725 1271 754 Cetera,
1293 732 1362 759 quae
1377 724 1488 759 quidem
1500 724 1612 750 consilio
1627 723 1762 758 provideri
1774 728 1848 759 pote-

1056 766 1126 791 runt,
1139 761 1316 787 cavebuntur.
1334 761 1382 791 Tu,
1395 761 1460 787 dum
1472 761 1612 791 adsumus,
1626 770 1677 787 non
1690 761 1769 787 modo
1779 769 1848 796 quae

1055 799 1148 825 scieris
1160 799 1327 829 audierisve,
1350 798 1396 824 sed
1409 799 1489 825 etiam
1500 807 1569 833 quae
1582 798 1668 825 futura
1681 798 1846 832 providebis.

1055 836 1158 862 scribas
1170 836 1262 862 velim.
1303 838 1327 862 3.
1343 836 1414 866 cato,
1428 837 1476 871 qui
1486 836 1605 862 Siciliam
1617 841 1705 862 tencre
1717 835 1791 862 nullo
1802 844 1849 862 ne-

1055 874 1126 909 gotio
1143 874 1240 908 potuit,
1255 877 1293 903 et,
1312 873 1334 899 si
1351 874 1493 902 tenuisset.
1510 882 1604 899 omnes
1620 873 1682 899 boni
1698 873 1730 898 ad
1746 881 1808 899 eum
1820 881 1848 899 se

1055 910 1245 941 contulissent,
1267 910 1409 946 Syracusis
1425 910 1558 945 profectus
1573 915 1613 936 est
1628 915 1687 936 ante
1702 910 1774 936 diem
1792 918 1847 936 viu.

1058 947 1114 974 Kal.
1132 948 1204 978 Mai,
1222 953 1249 974 ut
1270 948 1302 973 ad
1319 956 1360 973 me
1376 948 1456 974 Curio
1475 948 1592 982 scripsit.
1634 947 1753 978 Utinam,
1775 947 1849 982 quod

1057 986 1144 1014 aiunt,
1162 985 1235 1011 Cotta
1250 985 1401 1011 Sardiniam
1418 986 1517 1011 teneat!
1535 991 1575 1011 est
1590 985 1662 1010 enim
1675 993 1775 1011 rumor.
1815 984 1847 1014 O,

1056 1023 1079 1048 si
1093 1022 1118 1048 id
1133 1022 1226 1052 fuerit,
1240 1027 1345 1057 turpem
1356 1022 1495 1049 Catonem!
1528 1023 1551 1048 t.
1577 1022 1645 1057 Ego.
1660 1027 1688 1048 ut
1699 1023 1848 1048 minuerem

1056 1060 1238 1094 suspicionem
1255 1059 1428 1094 profectionis
1443 1064 1488 1085 aut
1502 1060 1671 1095 cogitationis
1683 1068 1770 1089 meae,
1788 1067 1850 1093 pro-

1058 1096 1142 1123 fectus
1153 1106 1213 1123 sum
1227 1097 1252 1123 in
1267 1097 1456 1131 Pompeianum
1468 1106 1492 1123 a.
1504 1096 1532 1122 d.
1545 1105 1580 1122 iv.
1594 1096 1643 1126 td..
1661 1101 1689 1122 ut
1701 1097 1738 1122 ibi
1750 1104 1847 1122 essem.

1057 1134 1136 1164 dum,
1154 1142 1222 1169 quae
1234 1134 1266 1160 ad
1280 1134 1462 1169 navigandum
1478 1142 1547 1168 opus
1562 1138 1664 1163 essent,
1683 1138 1847 1168 pararentur.

1056 1171 1145 1203 Quum
1160 1171 1192 1197 ad
1206 1171 1296 1197 villam
1310 1172 1454 1201 venissem,
1468 1175 1578 1197 ventum
1590 1175 1629 1196 est
1640 1170 1673 1196 ad
1685 1179 1739 1202 me3
1756 1175 1850 1196 centu-

1057 1209 1145 1235 riones
1157 1209 1237 1234 trium
1249 1208 1408 1238 cohortium,
1421 1216 1490 1243 quae
1502 1208 1636 1242 Pompeiis
1647 1212 1718 1235 sunt.
1727 1215 1769 1233 me
1781 1206 1850 1233 velle

1058 1245 1197 1280 postridie;
1212 1246 1287 1280 (haec
1298 1254 1404 1271 mecum
1411 1246 1527 1272 Ninnius
1539 1246 1652 1278 noster:)
1664 1244 1732 1270 velle
1742 1253 1787 1271 eos
1798 1245 1850 1270 mi-

1058 1284 1085 1309 hi
1097 1292 1125 1309 se
1136 1288 1161 1309 et
1171 1283 1302 1318 oppidum
1315 1282 1428 1309 tradere.
1454 1283 1487 1309 At
1497 1291 1546 1318 ego
1558 1282 1606 1308 tibi
1618 1282 1747 1317 postridie
1759 1290 1773 1308 a
1786 1281 1850 1308 villa

1057 1325 1116 1347 ante
1129 1320 1226 1351 lucem,
1235 1325 1263 1347 ut
1275 1329 1316 1346 me
1327 1321 1437 1346 omnino
1448 1319 1487 1346 illi
1500 1328 1531 1346 ne
1543 1319 1674 1346 viderent.
1696 1318 1767 1351 Quid
1778 1319 1851 1345 enim

1057 1363 1112 1384 erat
1124 1359 1150 1384 in
1165 1358 1252 1384 tribus
1263 1356 1437 1384 cohortibus?
1455 1356 1536 1389 Quid,
1549 1357 1572 1383 si
1585 1356 1694 1392 plures?
1703 1365 1757 1391 quo
1767 1364 1851 1391 appa-

1057 1394 1133 1421 ratu?
1153 1395 1274 1431 Cogitavi
1284 1395 1377 1421 eadem
1390 1394 1435 1421 illa
1445 1394 1582 1424 Caeliana.
1599 1402 1668 1429 quae
1685 1393 1738 1429 legi
1754 1394 1781 1420 in
1793 1394 1852 1428 epi-

1057 1432 1123 1459 stola
1136 1437 1194 1463 tua,
1211 1441 1292 1467 quam
1308 1432 1412 1467 accepi.
1430 1431 1512 1458 simul
1529 1436 1554 1458 et
1569 1432 1596 1457 in
1610 1431 1761 1458 Cumanum
1777 1431 1850 1461 veni,

1057 1469 1151 1496 eodem
1172 1469 1229 1501 die,
1256 1475 1282 1496 et
1301 1469 1383 1496 simul
1405 1469 1462 1495 fieri
1485 1473 1599 1504 poterat,
1624 1473 1653 1495 ut
1677 1473 1851 1495 tentaremur.

1057 1507 1171 1534 Omnem
1192 1507 1276 1543 igitur
1297 1507 1480 1542 suspicionem
1499 1505 1608 1532 sustuli.
1647 1507 1673 1532 5.
1694 1505 1746 1532 Sed
1765 1513 1851 1540 quum

1058 1545 1146 1576 redeo,
1160 1545 1316 1571 Hortensius
1332 1549 1449 1575 venerat,
1465 1548 1491 1570 et
1501 1543 1534 1570 ad
1544 1543 1695 1569 Terentiam
1707 1542 1851 1569 salutatum

1057 1581 1215 1608 diverterat:
1241 1590 1364 1608 sermone
1384 1586 1439 1608 erat
1459 1589 1525 1607 usus
1545 1580 1690 1607 honorifico
1711 1588 1773 1615 erga
1797 1587 1850 1606 me.

1057 1620 1156 1645 Tamen
1168 1628 1240 1650 eum,
1253 1624 1282 1645 ut
1292 1624 1366 1654 puto,
1380 1618 1488 1645 videbo.
1519 1618 1592 1644 Misit
1602 1618 1674 1643 enim
1686 1625 1809 1652 puerum,
1823 1624 1852 1643 se

1058 1656 1090 1683 ad
1115 1665 1157 1683 me
1178 1657 1280 1683 venire.
1321 1656 1374 1682 IIoc
1388 1655 1500 1691 quidem
1516 1654 1627 1685 melius,
1652 1662 1734 1689 quam
1749 1653 1852 1689 collega

1058 1699 1147 1720 noster
1166 1693 1312 1720 Antonius:
1337 1693 1416 1719 cuius
1439 1693 1509 1719 inter
1530 1692 1635 1718 lictores
1657 1691 1748 1717 lectica
1769 1692 1851 1717 mima

1058 1735 1186 1766 portatur.
1220 1732 1246 1757 6.
1267 1731 1321 1761 Tu,
1339 1730 1467 1765 quoniam
1478 1734 1607 1764 quartana
1619 1736 1702 1758 cares,
1715 1733 1741 1754 et
1752 1728 1851 1754 nedum

1059 1768 1183 1794 morbum
1199 1767 1352 1798 removisti,
1371 1766 1419 1793 sed
1434 1768 1514 1793 etiam
1525 1765 1714 1801 gravedinem,
1732 1770 1756 1791 te
1771 1773 1852 1800 vege-

1058 1811 1115 1832 tum
1132 1805 1210 1832 nobis
1226 1806 1253 1831 in
1264 1805 1376 1831 Graecia
1391 1805 1470 1831 siste:
1487 1808 1513 1830 et
1528 1804 1675 1830 litterarum
1691 1802 1795 1838 aliquid
1810 1803 1852 1829 in-

1058 1847 1184 1899 tereglvll.
1217 1880 1245 1902 (Iri
1255 1879 1376 1902 anpriann,
1386 1879 1485 1898 Mun—tto,
1495 1878 1576 1896 Iaentuln
1586 1884 1632 1895 coss.
1644 1879 1698 1899 7⁰5.)

1240 1917 1408 1946 CICERO
1437 1916 1607 1944 ATTICO
1637 1916 1666 1943 S.

1116 1958 1138 1982 t.
1160 1952 1236 1982 Prid.
1249 1955 1312 1982 Idus
1323 1955 1480 1982 Hortensius
1491 1954 1524 1981 ad
1535 1962 1578 1980 me
1590 1954 1672 1985 venit,
1685 1953 1783 1987 scripta
1794 1953 1853 1987 epi-

1058 1993 1134 2020 stola.
1164 1993 1268 2020 Vellem
1278 1998 1365 2019 cetera
1376 1993 1445 2019 eius.
1475 1991 1562 2024 Quam
1572 1992 1600 2018 in
1611 1999 1654 2017 me
1665 1989 1851 2016 incredibilem

1059 2031 1196 2057 ἐκιὲνειανῐ
1219 2039 1272 2066 qua
1288 2030 1400 2065 quidem
1417 2030 1505 2065 cogito
1520 2029 1570 2055 uti.
1609 2027 1710 2055 Deinde
1725 2027 1851 2061 Serapion

1058 2076 1120 2094 cum
1131 2068 1244 2103 epistola
1255 2073 1312 2100 tua,
1329 2076 1410 2103 quam
1426 2068 1586 2102 priusquam
1598 2065 1778 2100 aperuissem,
1794 2063 1852 2090 dixi

1059 2106 1092 2136 ei,
1105 2111 1130 2132 te
1142 2105 1175 2131 ad
1187 2114 1228 2131 me
1239 2105 1272 2131 de
1283 2114 1314 2131 eo
1325 2105 1468 2139 scripsisse
1479 2108 1568 2134 antea,
1581 2108 1611 2129 ut
1622 2102 1732 2129 feceras.
1772 2101 1852 2127 Dein-

1058 2142 1101 2173 de,
1114 2142 1226 2177 epistola
1236 2143 1344 2177 scripta,
1357 2141 1573 2168 cumulatissime
1584 2145 1684 2167 cetera:
1706 2143 1732 2165 et
1743 2137 1852 2164 hercule

1059 2179 1196 2206 hominem
1207 2180 1304 2214 probo:
1321 2187 1383 2205 nam
1399 2183 1425 2205 et
1435 2178 1544 2205 doctum
1555 2182 1581 2204 et
1590 2177 1705 2212 probum
1715 2175 1850 2202 existimo.

1058 2217 1129 2249 Quin
1144 2217 1224 2244 etiam
1241 2217 1303 2243 navi
1322 2217 1381 2242 eius
1395 2224 1437 2242 me
1452 2221 1478 2242 et
1493 2216 1552 2250 ipso
1566 2218 1722 2241 convectore
1737 2220 1852 2238 usurum

1059 2259 1133 2289 puto.
1173 2256 1198 2281 2.
1220 2254 1319 2281 Crebro
1330 2253 1437 2280 refricat
1448 2252 1595 2288 lippitudo,
1613 2260 1665 2278 non
1681 2249 1726 2276 illa
1739 2248 1851 2291 quidem

1058 2291 1198 2326 perodiosa
1207 2312 1213 2322 ,
1245 2291 1293 2317 sed
1317 2296 1406 2317 tamen
1431 2298 1500 2326 quae
1524 2288 1654 2324 impediat
1677 2287 1852 2321 scriptionem

1059 2337 1156 2355 meam.
1192 2328 1379 2355 Valetudinem
1390 2333 1464 2354 tuam
1475 2328 1528 2353 iam
1539 2325 1720 2352 confirmatam
1732 2331 1790 2349 esse
1801 2328 1827 2350 et
1837 2331 1852 2350 a

1058 2371 1147 2392 vetere
1167 2365 1260 2392 morbo
1279 2370 1305 2392 et
1324 2374 1338 2391 a
1359 2365 1437 2392 novis
1451 2363 1657 2393 tentationibus,
1679 2360 1794 2397 gaudeo.
1825 2362 1850 2387 3.

1058 2402 1177 2429 Ocellam
1189 2403 1287 2429 vellem
1298 2402 1470 2429 haberemus.
1492 2400 1623 2427 Videntur
1633 2399 1705 2425 enim
1716 2406 1775 2424 esse
1786 2397 1853 2424 haec

1059 2440 1149 2475 paullo
1171 2440 1299 2467 faciliora.
1340 2440 1418 2466 Nunc
1441 2438 1553 2473 quidem
1577 2435 1778 2471 aequinoctium
1803 2443 1852 2461 nos

1060 2482 1190 2508 moratur,
1209 2477 1281 2512 quod
1293 2476 1371 2503 valde
1382 2475 1567 2511 perturbatum
1578 2477 1643 2500 erat.
1682 2472 1712 2498 Id
1720 2472 1747 2514 si
1758 2471 1853 2508 ἀκραές

1058 2515 1121 2546 erit,
1138 2515 1241 2541 utinam
1258 2514 1330 2540 idem
1345 2517 1451 2540 maneat
1461 2510 1631 2539 Hortensius!
1653 2509 1805 2551 siquidem,
1822 2514 1853 2536 ut

1058 2551 1147 2578 adhuc
1158 2557 1222 2582 erat,
1235 2551 1374 2577 liberalius
1385 2558 1444 2576 esse
1455 2548 1523 2575 nibil
1534 2552 1630 2583 potest.
1671 2548 1695 2573 4.
1715 2547 1752 2573 De
1763 2545 1852 2581 diplo-

1059 2594 1127 2615 mate
1138 2589 1280 2615 admiraris
1288 2609 1294 2619 ,
1311 2587 1390 2623 quasi
1400 2587 1490 2613 nescio
1503 2586 1582 2611 cuius
1593 2589 1617 2611 te
1629 2583 1724 2620 flagitii
1735 2584 1852 2610 insimu—

1059 2625 1151 2652 Iarem.
1192 2626 1279 2661 Negas
1290 2625 1363 2651 enim
1374 2628 1399 2650 te
1410 2624 1526 2658 reperire
1534 2643 1540 2653 ,
1558 2622 1606 2657 qui
1618 2621 1686 2648 mihi
1698 2621 1726 2647 id
1736 2621 1764 2647 in
1775 2628 1852 2646 men-

1059 2667 1112 2690 tem
1123 2663 1236 2690 venerit.
1256 2662 1314 2698 Ego
1324 2665 1423 2692 autem,
1436 2660 1501 2696 quia
1511 2660 1668 2695 scripseras,
1681 2662 1706 2686 te
1715 2657 1850 2693 proficisci
