1941 3052
395 147 738 175 PARTITIONES
770 146 1372 174 0RATOR1AE.CAP.27—34.

67 222 158 257 quaeri
180 220 255 248 solet.
295 221 362 247 Nam
385 221 471 255 prima
492 219 704 246 adversariorum
727 219 859 246 contentio

66 259 190 286 diffusam
205 258 284 285 habet
297 258 488 293 quaestionem,
504 262 534 284 ut
547 258 575 284 in
588 258 752 284 coniectura:
776 256 860 291 Cepe-

66 298 134 324 ritne
149 296 276 331 pecunias
286 296 396 329 Deeius;
410 296 437 321 in
449 295 615 321 definitione:
632 295 791 321 Minueritne
803 302 860 319 ma-

65 335 186 361 iestatem
209 333 363 365 Norbanus;
397 333 426 359 in
442 333 586 367 aequitate:
617 333 712 358 Iurene
733 330 859 357 occiderit

66 371 190 407 Opimius
209 370 368 397 Gracchum.
407 370 485 401 Haec,
505 378 574 404 quae
588 369 702 404 primam
713 368 860 395 contentio-

66 418 127 436 nem
146 408 245 434 habent
262 416 296 434 ex
309 407 445 443 arguendo
458 412 484 433 et
497 406 653 437 resistendo,
670 405 730 437 lata,
746 410 776 432 ut
790 405 855 436 dixi,

65 451 91 474 et
116 446 176 473 fusa
201 450 274 472 sunt.
326 445 467 471 Rationum
494 448 519 470 et
544 444 770 470 firmamentorum
797 451 860 469 con-

66 484 147 510 tentio
168 483 276 510 adducit
298 483 326 509 in
344 486 488 518 angustum
507 481 735 516 disceptationem.
776 480 813 505 Ea
832 480 859 505 in

65 522 215 548 coniectura
233 519 307 547 nulla
325 524 374 547 est.
414 520 498 545 Nemo
515 519 586 545 enim
605 518 672 549 eius,
692 516 765 552 quod
783 520 861 552 negat

67 558 174 589 factum,
196 558 324 584 rationem
343 561 388 584 aut
405 561 491 592 potest
509 560 554 582 aut
571 555 649 582 debet
662 559 708 580 aut
721 554 787 580 solet
801 554 861 579 red-

66 596 136 622 dere.
177 596 268 630 Itaque
282 596 310 621 in
324 595 367 621 his
381 595 484 620 caussis
498 593 590 619 eadem
604 596 629 618 et
642 592 728 626 prima
739 591 860 626 quaestio

66 638 91 659 et
104 633 260 668 disceptatio
274 636 313 659 est
327 636 451 658 extrema.
474 632 530 657 ⁴05.
546 631 575 656 In
588 629 643 656 illis
654 633 751 660 autem,
766 628 812 654 ubi
825 628 859 654 ita

66 670 177 696 dicitur:
209 671 267 696 Non
287 670 385 696 minuit
407 669 579 698 maiestatem,
595 666 669 701 quod
682 666 736 701 egit
748 665 781 692 de
796 665 861 692 Cae-

66 708 144 743 pione
158 707 352 739 turbulentius;
375 705 467 740 populi
481 705 552 731 enim
562 704 673 731 Romani
685 703 759 729 dolor
772 703 860 729 iustus

66 746 121 771 vim
144 744 218 771 illam
241 744 374 775 excitavit,
395 751 447 769 non
457 742 558 768 tribuni
569 742 650 768 actio:
673 741 797 767 maiestas
812 749 860 766 au-

65 787 128 814 tem,
147 782 274 817 quoniam
288 785 328 807 est
342 780 498 816 magnitudo
510 779 642 814 quaedam
656 778 749 813 populi
764 778 859 804 Roma—

65 820 92 846 ni
113 821 141 846 in
158 820 216 845 eius
234 822 361 854 potestate
383 826 412 844 ac
429 818 488 843 iure
505 816 649 847 retinendo,
670 820 745 842 aucta
759 819 798 841 est
812 823 860 849 po-

65 858 128 888 tius,
156 865 237 891 quam
259 856 410 888 deminuta,
437 859 463 881 et
476 854 523 881 ubi
536 855 573 880 ita
586 853 712 880 refertur:
734 853 858 879 Maiestas

65 898 105 921 est
117 895 145 920 in
156 894 262 928 imperii
276 898 354 928 atque
367 894 395 919 in
410 892 526 919 nominis
539 891 632 926 populi
642 891 753 917 Romani
767 890 859 925 digni-

64 936 124 963 tate,
145 940 226 966 quam
245 931 342 957 minuit
358 932 391 962 is,
411 931 459 965 qui
476 938 524 964 per
537 930 592 955 vim
607 928 788 955 multitudinis
802 935 859 953 rem

64 969 98 995 ad
115 969 273 995 seditionem
292 969 408 1001 vocavit3
435 967 540 994 exsistit
557 966 603 992 illa
616 965 785 1000 disceptatio:
808 965 859 991 Mi-

65 1007 186 1033 nueritne
209 1007 383 1037 maiestatem,
407 1005 455 1041 qui
476 1004 611 1032 voluntate
634 1003 728 1039 populi
747 1002 858 1029 Romani

64 1052 120 1070 rem
133 1047 234 1079 gratam
245 1048 271 1070 et
281 1052 393 1079 aequam
408 1052 455 1078 per
466 1043 521 1069 vim
533 1042 625 1077 egerit.
649 1043 706 1067 106.
718 1041 747 1067 In
759 1040 801 1066 his
811 1048 859 1066 au-

64 1086 117 1107 tem
134 1081 246 1112 caussis,
266 1081 314 1107 uhi
340 1080 443 1115 aliquid
457 1084 526 1106 recte
540 1079 639 1106 factum
653 1082 698 1105 aut
711 1077 860 1104 conceden-

63 1118 129 1145 dum
143 1127 202 1145 esse
215 1117 333 1155 [factum]
346 1118 505 1149 defenditur,
518 1125 604 1152 quum
618 1120 658 1143 est
668 1115 728 1142 sacti
739 1115 858 1142 subiecta

63 1156 138 1187 ratio,
162 1156 231 1182 sicut
248 1156 281 1182 ab
295 1155 415 1191 Opimio:
441 1156 501 1182 Iure
515 1154 575 1186 feci,
591 1154 685 1180 salutis
699 1153 819 1180 omnium
834 1157 859 1178 et
881 1171 882 1174 η

63 1193 260 1220 conservandae
278 1193 441 1229 reipublicae
459 1201 567 1225 caussa,
590 1191 758 1226 relatumque
772 1194 812 1217 est
825 1190 859 1216 ab

63 1231 154 1257 Decio:
177 1231 215 1256 Ne
226 1230 463 1257 sceleratissimum
473 1230 583 1265 quidem
593 1230 679 1256 civem
691 1229 749 1255 sine
758 1228 859 1254 iudicio

62 1269 122 1294 iure
135 1267 191 1294 ullo
205 1276 297 1294 necare
310 1269 435 1303 potuisti3
457 1268 542 1294 oritur
555 1267 601 1294 illa
614 1266 786 1301 disceptatio:
809 1266 859 1291 Po-

63 1306 178 1332 tueritne
197 1309 265 1332 recte
284 1306 378 1332 salutis
396 1305 560 1340 reipublicae
574 1313 668 1330 caussa
682 1305 768 1330 civem
783 1311 859 1329 ever·

63 1351 150 1369 sorem
172 1343 287 1369 civitatis
305 1343 490 1369 indemnatum
507 1341 618 1368 necare?
637 1343 675 1368 Ita
688 1341 859 1375 disceptatio-

63 1388 111 1407 nes
125 1388 178 1412 eae,
194 1389 263 1415 quae
276 1381 304 1407 in
318 1380 361 1406 his
374 1380 561 1407 controversiis
572 1379 702 1410 oriuntur,
716 1387 785 1413 quae
796 1381 859 1404 sunt

62 1418 141 1444 certis
155 1418 276 1452 personis
289 1422 315 1444 et
328 1418 493 1453 temporibus
507 1420 617 1448 notatae,
634 1416 701 1443 fiunt
711 1424 805 1442 rursus
817 1415 859 1441 in-

64 1455 163 1486 finitae,
184 1454 363 1490 detractisque
381 1455 546 1490 temporibus
569 1459 595 1480 et
613 1454 733 1489 personis
748 1461 856 1479 rursum

63 1492 96 1519 ad
118 1492 320 1519 consultationis
347 1492 458 1520 formam
484 1492 667 1526 rationemque
690 1494 856 1517 revocantur.

61 1529 163 1556 XXXI.
181 1530 237 1556 ⁴07.
250 1530 303 1556 Sed
317 1531 344 1556 in
355 1530 523 1566 gravissimis
535 1529 708 1555 firmamentis
719 1529 797 1555 etiam
812 1527 857 1553 illa

61 1566 183 1602 ponenda
197 1571 268 1598 sunt,
290 1568 313 1594 si
331 1576 384 1602 qua
403 1576 437 1594 ex
454 1567 552 1601 scripto
567 1566 633 1602 legis
647 1571 693 1592 aut
706 1565 856 1592 testamenti

62 1609 109 1631 aut
122 1604 264 1631 verborum
279 1605 366 1640 ipsius
380 1605 473 1631 iudicii
488 1608 534 1630 aut
547 1603 662 1630 alicuius
676 1603 857 1638 stipulationis

61 1646 108 1669 aut
129 1641 259 1668 cautionis
284 1646 456 1677 opponuntur
474 1641 623 1668 defensioni
640 1641 780 1668 contraria.
819 1641 857 1666 Ac

61 1687 95 1706 ne
117 1679 167 1706 hoc
189 1679 299 1714 quidem
317 1688 403 1716 genus
421 1679 448 1706 in
467 1688 511 1706 eas
528 1687 637 1705 caussas
650 1679 771 1710 incurrit,
788 1686 857 1712 quae

61 1716 212 1744 coniectura
226 1717 404 1744 continentur.
446 1716 523 1750 Quod
537 1717 609 1742 enim
623 1715 722 1742 factum
734 1719 854 1752 negatur,

61 1754 89 1780 id
103 1754 179 1790 argui
193 1762 245 1780 non
259 1759 345 1789 potest
359 1754 466 1789 scripto.
507 1755 546 1780 Ne
559 1754 587 1780 in
602 1753 784 1780 definitionem
795 1753 857 1787 qui-

61 1791 122 1818 dem
144 1791 217 1818 venit
237 1800 335 1827 genere
352 1792 445 1827 scripti
459 1792 556 1826 ipsius.
597 1792 664 1818 Nam
678 1791 782 1818 etiamsi
797 1799 857 1816 ver-

61 1828 127 1855 bum
149 1828 258 1864 aliquod
276 1829 309 1855 de
326 1829 426 1864 scripto
443 1828 625 1856 definiendum
640 1832 688 1860 est,
705 1837 787 1864 quam
801 1828 856 1854 vim

61 1865 164 1898 habeat,
181 1870 219 1897 ut,
235 1875 321 1902 quum
335 1875 368 1893 ex
382 1867 556 1898 testamentis,
571 1866 639 1901 quid
652 1867 687 1892 sit
700 1874 796 1901 penus,
812 1869 858 1891 aut

60 1911 146 1939 quum
160 1911 193 1930 ex
207 1902 265 1940 lege
278 1904 379 1939 praedii
393 1905 538 1939 quaeritur,
551 1912 620 1938 quae
630 1904 684 1930 sint
698 1908 755 1930 ruta
770 1911 855 1934 caesa,

61 1949 113 1967 non
135 1941 227 1976 scripti
249 1949 344 1977 genus,
364 1942 412 1968 sed
425 1941 500 1968 verbi
514 1941 693 1976 interpretatio
706 1945 858 1967 controver-

60 1978 128 2004 siam
147 1978 224 2013 parit.
267 1980 323 2005 408.
343 1978 432 2011 Quum
451 1982 540 2005 autem
554 1982 600 2005 aut
613 1978 690 2013 plura
703 1978 857 2014 significan-

59 2020 103 2042 tur
116 2016 215 2050 scripto
229 2020 336 2051 propter
345 2016 418 2042 verbi
434 2020 480 2042 aut
490 2016 632 2042 verborum
643 2015 854 2051 ambiguitatem,

60 2056 91 2080 ut
106 2051 183 2079 liceat
205 2054 238 2084 ei,
254 2054 301 2088 qui
324 2058 413 2080 contra
427 2053 505 2085 dicat,
522 2061 552 2080 eo
566 2053 670 2079 trahere
683 2052 857 2088 significatio-

60 2098 122 2116 nem
145 2090 245 2124 scripti,
266 2099 320 2125 quo
340 2090 463 2125 expediat
473 2095 518 2117 aut
528 2090 606 2117 velit:
630 2094 684 2121 aut,
697 2091 720 2116 si
731 2090 857 2125 ambigue

60 2127 190 2162 scriptum
215 2136 267 2154 non
291 2128 333 2159 sit,
350 2128 391 2154 vel
406 2136 420 2154 a
434 2128 523 2155 verbis
537 2127 701 2155 voluntatem
712 2132 738 2154 et
751 2132 858 2154 senten-

61 2165 124 2191 tiam
138 2164 276 2199 scriptoris
290 2165 422 2191 abducere
436 2165 478 2192 vel
492 2165 544 2192 alio
557 2173 586 2192 se
600 2165 693 2191 eadem
706 2164 740 2192 de
753 2173 781 2191 re
794 2173 858 2192 con-

61 2202 139 2228 trarie
161 2203 260 2238 scripto
281 2202 432 2234 defendere,
457 2207 513 2229 tum
535 2202 693 2237 disceptatio
711 2211 744 2229 ex
763 2202 856 2237 scripti

61 2239 227 2266 contentione
241 2240 355 2271 exsistit,
371 2244 401 2266 ut
414 2240 442 2266 in
456 2240 592 2275 ambiguis
605 2240 777 2275 disceptetur,
789 2239 856 2275 quid

61 2276 178 2303 maxime
191 2277 371 2313 significetur,
394 2278 421 2303 in
436 2277 527 2311 scripti
538 2278 737 2313 sententiaeque
748 2281 857 2304 conten-

60 2314 140 2345 tione,
164 2318 255 2341 utrum
281 2315 370 2350 potius
396 2319 524 2350 sequatur
546 2314 641 2347 iudex,
667 2315 695 2341 in
718 2315 856 2342 contrariis
879 2336 881 2340 .

61 2351 178 2386 scriptis,
196 2356 284 2378 utrum
300 2352 385 2387 magis
400 2352 434 2378 sit
447 2351 686 2386 comprobandum.

117 2389 174 2414 ⁴09.
195 2389 355 2424 Disceptatio
373 2394 461 2415 autem
476 2397 562 2424 quum
577 2393 616 2415 est
628 2389 779 2420 constituta,
795 2397 857 2424 pro-

60 2425 177 2460 positum
200 2434 259 2453 esse
277 2426 357 2453 debet
378 2427 482 2457 oratori,
506 2435 560 2461 quo
580 2434 673 2452 omnes
687 2431 857 2461 argumenta-

61 2463 145 2489 tiones
178 2463 303 2498 repetitae
331 2472 365 2490 ex
393 2463 548 2490 inveniendi
576 2463 641 2490 locis
669 2464 854 2490 coniiciuntur.

59 2498 136 2532 Quod
150 2509 314 2536 quamquam
328 2501 392 2527 satis
405 2506 446 2527 est
459 2502 491 2532 ei,
508 2501 555 2535 qui
569 2500 651 2531 videt,
666 2500 734 2535 quid
748 2501 774 2526 in
789 2509 856 2535 quo-

60 2545 113 2572 que
137 2537 192 2565 loco
215 2537 300 2569 lateat,
320 2539 423 2573 quique
437 2538 497 2565 illos
513 2538 583 2565 locos
597 2542 734 2572 tamquam
748 2537 857 2564 thesau-

60 2582 103 2600 ros
125 2574 230 2610 aliquos
252 2580 472 2611 argumentorum
493 2580 594 2602 notatos
609 2575 696 2606 babet,
713 2579 800 2601 tamen
814 2583 853 2606 ea,

60 2619 129 2646 quae
151 2616 215 2638 sunt
236 2616 368 2639 certarum
390 2621 547 2640 caussarum
567 2613 681 2648 propria,
703 2617 853 2647 tangemus

60 2648 172 2676 XXXII.
193 2651 250 2676 tto.
271 2650 299 2676 In
318 2650 468 2677 coniectura
488 2651 579 2686 igitur,
599 2658 684 2684 quum
699 2653 738 2676 est
753 2650 779 2675 in
794 2649 855 2675 iuli-

61 2686 149 2714 tiando
164 2694 234 2718 reus,
250 2688 396 2714 accusatori
407 2687 472 2714 haec
482 2687 536 2714 duo
547 2687 633 2723 prima
644 2691 719 2720 sunt;
741 2686 800 2722 (sed
810 2695 855 2713 ac-

1654 149 1701 174 ⁴97

910 223 1059 245 cusatorem
1081 226 1129 253 pro
1146 218 1219 244 omni
1241 221 1326 244 actore
1339 221 1364 244 et
1377 218 1487 252 petitore
1501 217 1619 252 appe1103
1642 227 1703 253 pos-

911 260 974 282 sunt
992 257 1063 282 enim
1077 256 1157 282 etiam
1171 256 1228 281 sine
1242 255 1410 281 accusatione
1423 255 1450 281 in
1464 256 1567 281 caussis
1583 255 1646 281 haec
1661 264 1705 282 ea-

911 294 972 320 dem
995 293 1234 320 controversiarum
1251 301 1348 328 genera
1366 292 1492 327 versari3)
1510 292 1558 318 sed
1572 292 1636 318 haec
1650 293 1704 319 duo

911 335 974 357 sunt
991 331 1015 357 ei
1034 331 1128 365 prima,
1149 339 1242 356 caussa
1256 335 1282 356 et
1295 334 1416 356 eventus.
1457 330 1585 356 Caussam
1600 330 1705 364 appello

910 369 1039 394 rationem
1062 367 1204 398 efficiendi,
1229 372 1355 394 eventum
1374 367 1410 398 id,
1426 367 1499 402 quod
1518 371 1557 393 est
1571 367 1703 393 effectum.

910 405 998 440 Atque
1012 406 1069 439 ipsa
1088 405 1198 439 quidem
1213 406 1318 439 partitio
1331 413 1486 431 caussarum
1501 404 1591 439 paullo
1605 409 1663 431 ante
1678 406 1704 431 in

911 443 1044 468 suasionis
1060 442 1123 468 locis
1137 442 1279 468 distributa
1293 446 1342 468 est.
1366 444 1422 468 tlt.
1435 442 1508 474 Quae
1519 443 1589 468 enim
1601 443 1629 468 in
1642 451 1706 468 con—

911 479 972 505 silio
986 479 1114 513 capiendo
1126 479 1209 505 futuri
1220 480 1347 514 temporis
1358 480 1596 514 praecipiebantur,
1609 488 1706 514 quam-

911 517 1001 543 obrem
1014 521 1059 542 aut
1072 516 1213 542 utilitatem
1228 517 1382 543 viderentur
1393 517 1513 543 habitura
1529 521 1573 543 aut
1587 516 1707 543 efficien-

911 554 938 580 di
962 554 1123 584 facultatem,
1136 554 1237 585 eadem,
1262 555 1309 588 qui
1328 554 1360 580 de
1380 554 1447 580 facto
1464 554 1702 589 argumentabitur,

911 591 1035 626 colligere
1049 591 1165 622 debebit,
1187 592 1361 625 quamobrem
1375 596 1400 618 et
1415 592 1489 617 utilia
1504 592 1552 623 illi,
1568 600 1649 626 quem
1664 600 1706 618 ar·-

911 633 983 663 guet,
1000 628 1084 654 fuisse
1098 632 1123 654 et
1137 629 1169 654 ab
1183 637 1214 654 eo
1227 628 1297 654 effici
1312 629 1430 663 potuisse
1445 629 1616 655 demonstret.
1648 629 1706 656 Uti-

912 666 993 691 litatis
1017 666 1166 692 coniectura
1184 670 1314 696 movetur,
1336 667 1358 692 si
1382 666 1458 697 illud,
1479 666 1551 700 quod
1574 667 1703 701 arguitur,

912 707 957 729 aut
979 711 1026 737 spe
1045 703 1175 728 bonorum
1190 707 1235 729 aut
1248 703 1379 729 malorum
1395 708 1467 729 metu
1482 704 1577 729 fecisse
1591 704 1703 735 dicitur,

911 740 984 775 quod
997 749 1027 766 eo
1041 740 1053 752 *
1068 740 1096 766 fit
1109 741 1205 771 acrius,
1219 748 1272 774 quo
1282 740 1327 766 illa
1338 741 1365 766 in
1377 745 1489 775 utroque
1500 750 1596 776 genere
1607 742 1705 767 maiora

912 782 1058 812 ponuntur.
1090 779 1146 804 4⁴2.
1168 777 1326 812 Spectantur
1348 778 1426 804 etiam
1448 778 1480 803 ad
1498 787 1620 804 caussam
1645 778 1704 804 facti

912 820 999 841 motus
1013 816 1172 846 animorum,
1189 816 1212 840 si
1226 815 1264 840 ira
1279 823 1379 846 recens,
1393 816 1415 841 si
1427 815 1518 841 odium
1531 820 1616 846 vetus,
1629 817 1651 841 si
1664 815 1706 841 ul-

911 852 1028 878 ciscendi
1043 852 1172 883 studium,
1189 853 1212 878 si
1226 853 1339 878 iniuriae
1352 852 1434 883 dolor,
1452 853 1474 878 si
1485 853 1601 883 honoris,
1615 853 1638 879 si
1648 852 1706 888 glo-

912 891 974 921 riae,
995 890 1017 915 si
1036 890 1150 924 imperii,
1171 890 1194 915 si
1212 890 1341 924 pecuniae
1352 890 1492 924 cupiditaS,
1509 891 1531 916 si
1547 890 1658 924 periculi
1674 891 1707 916 ti-

912 936 977 958 mor,
994 928 1017 953 si
1031 936 1074 953 aes
1089 926 1215 958 alienum,
1232 928 1254 953 si
1266 927 1404 962 angustiae
1416 928 1451 953 rei
1464 926 1611 958 familiaris,
1625 927 1647 953 si
1658 936 1706 953 au—

911 965 972 995 dax,
989 965 1011 991 si
1027 964 1103 996 levis,
1119 965 1142 990 si
1156 964 1282 995 crudelis,
1299 965 1322 990 si
1336 965 1478 999 impotens,
1495 965 1517 990 si
1532 965 1665 995 incautus,
1682 966 1706 990 si

911 1003 1051 1037 insipiens,
1068 1002 1091 1028 si
1105 1011 1206 1032 amam,
1221 1003 1244 1028 si
1255 1006 1386 1028 commota
1398 1007 1494 1033 mente,
1507 1003 1530 1028 si
1542 1002 1704 1032 vinolentus,

911 1040 935 1065 si
948 1048 1010 1065 cum
1024 1048 1072 1074 spe
1086 1039 1228 1071 efficiendi,
1245 1040 1267 1065 si
1281 1048 1343 1065 cum
1357 1040 1482 1074 opinione
1496 1039 1608 1071 celandi,
1621 1040 1706 1070 aut,si

911 1077 1074 1112 patefactum
1096 1081 1179 1108 esset,
1201 1077 1352 1111 depellendi
1375 1078 1495 1103 criminis
1519 1077 1560 1103 vel
1585 1085 1707 1111 perrum-

911 1115 992 1149 pendi
1011 1114 1124 1149 periculi
1138 1114 1180 1140 vel
1194 1115 1222 1140 in
1237 1115 1414 1150 longinquum
1430 1119 1536 1149 tempus
1550 1114 1704 1146 differendi,

911 1157 956 1178 aut
970 1152 993 1178 si
1007 1152 1100 1178 iudicii
1112 1160 1195 1186 poena
1210 1152 1301 1183 levior,
1314 1161 1395 1187 quam
1410 1152 1470 1178 sacti
1482 1153 1645 1187 praemium;
1662 1157 1707 1178 aut

911 1190 934 1216 si
949 1189 1073 1216 facinoris
1087 1189 1210 1224 voluptas
1224 1190 1317 1221 maior,
1333 1198 1414 1224 quam
1429 1190 1606 1216 damnationis
1621 1189 1704 1216 dolor.

914 1229 969 1254 113.
989 1227 1036 1253 His
1054 1226 1108 1253 fere
1122 1227 1202 1253 rebus
1217 1226 1278 1253 sacti
1292 1228 1411 1262 suspicio
1425 1228 1604 1258 confirmatur,
1620 1235 1706 1262 quum

912 1269 937 1291 et
960 1264 1105 1291 voluntatis
1123 1265 1151 1291 in
1169 1273 1214 1291 reo
1235 1273 1345 1291 caussae
1359 1266 1529 1299 reperiuntur
1542 1269 1568 1290 et
1582 1264 1704 1291 facultas.

911 1303 940 1328 In
954 1302 1090 1328 voluntate
1101 1306 1190 1328 autem
1201 1302 1302 1329 utilitas
1313 1311 1347 1328 ex
1358 1302 1497 1337 adeptione
1509 1302 1623 1328 alicuius
1634 1310 1707 1328 com-

911 1340 984 1366 modi
1007 1339 1187 1374 vitationeque
1210 1339 1324 1366 alicuius
1338 1340 1500 1366 incommodi
1514 1340 1661 1374 quaeritur,
1678 1344 1708 1365 ut

911 1382 956 1403 aut
970 1385 1031 1411 spes
1046 1381 1091 1403 aut
1104 1381 1191 1403 metus
1205 1377 1348 1412 impulisse
1362 1377 1484 1403 videatur
1494 1382 1539 1403 aut
1553 1377 1651 1412 aliquis
1666 1385 1708 1402 re-

911 1415 1038 1449 pentinus
1056 1415 1138 1440 animi
1158 1418 1255 1446 motus,
1276 1415 1323 1449 qui
1343 1416 1421 1441 etiam
1436 1415 1515 1441 citius
1529 1415 1556 1441 in
1573 1414 1704 1445 fraudem,

910 1460 992 1487 quam
1007 1452 1072 1478 ratio
1086 1451 1217 1483 utilitatis,
1235 1452 1358 1487 impellit.
1381 1452 1559 1484 Quamobrem
1574 1452 1628 1478 sint
1642 1452 1707 1478 haec

910 1490 978 1516 dicta
993 1489 1025 1515 de
1039 1490 1151 1515 caussis.
1176 1490 1233 1515 4⁴4.
1245 1490 1274 1516 C.
1287 1490 1316 1515 F.
1328 1490 1423 1520 Teneo,
1437 1494 1462 1516 et
1475 1498 1582 1524 quaero,
1595 1489 1642 1523 qui
1653 1489 1708 1515 sint

910 1527 949 1553 illi
964 1531 1085 1558 eventus,
1102 1535 1169 1561 quos
1181 1535 1214 1553 ex
1224 1527 1327 1553 caussis
1338 1526 1407 1553 effici
1419 1526 1520 1553 dixisti.
1537 1526 1661 1552 XXXIII.
1675 1526 1704 1552 C.

910 1565 938 1590 P.
963 1565 1158 1599 Consequentia
1185 1564 1316 1599 quaedam
1339 1565 1415 1600 signa
1434 1564 1567 1599 praeteriti
1586 1569 1611 1590 et
1628 1564 1707 1599 quasi

887 1614 889 1619 >
910 1602 1040 1637 impressa
1055 1602 1115 1628 sacti
1127 1602 1251 1637 vestigia3
1275 1610 1343 1637 quae
1355 1602 1464 1636 quidem
1478 1601 1518 1628 vel
1532 1602 1648 1628 maxime
1659 1610 1707 1627 su-

909 1640 1057 1674 spicionem
1076 1643 1184 1665 movent
1201 1644 1226 1665 et
1243 1640 1321 1674 quasi
1342 1640 1417 1665 tacita
1433 1644 1496 1665 suut
1509 1639 1652 1665 criminum
1668 1643 1707 1665 te-

910 1677 1043 1707 stimonia.
1063 1681 1143 1712 atque
1160 1676 1210 1703 hoc
1232 1676 1341 1711 quidem
1365 1677 1494 1712 graviora,
1510 1676 1583 1711 quod
1597 1684 1707 1702 caussae

909 1715 1088 1741 communiter
1110 1713 1235 1740 videntur
1257 1714 1413 1740 insimulare
1437 1719 1462 1740 et
1485 1722 1595 1749 arguere
1613 1722 1706 1740 omnes

910 1760 997 1787 posse,
1013 1760 1129 1787 quorum
1144 1751 1222 1778 modo
1236 1751 1387 1778 interfuerit
1402 1751 1513 1786 aliquid,
1528 1751 1591 1777 baec
1601 1751 1707 1786 proprie

910 1791 1044 1825 attingunt
1061 1798 1106 1816 eos
1124 1789 1206 1824 ipsos,
1227 1789 1275 1824 qui
1290 1793 1448 1824 arguuntur,
1465 1794 1494 1815 ut
1508 1788 1599 1820 telum,
1618 1793 1647 1815 ut
1661 1797 1707 1815 ve-

910 1828 1030 1863 stigium,
1044 1831 1073 1853 ut
1082 1835 1167 1858 cruor,
1179 1831 1208 1853 ut
1218 1826 1415 1861 deprehensum
1427 1826 1538 1861 aliquid,
1551 1826 1624 1861 quod
1635 1826 1707 1852 abla-

911 1870 967 1892 tum
981 1869 1137 1900 ereptumve
1152 1864 1282 1895 videatur,
1303 1868 1333 1890 ut
1344 1872 1502 1899 responsum
1516 1865 1705 1894 inconstanter,

910 1907 939 1930 ut
961 1902 1129 1933 haesitatum,
1154 1906 1184 1929 ut
1202 1901 1356 1932 titubatum,
1382 1906 1412 1928 ut
1429 1910 1490 1928 cum
1512 1901 1602 1936 aliquo
1620 1901 1705 1932 visus,

909 1949 942 1967 ex
964 1948 1018 1975 quo
1040 1939 1159 1974 suspicio
1177 1940 1285 1970 oriatur,
1306 1944 1336 1965 ut
1350 1947 1380 1965 eo
1394 1940 1452 1974 ipso
1467 1939 1493 1965 in
1509 1938 1565 1965 loco
1579 1939 1662 1969 visus,
1679 1940 1707 1965 in

908 1986 962 2013 quo
977 1977 1089 2008 facinus,
1106 1981 1135 2003 ut
1150 1976 1242 2011 pallor,
1259 1981 1289 2003 ut
1303 1981 1408 2007 tremor,
1421 1981 1450 2003 ut
1463 1977 1593 2010 scriptum
1605 1976 1707 2002 autob-

908 2016 1045 2049 signatum
1070 2018 1116 2041 aut
1137 2014 1289 2049 depositum
1308 2014 1457 2049 quippiam.
1511 2014 1579 2040 lIacc
1597 2014 1708 2040 enimet

910 2053 970 2079 talia
991 2057 1062 2083 sunt,
1084 2060 1153 2087 quae
1171 2056 1217 2078 aut
1232 2052 1260 2078 in
1274 2060 1301 2078 re
1315 2052 1373 2086 ipsa
1388 2056 1433 2078 aut
1447 2052 1526 2078 etiam
1541 2056 1609 2081 autc,
1625 2060 1706 2086 quam

911 2090 1010 2116 factum
1025 2094 1074 2121 est,
1103 2093 1148 2115 aut
1162 2093 1252 2124 postea
1267 2089 1448 2123 suspiciosum
1464 2090 1564 2115 crimen
1580 2088 1704 2115 efficiant.

911 2129 968 2154 ⁴15.
983 2127 1056 2159 Quae
1067 2127 1089 2153 si
1102 2136 1153 2153 non
1164 2131 1251 2157 erunt,
1264 2130 1352 2153 tamen
1363 2127 1466 2152 caussis
1477 2127 1543 2160 ipsis
1554 2130 1578 2152 et
1589 2125 1707 2152 efficien-

887 2163 889 2173 '
909 2165 936 2191 di
956 2164 1127 2191 facultatibus
1151 2164 1199 2190 niti
1222 2164 1362 2198 oportebit.
1383 2164 1506 2190 adiuncta
1526 2163 1570 2189 illa
1584 2163 1706 2197 disputa-

909 2202 979 2229 tione
993 2202 1138 2233 communi‚
1152 2210 1203 2228 non
1219 2201 1302 2228 fuisse
1316 2201 1393 2227 illum
1404 2206 1456 2227 tam
1469 2205 1609 2231 amentem,
1627 2205 1655 2226 ut
1666 2201 1706 2226 in-

908 2239 976 2266 dicia
1000 2239 1061 2265 sacti
1084 2244 1129 2265 aut
1151 2238 1266 2274 effugere
1283 2243 1328 2265 aut
1345 2238 1476 2265 occultare
1496 2247 1547 2264 uon
1562 2242 1659 2272 posset,
1677 2242 1706 2264 ut

908 2278 944 2303 ita
958 2281 1065 2311 apertus
1079 2281 1158 2307 esset,
1171 2281 1199 2302 ut
1212 2276 1298 2302 locum
1312 2276 1417 2302 crimini
1428 2275 1599 2310 relinqueret.
1628 2275 1706 2300 (Iom-

910 2314 999 2340 munis
1023 2313 1068 2339 ille
1089 2318 1178 2340 contra
1203 2313 1290 2343 locus.
1319 2313 1457 2339 audaciam
1479 2313 1631 2342 temeritati.
1654 2320 1704 2338 non

909 2350 1065 2385 prudentiae
1088 2358 1146 2376 esso
1164 2351 1343 2376 coniunctam.
1389 2352 1445 2376 ttfi.
1471 2350 1598 2384 Sequitur
1616 2354 1704 2375 autem

887 2394 888 2400 ¹
909 2388 953 2414 ille
969 2388 1042 2414 locus
1056 2387 1261 2422 adaugendum,
1277 2396 1328 2413 nou
1339 2396 1397 2413 esse
1407 2387 1626 2421 exspectandum.
1639 2387 1704 2413 dum

909 2425 1033 2457 satcatur3
1056 2425 1220 2459 argumentis
1235 2429 1340 2459 peccata
1357 2425 1493 2456 convinci,
1520 2429 1545 2450 et
1563 2424 1607 2450 hic
1625 2425 1704 2450 ctiam

908 2462 1029 2497 exempla
1045 2466 1185 2496 ponentur.
1209 2462 1331 2488 XXXIV.
1350 2462 1405 2487 ⁴17.
1418 2461 1504 2496 Atque
1520 2461 1583 2487 hacc
1594 2461 1703 2496 quidem

908 2500 940 2526 de
958 2500 1132 2534 argumentis.
1174 2499 1221 2525 Sin
1240 2504 1328 2525 autem
1341 2499 1390 2525 erit
1403 2499 1482 2525 ctiam
1498 2499 1604 2525 testium
1621 2499 1704 2525 tuent-

908 2542 955 2568 tas,
973 2537 1089 2571 primum
1103 2545 1189 2572 getius
1204 2538 1252 2562 erit
1267 2537 1356 2571 ipsum
1372 2536 1534 2562 laudandum
1545 2536 1704 2563 dicendum-

906 2583 968 2609 que,
986 2583 1018 2600 no
1032 2574 1196 2609 argumentis
1211 2578 1344 2600 teneretur
1358 2582 1427 2604 reim,
1444 2574 1533 2608 ipsum
1545 2582 1593 2600 sua
1603 2575 1703 2600 cautio-

908 2620 940 2637 ne
954 2611 1081 2642 effecisse,
1098 2615 1177 2637 testes
1192 2611 1308 2646 ell'ugero
1323 2620 1374 2637 nou
1385 2612 1518 2645 potuisse,
1540 2611 1638 2638 deinde
1647 2612 1704 2638 sin·

906 2648 964 2684 guli
985 2648 1139 2675 laudentur:
1175 2649 1254 2684 (quae
1273 2653 1361 2674 autem
1380 2652 1469 2675 essent
1488 2647 1640 2680 laudabilia,
1661 2648 1704 2674 ‹Ii-

906 2690 978 2713 ctum
990 2686 1055 2721 est;)
1065 2685 1162 2712 deludo
1172 2686 1251 2712 etium
1263 2690 1419 2721 argumento
1430 2686 1518 2718 Iirmo;
1540 2687 1603 2721 quia
1615 2691 1702 2712 tamen
