1941 3052
798 134 852 158 tlt.
887 132 922 158 M.

241 139 301 162 toti

234 211 341 234 amitus,
364 213 485 230 «unimam
502 213 552 229 non
571 203 708 232 obtinens,
733 206 898 236 repugnante
919 206 1022 231 natura,

237 243 315 269 verbu
334 251 436 268 versare
452 242 550 274 ‹bt-pit:
569 245 594 265 et
609 240 724 273 primum
737 239 818 264 rebus
831 239 876 267 iis,
894 246 962 272 quim
977 246 1024 264 nos

236 281 317 306 buna*
329 280 462 306 :lm-intus,
477 277 616 305 coiit-ussit,
632 281 659 301 ut
671 276 832 301 haberentur
842 279 918 309 eptae
927 296 932 305 ,
947 275 1025 300 habi-

236 318 272 343 l··.·³
284 322 308 342 et
320 316 351 341 ud
364 321 483 341 naturum
496 313 721 339 accommodatae:
737 312 866 347 faterique
877 312 972 346 coepit.
981 320 1025 337 sa·
1044 320 1045 324 ¹

235 355 330 389 pit-nti,
348 353 396 378 hoc
407 357 445 376 est
460 359 564 376 summe
575 350 663 379 beato,
676 349 844 375 commodius
856 354 942 375 tamen
954 357 1022 379 esse,
1044 366 1045 389 ἶ

233 400 254 417 ,κι
268 400 296 415 νη
309 398 415 424 qnoque
428 388 535 417 haheat,
552 396 620 422 qum·
636 387 703 413 bona
720 396 770 413 non
783 387 863 412 nudet
873 385 1020 421 appellere;

234 432 324 454 nutura
334 424 590 460 ipsuaccommodata
598 423 797 450 esset-oncedit:
815 429 955 459 negatque,
966 423 1024 449 l'la-
1044 427 1045 436 ¹

234 471 319 491 toni-ni
329 484 334 492 ,
352 464 374 488 si
386 462 493 496 sapiens
505 470 555 487 non
567 462 614 491 sit,
632 461 724 486 eadem
736 470 794 486 esse
807 461 832 487 in
845 469 938 486 caussa
948 481 953 490 ,
970 468 1022 495 qua

233 507 253 528 tt
262 509 373 527 rnnnum
387 500 553 534 Dionysium.
593 499 659 524 lluic
671 499 737 524 mori
748 498 880 532 optimum
892 506 950 523 esse
963 506 1024 531 pro-

233 532 289 573 pin-r
304 537 516 571 ‹lt-sperationem
533 536 693 570 sapientiae:
714 535 752 561 illi
769 540 875 569 propter
889 543 964 569 spem
983 535 1023 560 vi-

234 584 306 601 vere:
330 579 434 608 peccatu
451 578 539 599 autem
556 574 652 607 partini
667 581 726 598 esse
742 572 903 602 tolerabilia,
926 571 1022 606 partim
1044 582 1045 587 ¹

232 612 305 638 nullo
317 611 407 641 niodo,
426 615 562 645 propterea
578 610 649 644 quod
665 610 716 635 alia
731 615 836 644 peccata
849 609 953 643 plures,
971 608 1022 634 ulia

232 650 369 684 pauciores
383 649 461 682 quusi
479 656 604 673 numeros
619 647 700 672 oflicii
714 647 899 681 praeterirent:
917 646 968 671 iam
982 647 1023 671 in-

230 687 359 720 sipientes
375 685 442 711 alios
459 685 492 710 ita
508 694 580 714 esse,
599 689 627 710 ut
643 684 717 710 nullo
729 684 806 710 modo
818 683 850 709 ad
862 683 1021 717 sapientiam

231 727 338 758 possent
353 722 506 757 pervenire:
523 721 603 751 ulios,
620 722 667 756 qui
680 725 800 756 possent,
819 721 842 746 si
854 720 881 746 id
893 721 1020 755 egissent,
1042 701 1045 770 Ι

580 759 622 784 57.
646 759 691 784 llic
703 758 861 793 loquebatur
876 757 965 788 aliter,
983 762 1023 783 nt-

230 760 389 795 sapientiam
401 759 540 793 consequi.

890 795 943 821 Nec
960 803 1022 820 vero

229 806 282 832 que
298 806 404 823 omnes:
422 796 553 822 sentiebat
570 795 653 825 idem,
671 795 743 831 quod
758 795 849 821 ceteri.

230 835 342 861 minoris
354 834 518 860 aestimanda
530 833 645 859 (lucebat
655 842 694 862 ea,
711 841 779 867 quae
791 833 848 866 ipse
861 831 928 858 bona
941 840 1022 867 nega—

230 877 269 898 ret
279 880 347 901 csse,
363 880 444 906 quam
457 870 506 901 illi,
523 871 611 905 quiea
624 870 691 896 bona
703 878 761 896 esse
773 869 907 895 dicebant.
951 868 1021 901 Quid

230 910 313 943 igitur
324 908 408 934 voluit
419 908 486 938 sibi,
504 908 550 942 qui
567 907 610 933 illa
623 906 783 933 mutaverit?
802 906 902 933 Saltem
917 905 1021 941 aliquid

229 946 262 980 de
275 945 390 980 pondere
401 945 573 974 detraxisset,
591 950 616 971 et
629 944 719 979 paullo
731 944 842 970 minoris
853 944 1022 970 aestimavis-

229 988 269 1009 set
284 992 328 1013 ea,
350 991 431 1017 quam
448 982 629 1016 Peripatetici,
653 986 681 1008 ut
698 982 796 1007 sentire
812 989 920 1015 quoque
936 980 1019 1010 aliud,

230 1029 282 1046 non
293 1019 380 1046 solum
392 1019 480 1045 dicere
493 1019 638 1045 videretur.
678 1018 767 1050 Quid?
779 1018 812 1044 de
825 1019 882 1052 ipsa
894 1018 970 1044 beata
981 1018 1022 1043 vi-

230 1062 253 1083 ta
263 1078 269 1087 ,
286 1057 319 1083 ad
331 1065 411 1091 quam
423 1057 512 1083 omnia
525 1055 688 1086 referuntur,
707 1064 775 1090 quae
786 1054 894 1081 dicitis?
913 1055 1022 1090 Negatis

229 1103 287 1120 eam
304 1103 376 1124 esse,
394 1102 462 1128 quae
477 1093 582 1128 expleta
601 1094 636 1119 sit
650 1093 776 1119 omnibus
791 1093 825 1118 iis
841 1092 936 1123 rebus,
954 1100 1021 1126 quas

230 1137 322 1158 nutura
337 1131 483 1157 desideret:
502 1135 636 1165 totamque
653 1139 711 1155 eam
727 1130 754 1156 in
770 1138 823 1155 una
834 1130 932 1156 virtute
944 1129 1023 1164 poni-

230 1169 276 1195 tis:
294 1177 433 1203 quumque
448 1169 536 1194 omnis
552 1167 731 1194 controversia
745 1171 791 1193 aut
801 1166 834 1192 de
846 1175 872 1192 re
884 1166 967 1193 solent
977 1171 1023 1192 aut

229 1206 262 1232 de
278 1206 385 1232 nomine
400 1214 472 1237 esse3
496 1210 607 1239 utraque
623 1213 715 1230 earum
730 1204 861 1234 nascitur,
882 1204 905 1230 si
920 1208 965 1230 aut
980 1212 1022 1230 res

229 1244 366 1278 ignoratur
375 1247 420 1268 aut
430 1246 532 1268 erratur
543 1243 570 1268 in
583 1243 700 1268 nomine.
731 1242 850 1273 Quorum
862 1241 885 1266 si
897 1246 1022 1267 neutrum

228 1285 276 1310 est,
288 1288 367 1314 opera
379 1279 465 1305 danda
478 1284 530 1309 est,
548 1283 577 1305 ut
589 1279 678 1305 verbis
691 1283 798 1305 utamur
808 1286 890 1312 quam
902 1279 1022 1304 usitatis-

227 1318 305 1343 simis
321 1321 346 1343 et
361 1325 442 1351 quam
458 1316 575 1342 maxime
591 1317 673 1351 aptis,
692 1315 718 1341 id
734 1320 774 1342 est
789 1324 844 1341 rem
861 1315 1023 1341 declaranti-

229 1354 290 1380 bus.
331 1354 401 1380 Num
414 1354 496 1389 igitur
507 1353 622 1379 dubium
633 1358 685 1384 est,
699 1354 779 1387 quin,
797 1353 859 1379 siin
871 1361 898 1379 re
910 1353 968 1387 ipsa
980 1353 1023 1379 ni—

229 1391 266 1417 hil
283 1397 408 1426 peccatur
423 1400 437 1417 a
456 1390 656 1425 superioribus,
681 1390 771 1416 verbis
792 1389 832 1416 illi
852 1390 1022 1417 commodius

228 1428 354 1455 utantur‘.²
374 1428 520 1454 Videamus
536 1428 619 1463 igitur
633 1428 778 1454 sententias
793 1435 900 1454 eorum:
918 1433 976 1454 tum
988 1427 1021 1454 ad

228 1466 308 1492 verba
323 1465 474 1492 redeamus.

284 1503 356 1529 XXI.
388 1504 430 1529 58.
459 1503 556 1528 Dicunt
585 1503 777 1537 appetitionem
801 1503 885 1528 animi
906 1502 1017 1533 moveri,

227 1548 312 1574 quum
337 1540 441 1575 aliquid
460 1540 486 1566 ei
501 1539 651 1566 secundum
668 1544 790 1566 naturam
806 1548 866 1565 esse
881 1539 1018 1565 videatur:

227 1578 380 1612 omniaque,
390 1585 459 1612 quae
465 1576 616 1603 secundum
627 1582 749 1603 naturam
760 1577 823 1607 sint,
836 1577 1021 1603 aestimatione

227 1614 318 1649 aliqua
333 1614 428 1650 digna:
458 1622 543 1649 eaque
559 1622 607 1648 pro
623 1622 666 1645 eo,
684 1619 815 1649 quantum
828 1614 855 1640 in
866 1622 975 1648 quoque
986 1613 1021 1640 sit

226 1651 362 1685 ponderis,
376 1660 434 1678 esse
446 1651 625 1678 aestimanda:
646 1659 769 1686 quaeque
781 1651 930 1677 secundum
943 1655 1022 1677 natu-

227 1697 284 1714 ram
295 1689 357 1719 sint,
371 1690 468 1723 partim
480 1688 549 1715 nihil
561 1688 659 1715 habere
671 1690 698 1715 in
705 1688 1017 1723 seseeiusappetitioniS,

227 1725 260 1752 de
274 1734 326 1760 qua
338 1735 417 1760 saepe
428 1727 481 1752 iam
492 1725 622 1757 diximus,
635 1734 704 1760 quae
719 1733 766 1752 nec
779 1725 898 1756 honesta,
907 1724 1021 1751 neclau-

227 1762 327 1789 (labilia
343 1763 480 1789 dicantur:
512 1763 623 1797 partim,
640 1771 709 1797 quae
726 1762 889 1797 voluptatem
905 1762 1021 1788 habeant

228 1801 254 1826 in
266 1801 339 1826 omni
349 1801 492 1830 animante,
506 1799 554 1826 sed
566 1801 593 1826 in
606 1800 714 1826 homine
725 1800 855 1826 rationem
867 1799 960 1832 etiam;
986 1807 1020 1825 ex

228 1838 262 1863 iis
273 1846 341 1872 quae
351 1838 405 1864 sint
415 1842 485 1872 apta,
498 1845 528 1863 ea
539 1837 658 1868 honesta,
671 1845 700 1863 ea
712 1836 837 1871 pulchra,
854 1845 884 1863 ea
897 1836 1021 1862 laudabi-

229 1873 276 1903 lia,
294 1874 339 1901 illa
355 1879 443 1901 autem
455 1874 591 1908 superiora
606 1874 736 1900 naturalia
748 1875 932 1900 nominantur:
949 1881 1019 1908 quae

227 1911 367 1937 coniuncta
387 1919 449 1937 cum
474 1911 594 1937 honestis
614 1912 696 1937 vitam
717 1911 821 1937 beatam
836 1910 979 1945 perficiunt
994 1916 1020 1937 et

227 1948 379 1974 absolvunt.
406 1949 447 1974 59.
463 1947 591 1974 Omnium
603 1953 691 1974 autem
702 1956 793 1974 eorum
805 1948 1017 1978 commodorum,

226 1985 328 2019 quibus
344 1994 394 2011 non
411 1985 451 2010 illi
467 1984 529 2019 plus
545 1985 680 2015 tribuunt,
700 1985 748 2020 qui
764 1985 810 2011 illa
828 1985 897 2012 bona
907 1994 966 2011 esse
977 1985 1020 2011 di-

225 2027 303 2052 cunt,
320 2030 401 2057 quam
413 2022 495 2053 Zeno,
508 2023 556 2056 qui
568 2027 655 2058 negat,
669 2022 746 2058 longe
758 2023 1019 2057 praestantissimum

225 2067 298 2089 esse,
321 2059 394 2094 quod
410 2059 551 2085 honestum
567 2064 637 2086 esset
653 2064 732 2094 atque
750 2059 898 2086 laudabile:
920 2060 981 2090 sed,
996 2061 1020 2086 si

225 2095 280 2122 duo
295 2096 405 2123 honesta
420 2097 554 2131 proposita
570 2097 637 2123 sint.
653 2097 766 2123 alterum
777 2105 840 2123 cum
852 2096 1017 2128 valetudine,

226 2133 340 2159 alterum
351 2142 413 2159 cum
426 2134 531 2159 morbo:
555 2142 606 2160 non
618 2142 678 2160 esse
687 2134 813 2165 dubium,
827 2134 860 2160 ad
872 2139 962 2160 utrum
973 2143 1020 2161 eo-

226 2178 287 2196 rum
305 2175 398 2197 natura
413 2179 461 2197 nos
476 2171 533 2205 ipsa
549 2171 696 2197 deductura
711 2172 756 2197 sit.
796 2171 848 2198 Sed
861 2176 949 2198 tamen
961 2176 1020 2198 tan-

226 2212 281 2234 tam
292 2208 349 2233 vim
360 2216 418 2234 esse
431 2208 585 2238 honestatis,
599 2213 756 2243 tantumque
767 2217 827 2234 ean]
839 2208 920 2235 rebus
930 2210 1020 2235 omni-

227 2244 278 2270 bus
288 2249 422 2279 praestare
434 2250 459 2271 et
468 2245 608 2275 excellere,
623 2250 652 2271 ut
662 2245 745 2272 nullis
756 2254 805 2272 nec
815 2245 960 2280 suppliciis
970 2255 1019 2273 nec

226 2283 353 2316 praemiis
374 2282 511 2308 demoveri
535 2283 619 2317 possit
642 2291 676 2309 ex
691 2291 734 2311 eo.
752 2283 825 2317 quod
841 2288 942 2310 rectum
959 2292 1018 2310 esse

226 2319 387 2345 decreverit:
414 2320 570 2354 omniaque,
584 2328 652 2354 quae
664 2319 744 2351 dura,
757 2320 893 2351 difficilia,
907 2320 1019 2347 adversa

228 2356 377 2386 videantur,
394 2365 424 2382 ea
435 2357 582 2383 virtutibus
595 2357 637 2387 iis,
649 2357 752 2391 quibus
766 2365 780 2383 a
791 2362 885 2384 natura
896 2365 1018 2384 essemus

226 2394 320 2424 ornati,
342 2393 427 2420 obteri
441 2402 530 2428 posse.
571 2395 628 2420 Non
645 2393 737 2420 faciles
753 2394 813 2421 illas
826 2395 952 2430 quidem,
970 2403 1019 2421 nec

227 2430 443 2462 contemnendas,
451 2431 528 2466 (quid
534 2432 606 2458 enim
613 2436 684 2457 esset
695 2431 722 2457 in
730 2432 827 2458 virtute
835 2431 964 2467 tantum?)
970 2432 1019 2458 sed

227 2471 256 2492 ut
268 2466 316 2493 hoe
330 2467 519 2499 indicaremus,
533 2477 585 2495 non
597 2476 656 2494 esse
670 2469 698 2494 in
710 2468 753 2494 his
764 2473 865 2503 partem
872 2469 1018 2495 maximam

229 2504 341 2537 positam
357 2504 432 2531 beate
449 2510 494 2531 aut
509 2514 588 2532 secus
600 2504 721 2531 vivendi.
761 2507 803 2531 60.
818 2506 860 2532 Ad
871 2514 1015 2537 summam,

228 2548 272 2569 ea,
297 2549 365 2574 quae
386 2542 455 2568 Zeno
471 2542 636 2569 aestimanda
649 2547 675 2568 et
685 2542 817 2569 sumenda
828 2547 854 2569 et
864 2548 924 2577 apta
939 2548 1019 2570 natu-

229 2584 272 2602 rae
287 2585 346 2603 esse
361 2577 442 2604 dixit.
459 2579 551 2605 eadem
568 2579 608 2605 illi
624 2579 692 2605 bona
702 2579 850 2614 appellant,
874 2581 957 2606 vitam
968 2589 1018 2607 au—

229 2618 281 2639 tem
302 2613 406 2640 beatam
427 2615 467 2641 illi
487 2624 554 2642 eam.
576 2624 645 2651 quae
665 2621 797 2642 constaret
816 2625 850 2642 ex
869 2617 903 2643 iis
924 2617 1014 2647 rebus,
1038 2636 1040 2651 ,

228 2658 296 2685 quas
307 2650 374 2677 dixi.
387 2656 432 2678 aut
442 2652 567 2686 plurimis
578 2658 624 2679 aut
633 2653 814 2688 gravissimis.
836 2654 906 2680 Zeno
915 2659 1014 2685 autem,
1037 2657 1040 2679 ζ

952 131 982 158 Τ.
1013 131 1286 157 citit-:tumis

1075 200 1146 235 quod
1162 209 1252 229 suam,
1270 200 1341 235 quod
1358 203 1492 235 propriam
1503 203 1619 237 speciem
1635 202 1742 231 habeut.
1758 211 1807 229 cur
1817 212 1865 238 ap-

1076 238 1220 272 petendum
1233 238 1279 267 sit,
1300 238 1325 263 id
1337 238 1424 264 solum
1439 238 1538 265 bonum
1550 239 1678 273 appellat:
1702 240 1805 266 beatam
1816 249 1864 266 au-

1076 280 1127 300 tem
1151 275 1231 300 vitam
1252 283 1309 300 eam
1331 274 1428 305 solnm,
1453 284 1522 310 quae
1542 285 1604 302 cum
1627 278 1723 303 virtute
1739 277 1861 312 degatur.

1077 311 1160 337 xxii.
1178 312 1205 337 Si
1222 311 1255 337 dc
1267 320 1293 337 re
1307 312 1451 346 disceptari
1462 318 1577 347 oportet.
1600 313 1672 339 nulla
1685 314 1752 340 mihi
1764 319 1862 345 tecum,

1075 350 1150 378 (Lato,
1165 353 1251 382 potest
1265 357 1324 374 csse
1339 348 1483 375 dissensio.
1524 350 1597 376 Nihil
1612 356 1652 376 est
1663 352 1748 380 enim.
1766 351 1865 386 dequo

1075 386 1151 411 aliter
1166 390 1192 411 tu
1209 386 1322 415 sentius,
1340 391 1419 421 atque
1434 395 1497 421 ego:
1524 386 1602 413 modo
1616 389 1785 414 commutans
1805 397 1865 414 ver-

1077 422 1118 448 bis
1142 423 1213 456 ipsas
1233 431 1275 448 res
1295 422 1474 449 conferamus.
1515 424 1568 450 Nec
1587 423 1636 450 hoc
1652 425 1696 450 ille
1712 434 1762 452 non
1781 425 1861 452 vidit:

1044 461 1045 471 ¹
1074 459 1120 485 sed
1143 459 1286 485 verborum
1303 461 1499 495 magnificentia
1516 466 1555 487 est
1571 466 1596 486 et
1606 461 1689 496 gloria
1701 461 1862 488 delectatus:

1074 497 1156 531 quisi
1169 505 1289 532 ea,quae
1301 497 1375 527 dicit,
1390 498 1424 523 ita
1435 498 1552 527 sentiret,
1567 503 1595 524 ut
1607 498 1686 524 verba
1699 499 1862 535 significant.

1074 533 1140 568 quid
1163 534 1229 560 inter
1244 543 1306 560 eum
1321 539 1347 560 ct
1363 533 1403 560 vel
1423 535 1586 570 Pyrrhonem
1604 535 1645 561 vel
1661 536 1810 562 Aristonem
1823 538 1865 563 in-

1077 572 1203 597 teresset?
1226 571 1272 597 Sin
1289 576 1377 597 autem
1393 580 1438 597 eos
1450 581 1501 598 non
1513 572 1655 606 probabat:
1678 573 1745 607 quid
1757 575 1865 600 attinuit

1074 616 1135 633 eum
1149 608 1191 638 iis,
1203 608 1368 643 quibuscum
1380 617 1408 635 rc
1418 609 1583 637 concinebat.
1593 609 1683 635 verbis
1695 610 1865 645 discrepare?

1073 647 1115 671 fit.
1131 645 1202 676 Quid
1222 646 1245 671 si
1267 646 1429 672 reviviscant
1442 646 1567 672 Platonici
1581 646 1629 676 illi,
1641 652 1666 673 et
1677 646 1805 682 deinceps
1815 648 1863 682 qui

1073 691 1165 708 eorum
1189 682 1324 709 auditores
1347 683 1467 714 suerunt,
1493 689 1519 710 et
1539 689 1626 710 tecum
1649 684 1683 710 ita
1706 683 1866 719 loquantur?

1074 720 1140 745 »Nos
1151 728 1235 754 quum
1251 725 1284 750 te,
1299 720 1332 746 M.
1345 720 1416 749 Cato,
1426 720 1657 747 studiosissimum
1665 721 1861 756 philosophiae,

1075 757 1254 782 iustissimum
1272 758 1373 788 virum.
1391 759 1523 792 optimum
1543 758 1673 789 iudicem,
1692 758 1864 792 religiosissi-

1074 802 1148 819 mum
1161 798 1253 820 testem
1267 794 1436 824 audiremus,
1453 795 1576 821 admirati
1588 804 1692 825 sumus,
1706 796 1772 830 quid
1783 801 1862 826 esset,

1073 839 1121 856 cur
1141 831 1218 856 nobis
1242 832 1343 857 Stoicos
1359 831 1517 862 anteferres,
1537 833 1584 867 qui
1601 832 1634 858 dc
1650 833 1730 859 rebus
1747 833 1824 859 bonis
1838 838 1866 859 et

1074 867 1152 893 malis
1172 869 1302 894 sentirent
1320 877 1364 899 ea,
1381 877 1450 904 quae
1466 869 1499 895 ab
1516 869 1564 895 hoc
1581 870 1721 896 Polemone
1736 871 1805 896 Zeno
1819 879 1864 896 co-

1073 910 1213 940 gnoverat:
1228 906 1383 932 nominibus
1395 911 1534 932 uterentur
1545 907 1587 934 iis,
1596 915 1665 941 quae
1677 908 1763 941 prima
1773 908 1864 941 specie

1073 942 1285 972 admirationem.
1300 952 1326 969 re
1340 943 1471 978 explicata
1483 944 1567 970 risum
1579 949 1725 970 moverent.
1765 945 1804 970 Tu
1816 953 1865 970 au·

1075 984 1141 1009 tem,
1159 980 1182 1005 si
1199 980 1247 1006 tibi
1265 980 1308 1006 illa
1321 980 1511 1015 probabantur,
1523 989 1572 1007 cur
1583 990 1634 1007 non
1646 982 1761 1016 propriis
1773 981 1864 1007 verbis

1075 1016 1119 1042 illa
1132 1016 1258 1042 tenebas‘?
1278 1017 1326 1043 Sin
1339 1022 1363 1044 te
1374 1019 1516 1044 auctoritas
1527 1019 1725 1044 commovebat:
1751 1018 1863 1044 nobisne

1074 1053 1214 1083 omnibus,
1233 1059 1258 1080 et
1274 1054 1374 1080 Platoni
1387 1055 1453 1089 ipsi,
1471 1056 1562 1081 nescio
1572 1064 1653 1090 quem
1666 1055 1742 1081 illum
1754 1061 1865 1090 antepo-

1075 1090 1171 1121 nebas,
1194 1092 1350 1125 praesertim
1365 1100 1451 1126 quum
1468 1093 1494 1118 in
1510 1092 1647 1126 republica
1664 1094 1790 1127 princeps
1805 1101 1865 1119 esse

1074 1127 1169 1159 venes,
1183 1128 1216 1154 ad
1227 1136 1340 1163 eamque
1351 1129 1477 1155 tuendam
1489 1137 1551 1155 cum
1563 1138 1668 1155 summa
1680 1135 1723 1156 tua
1735 1130 1865 1165 dignitate

1075 1165 1191 1191 maxime
1205 1174 1218 1191 a
1235 1165 1312 1192 nobis
1327 1166 1415 1192 ornari
1430 1171 1510 1200 atque
1525 1167 1622 1192 instrui
1638 1166 1748 1201 posses?
1782 1167 1865 1193 Nobis

1074 1203 1146 1228 enim
1163 1203 1212 1229 ista
1227 1203 1362 1237 quaesita,
1382 1211 1396 1229 a
1412 1203 1490 1229 nobis
1505 1203 1652 1238 descripta,
1670 1209 1770 1233 notata,
1788 1213 1866 1239 prae-

1074 1244 1148 1273 cepta
1160 1244 1235 1266 sunt:
1257 1241 1434 1275 omniumque
1446 1249 1536 1266 rerum
1547 1241 1862 1275 pulilicarumrectiones,

1073 1285 1185 1312 genera,
1207 1282 1306 1308 status,
1327 1278 1500 1308 mutationes,
1519 1277 1592 1314 leges
1608 1279 1688 1304 etiam
1703 1283 1728 1305 et
1744 1279 1865 1305 instituta

1074 1323 1103 1340 ac
1115 1322 1202 1341 mores
1213 1315 1352 1341 civitatum
1364 1315 1583 1349 perscripsimus.
1604 1315 1779 1351 Eloquentiae
1791 1324 1862 1345 vero,

1074 1360 1142 1386 quae
1158 1356 1184 1378 et
1200 1352 1370 1386 principibus
1386 1353 1504 1379 maximo
1514 1358 1669 1379 ornamento
1679 1358 1728 1381 est.
1741 1358 1829 1388 etqua
1840 1358 1865 1380 te

1073 1388 1230 1415 audivimus
1245 1389 1333 1415 valere
1347 1389 1509 1424 plurimum,
1522 1395 1653 1424 quantum
1665 1390 1714 1416 tibi
1724 1399 1758 1417 ex
1768 1398 1866 1417 monu-

1075 1427 1172 1452 mentis
1188 1427 1285 1452 nostris
1301 1426 1482 1453 addidisses&
1498 1427 1535 1453 Ea
1546 1435 1631 1462 quum
1642 1427 1783 1458 dixissent,
1797 1427 1864 1463 quid

1075 1463 1182 1489 tandem
1203 1463 1302 1490 talibus
1323 1464 1390 1490 viris
1406 1464 1600 1499 responderes?
1623 1466 1665 1491 62.
1682 1465 1812 1501 Rogarem
1828 1470 1862 1496 te,

1073 1501 1170 1535 inquit,
1183 1505 1213 1527 ut
1226 1501 1330 1527 diceres
1340 1509 1388 1536 pro
1399 1510 1441 1528 me
1453 1507 1481 1528 tu
1492 1501 1564 1528 idem
1573 1522 1579 1532 ,
1591 1502 1639 1537 qui
1651 1501 1706 1528 illis
1719 1503 1864 1529 orationem

1073 1537 1246 1569 dictavisses,
1264 1538 1306 1564 vel
1323 1539 1413 1573 potius
1428 1538 1550 1574 paullum
1566 1538 1616 1565 loci
1631 1539 1711 1570 mihi,
1730 1545 1758 1566 ut
1769 1539 1812 1566 his
1822 1547 1866 1566 re-

1072 1575 1247 1609 sponderem,
1264 1575 1356 1607 dares,
1374 1577 1427 1602 nisi
1442 1581 1468 1602 et
1481 1581 1505 1602 te
1515 1575 1609 1603 audire
1619 1585 1690 1603 nunc
1702 1576 1822 1607 mallem,
1839 1581 1866 1603 et

1074 1613 1132 1638 istis
1144 1618 1232 1639 tamen
1242 1612 1295 1639 alio
1306 1618 1424 1647 tempore
1436 1621 1616 1648 responsurus
1626 1622 1713 1640 essem
1721 1635 1727 1644 ,
1740 1619 1797 1640 tum
1810 1614 1867 1640 sci·

1073 1649 1143 1680 licet,
1156 1658 1241 1684 quum
1253 1650 1312 1676 tibi.
1344 1650 1441 1676 XXIII.
1453 1651 1546 1685 Atqui,
1559 1651 1583 1676 si
1595 1659 1689 1677 verum
1703 1651 1865 1686 respondere

1073 1686 1170 1717 velles,
1189 1687 1264 1717 Cato,
1284 1687 1349 1713 haec
1363 1692 1438 1713 erant
1452 1687 1580 1713 dicenda:
1613 1687 1671 1714 Non
1686 1695 1731 1714 eos
1747 1688 1796 1714 tibi
1811 1697 1863 1714 non

1072 1724 1210 1758 probatos,
1232 1725 1312 1750 tantis
1328 1725 1446 1759 ingeniis
1465 1724 1587 1750 homines
1608 1729 1733 1759 tantaque
1749 1726 1866 1752 auctori-

1072 1766 1136 1791 tate,
1155 1761 1202 1787 sed
1219 1766 1243 1787 te
1258 1761 1494 1792 animadvertisse,
1512 1769 1580 1796 quas
1595 1770 1637 1787 res
1649 1762 1689 1788 illi
1700 1768 1807 1797 propter
1816 1771 1865 1788 an-

1072 1799 1223 1833 tiquitatem
1243 1806 1339 1833 parum
1355 1798 1502 1829 vidissent,
1522 1807 1568 1825 eas
1583 1807 1597 1824 a
1613 1798 1710 1825 Stoicis
1725 1808 1784 1826 esse
1803 1808 1865 1834 per-

1071 1840 1186 1870 spectas,
1205 1835 1363 1870 eisdemque
1373 1835 1407 1861 de
1418 1835 1499 1861 rebus
1523 1836 1571 1862 hos
1586 1842 1642 1862 tum
1652 1837 1757 1863 acutius
1776 1836 1865 1863 disse-

1072 1874 1168 1903 ruisse,
1191 1877 1247 1899 tum
1268 1873 1386 1899 sensisse
1404 1873 1516 1908 gravius
1531 1878 1557 1899 et
1568 1872 1677 1904 fortius,
1698 1874 1801 1908 quippe
1815 1875 1864 1908 qui

1071 1911 1190 1945 primum
1205 1909 1387 1936 valetudinem
1402 1910 1500 1936 bonam
1515 1910 1694 1944 expetendam
1709 1915 1807 1947 negent
1821 1919 1865 1937 es-

1071 1956 1113 1978 se,
1135 1947 1288 1983 eligendam
1307 1947 1410 1979 dicant,
1444 1955 1496 1973 non
1517 1948 1581 1982 quia
1597 1947 1698 1974 bonum
1714 1948 1749 1974 sit
1762 1947 1861 1978 valere,

1071 1984 1118 2011 sed
1134 1986 1197 2019 quia
1213 1986 1248 2011 sit
1263 1993 1315 2011 non
1331 1983 1417 2011 nihilo
1432 1984 1644 2011 aestimandum:
1675 1993 1764 2020 neque
1775 1990 1863 2012 tamen

1071 2022 1171 2057 pluris,
1187 2030 1269 2057 quam
1281 2021 1335 2048 illis
1346 2021 1466 2052 videtur,
1479 2022 1528 2056 qui
1538 2021 1607 2048 illud
1619 2030 1670 2049 non
1681 2021 1806 2049 dubitant
1815 2022 1864 2048 bo-

1072 2068 1137 2086 num
1156 2059 1255 2085 dicere.
1296 2059 1349 2085 Hoc
1368 2067 1432 2085 vero
1447 2064 1471 2085 te
1487 2059 1555 2085 ferre
1571 2067 1623 2086 non
1638 2060 1772 2094 potuisse,
1789 2059 1862 2094 quod

1071 2098 1176 2132 antiqui
1191 2096 1246 2127 illi,
1263 2097 1342 2131 quasi
1353 2096 1471 2127 barbati,
1490 2101 1519 2122 ut
1533 2105 1582 2122 nos
1592 2096 1625 2122 de
1636 2096 1734 2123 nostris
1744 2096 1863 2123 solemus

1070 2135 1168 2165 dicere,
1182 2133 1354 2164 crediderint,
1367 2134 1439 2164 eius,
1452 2134 1500 2168 qui
1510 2133 1621 2160 honeste
1633 2134 1744 2164 viveret,
1756 2134 1780 2160 si
1790 2133 1861 2160 idem

1071 2173 1152 2198 etiam
1172 2171 1240 2197 bene
1264 2170 1376 2200 valeret,
1400 2170 1468 2196 bene
1489 2170 1606 2201 audiret,
1635 2171 1761 2205 copiosus
1780 2175 1859 2200 esset,

1070 2208 1258 2244 optabiliorem
1276 2207 1332 2234 fore
1348 2208 1430 2234 vitam
1440 2207 1633 2243 melioremque
1647 2213 1673 2235 et
1682 2209 1769 2243 magis
1779 2215 1862 2242 expe-

1072 2246 1188 2277 tendam,
1201 2254 1283 2281 quam
1295 2245 1379 2275 illius,
1392 2246 1450 2280 qui,
1459 2253 1544 2280 aeque
1551 2245 1593 2271 vir
1603 2245 1699 2275 bonus,
1712 2245 1799 2271 multis
1807 2253 1862 2270 mo-

1070 2286 1110 2310 dis
1121 2288 1200 2314 esset,
1213 2288 1243 2309 ut
1253 2283 1333 2309 Ennii
1346 2283 1480 2313 Alcmaeo,

1173 2323 1359 2346 circumventus
1369 2321 1462 2350 morbo,
1475 2321 1569 2346 exsilio
1578 2324 1654 2353 atque
1664 2320 1760 2351 inopia.

1070 2359 1112 2384 63.
1132 2357 1174 2384 llli
1191 2358 1274 2392 igitur
1291 2358 1397 2392 antiqui
1413 2365 1465 2383 non
1476 2361 1530 2383 tam
1541 2361 1617 2383 acute
1629 2354 1816 2390 optabiliorem
1827 2355 1862 2381 il-

1071 2394 1123 2421 lam
1140 2395 1222 2420 vitam
1234 2399 1329 2429 putant
1339 2395 1573 2429 praestantiorem,
1586 2393 1746 2419 beatiorem:
1777 2391 1861 2418 Stoici

1069 2437 1159 2458 autem
1174 2431 1360 2458 tantummodo
1374 2430 1590 2466 praeponendam
1601 2430 1629 2456 in
1642 2428 1794 2464 seligendo,
1808 2437 1860 2455 non

1069 2477 1123 2503 quo
1143 2469 1246 2495 beatior
1261 2468 1326 2495 haec
1335 2470 1391 2495 vita
1406 2469 1454 2499 sit,
1475 2467 1523 2494 sed
1539 2466 1613 2502 quod
1627 2466 1661 2492 ad
1676 2471 1798 2492 naturam
1816 2475 1861 2492 ac-

1069 2505 1274 2537 commodatior,
1294 2510 1334 2537 et,
1352 2506 1400 2541 qui
1418 2506 1553 2539 sapientes
1568 2511 1620 2530 non
1631 2503 1694 2533 sint,
1707 2511 1801 2530 omnes
1815 2511 1861 2529 ae—

1069 2551 1122 2577 que
1142 2543 1254 2569 miseros
1278 2551 1348 2569 esse.
1387 2542 1469 2569 Stoici
1490 2541 1555 2567 haec
1575 2539 1701 2566 videlicet
1722 2540 1857 2566 viderunt.

1069 2580 1130 2606 Illos
1141 2585 1229 2606 autem
1242 2579 1270 2606 id
1280 2579 1556 2615 fugeratsuperiores:
1573 2575 1856 2613 [quiarbitrabantun]

1069 2617 1192 2643 homines
1211 2616 1360 2643 sceleribus
1383 2622 1408 2642 et
1427 2614 1580 2650 parricidiis
1599 2614 1753 2648 inquinatos
1773 2613 1859 2640 nihilo

1068 2654 1220 2680 miseriores
1231 2662 1299 2684 esse,
1312 2661 1395 2688 quam
1405 2661 1460 2683 eos,
1472 2653 1529 2686 qui,
1542 2660 1628 2686 quum
1638 2656 1710 2678 caste
1719 2656 1745 2677 et
1755 2651 1858 2686 integre
