1941 3052
292 151 622 178 EPISTOLARUM
652 150 706 176 AD
735 149 766 182 Q.
802 148 1014 175 FRATREM
1045 148 1126 174 LIB.
1157 149 1193 174 11.
1224 148 1284 174 ΕΡ.
1307 149 1422 174 3—6.
1628 148 1676 173 805

35 233 66 251 eo
81 223 181 254 scribo,
199 222 271 257 quod
288 230 330 248 me
344 221 376 248 de
391 221 529 248 retinenda
545 221 626 248 Sestii
637 221 721 256 gratia
734 220 829 246 litteris
849 219 852 241 l

34 270 114 296 saepe
126 260 264 286 monuisti.
285 260 310 285 7.
326 259 398 285 Prid.
421 259 459 285 Id.
472 259 538 285 haec
550 259 647 293 scripsi
659 263 718 284 ante
731 257 827 284 lucem.

34 300 72 326 Eo
87 298 130 324 die
146 297 218 332 apud
229 296 406 331 Pomponium
423 297 450 322 in
467 296 525 322 eius
537 297 640 330 nuptiis
651 304 723 322 eram
735 303 830 321 caena-

36 341 121 363 turus.
153 334 245 361 Cetera
261 338 325 360 sunt
341 334 367 360 in
379 333 460 359 rebus
473 333 571 359 nostris
583 332 740 359 huiusmodi
751 332 791 367 (ut
802 337 829 358 tu
852 339 853 383 1

37 372 105 400 mihi
128 371 182 398 fere
205 371 339 397 diffidenti
355 370 540 405 praedicabas)
556 370 634 404 plena
649 370 790 405 dignitatis
806 373 831 395 et

37 410 151 446 gratiae:
174 417 243 443 quae
254 408 366 444 quidem
378 413 431 439 tua,
446 409 482 434 mi
496 407 582 438 frater,
596 407 748 442 prudentia,
761 407 831 441 pati·
852 402 854 421 l

36 447 119 477 entia.
138 447 249 477 virtute,
267 446 378 480 pietate.
396 446 528 472 suavitate
539 445 632 475 etiam.
647 445 696 471 tibi
709 444 831 478 mihique
853 426 854 462 l

36 489 99 511 sunt
113 483 244 510 restituta.
275 484 374 509 Domus
391 483 439 509 tibi
451 482 484 508 ad
496 482 586 508 lucum
600 482 703 508 Pisonis
715 481 832 507 Licinia-

37 530 70 548 na
81 521 212 547 conducta
223 524 272 546 est.
299 520 361 551 Sed⁷
376 524 404 546 ut
414 528 502 554 spero,
516 520 609 554 paucis
621 519 761 545 mensibus
773 521 833 552 post
854 524 855 527 ’

36 558 149 585 Kalend.
181 558 274 590 Quint.
290 558 318 583 in
329 562 402 584 tuam
414 556 616 592 commigrabis.
647 557 731 582 Tuam
744 556 770 581 in
782 556 832 581 Ca·
853 531 862 593 i}

37 596 104 622 rinis
120 595 215 621 mundi
233 595 395 621 habitatores
412 595 519 620 Lamiae
534 593 731 620 conduxerunt.
770 592 792 618 A
808 596 832 618 te
861 594 862 610 i

37 637 97 668 post
112 632 187 659 illam
198 632 355 658 Olbiensem
366 631 506 666 epistolam
518 630 605 657 nullas
618 630 717 657 litteras
729 629 830 663 accepi.
854 630 862 645 l*

36 670 108 703 Quid
124 679 187 706 agas
203 674 229 696 et
244 674 273 696 ut
283 674 307 696 te
321 668 448 699 oblectes,
465 670 533 695 scire
543 669 637 702 cupio,
660 667 832 701 maximeque
854 668 862 673 '¹

36 708 155 742 teipsum
175 707 267 733 videre
282 707 495 741 quamprimum.
536 706 618 735 Cura,
640 705 677 730 mi
694 704 785 734 frater,
805 708 834 729 ut

37 745 142 771 valeas:
174 748 199 770 et
220 752 385 778 quamquam
401 748 442 770 est
458 744 558 774 hiems,
577 746 665 768 tamen
681 741 832 768 Sardiniam

38 783 118 808 istam
129 790 187 808 esse
199 781 309 816 cogites.
330 789 377 807 xv.
394 780 506 807 Kalend.
519 781 594 806 Mart.

93 851 132 871 lv.
149 851 166 871 Α
174 851 191 870 R
199 851 227 871 G.
244 851 277 870 De
291 850 366 871 Sestio
381 849 483 870 absoluta
491 865 496 874 ,
511 850 538 870 de
548 849 641 870 Vatinio
651 851 742 872 vexato,
755 848 781 868 tle
791 847 833 868 filii

38 886 126 910 studiis.
138 886 165 906 de
175 892 227 905 suae
237 888 258 905 et
267 885 378 905 fraternae
387 885 463 905 domus
474 884 635 909 aedificatione,
646 885 673 904 de
683 884 833 904 Tulliacms-
855 887 864 904 Μ

39 921 110 948 sipedi
120 921 281 947 despondenda.
300 923 387 945 (Romae,
402 922 521 940 Manet-ilina.
532 921 621 945 Philippu
632 929 677 939 eum.
690 922 745 943 70⁸.)

207 966 242 992 M.
265 964 408 992 CICERO
427 965 458 997 Q.
481 965 624 992 FRATRI
645 965 673 991 S.

94 1005 116 1030 l.
139 998 247 1029 Sestius
259 1007 348 1029 noster
358 1002 498 1029 absolutus
510 1007 550 1028 est
561 1011 584 1029 a.
598 1002 624 1029 d.
638 1011 673 1029 iv,
686 1002 725 1028 Id.
738 1003 830 1035 Mart.;

0 1040 1 1043 ’
38 1045 72 1072 et,
85 1040 157 1076 quod
171 1041 343 1067 vehementer
354 1039 475 1066 interfuit
486 1040 662 1074 reipublicae,
676 1039 779 1066 nullam
791 1041 834 1066 vi-

39 1078 96 1104 deri
111 1079 139 1104 in
155 1077 289 1104 eiusmodi
305 1086 400 1104 caussa
411 1077 608 1104 dissensionem
620 1086 688 1108 esse,
706 1077 833 1103 omnibus

39 1116 179 1142 sententiis
191 1114 331 1141 absolutus
342 1119 391 1141 est.
426 1115 505 1146 Illud,
519 1115 590 1150 quod
603 1115 653 1141 tibi
664 1123 743 1149 saepe
754 1123 833 1141 curae

38 1161 97 1179 esse
113 1152 307 1183 intellexeram,
325 1161 357 1178 ne
372 1153 416 1178 cui
429 1153 523 1187 iniquo
535 1152 749 1187 relinqueremus
761 1153 835 1179 vitu-

38 1190 150 1225 perandi
166 1189 268 1221 locum,
286 1190 333 1224 qui
345 1198 393 1216 nos
408 1190 526 1225 ingratos
537 1198 596 1216 esse
609 1190 717 1221 diceret,
735 1190 788 1216 nisi
801 1189 834 1215 il-

40 1227 93 1254 lius
108 1228 312 1262 perversitatem
327 1227 493 1262 quibusdam
509 1227 536 1253 in
553 1227 633 1253 rebus
644 1236 725 1262 quam
738 1227 834 1253 huma-

38 1265 151 1291 nissime
168 1264 312 1290 ferremus:
336 1265 402 1291 scito
418 1265 467 1290 hoc
479 1273 526 1290 nos
542 1265 569 1290 in
586 1273 616 1291 eo
628 1265 729 1291 iudicio
740 1273 835 1291 conse-

39 1306 115 1328 cutos
126 1310 194 1333 esse,
208 1302 369 1328 utomnium
380 1302 528 1337 gratissimi
543 1301 735 1328 iudicaremur.
766 1303 834 1328 Nam

39 1340 67 1366 in
88 1339 257 1365 defendendo
277 1348 381 1365 moroso
402 1339 510 1365 homine
525 1339 740 1365 cumulatissime
755 1340 835 1365 satis-

38 1376 164 1407 fecimus,
182 1381 208 1402 et
223 1376 260 1411 (id
272 1376 344 1411 quod
357 1376 401 1402 ille
413 1377 530 1403 maxime
542 1377 677 1412 cupiebat)
688 1377 832 1407 Vatinium,

39 1422 54 1440 a
68 1423 122 1449 quo
138 1414 225 1448 palam
241 1414 457 1449 oppugnabatur,
473 1414 602 1440 arbitratu
614 1419 703 1440 nostro
714 1414 836 1440 concidi-

40 1460 100 1477 mus
121 1451 174 1477 diis
190 1451 402 1486 hominibusque
418 1451 621 1486 plaudentibus.
666 1451 738 1483 Quin
754 1452 834 1477 etiam

39 1488 148 1514 Paullus
170 1493 258 1514 noster
278 1497 363 1523 quum
383 1489 457 1515 testis
479 1488 625 1523 productus
645 1493 716 1515 esset
731 1489 757 1514 in
774 1490 836 1515 Ses-

39 1526 121 1557 tium,
144 1526 325 1556 confirmavit,
348 1534 376 1552 se
399 1534 496 1552 nomen
513 1526 612 1552 Vatinii
628 1526 794 1557 delaturum,
812 1527 835 1552 si

39 1563 127 1590 Macer
147 1564 268 1589 Licinius
289 1568 471 1590 cunctaretur:
495 1568 521 1589 et
536 1564 623 1589 Macer
643 1572 657 1590 a
673 1564 753 1589 Sestii
769 1564 836 1589 sub-

39 1600 125 1627 selliis
143 1601 275 1631 surrexit,
293 1609 323 1626 ac
338 1609 366 1626 se
383 1600 423 1627 illi
440 1609 490 1627 non
507 1600 663 1627 defuturum
680 1600 834 1627 affirmavit.

39 1637 109 1670 Quid
121 1637 247 1673 quaeris‘?
261 1637 340 1664 homo
351 1638 474 1673 petulans
486 1642 510 1664 et
522 1638 618 1668 audax,
633 1639 765 1669 Vatinius,
779 1637 837 1664 val-

39 1675 72 1701 de
88 1675 260 1710 perturbatus
276 1675 489 1710 debilitatusque
505 1675 640 1702 discessit.
677 1678 701 1702 2.
717 1675 835 1708 Quintus

40 1717 111 1744 tuus,
124 1721 192 1747 puer
205 1713 333 1747 optimus,
347 1713 469 1740 eruditur
481 1713 598 1748 egregie.
630 1713 683 1739 lloc
696 1722 766 1739 nunc
779 1722 834 1739 ma-

39 1750 81 1786 gis
97 1749 294 1781 animadverto,
312 1750 384 1785 quod
396 1751 530 1786 Tyrannio
541 1750 617 1776 docet
628 1750 700 1785 apud
711 1759 763 1777 me.
785 1751 836 1777 Do-

39 1795 100 1813 mus
116 1788 258 1822 utriusque
270 1792 390 1814 nostrum
402 1787 557 1814 aedificatur
568 1793 686 1814 strenue.
719 1787 834 1814 Redem-

40 1825 108 1859 ptori
120 1829 164 1851 tuo
175 1824 321 1851 dimidium
337 1825 466 1859 pecuniae
477 1826 580 1852 curavi.
622 1826 705 1860 Spero
717 1834 764 1851 nos
776 1830 835 1851 ante

41 1861 157 1888 hiemem
167 1861 372 1888 contubernales
383 1862 448 1889 fore.
470 1863 506 1888 De
517 1867 605 1889 nostra
618 1862 714 1893 Tullia,
728 1863 767 1889 tui
779 1872 836 1888 me-

41 1898 148 1925 hercule
164 1899 347 1926 amantissima
356 1920 362 1930 ,
380 1908 458 1934 spero
469 1908 530 1926 cum
543 1900 701 1935 Crassipede
713 1908 760 1926 nos
772 1909 836 1926 con-

41 1935 148 1962 fecisse.
189 1936 250 1962 Dies
266 1941 341 1963 erant
355 1937 421 1967 duo,
441 1937 488 1971 qui
503 1942 563 1971 post
578 1938 686 1964 Latinas
703 1937 836 1963 habentur

41 1973 174 2008 religiosi,
198 1974 333 2008 ceteroqui
345 1974 355 1986 ‘
367 1973 518 2000 consectum
530 1980 598 2005 erat;
623 1975 710 2001 Latiar
721 1980 775 2001 erat
787 1983 836 2000 ex-

41 2011 138 2037 iturus.

96 2080 122 2100 V.
139 2080 156 2100 Λ
164 2080 214 2099 RG.
237 2080 268 2100 De
278 2079 370 2107 pecnnia
382 2079 487 2106 Pompeio
499 2079 520 2099 iu
532 2087 575 2100 rem
587 2080 751 2101 frumentariam
762 2081 835 2101 :locre-

42 2119 77 2140 εις
101 2115 127 2135 de
142 2121 193 2139 agen
209 2116 318 2141 Campano
335 2114 386 2140 quid
401 2114 424 2134 in
439 2117 516 2135 uenatu
528 2118 599 2136 artum
611 2115 648 2139 uir,
660 2119 679 2136 et
691 2116 718 2136 de
728 2117 756 2137 Μ.
768 2116 835 2137 Furio

42 2150 119 2172 Flacco
130 2150 156 2170 dt·
167 2149 269 2175 rollegiiu
281 2149 358 2170 eiecto.
387 2151 478 2172 (Romae.
494 2152 613 2171 Mum-unm.
625 2153 713 2176 Philippu
724 2160 769 2170 ross.
781 2156 836 2173 09⁸.)

196 2194 376 2221 MARCUS
406 2194 438 2226 Q.
470 2195 638 2222 FRATRI
660 2196 688 2223 S.

100 2243 122 2267 l.
146 2236 282 2267 Dederam
298 2240 330 2266 ad
344 2245 366 2266 te
380 2240 480 2266 litteras
491 2245 577 2271 antea,
591 2242 692 2276 quibus
703 2246 759 2268 erat
769 2243 836 2268 scri-

43 2282 127 2314 ptum,
145 2278 261 2304 Tulliam
279 2282 394 2304 nostram
411 2278 565 2312 Crassipedi
582 2279 652 2313 prid.
669 2280 735 2306 Non.
749 2279 834 2314 April.

43 2323 101 2342 esse
112 2315 299 2350 desponsatam
310 2325 314 2341 :
331 2319 472 2349 ceteraque
483 2315 516 2340 de
529 2324 555 2341 re
562 2315 671 2350 publica
678 2317 836 2352 privataque

43 2353 261 2388 perscripseram.
304 2353 395 2379 Postea
417 2357 480 2378 sunt
497 2352 561 2377 baec
577 2358 644 2380 acta.
686 2355 752 2380 Non.
771 2354 834 2388 Apr.

43 2394 150 2417 senatus
165 2391 287 2417 consulto
304 2390 429 2424 Pompeio
445 2390 557 2424 pecunia
574 2390 678 2417 decreta
690 2395 730 2417 est
742 2391 768 2417 in
781 2400 835 2417 rem

43 2425 243 2456 frumentariam
264 2427 296 2454 ad
318 2427 381 2453 ll-S
397 2435 472 2452 cccc.
514 2427 566 2453 Sed
582 2428 675 2454 eodem
695 2428 738 2454 die
754 2428 837 2454 vehe-

44 2469 145 2491 menter
158 2470 246 2492 actum
258 2465 290 2491 de
302 2473 365 2499 agro
376 2464 836 2499 Campanoclamores-enatusprope

44 2501 200 2529 concionati.
241 2503 376 2529 Aci-iorem
397 2510 520 2528 caussam
544 2502 632 2536 inopia
651 2503 780 2537 pecuniae
798 2502 836 2528 sa-

44 2537 131 2565 ciebet
139 2544 164 2566 et
175 2548 294 2566 annonae
305 2539 411 2566 caritas.
453 2541 478 2565 2.
502 2539 558 2564 Nou
571 2541 790 2573 praetermittam.
805 2548 836 2565 ne

45 2573 112 2602 illud
127 2577 250 2611 quidem:
275 2578 309 2603 M.
328 2577 439 2602 Furium
457 2575 591 2607 Flaccum,
609 2577 728 2611 equitem
742 2578 837 2603 Roma-

44 2619 118 2644 num,
137 2614 272 2640 bominem
284 2622 410 2649 nequam,
430 2613 574 2648 Capitolini
585 2614 793 2640 etalercuriales
804 2614 836 2640 de

44 2648 156 2686 collegio
176 2651 320 2683 eiecerunt,
343 2656 524 2685 praesentem,
548 2651 580 2677 ad
597 2651 679 2686 pedes
696 2652 777 2678 tinius
789 2660 837 2678 cu-

855 718 863 731 s
884 711 974 732 autem
994 707 1074 732 etiam
1089 706 1122 732 de
1138 711 1162 732 te
1177 711 1272 741 questa
1283 711 1332 732 est.

855 791 863 810 :;
885 782 936 807 Res
961 781 1090 815 agebatur
1111 780 1203 806 multis
1224 780 1411 806 structoribus.

855 875 864 879 ,,
885 864 913 882 se
930 855 999 881 velle
1015 855 1093 881 nobis
1109 855 1224 889 placere.

855 1017 864 1028 v.
886 1010 925 1032 tos
941 1005 973 1031 ad
986 1006 1143 1039 Pompeium
1161 1005 1254 1030 lectica
1267 1004 1336 1031 latus
1348 1013 1419 1031 sum.

855 1064 856 1071 ,
887 1043 976 1069 venire
993 1052 1045 1069 non
1061 1047 1209 1077 potueram,
1227 1042 1300 1077 quod
1314 1042 1444 1068 abfuerat.

857 1545 859 1552 τ
888 1530 971 1556 fabris
984 1529 1071 1555 locum
1084 1529 1157 1555 (lare.

46 2685 141 2722 iusque
153 2688 291 2715 iacentem.

933 218 972 239 Vl.
992 218 1068 238 ΛΚΕ.
1085 218 1118 238 De
1136 217 1196 237 filiae
1211 220 1231 237 et
1243 217 1383 244 Crassipedis
1399 215 1548 244 sponsalibus.
1565 218 1585 235 et
1595 216 1622 235 de
1633 216 1677 236 fra-

881 253 922 273 tris
947 253 1100 273 aedificatione
1122 252 1214 276 scribit,
1236 252 1318 272 imitat
1337 252 1433 273 fratrem,
1453 254 1476 271 ut
1493 251 1581 274 redeat;
1598 250 1678 270 deinde

881 296 945 314 quurn
965 288 1011 308 alia
1029 288 1133 314 quaedam
1152 288 1178 307 de
1193 294 1238 314 rep,
1254 290 1298 307 tum
1313 286 1386 313 qualis
1401 286 1432 306 sit
1446 285 1537 306 Lentuli
1550 284 1676 306 Marcellini

881 331 927 344 ees.
940 323 963 343 in
973 323 1092 343 coercendo
1104 322 1183 342 Clodiu
1195 329 1268 349 opera,
1280 322 1355 342 refert.

1061 360 1148 379 (ll-imae.
1158 359 1279 378 Marruuium.
1290 359 1378 381 Philvppu
1389 365 1436 376 coss.
1447 359 1502 379 503.)

1014 402 1050 428 M.
1078 402 1244 429 CICERO
1268 401 1300 434 Q.
1322 401 1492 428 FRATRI
1512 401 1541 428 S.

941 447 963 471 l.
988 441 1026 471 Α.
1044 445 1070 472 d.
1091 454 1145 472 viu.
1159 445 1274 480 1d.Apr.
1288 445 1422 480 sponsalia
1435 444 1589 479 Crassipedi
1600 453 1678 479 prae-

883 482 940 508 bui.
990 483 1057 508 lluic
1080 483 1206 509 convivio
1230 492 1298 517 puer
1320 484 1452 517 optimus,
1477 482 1595 514 Quintus
1617 486 1678 508 tuus

884 528 1025 554 meusque,
1048 520 1120 554 quod
1137 520 1280 554 perleviter
1295 525 1444 546 commotus
1460 519 1554 550 fuerat,
1577 518 1676 545 defuit:

884 566 910 583 a.
930 557 957 583 d.
976 566 1010 583 VI.
1032 557 1071 583 Id.
1092 557 1177 592 April.
1195 558 1255 583 veni
1272 557 1304 583 ad
1320 557 1464 589 Quintum.
1488 565 1605 591 eumque
1621 556 1679 582 vidi

884 594 962 629 plane
975 595 1120 629 integrum,
1133 594 1303 629 multumque
1315 596 1338 620 is
1351 603 1456 620 mecum
1468 602 1618 620 sermonem
1631 593 1679 619 ha-

854 644 862 657 1:
885 632 945 657 buit
961 637 986 658 et
1001 632 1200 666 perhumanum
1216 632 1248 657 de
1261 632 1404 658 discordiis
1417 631 1562 657 mulierum
1576 636 1679 657 nostra-

885 678 955 694 rum.
1004 669 1075 700 Quid
1098 668 1224 703 quaeris?
1259 669 1327 695 nihil
1349 669 1484 695 festivius.
1534 668 1678 702 Pomponia

1373 706 1426 732 Sed
1438 706 1502 732 haec
1513 714 1601 732 coram
1616 714 1680 741 age-

997 745 1022 769 ⁶2.
1044 743 1066 769 A
1084 752 1167 778 puero
1183 749 1212 769 ut
1226 743 1349 774 discessi,
1368 744 1395 769 in
1412 752 1499 769 aream
1516 748 1588 769 tuam
1605 743 1677 768 veni.

1462 780 1616 815 Longilium
1638 788 1680 805 re-

1357 818 1450 844 Fidem
1471 818 1539 843 mihi
1555 816 1677 847 faciebat,

1594 854 1680 887 Magis

885 752 956 769 mus.

885 818 1051 852 demptorem
1072 818 1223 844 cohortatus
1244 827 1316 844 sum.

1265 856 1364 881 Domus
1375 856 1425 881 erit
1436 855 1554 890 egregia.

855 904 856 911 ¹
885 893 956 919 enim
969 893 1043 919 cerni
1054 893 1106 918 iam
1119 897 1228 927 poterat,
1241 901 1323 927 quam
1334 897 1465 927 quantum
1478 901 1511 918 ex
1518 891 1680 917 sormaiudi-

855 955 857 959 Δ
885 931 1024 956 cabamus.

1078 931 1197 964 Itemque
1221 934 1310 956 nostra
1332 930 1454 955 celeriter
1478 929 1679 955 aedificabatur.

886 969 922 994 Eo
934 967 977 993 die
989 968 1099 993 caenavi
1111 967 1182 1001 apud
1194 967 1393 1002 Crassipedem.
1427 967 1558 993 Caenatus
1576 967 1602 992 in
1619 966 1682 992 bor-

1460 1004 1606 1030 Lucceium
1617 1012 1682 1029 con-

1484 1041 1581 1067 Videre
1592 1045 1682 1066 autem

886 1080 1018 1111 volebam,
1032 1080 1104 1115 quod
1116 1089 1187 1106 eram
1203 1080 1332 1114 postridie
1340 1080 1420 1106 Roma
1432 1080 1564 1109 exiturus,
1573 1083 1599 1104 et
1609 1077 1681 1112 quod

886 1117 931 1144 ille
948 1118 974 1143 in
987 1118 1139 1143 Sardiniam
1152 1118 1201 1143 iter
1213 1117 1337 1144 habebat.
1380 1117 1518 1143 llominem
1531 1116 1645 1142 conveni
1657 1120 1683 1141 et

886 1155 919 1181 ab
930 1164 960 1181 eo
971 1155 1064 1190 petivi,
1079 1160 1108 1181 ut
1121 1155 1324 1189 quamprimum
1339 1159 1363 1181 te
1375 1154 1452 1181 nobis
1464 1153 1596 1180 redderet.
1622 1152 1683 1179 Sta-

887 1194 934 1220 tim
949 1192 1028 1219 dixit.
1069 1193 1132 1218 Erat
1147 1197 1236 1219 autem
1253 1193 1340 1218 iturus
1355 1191 1501 1227 (utaiebat)
1513 1200 1537 1217 a.
1550 1190 1577 1217 d.
1591 1199 1628 1216 111.
1642 1190 1680 1216 ld.

885 1231 960 1265 Apr.‚
976 1235 1004 1256 ut
1015 1234 1059 1256 aut
1071 1230 1218 1260 Labrone*,
1233 1235 1278 1256 aut
1289 1230 1358 1256 Pisis
1370 1228 1570 1255 conscenderet.
1593 1230 1617 1254 3.
1631 1228 1680 1258 Tu,

886 1269 922 1294 mi
940 1267 1026 1298 frater,
1039 1267 1121 1293 simul
1133 1272 1162 1293 ut
1174 1267 1218 1293 ille
1229 1268 1340 1298 venerit,
1349 1268 1464 1301 primam
1472 1266 1680 1301 navigationem,

885 1305 1042 1340 (dummodo
1060 1305 1154 1330 idonea
1166 1309 1310 1339 tempestas
1322 1304 1365 1338 sit)
1378 1313 1409 1330 ne
1420 1304 1554 1330 omiseris.
1592 1302 1683 1337 Ἀμφι-

887 1344 983 1376 λαᾳιίιν
995 1347 1083 1368 autem
1096 1342 1179 1373 illam,
1193 1350 1274 1377 quam
1287 1347 1314 1368 tu
1326 1342 1396 1368 soles
1408 1341 1506 1371 dicere,
1521 1340 1590 1366 bono
1604 1339 1683 1366 modo

886 1380 1018 1409 desidero,
1033 1380 1071 1405 sic
1083 1388 1202 1414 prorsus,
1216 1384 1244 1405 ut
1256 1379 1443 1405 advenientem
1455 1377 1683 1412 excipiamliben-

888 1422 939 1448 ter,
964 1417 1087 1443 latentem
1103 1417 1182 1442 etiam
1196 1426 1266 1442 nunc
1279 1425 1329 1442 non
1341 1417 1466 1442 excitem.
1507 1415 1606 1441 Tribus
1618 1414 1683 1440 locis

887 1454 1008 1484 aedifico,
1032 1454 1134 1489 reliqua
1152 1455 1324 1485 reconcinno;
1348 1454 1411 1480 vivo
1427 1452 1517 1488 paullo
1533 1451 1681 1481 liberalius,

887 1501 969 1527 quam
981 1491 1110 1518 solebam.
1150 1492 1224 1526 Opus
1236 1496 1300 1521 erat,
1314 1492 1336 1516 si
1349 1496 1372 1517 te
1385 1491 1521 1521 haberem,
1536 1489 1684 1524 paullisper

1198 1528 1251 1555 Sed
1265 1533 1290 1555 et
1303 1529 1366 1554 liaeo
1378 1529 1416 1563 (ut
1428 1528 1515 1563 spero)
1528 1527 1603 1553 brevi
1616 1527 1685 1552 inter

889 1576 935 1593 nos
951 1567 1225 1593 communicabimus.
1267 1567 1290 1592 4.
1314 1567 1364 1591 Res
1380 1571 1468 1592 autem
1480 1566 1612 1591 Romanae
1624 1572 1683 1589 sese

888 1605 926 1630 sic
939 1605 1048 1630 habent.
1079 1603 1177 1630 Consul
1189 1609 1229 1630 est
1241 1604 1366 1639 egregius
1379 1603 1518 1633 Lentulus,
1532 1611 1583 1628 nou
1598 1602 1683 1636 impe-

887 1642 976 1668 diente
991 1641 1106 1675 collega:
1135 1642 1182 1671 sic,
1198 1642 1317 1676 inquam,
1333 1641 1428 1671 bonus,
1443 1645 1471 1666 ut
1483 1639 1620 1666 meliorem
1632 1647 1683 1664 non

889 1680 1014 1706 viderim.
1045 1680 1107 1705 Dies
1118 1678 1267 1705 comitiales
1279 1679 1377 1704 exemit
1389 1687 1492 1704 omnes.
1525 1678 1591 1703 Nam
1604 1677 1684 1702 ctiam

889 1717 996 1743 Latinae
1020 1717 1215 1742 instaurantur:
1249 1725 1297 1742 nec
1319 1721 1405 1742 tamen
1422 1716 1531 1741 deerant
1546 1713 1685 1748 supplica-

889 1756 987 1781 tiones.
1028 1755 1053 1780 5.
1076 1754 1121 1780 Sic
1143 1753 1250 1789 legibus
1271 1753 1511 1788 perniciosissimis
1532 1752 1682 1780 obsistitur,

889 1793 1005 1818 maxime
1027 1792 1147 1818 Catonis:
1181 1791 1225 1817 cui
1247 1796 1333 1817 tamen
1353 1791 1460 1825 egregie
1478 1789 1607 1824 imposuit
1621 1788 1685 1814 Milo

889 1835 986 1856 noster.
1036 1830 1103 1855 Nam
1127 1828 1172 1854 ille
1189 1828 1289 1855 vindex
1305 1828 1483 1863 gladiatorum
1503 1832 1527 1853 et
1544 1827 1686 1853 bestiario·

889 1877 948 1894 rum
965 1871 1065 1893 emerat
1080 1866 1112 1892 de
1124 1866 1253 1893 Cosconio
1265 1870 1290 1892 et
1302 1866 1447 1900 Pomponio
1459 1864 1612 1891 bestiarios:
1637 1871 1685 1889 nec

887 1906 945 1931 sine
958 1905 1001 1931 his
1012 1904 1121 1931 armatis
1134 1912 1263 1938 umquam
1276 1904 1302 1929 in
1313 1903 1422 1938 publico
1435 1902 1529 1928 suerat.
1553 1902 1604 1928 llos
1615 1900 1685 1927 alere

889 1952 940 1969 non
952 1946 1063 1977 poterat.
1101 1942 1191 1975 ltaque
1203 1941 1250 1968 vix
1262 1941 1376 1967 tenebat.
1409 1940 1498 1966 Sensit
1509 1939 1581 1965 Milo.
1609 1938 1685 1964 Dedit

887 1980 995 2006 cuidam
1012 1988 1063 2005 non
1081 1978 1207 2005 familiari
1224 1978 1375 2013 negotium,
1393 1978 1440 2012 qui
1456 1978 1514 2003 sine
1530 1976 1685 2011 suspicione

887 2022 987 2043 emeret
998 2026 1057 2043 eam
1070 2016 1199 2042 familiam
1212 2025 1225 2041 a
1237 2016 1347 2042 Catone:
1371 2024 1441 2050 quae
1452 2014 1626 2048 simulatque
1637 2013 1685 2039 ab-

887 2055 967 2081 ducta
978 2059 1027 2085 est,
1042 2053 1169 2083 Racilius,
1178 2053 1226 2088 qui
1239 2061 1310 2079 [inus
1321 2058 1361 2079 est
1373 2053 1422 2079 boe.
1434 2051 1684 2086 temporetribunus

888 2092 986 2127 plebis,
1009 2100 1064 2117 rem
1086 2090 1223 2126 patefecit,
1246 2099 1346 2125 eosque
1369 2090 1491 2115 homines
1511 2089 1565 2115 sibi
1580 2093 1685 2122 eruptos

887 2138 946 2155 esse
962 2129 1032 2155 dixit
1046 2129 1095 2164 (sic
1106 2128 1179 2154 enim
1191 2127 1337 2162 placuerat)
1348 2132 1372 2153 et
1384 2126 1502 2153 tabulam
1516 2125 1682 2161 proscripsit.

889 2176 920 2193 si:
936 2174 1081 2192 Faunum
1097 2171 1286 2190 cnon-imum
1301 2170 1504 2188 ven-nirenun.
1536 2162 1563 2187 lu
1577 2170 1634 2187 eam
1649 2168 1686 2188 {a-

890 2203 982 2230 bulam
1004 2201 1095 2237 magni
1119 2201 1190 2226 risus
1213 2198 1456 2233 consequebantur.
1507 2199 1584 2224 Nune
1605 2199 1687 2232 igitur

888 2242 1014 2267 Catonem
1037 2238 1166 2266 Lentulus
1182 2248 1195 2264 a
1212 2238 1318 2273 legibus
1335 2239 1457 2268 removit.
1475 2242 1501 2264 et
1516 2246 1570 2267 eos.
1589 2237 1636 2271 qui
1652 2235 1684 2261 de

889 2279 1000 2304 Caesare
1016 2281 1132 2303 monstra
1150 2276 1368 2311 promulgarunt,
1391 2275 1494 2310 quibus
1511 2273 1685 2300 intercederet

889 2324 976 2341 nemo.
1018 2315 1084 2340 Nam
1100 2313 1172 2348 quod
1188 2313 1221 2338 de
1238 2313 1364 2347 Pompeio
1378 2312 1509 2339 Caninius
1524 2312 1589 2345 agit,
1607 2319 1685 2336 sane—

888 2361 969 2387 quain
991 2351 1105 2378 refrixit.
1148 2351 1240 2385 Neque
1261 2350 1333 2376 euim
1351 2359 1392 2375 res
1409 2350 1549 2384 probatur,
1567 2353 1592 2374 et
1608 2348 1683 2373 l'oni-

888 2391 966 2424 peius
979 2393 1067 2415 noster
1082 2389 1106 2413 in
1118 2388 1235 2413 amicitia
1249 2387 1275 2413 l'.
1286 2386 1390 2413 Lentuli
1404 2388 1612 2420 vituperatur,et
1625 2384 1685 2410 ber-

887 2427 947 2452 cule
969 2436 1019 2452 nnn
1036 2430 1075 2451 est
1092 2425 1173 2450 idem.
1216 2425 1280 2451 Nam
1297 2424 1368 2458 apud
1387 2423 1459 2449 illam
1473 2422 1684 2457 perditissimam

888 2469 967 2499 atque
989 2464 1108 2489 intimam
1130 2462 1228 2488 sacccm
1246 2461 1337 2496 populi
1355 2466 1461 2495 propter
1478 2460 1603 2486 Milonem
1619 2459 1685 2485 sub-

887 2501 1010 2529 ollentlit;
1049 2505 1074 2526 ct
1094 2500 1157 2525 boui
1174 2499 1256 2525 multa
1273 2499 1306 2524 ab
1322 2508 1352 2524 eo
1367 2498 1530 2527 desiderant.
1548 2497 1631 2523 multa
1643 2505 1684 2522 re-

889 2537 1069 2573 prehendunt.
1110 2536 1283 2563 Marcellinus
1298 2541 1386 2561 autem
1405 2535 1453 2561 hoc
1470 2544 1522 2561 uno
1539 2534 1606 2560 milii
1622 2535 1684 2569 qui-

888 2576 950 2602 dem
972 2584 1023 2601 nou
1040 2574 1182 2604 satisfacit,
1203 2574 1275 2609 qiiod
1292 2582 1353 2599 eum
1371 2573 1452 2599 iiiniis
1468 2581 1560 2607 aspere
1577 2576 1681 2598 tractat:

888 2621 1053 2648 quamquam
1075 2612 1102 2638 id
1118 2616 1212 2638 senatu
1229 2620 1280 2637 uon
1298 2611 1382 2636 invito
1399 2610 1474 2636 fucit:
1507 2618 1561 2644 quo
1576 2618 1626 2644 ego
1642 2618 1684 2634 me

889 2650 1017 2676 libentius
1034 2659 1047 2675 a
1062 2650 1137 2675 curia
1148 2654 1173 2675 et
1184 2649 1217 2675 ab
1231 2649 1305 2675 oiuni
1317 2653 1389 2682 parte
1402 2646 1566 2682 reipublicae
1577 2646 1684 2673 subtra-

889 2688 932 2714 Ιιυ.
973 2689 998 2714 6,
1025 2687 1053 2714 ln
1076 2686 1186 2714 iudiciis
1203 2686 1221 2712 ii
1237 2694 1347 2717 sumus,
1365 2685 1414 2721 qui
1431 2685 1543 2712 suimus.
1584 2684 1683 2710 Doiuus
