1941 3052
471 134 522 160 DE
552 132 863 160 DIVINATIONE
894 133 973 160 LIB.

65 207 126 234 ctici
137 205 240 236 dicent,
257 213 308 231 non
320 204 418 230 divini.
453 203 542 236 Quid?
552 213 638 239 quum
649 205 800 239 quaeritur,
814 205 861 239 qui
883 229 891 240 ἶ,

65 245 100 270 sit
109 243 228 278 optimus
241 241 406 276 reipublicae
417 245 514 272 status,
533 250 601 276 quae
613 241 699 277 leges,
716 242 763 276 qui
775 250 861 267 mores

65 285 110 307 aut
120 279 200 306 utiles
211 284 257 306 aut
267 279 390 312 inutiles3
407 279 601 313 haruspicesne
611 288 646 305 ex
656 279 761 305 Etruria
774 287 862 305 arces-

65 322 165 348 sentur,
179 326 211 343 an
223 317 360 351 principes
371 321 496 347 statuent,
513 321 538 343 et
549 316 646 342 delecti
659 317 720 347 viri,
729 316 808 350 periti
820 324 862 342 re-

65 364 124 382 rum
140 353 282 381 civilium?
312 356 350 380 12.
372 353 449 386 Quod
464 354 487 379 si
503 362 551 380 nec
567 362 659 380 earum
671 362 774 384 rerum,
791 361 861 388 quae
882 362 890 392 ξ’

64 392 200 419 subiectae
211 391 337 418 sensibus
348 396 419 421 sunt,
429 390 483 417 ulla
494 391 624 417 divinatio
636 395 688 423 est,
703 399 858 421 necearum,

64 438 133 465 quae
144 429 247 455 artibus
258 429 441 461 continentur3
455 437 503 454 nec
513 437 691 463 earum,quae
702 429 729 454 in
741 427 862 462 philoso-
889 431 890 434 ’

63 467 128 502 phia
140 466 323 499 disseruntur3
346 474 395 492 nec
406 474 511 497 earum,
531 474 600 500 quae
612 466 639 491 in
650 465 789 500 republica
802 474 862 491 ver-

63 509 170 531 santur:
193 512 308 539 quarum
330 512 419 529 rerum
439 504 486 534 sit,
510 502 578 529 nihil
599 511 709 537 prorsus
727 502 858 537 intelligo.

64 542 132 567 Nam
153 546 198 567 aut
212 542 334 567 omnium
350 540 430 567 debet
444 549 516 571 esse,
539 545 585 566 aut
602 540 691 574 aliqua
708 540 732 566 ei
750 540 860 566 materia

63 579 152 605 danda
168 583 220 609 est,
244 579 270 604 in
287 587 338 612 qua
355 578 456 604 versari
471 578 565 612 possit.
606 577 659 603 Sed
675 586 723 603 nec
738 578 859 604 omnium

64 616 196 642 divinatio
207 620 260 646 est,
278 620 307 641 ut
323 616 388 641 ratio
398 615 502 647 docuit,
521 623 570 641 nec
581 614 669 645 locus,
687 623 736 640 nec
750 615 859 641 materia

64 654 210 684 invenitur,
224 653 269 679 cui
280 652 474 679 divinationem
486 652 629 687 praeficere
641 653 787 686 possimus.
814 652 860 678 Vi-

64 691 96 717 de
109 691 201 726 igitur,
215 699 248 716 ne
260 689 332 716 nulla
345 691 379 716 sit
390 690 530 716 divinatio.
554 690 584 715 V.
597 690 643 715 Est
654 689 765 724 quidam
777 689 861 716 Grae-

63 737 112 755 cus
124 728 244 763 vulgaris
256 728 282 753 in
297 727 363 753 hanc
374 727 533 754 sententiam
546 735 653 753 versus:

101 766 167 792 Bene
178 768 223 799 qui
234 768 357 795 coniiciet,
370 768 452 791 valent
463 768 529 791 hunc
537 766 671 797 perhibebo
681 766 809 796 optimum.

64 803 134 829 Num
147 803 229 838 igitur
240 807 293 833 aut,
307 811 376 837 quae
388 806 531 836 tempestas
542 801 704 836 impendeat,
718 806 791 828 vates
803 809 860 826 me-

65 840 118 866 lius
129 840 266 870 coniiciet,
284 848 365 874 quam
381 838 560 874 gubernator?
575 843 620 864 aut
635 838 722 864 morbi
738 843 859 864 naturam

64 879 183 908 acutius,
202 885 283 912 quam
300 876 434 909 medicus,
457 881 502 902 aut
521 875 584 901 belli
600 875 859 901 administrationem

65 915 233 949 prudentius,
246 922 328 948 quam
340 914 492 948 imperator,
505 914 656 939 coniectura
668 912 844 947 assequetur‘.>

122 953 161 978 43.
183 951 235 977 Sed
255 951 447 981 animadverti,
469 950 580 983 Quinte,
604 955 628 976 te
644 955 719 976 caute
736 956 761 976 et
776 950 810 976 ab
826 951 860 976 iis

63 989 238 1019 coniecturiS,
260 997 328 1023 quae
344 988 473 1014 haberent
488 992 571 1014 artem
586 992 665 1023 atque
678 987 858 1022 prudentiam,

64 1031 90 1053 et
104 1027 137 1052 ab
154 1027 187 1052 iis
203 1026 298 1057 rebus,
316 1034 385 1060 quae
401 1025 527 1052 sensibus
544 1031 589 1052 aut
603 1025 723 1051 artificiis
738 1026 861 1060 percipe-

63 1068 168 1094 rentur,
190 1063 323 1090 abducere
339 1063 546 1092 divinationem:
565 1071 678 1098 eamque
690 1063 724 1089 ita
737 1063 858 1094 definire,

63 1101 261 1127 Divinationem
286 1109 346 1126 esse
370 1109 462 1126 earum
487 1109 575 1126 rerum
602 1100 812 1135 praedictionem
836 1105 862 1126 et

64 1139 295 1173 praesensionem,
314 1146 382 1173 quae
398 1142 488 1164 essent
503 1137 636 1164 fortuitae.
678 1138 799 1164 Primum
816 1146 861 1164 eo-

64 1176 126 1202 dem
142 1175 299 1202 revolveris.
341 1176 408 1201 Nam
428 1180 453 1202 et
474 1175 573 1201 medici
589 1179 614 1201 et
631 1175 817 1211 gubernatoris
837 1180 861 1202 et

64 1214 233 1248 imperatoris
243 1213 398 1247 praesensio
413 1217 453 1239 est
467 1221 556 1239 rerum
570 1212 749 1239 fortuitarum.
790 1213 860 1239 Num

64 1251 148 1286 igitur
170 1255 215 1277 aut
236 1250 372 1284 haruspex
391 1254 437 1276 aut
461 1259 548 1285 augur
567 1254 612 1276 aut
638 1255 710 1276 vates
730 1251 792 1285 quis
817 1255 862 1276 aut

64 1289 203 1314 somnians
220 1287 317 1313 melius
333 1288 490 1317 coniecerit,
514 1292 558 1314 aut
573 1296 587 1314 e
604 1288 696 1314 morbo
716 1296 861 1313 evasurum

64 1330 202 1361 aegrotum
219 1329 264 1351 aut
279 1334 292 1350 e
309 1324 428 1359 periculo
444 1333 539 1350 navem
556 1329 601 1351 aut
616 1333 650 1351 ex
667 1324 773 1351 insidiis
785 1333 862 1351 exer-

64 1364 158 1393 citum,
171 1371 251 1397 quam
266 1362 396 1393 medicus,
405 1371 485 1396 quam
496 1362 666 1397 gubernator.
683 1371 764 1397 quam
776 1363 862 1397 impe—

66 1399 152 1426 rator‘?
184 1401 222 1426 14.
241 1400 321 1434 Atqui
333 1408 365 1425 ne
378 1399 422 1426 illa
434 1399 546 1434 quidem
557 1399 705 1426 divinantis
718 1408 777 1425 esse
788 1399 862 1426 dice-

66 1437 122 1468 bas,
137 1441 230 1463 ventos
241 1441 286 1463 aut
296 1437 397 1463 imbres
410 1437 595 1471 impendentes
607 1437 772 1471 quibusdam
785 1445 862 1471 prae-

65 1475 162 1502 sentire
170 1475 271 1509 signis:
288 1474 325 1508 (in
342 1483 396 1508 quo
411 1479 498 1500 nostra
511 1474 642 1509 quaedam
655 1475 748 1501 Aratea
761 1483 863 1501 memo-

65 1512 129 1538 riter
149 1520 162 1537 a
183 1516 207 1538 te
226 1512 396 1545 pronuntiata
416 1511 505 1546 sunt:)
525 1512 575 1538 etsi
596 1512 661 1538 haec
682 1513 739 1546 ipsa
756 1511 861 1538 fortuita

65 1553 141 1575 sunt:
159 1548 318 1583 plerumque
331 1549 413 1579 enim,
431 1557 481 1575 non
493 1557 600 1583 semper
610 1549 748 1575 eveniunt.
789 1550 862 1581 Quae

65 1590 105 1612 est
121 1586 215 1621 igitur,
237 1590 283 1612 aut
299 1586 345 1612 ubi
362 1591 484 1612 versatur
501 1585 668 1612 fortuitarum
684 1595 773 1612 rerum
786 1595 863 1621 prae—

66 1624 168 1653 sensio,
187 1632 268 1657 quam
283 1622 476 1649 divinationem
493 1623 589 1650 vocas?
608 1624 682 1655 Quae
697 1625 769 1650 enim
786 1632 863 1659 prae-

65 1661 159 1687 sentiri
171 1665 215 1686 aut
226 1665 280 1686 arte
291 1665 337 1687 aut
349 1661 448 1687 ratione
459 1665 505 1687 aut
516 1670 566 1687 usu
581 1666 627 1687 aut
637 1662 788 1688 coniectura
800 1670 863 1696 pos-

65 1702 141 1728 sunt,
164 1706 193 1724 ea
213 1707 264 1724 non
285 1697 388 1724 divinis
409 1698 551 1725 tribuenda
573 1703 665 1733 putas,
688 1698 735 1724 sed
756 1700 860 1734 peritis.

66 1736 102 1762 Ita
118 1734 292 1770 relinquitur,
310 1740 338 1761 ut
353 1744 382 1762 ea
400 1735 505 1762 fortuita
522 1735 639 1762 divinari
658 1737 774 1771 possint,
793 1745 862 1771 quae

66 1772 139 1799 nulla
151 1781 199 1799 nec
209 1777 263 1799 arte
275 1781 323 1799 nec
334 1773 464 1807 sapientia
480 1773 616 1807 provideri
630 1779 755 1808 possunt:
780 1779 821 1804 ut,
839 1775 862 1800 si

65 1811 128 1845 quis
140 1810 174 1837 M.
188 1810 343 1837 Marcellum
355 1810 446 1841 illum=
465 1811 512 1845 qui
529 1815 567 1837 ter
581 1811 674 1837 consul
687 1810 751 1842 suit,
770 1811 862 1838 multis

65 1847 143 1874 annis
150 1847 331 1874 antedixisset
342 1847 481 1883 naufragio
491 1857 550 1874 esse
563 1849 726 1882 periturum.
740 1848 863 1875 divinas-

66 1889 106 1911 set
117 1884 244 1919 profecto.
284 1884 364 1911 Nulla
379 1885 451 1911 enim
466 1890 520 1911 arte
535 1886 586 1911 alia
603 1885 644 1917 id,
667 1895 715 1912 nec
730 1887 860 1920 sapientia

66 1922 135 1948 scire
147 1922 286 1956 potuisset.
327 1921 432 1948 Talium
445 1930 507 1958 ergo
519 1931 621 1954 rerum,
637 1931 706 1958 quae
719 1924 745 1950 in
758 1923 861 1950 fortuna

66 1959 168 1994 positae
183 1963 259 1989 sunt.
277 1959 432 1993 praesensio
447 1959 578 1986 divinatio
593 1965 643 1986 est.
683 1961 726 1987 Vl.
752 1962 789 1987 15.
813 1962 862 1987 1³0-

66 2000 151 2023 testne
166 1996 248 2031 igitur
259 2004 350 2022 earum
363 2005 538 2031 rerum,quae
549 1997 617 2023 nihil
630 1997 729 2024 habent
741 1998 859 2030 rationis,

65 2042 149 2069 quare
162 2033 265 2060 suturae
276 2034 339 2064 sint,
349 2033 402 2060 ulla
409 2042 468 2060 esse
475 2033 646 2068 praesensio?
656 2034 727 2066 Quid
739 2039 779 2061 est
789 2036 861 2061 enim

65 2070 139 2098 aliud
151 2070 213 2101 sors.
227 2070 294 2106 quid
307 2070 420 2101 fortuna,
434 2071 500 2106 quid
512 2072 675 2106 casus,quid
686 2076 807 2103 eventus,
821 2073 863 2098 ni-

65 2109 89 2135 si
100 2116 186 2143 quum
197 2108 236 2134 sic
247 2107 351 2143 aliquid
363 2108 473 2139 cecidit,
490 2109 529 2135 sic
540 2109 643 2140 evenit,
661 2114 690 2136 ut
701 2109 742 2135 vel
756 2118 807 2136 non
818 2118 863 2136 ca-

65 2145 128 2172 dere
140 2150 220 2180 atque
231 2146 349 2177 evenire,
359 2145 400 2172 vel
413 2145 488 2172 aliter
499 2145 593 2172 cadere
604 2151 683 2181 atque
695 2147 803 2173 evenire
815 2155 863 2181 po-

65 2182 163 2210 tuerit‘?
183 2182 241 2215 Quo
252 2182 330 2209 modo
341 2192 404 2219 ergo
417 2183 456 2213 id.
475 2183 546 2218 quod
562 2188 660 2210 temere
673 2184 699 2210 fit
709 2192 788 2210 caeco
798 2193 862 2210 casu

65 2225 91 2247 et
103 2219 271 2247 volubilitate
284 2219 414 2251 fortunae,
423 2221 581 2255 praesentiri
592 2226 618 2247 et
628 2221 746 2256 praedici
761 2221 864 2256 potest‘?

67 2259 108 2284 16.
128 2257 250 2284 Medicus
266 2257 389 2284 morbum
406 2258 636 2293 ingravescentem
652 2259 753 2286 ratione
772 2260 863 2294 provi—

65 2295 124 2326 det,
142 2294 256 2321 insidias
274 2295 430 2329 imperator,
455 2299 624 2330 tempestates
660 2296 815 2323 ubernator:
839 2302 864 2323 et

67 2338 155 2359 tamen
167 2332 195 2358 hi
208 2332 260 2367 ipsi
272 2340 351 2367 saepe
363 2331 506 2363 falluntur,
523 2333 571 2367 qui
587 2305 657 2359 nihii
670 2334 728 2360 sine
739 2339 809 2361 certa
822 2343 862 2360 rn-

67 2370 138 2396 tione
149 2370 307 2404 opinantur:
322 2374 351 2396 ut
361 2369 486 2405 agricola.
495 2378 580 2404 quum
592 2369 682 2397 florem
694 2371 767 2397 oleae
779 2371 861 2402 videt,

67 2407 160 2433 bacam
172 2415 280 2442 quoque
293 2415 321 2433 so
334 2407 456 2433 visurum
474 2411 560 2441 putat:
584 2416 635 2434 non
647 2408 706 2434 sine
719 2409 818 2435 ratione
831 2408 864 2434 il—

68 2443 91 2470 le
106 2443 230 2478 quidem3
248 2444 295 2470 sed
311 2453 514 2478 nonnumquam
531 2448 618 2471 tamen
636 2444 746 2472 fallitur.
786 2445 862 2478 Quod

66 2481 90 2507 si
102 2480 231 2508 l'alluntur
243 2482 270 2512 ii.
280 2482 327 2516 qui
339 2481 406 2508 nihil
419 2482 477 2507 sine
487 2481 576 2516 aliqua
588 2481 864 2516 probabilieoniectu-

67 2527 95 2545 ra
105 2526 135 2544 ac
146 2518 246 2545 ratione
258 2519 365 2545 dicunt:
381 2519 448 2554 quid
460 2519 671 2545 existimandum
683 2524 723 2545 est
733 2519 766 2545 de
773 2520 863 2546 conie-

67 2560 142 2582 ctura
152 2563 254 2587 eorum,
262 2557 310 2591 qui
321 2557 391 2583 extis
405 2561 451 2582 aut
461 2555 559 2582 nvibus
570 2561 616 2582 aut
625 2557 736 2583 ostentis
749 2562 794 2583 aut
805 2566 864 2583 ora-

67 2591 137 2619 culis
152 2596 199 2619 aut
208 2593 321 2620 somniis
335 2593 421 2620 futura
435 2592 635 2628 praeeeiitiunt‘?
655 2593 779 2620 Nondum
791 2594 861 2625 dico,

68 2638 150 2665 quam
161 2629 226 2656 haec
235 2631 312 2667 signa
325 2631 398 2658 nulla
409 2631 472 2662 sint,
487 2630 580 2657 lissum
593 2631 702 2661 iecoris.
715 2631 788 2657 corvi
799 2640 864 2658 cau-

68 2666 234 2699 tus,volatus
245 2667 461 2703 aquilae‚stellae
473 2668 600 2700 traiectio,
614 2677 693 2695 voees
705 2667 861 2700 furentium,

882 203 891 217 μ

1005 134 1040 160 ll.
1073 133 1163 160 CAP.
1197 136 1210 161 2
1230 150 1267 154 —
1287 136 1311 160 8.
1646 139 1708 163 4153

912 209 1009 235 sortes,
1027 205 1144 231 somnia:
1168 204 1200 231 de
1216 206 1318 240 quibus
1333 205 1450 241 singulis
1465 205 1552 232 dicam
1569 215 1618 233 suo
1635 206 1705 233 loco:

913 250 984 268 nunc
995 242 1028 268 de
1039 243 1185 268 universis.
1228 243 1268 269 47.
1290 243 1341 274 Qui
1357 248 1444 278 potest
1458 244 1608 278 provideri,
1626 244 1709 279 quid-

889 294 890 299 «
912 288 993 313 quam
1006 279 1127 306 futurum
1138 288 1206 310 esse,
1215 280 1287 314 quod
1299 289 1386 315 neque
1398 289 1521 307 caussam
1534 281 1613 308 habet
1625 281 1707 308 ullam

913 325 1000 350 neque
1021 322 1123 347 notam,
1150 325 1198 342 cur
1218 317 1338 343 futurum
1360 318 1412 344 sit?
1443 318 1512 345 Solis
1532 319 1704 348 defectiones,

913 354 1030 388 itemque
1047 354 1138 385 lunae,
1161 354 1353 388 praedicuntur
1368 356 1395 381 in
1412 355 1511 383 multos
1522 365 1606 383 annos
1617 356 1705 387 abiis,

889 420 890 426 1
911 391 960 424 qui
975 391 1095 417 siderum
1110 400 1206 417 cursus
1222 397 1247 418 et
1262 397 1350 418 motus
1365 394 1485 420 numeris
1497 399 1706 429 persequuntur.

912 428 947 453 Ea
960 430 1030 454 enim
1043 428 1209 462 praedicunt,
1218 437 1287 464 quae
1300 434 1408 456 naturae
1420 433 1565 458 necessitas
1574 431 1708 466 perfectu-

912 474 939 491 ra
951 470 1000 491 est.
1032 466 1129 491 Vident
1140 474 1174 492 ex
1184 468 1401 494 constantissimo
1413 473 1486 494 motu
1499 468 1586 499 lunae,
1600 469 1708 504 quando

913 502 958 528 illa
973 511 987 528 e
1003 505 1110 538 regione
1126 503 1191 529 solis
1208 503 1274 530 sacta
1290 505 1408 531 incurrat
1424 506 1450 531 in
1467 507 1591 532 umbram
1612 511 1706 537 terrae,

911 548 980 574 quae
997 546 1036 566 est
1053 545 1119 566 meta
1137 541 1235 572 noctis,
1259 546 1288 567 ut
1304 550 1362 568 eam
1377 542 1515 569 obscurari
1533 552 1641 570 necesse
1657 545 1705 570 sit:

911 577 1073 612 quandoque
1089 577 1182 604 eadem
1199 578 1262 604 luna
1278 579 1397 605 subiecta
1420 585 1499 615 atque
1519 583 1640 616 opposita
1657 581 1706 608 soli

912 616 1010 641 nostris
1021 615 1106 641 oculis
1118 616 1177 641 eius
1190 614 1280 642 lumen
1292 617 1429 644 obscuret:
1444 626 1497 652 quo
1508 619 1534 644 in
1541 620 1709 654 signoquae-

910 660 963 687 que
975 653 1120 679 errantium
1133 653 1285 684 stellarum,
1308 663 1416 689 quoque
1428 660 1547 689 tempore
1558 656 1645 682 sutura
1658 656 1705 682 sit:

911 691 959 724 qui
975 694 1083 716 exortus
1099 699 1207 725 quoque
1222 690 1266 717 die
1281 692 1354 726 signi
1369 692 1498 723 alicuius,
1517 698 1562 720 aut
1573 694 1620 728 qui
1632 702 1709 720 occa-

911 736 958 753 sus
976 727 1083 753 futurus
1098 728 1142 754 sit.
1184 729 1252 754 llaec
1267 730 1315 763 qui
1331 734 1390 755 ante
1406 729 1512 760 dicunt,
1531 739 1612 765 quam
1628 731 1708 757 ratio-

911 773 972 790 nem
985 769 1145 799 sequantur,
1164 765 1251 791 vides.
1292 766 1347 792 Vll.
1372 768 1410 792 48⁴
1433 766 1653 798 Quithesaurum
1667 769 1709 794 in-

911 806 1022 828 ventum
1034 802 1099 832 iri&
1118 807 1163 828 aut
1177 802 1350 829 hereditatem
1363 809 1503 830 venturam
1517 804 1623 832 dicunt.
1641 805 1708 840 quid

911 838 1079 873 sequuntur?
1089 844 1134 866 aut
1145 840 1171 866 in
1183 848 1236 874 qua
1248 849 1337 866 rerum
1349 842 1527 872 naturainest,
1536 842 1562 868 id
1571 842 1709 868 futurum‘?

911 876 988 908 Quod
1002 877 1025 902 si
1040 876 1118 907 haec,
1136 885 1221 912 eaque
1231 886 1300 912 quae
1315 883 1378 904 sunt
1389 878 1511 904 eiusdem
1523 880 1644 914 generis,
1661 879 1709 905 ha-

912 914 976 940 bent
990 913 1109 948 aliquam
1128 914 1207 940 talem
1223 916 1423 948 necessitatem,
1447 916 1513 950 quid
1535 921 1574 943 est
1590 916 1706 947 tandem,

912 951 984 986 quod
995 959 1059 977 casu
1071 951 1128 978 fieri
1140 956 1186 978 aut
1197 951 1262 978 forte
1274 951 1378 979 fortuna
1391 953 1536 988 putemus‘?
1551 954 1624 980 Nihil
1637 955 1708 980 enim

912 993 952 1015 est
963 993 1016 1015 tam
1028 990 1190 1015 contrarium
1203 990 1299 1016 rationi
1310 995 1335 1016 et
1345 991 1519 1022 constantiae,
1533 1000 1613 1026 quam
1627 991 1710 1018 sortu-

913 1035 958 1059 na;
982 1031 1012 1052 ut
1027 1026 1096 1052 mihi
1112 1035 1145 1053 ne
1161 1027 1188 1053 in
1204 1027 1285 1053 deum
1297 1028 1409 1062 quidem
1421 1028 1515 1054 cadere
1528 1029 1662 1059 videatur,
1682 1034 1710 1055 ut

912 1064 986 1094 sciat,
1001 1064 1067 1098 quid
1079 1073 1143 1090 casu
1155 1069 1180 1090 et
1192 1064 1299 1091 fortuito
1312 1064 1432 1091 futurum
1445 1066 1488 1092 sit.
1525 1065 1553 1092 Si
1564 1067 1636 1092 enim
1648 1067 1707 1097 seit,

912 1106 981 1127 certe
993 1100 1061 1127 illud
1073 1103 1187 1128 eveniet.
1230 1102 1276 1128 Sin
1292 1107 1362 1129 certe
1379 1103 1498 1134 eveniet,
1516 1103 1589 1129 nulla
1606 1103 1709 1130 fortuna

912 1144 962 1164 est.
1002 1139 1049 1165 Est
1067 1144 1155 1166 autem
1172 1139 1286 1166 fortuna.
1328 1141 1425 1166 Rerum
1442 1141 1526 1175 igitur
1540 1140 1710 1167 fortuitarum

913 1175 986 1202 nulla
998 1181 1038 1202 est
1049 1178 1213 1211 praesensio.
1247 1179 1286 1204 ⁴9.
1304 1177 1357 1204 Aut
1367 1178 1390 1203 si
1401 1186 1483 1213 negas
1495 1186 1554 1204 esse
1566 1178 1708 1204 fortunam.

913 1218 938 1240 et
948 1214 1048 1244 omnia,
1062 1223 1131 1248 quae
1144 1214 1210 1240 fiunt
1221 1223 1344 1250 quaeque
1357 1214 1444 1241 futura
1457 1220 1571 1245 sunt.ex
1581 1216 1655 1242 omni
1666 1224 1711 1241 ae-

913 1251 1034 1277 ternitate
1050 1251 1158 1278 definita
1174 1251 1243 1278 dicis
1259 1261 1317 1278 esse
1337 1251 1462 1285 sataliter3
1487 1258 1560 1279 muta
1575 1252 1711 1279 delinitio—

914 1297 974 1314 nem
986 1288 1176 1320 divinationis,
1197 1298 1279 1324 quam
1296 1289 1405 1316 dicebas
1421 1291 1639 1324 praesensionem
1651 1299 1710 1316 esse

913 1334 1002 1352 rerum
1015 1325 1194 1353 fortuitarum.
1235 1327 1262 1353 Si
1274 1328 1346 1353 enim
1363 1327 1430 1353 nibil
1449 1327 1504 1353 [ieri
1519 1332 1617 1362 potest,
1642 1328 1710 1354 nihil

913 1363 1047 1394 accidere,
1061 1364 1129 1390 nihil
1141 1365 1262 1394 evenire,
1279 1365 1331 1390 nisi
1343 1364 1416 1399 quod
1427 1364 1460 1390 ab
1471 1366 1544 1391 omni
1557 1366 1710 1391 aeternitate

913 1405 1016 1427 certum
1028 1400 1116 1432 fuerit,
1130 1410 1188 1427 esse
1200 1401 1320 1428 futurum
1333 1407 1387 1428 rato
1398 1406 1530 1436 tempore:
1544 1410 1613 1436 quae
1625 1407 1711 1436 potest

913 1447 972 1464 esse
984 1437 1107 1465 fortuna?
1127 1438 1183 1470 Qua
1195 1438 1314 1469 sublata,
1336 1440 1382 1474 qui
1397 1439 1470 1465 loeus
1481 1444 1521 1465 est
1532 1439 1711 1466 divinationi?

913 1484 982 1510 quae
1005 1484 1019 1501 a
1043 1481 1067 1502 te
1089 1475 1257 1502 fortuitarum
1278 1485 1367 1502 rerum
1389 1482 1429 1503 est
1449 1476 1518 1503 dicta
1545 1478 1708 1511 praesensio.

914 1513 1082 1548 Quamquam
1095 1513 1213 1544 dicebas,
1225 1515 1324 1544 onmia=
1347 1522 1416 1548 quae
1429 1514 1520 1540 fierent
1533 1513 1656 1540 futurave
1667 1523 1710 1540 es-

913 1555 986 1581 sent,
1008 1550 1060 1577 fato
1076 1551 1216 1577 contineri.
1257 1551 1334 1577 Anile
1345 1560 1409 1577 sane
1420 1556 1445 1577 et
1456 1551 1566 1586 plenum
1579 1553 1711 1586 supersti-

914 1589 994 1614 tionis
1010 1587 1055 1614 sati
1069 1597 1164 1614 nomen
1176 1589 1277 1623 ipsum.
1318 1588 1369 1614 Sed
1381 1593 1467 1615 tamen
1480 1588 1552 1623 apud
1563 1589 1666 1615 Stoicos
1677 1589 1710 1615 de

916 1626 965 1651 isto
978 1625 1028 1651 fato
1041 1625 1123 1651 multa
1136 1625 1271 1657 dicuntur,
1285 1625 1317 1652 de
1329 1635 1383 1661 quo
1394 1626 1473 1652 alias:
1488 1635 1568 1657 nunc,
1581 1626 1652 1661 quod
1665 1635 1711 1653 ne-

914 1671 988 1689 cesse
999 1668 1047 1689 est.
1088 1663 1155 1689 vlu.
1177 1664 1219 1689 20.
1242 1663 1270 1689 Si
1285 1664 1375 1689 omnia
1393 1663 1457 1690 sato:
1481 1663 1547 1698 quid
1560 1664 1711 1690 mibidivi-

915 1701 986 1726 natio
1002 1700 1127 1735 prodest‘?
1147 1700 1223 1732 Quod
1236 1702 1307 1727 enim
1321 1701 1357 1732 is,
1375 1702 1422 1736 qui
1434 1701 1551 1731 divinat.
1569 1701 1709 1736 praedicit,

915 1738 941 1764 id
954 1746 1016 1764 vero
1031 1737 1150 1764 futurum
1163 1742 1216 1764 est:
1231 1743 1259 1764 ut
1271 1747 1303 1764 ne
1316 1738 1383 1764 illud
1395 1739 1506 1773 quidem
1518 1739 1615 1768 sciam,
1632 1739 1711 1774 quale

914 1776 962 1806 sit,
978 1775 1050 1810 quod
1063 1776 1228 1805 Deiotarum,
1248 1775 1406 1802 familiarem
1420 1781 1539 1802 nostrum
1551 1781 1576 1802 et
1588 1785 1712 1803 necessa-

914 1813 998 1843 rium,
1017 1821 1051 1839 ex
1062 1813 1156 1839 itinere
1168 1812 1257 1847 aquila
1270 1814 1414 1839 revocavit.
1456 1813 1508 1845 Qui
1520 1814 1573 1839 nisi
1585 1814 1712 1840 revertis-

914 1855 962 1881 set,
972 1851 998 1876 in
1011 1858 1041 1876 eo
1052 1850 1173 1876 conclavi
1186 1851 1208 1876 ei
1222 1850 1379 1876 cubandum
1392 1850 1576 1886 suisset‚quod
1589 1852 1712 1886 proxima

914 1892 989 1914 nocte
1005 1888 1113 1914 corruit.
1156 1888 1241 1914 Ruina
1258 1889 1340 1923 igitur
1355 1897 1501 1923 oppressus
1516 1893 1595 1915 esset.
1638 1889 1670 1915 At
1684 1888 1712 1915 id

914 1933 1015 1960 neque.
1029 1925 1052 1951 si
1065 1924 1148 1951 fatum
1161 1924 1255 1955 fuerat.
1269 1925 1421 1961 effugisset:
1446 1934 1503 1955 nec,
1516 1927 1539 1952 si
1552 1935 1603 1952 non
1616 1925 1710 1955 fuerat,

913 1963 940 1988 in
956 1971 1018 1988 eum
1030 1971 1123 1989 casum
1134 1962 1284 1989 incidisset.
1325 1963 1396 1995 Quid
1411 1971 1474 1999 ergo
1485 1963 1594 1990 adiuvat
1605 1963 1712 1990 divina—

914 1999 968 2026 tio‘?
982 2004 1027 2026 aut
1037 1999 1104 2035 quid
1115 2004 1168 2030 est,
1186 2000 1259 2035 quod
1270 2009 1311 2026 me
1324 2006 1447 2027 moneant
1459 2006 1504 2027 aut
1515 2006 1598 2027 sortes
1609 2006 1654 2027 aut
1665 2010 1712 2028 ex-

915 2042 938 2063 ta
950 2042 996 2063 aut
1007 2036 1060 2063 ulla
1073 2037 1237 2072 praedictio?
1257 2038 1286 2064 Si
1298 2040 1370 2064 enim
1383 2038 1466 2065 fatum
1480 2038 1538 2068 suit,
1552 2038 1652 2064 classes
1664 2047 1712 2073 po-

915 2074 973 2108 puli
988 2075 1100 2100 Romani
1116 2074 1187 2101 bello
1202 2075 1302 2101 Punico
1317 2076 1418 2110 primo,
1436 2075 1544 2102 alteram
1561 2075 1710 2110 naufragio,

915 2111 1024 2137 alteram
1036 2120 1049 2137 a
1062 2112 1157 2137 l’oenis
1172 2112 1342 2146 depressam,
1360 2113 1481 2145 interire;
1500 2114 1579 2139 etiam
1591 2114 1613 2138 si
1627 2114 1711 2147 tripu-

914 2148 990 2174 dium
1002 2148 1166 2175 solistimum
1179 2148 1247 2183 pulli
1260 2149 1395 2181 fecissent.
1413 2151 1441 2176 L.
1455 2151 1530 2176 Iunio
1541 2155 1566 2176 et
1578 2151 1605 2176 Ρ,
1619 2149 1712 2176 Clodio

914 2185 1074 2211 consulibus
1085 2185 1185 2211 classes
1197 2190 1285 2212 tamen
1298 2187 1462 2213 interissent,
1497 2187 1554 2216 Sin,
1568 2196 1652 2222 quum
1664 2195 1712 2212 au-

914 2223 1008 2258 spiciis
1028 2223 1243 2257 obtemperatum
1259 2228 1342 2254 esset,
1365 2224 1520 2250 interiturae
1541 2224 1641 2250 classes
1660 2232 1711 2250 non

917 2259 1036 2290 suerunt:
1051 2268 1102 2286 non
1116 2261 1274 2286 interierunt
1287 2260 1351 2287 sato:
1375 2261 1458 2287 vultis
1470 2266 1558 2288 autem
1571 2262 1660 2287 omnin
1674 2260 1712 2286 Ia—

916 2302 953 2324 to:
969 2297 1041 2323 nulla
1055 2298 1136 2332 igitur
1147 2301 1187 2323 est
1197 2297 1338 2323 divinatio.
1379 2299 1420 2324 2⁴.
1443 2298 1554 2330 Quodsi
1567 2298 1649 2324 satum
1663 2297 1713 2324 l'uit

916 2334 986 2360 bello
998 2335 1098 2360 Punico
1109 2334 1228 2361 secundo
1239 2336 1387 2361 exercitum
1400 2335 1493 2369 populi
1507 2336 1616 2361 Rotnani
1629 2335 1661 2361 ad
1675 2335 1712 2361 la-

915 2381 977 2397 eum
989 2372 1196 2398 ‘flu-asimenum
1212 2372 1334 2402 interim:
1352 2381 1416 2398 num
1434 2372 1459 2398 id
1478 2373 1554 2398 vitari
1573 2373 1670 2407 potuit.
1689 2373 1712 2398 si

917 2408 1164 2435 Flaminiusconsul
1173 2409 1205 2435 iis
1212 2410 1298 2444 signis
1311 2410 1397 2444 iisque
1409 2410 1654 2444 alispieiis,‹1uibus
1662 2418 1712 2444 pu-

914 2455 996 2481 gnare
1009 2446 1210 2480 prohibebatur,
1220 2446 1371 2481 paruisset?
1381 2447 1456 2472 Certe
1464 2447 1533 2472 non·
1547 2447 1641 2481 potuit.
1660 2448 1712 2474 Aut

917 2484 998 2519 igitur
1009 2492 1060 2509 non
1068 2482 1227 2510 fatointeriit
1237 2484 1384 2512 exercitus:
1403 2485 1499 2509 imitari
1511 2485 1583 2510 enim
1597 2483 1646 2510 sata
1659 2493 1711 2511 non

892 2542 894 2553 ,
916 2525 1041 2555 possunt:
1059 2525 1117 2550 aut.
1134 2521 1157 2546 si
1169 2520 1233 2551 sato,
1253 2521 1335 2557 [quod
1347 2526 1416 2547 certo
1430 2521 1506 2547 vobis
1519 2521 1710 2548 itadieendum

892 2556 894 2575 ἴ
915 2556 1077 2620 est:]fetiam
1092 2559 1115 2584 si
1130 2558 1341 2593 obtemperasset
1352 2559 1496 2593 auspiciis.
1515 2558 1586 2585 idem
1597 2564 1711 2586 eventu—

915 2604 975 2621 rum
999 2595 1092 2621 uisset.

1133 2595 1183 2622 Ubi
1195 2601 1235 2622 est
1247 2596 1328 2631 igitur
1340 2596 1388 2621 ista
1403 2595 1533 2622 divinatio
1543 2596 1712 2623 Stoicorum?

914 2640 997 2667 quae.
1015 2634 1038 2658 si
1054 2631 1106 2659 sato
1115 2633 1205 2659 onmia
1218 2633 1296 2661 liunt.
1316 2633 1382 2659 nihil
1399 2642 1446 2659 nos
1459 2632 1602 2660 admonere
1614 2639 1708 2669 potest.

916 2674 945 2696 ut
959 2670 1091 2696 cautiores
1107 2670 1207 2696 simus:
1230 2678 1341 2705 quoquo
1355 2671 1427 2697 enim
1445 2670 1523 2698 modo
1535 2679 1583 2698 nos
1594 2672 1712 2707 gesseri-

1464 2720 1507 2743 145
