1941 3052
803 88 818 95 —

233 98 280 120 fimi
810 89 845 112 15¹..
879 87 911 112 Μ,

234 165 300 191 inihi
321 163 444 189 acciderit
465 161 588 196 optatio-⁴,
608 160 630 184 si
648 159 672 184 in
689 157 875 183 hat-sententia
889 155 980 185 ruo-ria,
994 159 1022 180 ut

233 213 245 228 n
267 200 465 227 continu-utilius
487 199 538 224 tuis·
559 197 679 230 scriptis.
705 196 729 220 in
747 194 847 228 quihus
866 197 1020 227 perpetuam

235 248 321 265 rerum
334 242 467 269 gestarum
479 232 816 266 historiamcomplecteris,
825 229 1022 255 secernashanc

233 276 310 311 quani
333 273 449 300 fabulam
465 281 552 298 rerum
564 274 774 303 eventoriunque
789 272 951 293 nostrorum:
976 266 1023 291 ha-

236 314 278 338 het
294 313 365 337 enim
383 310 469 335 varios
485 313 558 334 actus
571 306 722 340 multasque
735 305 850 330 actiones
862 308 886 329 et
897 302 1024 329 consilio-

236 359 293 375 ruin
306 353 330 374 ct
342 353 501 381 temporum.
529 345 564 370 Λι-
576 353 626 370 non
639 351 740 372 vereor,
754 350 785 368 ne
797 339 1022 367 assentatiuncula

235 386 349 421 qundmn
362 383 489 418 aucupari
504 387 574 408 tuaui
587 381 698 414 gratiam
712 379 904 413 videar‚quum
918 377 966 403 hoc
977 376 1025 402 de·

237 427 389 451 'nausti-om,
413 429 478 446 mea
500 424 523 445 te
545 418 714 453 potissimum
735 416 822 442 ornari
842 414 1025 448 celebrarique

238 460 314 486 velle.
355 459 446 492 Neque
462 457 533 482 enim
550 461 577 482 tu
595 456 616 481 is
631 464 668 485 es,
682 454 738 489 qui¹
751 454 798 488 qui
811 453 857 483 sis,
871 452 983 481 nescias,
1001 456 1026 477 et

236 497 282 531 qui
305 504 355 522 non
377 504 421 520 eos
437 494 532 529 magis,
550 493 597 527 qui
615 496 638 518 te
654 500 704 518 nou
720 490 894 519 admirentur,
910 488 1024 519 invidos,

236 542 317 568 citium
332 541 386 562 005,
400 532 447 566 qui
460 530 575 560 laudent,
590 534 764 555 assentatores
776 527 916 553 arbitrere.-
940 534 1026 560 neque

237 576 323 597 autem
336 578 385 605 ego
396 578 456 594 sum
469 569 501 594 ita
514 567 634 596 demens.
647 571 675 592 ut
687 574 728 591 mc
739 565 915 599 sempiternae
926 563 1026 598 gloriae

239 617 284 642 per
303 616 365 633 eum
380 605 561 632 commendari
578 603 668 633 velim,
685 603 732 638 qui
750 611 800 628 non
814 603 870 636 ipse
882 609 989 636 quoque
1000 601 1026 626 in

239 654 280 671 me
301 642 513 671 commendando
534 642 668 676 propriam
685 640 786 675 ingenii
803 639 915 673 gloriam
934 646 1029 664 conse-

238 686 345 717 quatur.
376 682 401 707 7.
419 681 510 715 Neque
522 680 593 705 enim
607 677 756 704 Alexander
768 677 811 703 ille
823 676 922 711 gratiae
933 683 1028 701 caussa

239 719 272 745 ab
293 717 384 753 Apelle
400 717 570 752 potissimum
587 716 661 750 pingi
677 719 702 741 et
720 723 734 740 a
747 714 864 749 Lysippo
880 713 944 748 fingi
956 711 1029 738 vole·
1050 715 1051 724 ¹

240 757 296 786 hat;
329 755 376 782 sed
392 754 463 790 quod
481 754 586 780 illorum
603 757 683 778 artem
695 760 779 786 quum
792 751 868 785 ipsis,
882 755 937 776 tum
949 750 1028 775 etiam

239 794 293 820 sibi
304 793 403 829 gloriae
416 791 469 818 fore
481 791 599 826 putabat.

241 869 304 897 sint,
328 866 412 894 nihilo
432 867 485 892 sint
506 870 593 891 tamen
609 864 778 890 obscuriores
793 862 857 888 clari
876 862 937 887 viri.
978 861 1031 886 Nec

242 906 332 932 minus
352 909 391 930 est
407 903 552 938 Spartiates
568 901 710 937 Agesilaus
721 900 766 926 ille
778 898 971 935 perhibendus,
983 898 1031 933 qui
1052 911 1053 919 ι

207 968 212 975 ,
242 950 329 977 neque
349 942 446 976 pictam
468 948 553 974 neque
575 939 662 965 fictam
683 938 827 973 imaginem
843 945 919 962 suam
935 943 1032 970 passus

241 984 282 1006 est
296 987 364 1009 esse.
387 987 467 1013 quam
484 977 530 1012 qui
549 977 574 1002 in
590 985 621 1002 eo
631 984 728 1011 genere
739 974 917 1000 elaborarunt.
958 972 1032 998 Unus

242 1017 314 1044 enim
330 1015 517 1050 Xenophontis
533 1013 641 1039 libellus
657 1013 683 1039 in
695 1021 726 1038 eo
738 1020 798 1047 rege
811 1010 944 1037 laudando
956 1009 1032 1035 facile

243 1062 335 1080 omnes
347 1053 479 1088 imagines
489 1051 609 1077 omnium
617 1055 770 1084 statuasque
777 1048 924 1083 superavit.
947 1047 1032 1081 Atque

244 1174 326 1200 quam
347 1164 370 1190 si
385 1164 412 1190 in
427 1168 584 1193 ceterorum,
601 1161 672 1197 quod
689 1169 739 1187 non
756 1160 894 1196 ingenium
912 1158 979 1184 mihi
991 1166 1035 1183 so-

246 1203 301 1228 lum
322 1200 524 1236 suppeditatum
546 1199 625 1225 fuerit
647 1204 736 1228 tuum,
758 1198 827 1223 sicut
846 1195 1005 1222 Timoleonti
1020 1203 1034 1220 a

245 1240 362 1269 Timaeo,
385 1242 430 1264 aut
444 1237 477 1263 ab
488 1236 617 1263 Herodoto
628 1234 811 1263 Themistocli,
833 1233 880 1260 sed
895 1234 975 1259 etiam
986 1241 1035 1258 au-

245 1277 351 1303 ctoritas
371 1275 514 1301 clarissimi
529 1278 553 1300 et
565 1272 752 1308 spectatissimi
765 1272 826 1302 viri,
839 1275 864 1297 et
875 1271 902 1297 in
915 1269 1036 1305 republi-

245 1322 275 1340 ca
296 1313 422 1339 maximis
441 1311 665 1347 gravissimisque
684 1309 788 1335 caussis
803 1308 903 1344 cogniti
918 1312 997 1342 atque
1008 1307 1035 1332 in

246 1350 341 1386 primis
353 1349 470 1384 probati:
486 1353 515 1374 ut
526 1348 593 1374 mihi
605 1356 656 1374 non
668 1346 755 1373 solum
762 1343 1034 1381 praeconium,quod,

246 1396 331 1422 quum
354 1387 380 1412 in
397 1386 524 1421 Sigaeum
544 1385 662 1411 venisset
681 1383 847 1414 Alexander,
870 1382 904 1408 ab
924 1383 1036 1408 Homero

246 1424 344 1451 Achilli
360 1423 489 1450 tributum
507 1431 565 1448 esse
580 1422 658 1452 dixit,
676 1421 723 1447 sed
734 1421 814 1447 etiam
825 1428 906 1456 grave
917 1419 1038 1446 testimo-

247 1463 322 1488 nium
343 1461 508 1496 impertitum
528 1459 593 1485 clari
609 1459 726 1485 hominis
742 1458 887 1493 magnique
903 1456 1035 1483 videatur.

246 1498 335 1525 Placet
350 1498 422 1524 enim
438 1498 532 1523 Hector
547 1496 592 1522 ille
603 1496 670 1522 mihi
682 1496 843 1525 Naevianus,
857 1494 967 1529 quinon
980 1498 1038 1519 tan-
1058 1498 1060 1506 ’

247 1541 304 1563 tum
326 1538 430 1561 laudari
452 1543 480 1560 se
498 1534 621 1564 laetatur,
639 1533 686 1559 sed
701 1532 775 1558 addit
790 1532 884 1562 etiam,
901 1541 917 1557 a
933 1533 1039 1557 qudato
1059 1531 1060 1536 ¹

246 1576 312 1600 viro.
344 1574 368 1599 8.
385 1571 461 1604 Quod
477 1572 500 1597 si
515 1579 529 1597 a
545 1576 568 1597 te
579 1579 630 1597 non
642 1571 765 1605 impetr0‚
778 1569 828 1596 hoc
838 1573 887 1599 est,
900 1568 924 1595 si
934 1575 1003 1602 quae
1014 1571 1038 1593 te

248 1619 290 1637 res
310 1609 472 1644 impedierit,
485 1608 583 1643 (neque
600 1608 671 1633 enim
687 1606 727 1633 fas
741 1615 800 1632 esse
815 1605 941 1635 arbitror,
957 1603 1040 1639 quid·

248 1656 330 1682 quam
350 1655 392 1672 me
408 1650 544 1682 rogantem
561 1645 644 1671 abste
655 1653 707 1670 non
722 1642 885 1678 impetrare,)
896 1650 975 1678 cogar
986 1640 1040 1667 for-

249 1690 318 1711 tasse
339 1683 438 1714 sacere,
460 1682 533 1717 quod
553 1681 676 1708 nonnulli
696 1689 775 1715 saepe
795 1679 1037 1714 reprehenderunt:

249 1721 366 1747 scribam
386 1721 444 1755 ipse
465 1719 498 1746 de
519 1727 576 1746 me:
611 1718 755 1744 multorum
774 1722 862 1743 tamen
877 1714 1000 1750 exemplo
1015 1719 1041 1741 et

249 1758 381 1784 clarorum
393 1757 522 1783 virorum.
553 1755 614 1786 Sed,
630 1755 702 1790 quod
713 1759 737 1781 te
749 1763 801 1781 non
812 1753 889 1789 fugit,
902 1753 968 1779 haec
978 1756 1041 1778 sunt

251 1796 278 1822 in
289 1795 339 1821 hoc
349 1802 446 1830 genere
457 1794 532 1820 vitia.
562 1793 594 1819 Et
605 1791 786 1819 verecundius
796 1791 850 1825 ipsi
860 1790 893 1817 de
904 1798 963 1816 sese
973 1789 1041 1815 scri-

250 1833 314 1859 bant
334 1839 442 1858 neccsse
458 1835 506 1861 est,
524 1831 548 1856 si
562 1829 630 1865 quid
645 1833 685 1856 est
700 1828 911 1858 laudandum,et
923 1831 1042 1861 praeter-

253 1873 322 1898 eant,
355 1869 379 1894 si
393 1867 460 1903 quid
475 1866 726 1902 reprehendendum
741 1869 790 1891 est.

251 1911 280 1933 ut
291 1906 378 1932 minor
388 1906 423 1931 sit
434 1904 509 1934 fides,
521 1905 609 1930 minor
619 1904 770 1931 auctoritas,
783 1901 861 1928 multi
872 1901 989 1936 denique
1000 1908 1042 1926 re-

252 1942 418 1978 prehendant
437 1946 463 1968 et
481 1941 579 1972 dicant,
603 1940 808 1966 verecundiores
819 1947 878 1965 esse
898 1945 1042 1973 praecones

253 1980 376 2006 ludorum
391 1979 587 2015 gymnicorum,
600 1978 657 2012 qui,
670 1986 754 2012 quum
766 1977 860 2002 ceteris
870 1983 980 2002 coronas
991 1975 1043 2000 im-

252 2018 390 2052 posuerint
411 2016 558 2042 victoribus
577 2022 724 2049 eorumque
745 2015 851 2040 nomina
868 2021 963 2048 magna
979 2019 1043 2037 voce

251 2053 461 2089 pronuntiarint,
483 2061 568 2087 quum
588 2052 642 2087 ipsi
662 2056 721 2078 ante
742 2051 867 2078 ludorum
887 2051 1043 2076 missionem

251 2099 346 2118 corona
360 2090 501 2120 donentur,
519 2089 602 2115 alium
616 2097 772 2124 praeconem
784 2088 937 2117 adhibeant,
952 2096 983 2113 ne
995 2093 1043 2112 sua

253 2166 379 2200 cupimus
399 2169 433 2195 et,
451 2165 473 2190 si
489 2164 586 2198 recipis
598 2172 720 2189 caussam
732 2168 857 2193 nostram,
881 2163 1041 2192 vitabimus3

253 2202 335 2237 idque
355 2206 384 2228 ut
400 2201 490 2231 facias,
507 2210 642 2237 rogamus.
682 2201 719 2226 Ac
735 2209 768 2227 ne
784 2200 848 2226 forte
864 2201 968 2230 mirere,
985 2207 1041 2229 cur,

253 2248 338 2274 quum
354 2239 421 2265 mibi
432 2247 511 2273 saepe
522 2238 680 2268 ostenderis,
694 2242 718 2264 te
729 2237 929 2264 accuratissime
941 2241 1044 2262 nostro-

253 2285 313 2302 rum
329 2281 480 2311 temporum
491 2275 601 2302 consilia
612 2280 690 2310 atque
702 2280 814 2301 eventus
827 2274 921 2300 litteris
932 2272 1044 2299 manda-

254 2319 353 2344 turum.
375 2322 390 2339 a
411 2318 434 2340 te
450 2312 478 2339 id
493 2321 563 2339 nunc
577 2317 648 2339 tanto
658 2320 737 2346 opere
748 2317 773 2338 et
784 2317 836 2338 tam
848 2311 941 2337 multis
953 2310 1044 2336 verbis

254 2355 390 2385 petamus:
421 2350 467 2376 illa
488 2358 536 2376 nos
551 2349 686 2384 cupiditas
702 2349 832 2379 incendit,
850 2348 883 2374 de
899 2356 952 2383 qua
967 2348 1044 2374 initio

254 2388 360 2422 scripsi,
377 2387 563 2418 festinationis,
581 2387 653 2422 quod
664 2386 764 2412 alacres
775 2386 864 2412 animo
875 2393 983 2417 sumus;
1015 2388 1045 2410 ut

255 2429 279 2450 et
289 2425 378 2455 ceteri,
392 2424 547 2450 viventibus
567 2424 654 2454 nobis,
677 2432 711 2449 ex
722 2422 798 2449 libris
815 2423 868 2448 tuis
884 2431 932 2448 nos
945 2430 1045 2456 cogno—

255 2466 337 2492 scant,
359 2466 384 2487 et
403 2462 561 2496 nosmetipsi
571 2461 628 2487 vivi
638 2459 750 2496 gloriola
764 2464 853 2486 nostra
862 2459 1042 2494 perstuamur.

259 2498 297 2523 ⁴0.
310 2498 356 2523 His
367 2497 400 2523 de
412 2498 492 2524 rebus
507 2498 574 2533 quid
589 2503 697 2524 acturus
712 2497 759 2527 sis,
778 2497 802 2522 si
813 2497 861 2522 tibi
874 2505 926 2522 non
936 2501 976 2522 est
986 2504 1045 2521 mo-

258 2533 363 2565 lestum,
376 2535 507 2561 rescribas
518 2535 586 2561 mihi
597 2534 689 2561 velim.
715 2534 744 2560 Si
755 2534 826 2559 enim
838 2533 955 2567 suscipis
965 2541 1044 2559 caus-

257 2579 323 2601 sam,
345 2570 483 2597 conficiam
502 2572 706 2598 commentarios
726 2579 815 2597 rerum
835 2570 970 2596 omnium:
1001 2570 1043 2595 sin

258 2612 345 2633 autem
356 2607 446 2634 differs
457 2616 499 2634 me
510 2609 537 2634 iu
547 2614 653 2643 tempus
659 2607 741 2637 aliud.
750 2606 1041 2642 eoramtecumloquar.

945 86 974 111 T.
1005 81 1279 111 (ζΙίῖΙίΙΗιΧΙ.ς

1052 423 1055 463 1
1133 426 1155 450 l.
1178 418 1353 457 Quamquam
1376 422 1432 456 ipsa
1448 419 1591 446 consolatio
1603 418 1748 445 litterarum
1760 422 1866 443 tuarum

1047 467 1055 496 ,l
1078 462 1144 487 mihi
1166 460 1317 495 gratissima
1338 464 1390 485 est:
1413 457 1538 492 (declarat
1553 455 1624 482 enim
1641 463 1773 481 summam
1786 453 1868 479 bene-

1051 779 1053 788 .
1080 768 1165 793 quum
1187 758 1254 784 mihi
1275 766 1326 783 non
1341 756 1450 782 omnino
1469 753 1623 784 excidisset.
1639 752 1748 787 (etenim
1764 750 1872 786 penitus

639 790 724 824 ‘M‘lu‘¹
737 788 775 814 llll
787 788 900 814 artifices
912 787 1029 821 corpori-³
1051 795 1053 827 J
1082 795 1234 827 insederam
1247 795 1272 820 vi
1285 800 1371 820 tamen
1385 797 1572 827 tempestatum
1583 795 1609 816 et
1619 797 1751 816 concursu
1762 786 1873 814 calami-

240 830 382 857 simulacra
404 830 501 865 ignotis
521 832 580 854 nota
602 826 745 853 faciehant:
777 833 846 860 quae
862 824 903 850 vel
920 825 943 850 si
957 823 1030 850 nulla
1052 831 1059 842 ’κ

1054 1004 1055 1007 ,
1083 983 1162 1008 etiam
1179 980 1369 1007 declarandum
1384 979 1506 1008 arbitror,
1524 976 1592 1003 nihil
1608 975 1674 1002 mihi
1685 983 1744 1001 esse
1755 973 1875 1008 potuisse

1054 1063 1062 1073 ἰ
1084 1056 1129 1082 illa
1145 1055 1243 1085 valent,
1260 1063 1328 1089 quae
1344 1053 1480 1088 eleganter
1490 1052 1651 1086 copioseque
1663 1047 1805 1083 collegisti,
1818 1051 1875 1073 tum

244 1091 293 1118 hoc
313 1090 492 1125 praestantius
507 1089 574 1114 mihi
590 1087 669 1114 fuerit
683 1086 752 1113 etad
765 1086 891 1112 laetitiam
903 1084 995 1114 animi,
1009 1087 1034 1109 et
1054 1094 1056 1124 ἰ
1085 1092 1152 1119 nihil
1174 1092 1248 1127 pius·
1266 1100 1348 1126 quam
1363 1089 1434 1125 quod
1454 1087 1647 1115 firmitudinem
1664 1085 1876 1121 gravitatemque

244 1128 277 1155 ad
298 1127 440 1153 memoriae
455 1126 622 1161 dignitatem,
638 1125 661 1150 si
673 1125 699 1150 in
712 1128 754 1150 tua
767 1124 864 1157 scripta
876 1129 1031 1157 pervenero,
1054 1125 1056 1128 “

1062 1849 1063 1856 1
1092 1845 1140 1862 nos
1155 1840 1243 1862 autem
1259 1835 1360 1860 erimus
1374 1834 1453 1859 etiam
1465 1833 1492 1858 in
1502 1831 1625 1858 omnium
1635 1827 1820 1863 desperatione
1831 1825 1886 1852 for-

830 1864 1039 1893 Acceditetiam,
1062 1867 1065 1898 ἶ
1093 1879 1140 1903 tes,
1165 1878 1193 1899 ut
1214 1877 1242 1898 tu
1258 1877 1346 1898 tamen
1364 1870 1435 1896 idem
1447 1874 1471 1895 et
1486 1868 1600 1895 hortaris
1616 1872 1641 1893 et
1651 1865 1795 1901 praecipis.

1064 2073 1066 2081 ·
1094 2064 1140 2085 aut
1154 2058 1266 2084 consilio
1281 2056 1398 2083 hominis
1412 2054 1586 2090 postulatum.

330 2129 334 2133 .
374 2129 378 2133 .
451 2128 456 2132 .
699 2127 704 2131 .
981 2125 986 2130 ,
1065 2114 1067 2130 ·,
1094 2096 1127 2122 de
1139 2096 1242 2130 meipso
1253 2093 1357 2129 aliquid
1363 2092 1541 2128 praedicanti:
1558 2097 1673 2125 quarum
1685 2088 1887 2114 enimmrerum

251 2136 317 2154 voce
327 2136 381 2162 ipS1
391 2136 419 2153 se
430 2132 544 2153 Victores
550 2135 608 2152 esse
615 2126 776 2161 praedicent.
799 2127 824 2152 9.
832 2126 900 2151 Haec
906 2133 954 2151 nos
961 2129 1044 2154 vitare
1066 2135 1067 2141 ι

1073 154 1111 179 Tu
1135 153 1232 178 interea
1245 160 1295 177 non
1311 150 1439 179 cessabis,
1457 155 1482 176 et
1493 159 1532 178 ea,
1548 158 1616 184 quae
1633 149 1715 174 habes
1732 147 1859 175 instituta.

1074 189 1206 225 perpolies
1219 197 1320 223 nosque
1331 187 1438 222 diliges.
1481 186 1574 223 [Vale]

1127 266 1189 286 xm.
1208 266 1223 285 A
1232 266 1281 286 RH.
1303 264 1390 285 'metrii
1401 263 1552 283 run-olntimoe
1562 263 1705 283 und-mlu-
1716 262 1864 281 ‹uns-muu-

1075 309 1123 320 mu·
1135 303 1223 324 taurim,
1235 301 1277 320 etni
1288 301 1314 320 de
1326 307 1369 327 rep,
1381 300 1490 326 «inperat.

1258 336 1377 356 titan-...c
1382 343 1434 351 ······
1450 336 1473 352 iv
1542 341 1548 350 ι
1567 335 1671 351 murm-1

1196 381 1230 407 M.
1253 380 1282 407 C.
1305 380 1332 405 S.
1356 379 1384 405 Ι).
1408 378 1436 404 L.
1460 375 1690 408 1.UCC1310,Q.
1712 375 1741 402 F.

1054 497 1056 535 ζ
1079 498 1232 527 volentiam,
1245 497 1415 522 coniunctam
1431 495 1487 530 pari
1504 493 1670 528 prudentii-15)
1691 496 1778 518 tamen
1791 490 1867 517 illum

1048 554 1057 575 l!
1080 536 1194 562 fructum
1215 544 1248 560 ex
1273 535 1306 560 iis
1327 533 1420 559 litteris
1442 531 1482 557 vel
1499 531 1647 557 maximum
1663 529 1733 563 cepi,
1754 526 1827 563 quod
1843 531 1869 553 te
1911 522 1914 531 ⁶

1048 577 1057 620 ἰι
1080 572 1212 608 prat-clare
1234 581 1275 597 res
1292 571 1422 597 humanas
1436 572 1648 595 contemnentem
1660 571 1686 592 et
1694 565 1795 600 optime
1805 572 1870 591 con-

1050 622 1057 644 ,i
1080 616 1117 636 tra
1139 610 1270 635 fortunam
1292 613 1412 643 paratum
1433 611 1619 639 armatumque
1633 602 1760 639 cognovi:
1787 609 1869 637 quam
1922 631 1923 635 Ἰ

1056 655 1058 670 '-
1079 647 1204 682 equidem
1218 646 1323 672 laudem
1335 644 1482 679 sapientiae
1493 647 1579 669 statuo
1589 649 1648 667 esse
1655 640 1870 669 maximam.non
1910 660 1916 666 .

1057 697 1058 701 =
1080 684 1188 710 aliunde
1211 683 1336 718 pendere,
1355 690 1402 708 nec
1417 681 1584 707 extrinsecus
1600 683 1645 705 aut
1659 678 1727 704 bene
1742 681 1788 703 aut
1802 674 1872 702 male

1081 721 1190 748 vivendi
1202 729 1348 755 suspensas
1360 718 1456 745 habere
1468 718 1592 744 rationes.
1615 717 1640 742 2.
1652 714 1725 747 Quae
1735 713 1870 749 cogitatio,

1058 845 1061 863 ι
1082 838 1164 860 tatum
1189 837 1244 858 erat
1262 831 1429 866 aliquantum
1451 828 1605 856 labefactata
1629 832 1708 861 atque
1727 823 1870 852 convulsa,

1059 882 1061 896 ι
1082 871 1125 896 cui
1147 875 1170 896 te
1189 869 1314 904 opitulari
1330 873 1355 894 et
1367 867 1453 897 video.
1471 871 1496 892 et
1507 866 1533 892 id
1546 864 1640 891 fecisse
1651 864 1731 890 etiam
1742 861 1874 898 proximis

1059 908 1061 933 l
1084 907 1178 933 litteris
1190 906 1358 940 multumque
1370 904 1514 940 profecisse
1525 903 1622 929 sentio.
1652 902 1743 935 ltaque
1755 899 1804 926 hoc
1814 906 1874 924 sae-

1060 959 1061 975 ι
1083 945 1144 979 pius
1159 943 1303 970 dicendum
1316 943 1418 977 tibique
1430 950 1481 967 non
1493 938 1701 975 significandum
1712 936 1810 966 solum,
1826 934 1873 961 sed

1085 1020 1137 1045 tuis
1154 1018 1248 1044 litteris
1263 1018 1376 1053 gratius.
1398 1018 1423 1042 3.
1435 1015 1476 1042 Ad
1486 1013 1679 1041 consolandum
1690 1016 1778 1038 autem
1789 1018 1875 1045 quum

1085 1131 1168 1156 animi
1189 1130 1226 1155 tui
1243 1128 1382 1164 perspexi:
1413 1135 1494 1161 quam
1511 1134 1563 1152 non
1579 1124 1678 1150 imitari
1689 1121 1876 1157 turpissimum

1085 1168 1220 1194 existimo.
1253 1167 1344 1200 ltaque
1356 1165 1406 1191 hoc
1416 1164 1496 1190 etiam
1509 1162 1643 1189 fortiorem
1655 1169 1696 1186 me
1709 1164 1781 1194 puto.
1795 1166 1876 1193 quam

1087 1205 1216 1239 teipsum,
1230 1207 1428 1238 praeceptorem
1440 1199 1617 1229 fortitudinis,
1634 1197 1707 1233 quod
1718 1202 1746 1223 tu
1757 1195 1824 1222 mihi
1837 1195 1878 1221 vi-

1086 1242 1148 1268 dei-e
1169 1249 1244 1276 spem
1261 1239 1417 1267 nonnullam
1433 1238 1540 1267 habere,
1559 1236 1624 1262 haec
1635 1233 1779 1269 aliquando
1790 1232 1878 1259 futura

1087 1279 1206 1305 meliora.
1228 1278 1312 1304 Casus
1323 1277 1395 1303 enim
1406 1274 1557 1312 gladiatorii
1567 1271 1876 1305 similitudinesqueeae.
1918 1288 1920 1290 .

1088 1322 1143 1343 tum
1160 1316 1274 1342 rationes
1291 1315 1318 1340 in
1333 1322 1363 1340 ea
1380 1313 1560 1348 disputatione
1575 1319 1590 1337 a
1605 1315 1630 1336 te
1645 1308 1783 1337 collectae.
1805 1311 1879 1332 veta·
1915 1324 1918 1333 Δ

1087 1354 1151 1380 bant
1163 1362 1204 1379 me
1216 1351 1380 1386 reipublicae
1392 1350 1500 1385 penitus
1511 1347 1643 1375 diffidere.
1663 1347 1754 1380 Itaque
1766 1343 1878 1370 alterum

1089 1391 1179 1417 minus
1200 1390 1308 1419 mirum,
1332 1388 1466 1415 fortiorem
1486 1391 1510 1413 te
1525 1394 1593 1416 esse,
1607 1392 1692 1419 quum
1703 1381 1806 1417 aliquid
1817 1388 1881 1415 spe-

1088 1437 1138 1459 res,
1162 1427 1276 1454 alterum
1291 1426 1400 1456 mirum,
1417 1433 1465 1459 spe
1477 1423 1530 1450 ulla
1543 1422 1637 1449 teneri.
1676 1419 1747 1453 Quid
1757 1423 1797 1445 est
1807 1418 1881 1444 enim

1089 1474 1141 1492 non
1160 1465 1195 1491 ita
1215 1463 1352 1494 affectum,
1375 1467 1405 1488 ut
1419 1461 1447 1488 id
1463 1470 1514 1488 non
1530 1459 1648 1486 deletum
1663 1457 1882 1490 exstinctumque

1089 1511 1147 1528 esse
1159 1500 1273 1528 fateare?
1286 1499 1470 1534 Circumspice
1483 1497 1572 1525 omnia
1579 1495 1698 1522 membra
1706 1492 1879 1528 reipublicae,

1089 1548 1158 1575 quae
1179 1539 1317 1565 notissima
1333 1542 1396 1563 sunt
1412 1536 1474 1562 tibi:
1507 1534 1613 1561 nullum
1625 1532 1743 1567 reperies
1753 1529 1879 1565 profecto.

1089 1576 1162 1612 quod
1182 1584 1234 1602 non
1256 1574 1368 1601 fractum
1389 1573 1593 1600 debilitatumve
1613 1571 1657 1596 sit.
1697 1568 1770 1601 Quae
1791 1574 1883 1602 perse-

1089 1622 1195 1648 querer,
1217 1613 1241 1638 si
1257 1616 1302 1638 aut
1313 1610 1410 1637 melius
1421 1619 1451 1636 ea
1462 1608 1592 1638 viderem,
1605 1615 1686 1642 quam
1699 1611 1726 1632 tu
1738 1603 1823 1634 vides,
1837 1607 1884 1629 aut

1090 1657 1298 1677 commemorare
1319 1656 1425 1683 possem
1442 1647 1500 1673 sine
1516 1645 1620 1672 dolore:
1651 1650 1817 1678 quamquam
1829 1641 1883 1667 tuis

1091 1688 1199 1714 monitis
1223 1685 1426 1721 praeceptisque
1446 1684 1534 1710 omnis
1553 1687 1593 1708 est
1609 1679 1779 1707 abiiciendus
1797 1677 1881 1704 dolor.

1092 1726 1116 1752 4.
1138 1725 1208 1760 Ergo
1227 1728 1253 1749 et
1267 1722 1412 1749 domestica
1428 1720 1557 1750 feremus,
1575 1724 1605 1745 ut
1617 1726 1720 1747 censes,
1736 1721 1761 1742 et
1775 1714 1884 1750 publica

1092 1761 1182 1797 paullo
1202 1761 1281 1787 etiam
1294 1759 1387 1786 fortius
1400 1758 1519 1788 fortasse,
1535 1765 1616 1791 quam
1628 1760 1656 1781 tu
1668 1755 1734 1789 ipse,
1748 1753 1796 1788 qui
1806 1760 1886 1787 prae-

1091 1800 1170 1834 cipis.
1210 1798 1246 1824 Te
1266 1797 1339 1823 enim
1357 1804 1420 1830 spes
1441 1795 1530 1830 aliqua
1546 1792 1707 1822 consolatur,
1727 1795 1756 1817 ut
1770 1789 1882 1816 scribis:

1834 1863 1885 1889 Das

1093 1911 1165 1936 enim
1175 1909 1243 1935 mihi
1254 1907 1386 1935 iucundas
1393 1905 1587 1933 recordationes
1597 1902 1776 1930 conscientiae
1782 1905 1885 1927 nostrae

1094 1955 1237 1981 rerumque
1247 1954 1349 1974 earum,
1362 1953 1430 1979 quas
1441 1950 1465 1970 te
1477 1944 1503 1969 in
1516 1942 1612 1978 primis
1622 1946 1728 1967 auctore
1738 1938 1884 1974 gessimus.

1093 1984 1279 2011 praestitimus
1294 1983 1366 2008 enim
1379 1981 1479 2016 patriae
1490 1989 1541 2006 non
1553 1980 1644 2005 minus
1654 1982 1733 2007 certe,
1745 1984 1828 2011 quam
1838 1973 1887 2000 de-

1094 2022 1218 2048 buimus:
1232 2019 1294 2055 plus
1305 2018 1431 2054 profecto,
1443 2026 1525 2052 quam
1536 2022 1576 2043 est
1586 2016 1620 2042 ab
1630 2014 1886 2047 animocuiusquam

1629 2054 1655 2079 5.
1679 2052 1804 2087 Ignosces
1819 2049 1887 2075 mihi
1912 2055 1914 2061 ’

1094 2133 1253 2169 cogitatione
1274 2139 1322 2157 nos
1343 2130 1431 2156 levare
1452 2127 1620 2164 aegritudine
1644 2125 1768 2155 voluisti,
1795 2131 1887 2150 earum
1910 2117 1915 2147 .’

1095 2171 1175 2196 etiam
1190 2168 1441 2196 commemoratione
1457 2166 1582 2192 lenimur.
1622 2164 1727 2198 Itaque,
1742 2165 1773 2187 ut
1782 2168 1885 2190 mones,

1095 2212 1227 2242 quantum
1242 2210 1346 2240 potero,
1364 2213 1406 2230 me
1421 2204 1455 2230 ab
1466 2202 1592 2230 omnibus
1604 2199 1734 2227 molestiis
1745 2202 1771 2224 et
1780 2197 1889 2233 angori-
1911 2218 1913 2226 ,

1095 2245 1147 2271 bus
1163 2243 1295 2270 abducam
1312 2241 1524 2275 transferamque
1540 2239 1661 2265 animum
1675 2235 1709 2262 ad
1723 2243 1768 2265 ea,
1785 2234 1888 2269 quihus
1911 2260 1913 2266 ,

1095 2280 1230 2308 secundae
1241 2288 1284 2306 res
1294 2284 1435 2309 ornantur,
1453 2277 1580 2304 adversae
1591 2275 1765 2301 adiuvantur:
1784 2276 1889 2298 tecum-

1095 2327 1148 2354 que
1159 2322 1185 2344 et
1195 2326 1240 2344 ero
1250 2321 1367 2347 tantum,
1383 2319 1514 2350 quantum
1527 2313 1644 2348 patietur
1658 2310 1800 2344 utriusque
1816 2312 1888 2334 aetas

1095 2360 1121 2382 et
1135 2353 1274 2385 valetudo,
1291 2359 1329 2384 et,
1347 2353 1438 2379 siesse
1455 2359 1508 2377 una
1523 2350 1613 2376 minus
1626 2347 1788 2383 poterimus,
1805 2353 1888 2380 quam

1096 2392 1232 2423 volemus,
1249 2391 1402 2417 animorum
1417 2394 1505 2416 tamen
1520 2385 1707 2413 coniunctione
1721 2382 1819 2409 iisdem
1829 2387 1889 2408 stu-

1095 2429 1149 2456 diis
1160 2430 1196 2456 ita
1206 2428 1336 2459 fruemur,
1343 2431 1374 2454 ut
1382 2432 1530 2460 numquam
1539 2431 1593 2449 non
1602 2430 1655 2449 una
1665 2429 1724 2447 esse
1735 2419 1886 2447 videamur.

1388 2473 1596 2482 ῤ-

1147 2511 1210 2532 XIV.
1229 2510 1306 2531 ABG.
1322 2509 1428 2534 Quaerit,
1441 2514 1480 2528 cur
1490 2505 1573 2526 tamdiu
1583 2504 1642 2525 absit
1652 2504 1679 2524 ala
1689 2502 1749 2523 Urbe
1759 2501 1849 2522 eieem:
1867 2499 1890 2521 si

1095 2546 1218 2567 litterarum
1229 2552 1318 2570 caussa,
1334 2544 1421 2567 laudan
1435 2549 1480 2562 non
1493 2540 1583 2568 probat,
1598 2539 1617 2560 si
1628 2541 1718 2566 propter
1727 2542 1846 2557 maerore-1
1860 2541 1890 2556 ex

1096 2584 1165 2602 morte
1173 2580 1242 2601 filiae.
1266 2581 1336 2604 Quem
1344 2581 1369 2598 ut
1378 2579 1508 2604 compescat,
1519 2573 1645 2595 rationibus
1655 2577 1677 2593 et
1686 2571 1789 2599 precibus
1799 2570 1889 2591 efficere

1095 2615 1176 2636 studet.
1204 2616 1290 2639 (Rom-e,
1299 2615 1377 2634 cature
1387 2613 1419 2631 Π.
1429 2619 1467 2630 coa,
1477 2619 1492 2629 s.
1502 2610 1547 2629 coll.
1558 2611 1612 2631 709.)
