1941 3052
232 92 282 117 720

235 160 392 196 reliquerat.
411 159 596 193 maximaeque
609 157 685 184 nobis
697 157 810 183 traditus
825 162 880 183 erat
896 156 1022 185 invidiae,

235 207 321 232 neque
335 198 483 223 Laterensis
495 201 611 230 praetor,
626 195 775 229 postiilnnte
791 194 933 220 l'nusania.
948 194 1025 219 milvis

235 235 365 270 patronis,
393 244 448 264 orn
468 242 501 258 κΛ
524 241 648 258 renuam
671 241 884 261 νῑκνκπιυιεῐ,
908 231 1025 264 recipi-re

235 272 332 300 voluit,
351 271 421 305 qiiml
435 269 532 298 Pilius,
552 269 719 295 necessarius
731 269 809 294 Attici
826 269 921 297 nostri.
940 267 972 293 di·
985 276 1026 293 re-

235 308 360 343 petundis
372 317 432 332 eum
446 306 605 341 postulavit:
625 315 719 339 magna
733 305 804 331 illico
817 305 885 331 snina
898 305 1023 334 surrexit,

234 345 302 372 etde
314 344 483 370 damnatione
501 343 632 369 ferventer
650 342 722 377 loqui
739 347 778 368 est
793 347 927 377 coeptum.
968 342 1026 373 Quo

236 387 312 408 vento
324 382 463 415 proiicitur
474 381 578 414 Appius
591 380 690 409 minor,
708 385 736 406 ut
754 379 866 410 indicet,
884 379 1024 414 pecuniam

234 428 267 445 ex
279 419 356 444 bonis
368 419 450 452 patris
466 418 620 452 pervenisse
636 417 668 443 nd
679 417 840 447 Servilium.
859 417 1026 451 praevarica-

235 457 368 490 tionisque
380 464 473 481 caussa
485 455 585 481 diceret
594 454 745 489 depositum
756 455 804 480 tls.
814 462 910 480 inni.
933 454 1026 480 Admi-

235 494 300 519 raris
311 493 465 518 amentiam.
488 493 571 518 lmmo
582 492 604 518 si
617 493 734 518 actiones
744 491 928 520 stultissimas.
942 490 1027 525 quid?

234 531 256 556 si
269 529 382 556 nefarias
395 530 477 564 patris
491 529 674 555 confessiones
690 528 831 555 audisses?
860 531 884 555 3.
910 529 988 554 Mittit
999 529 1025 554 in
1048 554 1049 560 ,

233 567 376 593 consilium
389 567 496 592 eosdem
509 566 633 601 illos,qui
647 566 706 592 lites
717 567 897 596 aestimarant.
912 565 1024 591 iudices.
1048 571 1049 576 ¹

233 606 321 636 Quum
333 612 419 638 aequo
430 613 541 630 numero
554 604 702 630 sententiae
719 603 845 633 fuissent,
864 603 1024 632 Laterensis.
1048 600 1057 639 Ὶἶ

235 641 306 675 leges
323 642 461 675 ignorans,
485 642 682 676 pronuntiavit,
704 641 776 676 quod
797 640 899 676 singuli
918 640 1026 666 ordines
1048 644 1049 662 l

234 679 412 705 iudicassent:
430 683 455 705 et
465 679 497 705 ad
508 684 672 709 extremum.
689 683 718 705 ut
728 678 826 708 solent.
841 687 889 703 non
902 680 1025 710 reda'ynm.
1055 701 1057 709 ,

233 716 376 751 Postquam
393 716 531 746 discessit,
553 720 579 742 et
593 725 640 750 pro
656 715 778 742 absoluto
789 714 921 741 Servilius
933 714 1026 741 haberi
1048 710 1057 727 '¹

233 758 344 788 coeptus
351 758 399 784 est,
410 753 531 788 legisque
542 762 625 779 unum
636 757 661 779 et
670 753 848 779 centesimum
859 757 939 787 caput
951 751 1023 787 legit.
1048 751 1049 760 ¹

235 791 261 817 in
277 799 330 825 quo
346 791 379 816 ita
399 795 467 817 erat:
489 800 566 821 ouon
580 799 678 817 sonus«
699 799 825 817 runicus
846 799 935 816 uAion
958 798 1027 815 rans

234 837 402 858 mutamur,
435 837 463 853 in
488 837 533 854 ius
558 837 715 858 ttATtthtJtt
746 835 828 853 asro:
871 827 897 853 in
922 826 1026 853 tabulas

234 865 387 891 absolutum
403 874 454 891 non
471 865 574 894 retulit.
597 865 722 891 ordinum
740 864 839 890 iudicia
855 864 1024 899 perscripsit:
1048 896 1049 902 1

235 901 384 937 postulante
397 911 490 928 rursus
503 903 601 936 Appio.
619 911 680 928 cum
698 902 726 928 L.
740 901 824 928 Lollio
841 902 981 937 transegit.
1003 906 1028 927 et

208 968 212 975 .
234 948 262 965 se
274 939 420 965 relaturum
432 939 510 965 dixit.
541 940 585 965 Sic
597 948 668 965 nunc
679 947 767 973 neque
778 938 926 969 absolutus.
940 946 1027 973 neque

235 976 391 1007 damnatus,
403 976 535 1002 Servilius
551 976 584 1002 de
600 976 756 1011 repetundis
771 977 880 1002 saucius
893 975 959 1002 Pilio
975 980 1028 1001 tra·
1049 1006 1050 1012 1

234 1013 322 1040 detur.
349 1014 414 1040 Nam
424 1013 457 1039 de
468 1014 634 1040 divinatione
645 1014 758 1048 Appius.
767 1022 852 1048 quum
863 1013 1027 1039 calumniam

235 1051 357 1082 iurasset,
370 1050 528 1078 contendere
540 1060 622 1077 ausus
634 1060 685 1077 non
698 1055 746 1081 est.
759 1050 880 1085 Pilioque
892 1051 986 1077 cessit.
1003 1054 1028 1076 et

234 1088 292 1122 ipse
305 1087 338 1114 de
354 1089 477 1122 pecuniis
489 1088 644 1123 repetundis
655 1097 669 1114 a
680 1087 802 1114 Serviliis
816 1093 855 1114 est
866 1086 1025 1122 postulatus,

234 1130 259 1151 et
270 1130 404 1160 praeterea
415 1125 448 1151 de
460 1125 486 1151 vi
497 1134 558 1151 reus
570 1134 583 1151 a
594 1125 711 1160 quodam
723 1125 863 1151 emissario
873 1133 935 1155 suo,
953 1124 1025 1150 Sext.

233 1162 327 1193 Tettio,
342 1161 426 1188 factus
438 1167 487 1189 est.
527 1163 606 1188 Recte
619 1162 667 1188 hoc
677 1171 725 1197 par
736 1162 824 1188 habet.
859 1163 884 1188 l».
905 1161 982 1194 Quod
994 1161 1027 1188 ad

234 1199 430 1234 rempublicam
442 1200 568 1234 pertinet.
581 1200 691 1226 omnino
703 1199 795 1225 multis
805 1199 916 1229 diebus.
931 1207 1028 1233 exspe-

233 1237 346 1263 ctatione
362 1236 524 1267 Galliarum.
542 1242 631 1263 actum
647 1236 715 1262 nihil
732 1241 780 1263 est.
821 1236 973 1271 Aliquando
989 1241 1028 1262 ta-

234 1282 294 1300 men
310 1282 390 1307 saepe
406 1282 433 1299 re
449 1273 530 1300 dilata
547 1279 572 1300 et
582 1274 700 1309 graviter
714 1278 771 1300 acta
791 1278 817 1299 et
827 1273 905 1308 plane
917 1282 1029 1308 perspe-

233 1315 273 1337 cta
285 1310 333 1337 Cn.
346 1310 466 1345 Pompeii
477 1311 612 1337 voluntate
625 1311 651 1337 in
663 1319 721 1337 eam
734 1315 850 1345 partem,
869 1315 898 1337 ut
907 1319 969 1336 eum
980 1310 1028 1337 de-

232 1347 326 1374 cedere
342 1352 402 1382 post
415 1347 549 1374 Kalendas
565 1348 672 1375 Martias
688 1347 817 1382 placeret:
841 1353 949 1374 senatus
963 1356 1028 1374 con-

232 1384 348 1416 sultum.
367 1384 439 1420 quod
455 1385 504 1411 tibi
521 1385 598 1417 misi.
621 1385 721 1412 factum
739 1390 779 1411 est
802 1385 1027 1421 auctoritatesque

232 1422 406 1457 perscriptae.

287 1460 312 1486 5.
325 1459 351 1486 S.
366 1459 394 1485 C.
407 1462 557 1486 auctoritas.
579 1460 664 1486 Pridie
673 1460 734 1486 Kal.
743 1459 830 1487 Octob.
843 1463 869 1486 in
880 1462 941 1486 aede
950 1461 1029 1493 Apol-

233 1498 293 1523 linis
302 1497 377 1522 scrib.
389 1499 535 1530 adsuerunt,
548 1497 577 1523 L.
590 1498 725 1527 Domitius,
741 1497 786 1524 Cn.
797 1498 826 1524 F.
838 1499 1026 1527 Ahenobarbus,

234 1534 263 1565 O.
282 1533 421 1563 Caecilius.
441 1534 471 1566 O.
484 1534 515 1560 F.
527 1535 644 1561 Metellus
655 1535 714 1561 Pius
725 1534 824 1568 Scipio,
841 1535 870 1561 L.
888 1535 986 1565 Villius,
998 1535 1026 1560 L.

233 1571 260 1596 F.
273 1571 368 1603 Pompt.
381 1572 497 1601 Annalis,
511 1571 539 1598 C.
547 1571 692 1605 Septimius,
717 1572 743 1598 T.
750 1572 778 1598 F.
793 1572 912 1603 Quirina,
928 1572 1028 1598 C.Luc-

233 1611 309 1637 ceius,
320 1607 347 1633 C.
361 1607 389 1634 F.
396 1608 458 1642 Pup.
469 1609 571 1638 Hirrus,
587 1608 614 1635 C.
627 1609 786 1640 Scribonius,
797 1609 823 1635 C.
836 1609 864 1635 F.
872 1610 929 1642 Pop.
939 1608 1026 1639 Curio,

232 1645 262 1670 L.
275 1646 380 1674 Atteius,
393 1645 422 1671 L.
435 1645 464 1671 F.
478 1646 525 1671 An.
543 1645 641 1679 Capito.
655 1646 692 1672 M.
707 1646 812 1679 Oppius,
824 1646 860 1672 M.
871 1646 900 1672 F.
914 1647 1029 1672 Terenti-

231 1690 274 1707 na.
315 1682 388 1713 Quod
398 1683 435 1709 M.
447 1683 588 1709 Marcellus
599 1685 686 1709 consul
703 1684 806 1717 V(erba)
821 1683 914 1717 Facit)
927 1685 957 1709 de
966 1692 1028 1716 pro-

232 1721 324 1744 vinctis
335 1721 527 1746 consularibus:
539 1720 600 1754 D(e)
612 1721 674 1754 E(a)
687 1721 745 1753 Ra»)
758 1720 822 1753 I(ta)
837 1720 1026 1754 mensum—mn)

232 1759 270 1781 uti
281 1756 310 1781 L.
324 1756 441 1787 Paullus,
459 1756 486 1783 C.
497 1757 638 1783 Marcellus
654 1758 781 1787 consules,
797 1766 874 1790 quum
889 1760 1028 1791 magistru—

233 1798 283 1818 tum
301 1795 417 1823 inissent,
438 1802 471 1820 ex
481 1803 506 1820 a.
518 1796 541 1820 d.
554 1794 589 1820 X.
601 1795 662 1820 Kal.
674 1794 764 1825 Mart..
776 1803 842 1827 quae
852 1797 879 1820 in
889 1803 935 1820 suo
945 1797 1028 1828 mayi-

231 1835 314 1856 sti-utu
325 1833 429 1863 suturae
439 1836 527 1861 essent,
534 1833 564 1857 de
576 1833 753 1858 consularibus
761 1834 903 1864 prouinciis
908 1834 942 1858 ad
951 1840 1027 1858 sena-

232 1872 284 1893 tum
300 1869 436 1900 referrent,
453 1877 513 1894 neve
528 1870 590 1902 quid
603 1871 678 1901 prius
692 1877 725 1894 ex
737 1869 861 1895 Kalendis
872 1869 952 1895 Mart.
967 1877 1028 1895 neue

231 1905 294 1937 quid
304 1907 458 1930 coniunctim
467 1907 498 1931 de
509 1914 538 1931 ea
549 1914 577 1931 re
588 1908 728 1939 referretur
737 1915 754 1931 a
766 1907 923 1937 consulibus,
940 1909 1028 1940 utique

231 1943 286 1966 eius
298 1943 337 1966 rei
352 1949 444 1968 caussa
456 1950 504 1975 per
513 1944 566 1968 dies
577 1944 716 1969 comitiales
725 1947 841 1968 senatum
851 1945 982 1973 haberent,
999 1943 1026 1970 S.

234 1977 265 2010 Q.
279 1977 305 2004 C.
316 1980 444 2011 facerent:
458 1983 494 2009 et,
511 1988 588 2013 quum
601 1981 631 2005 de
641 1988 671 2005 ea
682 1989 710 2005 re
719 1982 754 2006 ad
762 1985 877 2006 senatum
887 1983 1028 2014 referretur

231 2024 247 2041 a
257 2013 348 2042 COSS.
361 2024 448 2042 eorum
458 2019 503 2049 qui
512 2019 539 2042 in
548 2016 613 2043 CCC
621 2018 749 2043 iudicibus
759 2022 847 2047 essent,
858 2026 905 2044 sex
915 2020 1028 2044 adduce-

231 2060 260 2077 re
270 2053 366 2078 liceret.
384 2053 414 2080 Si
424 2055 486 2086 quid
496 2055 526 2079 de
541 2062 571 2080 ea
581 2062 610 2080 re
619 2056 653 2080 ad
662 2056 784 2087 populum
793 2056 828 2080 ad
839 2056 964 2088 plebemve
975 2056 1027 2081 lato

231 2097 294 2122 opus
303 2094 374 2119 esset,
384 2092 423 2115 uti
432 2090 487 2116 Ser.
500 2090 638 2124 Sulpicius,
650 2091 686 2118 M.
698 2091 838 2118 Marcellus
847 2091 938 2119 COSS.
947 2101 1027 2125 prae-

232 2130 306 2155 tores,
319 2125 465 2160 tribunique
473 2129 565 2160 plebis,
581 2130 672 2161 quibus
682 2137 768 2154 eorum
779 2131 919 2159 videretur,
936 2131 971 2155 ad
979 2138 1027 2163 po-

225 2161 316 2192 pulum
325 2161 451 2193 plebemve
461 2164 600 2194 referrent:
611 2165 679 2196 quod
688 2165 709 2188 ii
719 2172 769 2189 non
780 2165 904 2193 tulissent.
912 2167 958 2194 uti,
969 2167 1029 2198 qui-

230 2199 458 2231 cumquedeinceps
463 2203 551 2228 essent,
559 2201 594 2225 ad
597 2201 719 2233 populum
723 2202 850 2234 plebemve
856 2204 958 2228 ferrent.
966 2202 986 2227 I.
994 2202 1026 2228 N.

285 2235 308 2260 6.
339 2234 424 2261 Pridie
439 2236 549 2262 Kalend.
566 2236 654 2264 Octob.
671 2239 699 2263 in
713 2240 775 2264 aede
790 2239 929 2271 Apollinis,
949 2241 1026 2266 scrib.

230 2274 369 2305 adsuerunt
385 2273 412 2299 L.
424 2274 559 2305 Domitius,
582 2274 628 2301 Cn.
640 2275 669 2301 F.
682 2276 874 2307 Ahenobarbus,
894 2277 924 2308 Q.
937 2277 1027 2303 Metel-

232 2311 283 2339 lus,
297 2309 326 2341 Q.
339 2310 367 2336 F.
377 2311 474 2337 Fabius
488 2311 548 2338 Pius
563 2312 662 2345 Scipio,
679 2313 708 2339 L.
722 2313 826 2343 Villius,
842 2314 871 2340 L.
886 2313 915 2340 F.
930 2314 1024 2347 Pompe.

230 2347 345 2377 Annalis,
361 2347 388 2373 C.
400 2347 545 2381 Septimius,
561 2349 588 2375 T.
600 2349 629 2375 F.
644 2350 766 2381 Quirina,
782 2350 810 2377 0.
822 2350 980 2381 Scribonius,
995 2351 1023 2377 C.

230 2383 260 2408 F.
273 2383 331 2416 Pop.
345 2384 436 2415 Curio.
450 2385 477 2411 L.
489 2387 594 2416 Atteius,
606 2387 635 2412 L.
648 2387 679 2412 F.
694 2388 740 2413 An.
758 2387 855 2420 Capito.
867 2388 904 2414 M.
918 2388 1023 2422 Oppius,

230 2419 267 2444 M.
283 2419 314 2445 F.
334 2421 475 2448 Terentina.
517 2423 590 2454 Quod
604 2423 639 2450 M.
654 2424 796 2450 Marcellus
813 2424 886 2451 COS.
906 2425 932 2451 V.
948 2425 979 2451 F.
994 2428 1024 2452 de

228 2458 382 2488 provinciis.
394 2459 427 2484 D.
439 2459 468 2484 E.
481 2460 510 2485 R.
523 2460 546 2486 1.
561 2460 586 2486 C.
598 2465 713 2486 senatum
723 2463 885 2493 existimare,
902 2465 1025 2489 neminem

231 2500 325 2523 eorum,
337 2497 382 2526 qui
390 2500 537 2527 potestatem
547 2498 656 2523 habeant
667 2500 850 2528 intercedendi,
862 2501 1023 2532 impediendi,

230 2536 328 2554 moram
338 2533 432 2563 afferre
442 2538 564 2565 oportere,
576 2543 626 2567 quo
636 2537 719 2560 minus
727 2536 758 2560 de
768 2537 852 2568 repub.
865 2538 900 2562 ad
909 2542 1025 2563 senatum

229 2567 330 2598 referri.
343 2570 472 2601 senatique
483 2572 623 2597 consultum
633 2573 690 2604 fieri
698 2574 785 2604 possit.
811 2572 862 2604 Qui
872 2575 1022 2606 impedierit,

226 2603 399 2634 prohibuerit,
415 2614 471 2631 eum
484 2611 599 2635 senatum
613 2610 762 2635 existimare
781 2613 871 2636 contra
884 2612 1024 2644 rempubli-

857 87 899 113 78.
933 86 968 112 M.
999 86 1029 117 Τ,
1064 86 1338 114 CICERONIS

1077 166 1132 183 cnm
1142 159 1238 190 seciae.
1279 157 1309 183 S.-
1319 161 1376 191 quis
1386 158 1444 183 huic
1454 163 1556 184 nemius
1566 161 1680 186 consulto
1691 162 1868 190 intercesserit.

1076 199 1175 220 mimu-
1189 196 1304 227 plncere,
1326 198 1504 221 auctoritatem
1517 199 1655 229 perscribi,
1672 203 1694 223 rt
1709 200 1740 222 de
1754 207 1783 224 ea
1795 207 1823 223 re
1835 199 1870 224 ad

1076 236 1190 257 senatum
1200 233 1370 270 populumque
1380 235 1480 264 refer-ri.

1132 268 1198 294 lluic
1210 269 1441 295 senatusconsulto
1454 270 1602 296 intercessit
1611 271 1640 297 C.
1653 270 1769 300 Caelius.
1784 271 1812 297 L.
1823 271 1871 298 Vi-

1078 305 1175 334 nicius.
1189 306 1217 331 l'.
1230 306 1379 335 Cornelius.
1393 306 1422 332 C.
1436 306 1531 332 Vibius
1543 307 1636 338 Pansa.
1648 309 1720 341 (trib.
1734 308 1793 343 pl).

1132 343 1158 368 7.
1179 343 1239 368 Item
1250 346 1349 368 seruitui
1358 345 1468 376 placere,
1480 346 1511 369 de
1520 346 1650 374 militibus,
1663 348 1707 379 qui
1718 355 1744 371 tn
1755 348 1870 372 exercitu

1054 401 1057 412 ,
1080 379 1108 405 C.
1123 380 1242 406 Caesaris
1252 382 1316 405 sint:
1332 383 1376 413 qui
1391 390 1477 406 eorum
1487 383 1614 414 ntipendia
1624 385 1728 408 emerita
1738 388 1783 409 aut
1795 391 1871 409 cauc-

1055 422 1057 454 ζ
1077 426 1132 445 sim,
1149 418 1239 450 quibus
1254 419 1284 442 cte
1300 420 1398 443 caussis
1413 420 1483 443 missi
1497 420 1553 451 fieri
1567 420 1684 447 debeant.
1700 421 1821 449 habeant,
1837 422 1872 446 ad

1048 478 1056 486 Ἡ
1077 456 1142 479 hunc
1154 456 1267 479 ordinem
1278 457 1382 487 referri,
1396 459 1423 480 ut
1433 464 1518 480 eorum
1530 459 1598 481 ratio
1608 458 1740 487 habeatur,
1751 465 1871 483 caussae·

1077 500 1125 524 que
1140 496 1332 524 coquos-tantur.
1372 492 1402 517 Si
1416 495 1474 525 quie
1488 494 1547 518 huic
1558 492 1585 519 S.
1601 492 1626 519 C.
1639 496 1820 523 intercesserit.
1831 503 1871 520 te-

1078 531 1151 554 nutui
1160 530 1275 561 placere,
1291 532 1470 555 auctoritatem
1482 532 1622 562 perscribi,
1639 535 1661 556 et
1671 533 1702 556 de
1711 539 1740 556 ea
1751 539 1779 556 ro
1788 533 1823 557 aad
1831 540 1871 557 ue-

1077 571 1165 592 natum
1174 567 1345 599 populumque
1355 569 1455 599 referri.

1132 603 1198 628 lluic
1209 603 1235 628 S.
1249 603 1278 629 C.
1292 604 1442 630 intercessit
1453 603 1482 630 C.
1495 603 1615 635 Caelius,
1629 604 1658 631 C.
1670 604 1770 635 Pansa.
1784 604 1872 631 tribu-

1078 640 1104 666 ni
1117 640 1215 675 plebis.

1131 679 1156 703 8.
1179 678 1289 711 Itemque
1298 682 1399 704 senatui
1408 680 1522 711 placere,
1535 681 1561 705 in
1575 678 1692 705 Ciliciam
1701 681 1871 712 procinctam,

1078 718 1103 740 in
1115 720 1170 740 octo
1181 717 1295 748 reliquas
1307 719 1470 748 proi-incias.
1488 725 1553 750 quus
1562 719 1688 749 praetorii
1696 725 1745 749 pro
1753 721 1873 749 pmetoro

1077 754 1224 781 obtinerent,
1236 761 1289 782 eos,
1305 756 1349 786 qui
1358 758 1489 786 praetores
1498 757 1602 786 suerunt
1613 763 1692 787 neque
1702 756 1727 779 in
1737 756 1873 786 prm-incia

1078 798 1134 815 cum
1145 792 1251 822 imperio
1261 792 1377 822 suerunt.
1395 799 1458 824 quoa
1471 800 1558 816 eorum
1572 799 1606 816 ez·
1617 790 1644 817 S.
1660 790 1685 816 C.
1699 799 1754 816 cum
1766 793 1873 824 imperio

1078 829 1104 852 in
1114 829 1262 860 provincias
1276 835 1324 860 pro
1336 832 1456 860 praetore
1466 830 1531 854 mitti
1542 833 1682 861 oporteret:
1694 836 1735 854 eoa
1744 831 1835 854 sortito
1846 830 1874 854 in

1077 866 1224 896 provincias
1235 867 1301 890 mitti
1309 866 1421 897 placere.
1462 864 1491 891 Si
1505 874 1538 891 ex
1550 874 1578 891 eo
1589 873 1704 894 numero,
1721 873 1784 898 quoa
1798 873 1831 890 ex
1842 864 1871 891 S.

1081 901 1108 927 C.
1121 904 1148 927 in
1158 904 1306 934 provincias
1322 904 1359 927 ire
1374 907 1511 935 oporteret,
1528 904 1562 928 ad
1576 911 1709 928 numerum
1720 911 1769 928 non
1780 907 1870 932 exserit.

1078 941 1122 971 qui
1133 941 1158 963 in
1173 947 1216 964 eas
1223 941 1371 971 provincias
1384 941 1621 972 proficiscerentur:
1636 944 1696 968 tum,
1708 942 1747 965 uti
1757 941 1874 972 quodque

1079 977 1326 1009 cotteqiumprimum
1336 981 1485 1009 praetorum
1494 979 1591 1009 suisset,
1599 985 1678 1010 neque
1689 979 1715 1002 in
1724 978 1873 1009 prot-inciae

1078 1015 1185 1045 profecti
1199 1017 1293 1043 essent,
1311 1016 1347 1039 ita
1358 1018 1426 1039 sorte
1437 1016 1464 1039 in
1473 1016 1632 1046 prot-inciam
1641 1015 1873 1046 proficiscerentur.

1079 1049 1108 1076 Si
1118 1052 1138 1075 ii
1146 1052 1180 1075 ad
1191 1059 1323 1076 numerum
1335 1059 1385 1076 non
1397 1055 1489 1080 essent,
1506 1055 1566 1076 tunc
1576 1052 1693 1083 deinceps
1702 1052 1817 1083 proximi
1827 1059 1875 1076 cu-

1078 1089 1168 1120 iusque
1178 1089 1278 1121 cotteyti
1285 1109 1290 1117 ,
1307 1090 1352 1121 qui
1363 1092 1495 1120 praetores
1507 1089 1626 1120 fuissent.
1642 1096 1722 1121 neque
1732 1090 1758 1113 in
1767 1089 1874 1120 provin·

1079 1126 1133 1150 cius
1145 1127 1254 1157 profecti
1271 1129 1364 1154 essent,
1385 1127 1413 1150 in
1426 1129 1519 1150 sortem
1534 1127 1732 1154 conficerentur.
1751 1126 1836 1158 quoad
1851 1127 1874 1151 is

1078 1170 1198 1187 numerus
1208 1164 1312 1195 effectus
1322 1166 1396 1192 esset,
1413 1170 1485 1195 quem
1499 1163 1534 1187 ud
1549 1170 1681 1187 numerum
1691 1164 1717 1187 in
1725 1164 1875 1195 provincias

1078 1201 1145 1224 mitti
1155 1203 1287 1232 oporteret.
1326 1198 1356 1226 Si
1369 1201 1426 1233 quis
1435 1200 1495 1225 huic
1504 1198 1531 1226 S.
1546 1198 1572 1225 C.
1583 1201 1772 1229 intercessisset,
1783 1203 1873 1226 aucto-

1078 1237 1144 1262 ritas
1153 1238 1362 1269 perscriberetur.

1132 1273 1200 1299 Ruic
1215 1278 1324 1300 senatus
1339 1272 1461 1300 consulto
1477 1273 1628 1300 intercessit
1646 1272 1676 1300 C.
1697 1272 1817 1303 Caelius.
1841 1272 1872 1299 C.

1078 1310 1173 1341 Pansa.
1186 1311 1289 1337 tribuni
1300 1310 1399 1346 plebis.
1439 1312 1464 1337 9.
1486 1310 1532 1337 Illa
1544 1315 1679 1345 praeterea
1689 1309 1738 1337 Cn.
1751 1310 1873 1345 Pompeii

1078 1353 1142 1374 sunt
1152 1348 1352 1378 animadversa,
1368 1356 1438 1383 quae
1448 1348 1566 1375 maxime
1577 1347 1766 1374 confidentiam
1777 1347 1874 1374 attule-

1079 1389 1141 1411 runt
1151 1385 1318 1415 hominibus.
1335 1390 1365 1412 ut
1374 1385 1483 1416 diceret,
1495 1394 1524 1411 se
1535 1389 1595 1412 ante
1605 1384 1719 1411 Kalend.
1731 1384 1807 1411 Mart.
1819 1393 1873 1411 non

1079 1431 1157 1457 posse
1168 1423 1227 1448 sine
1238 1423 1338 1449 iniuria
1349 1422 1382 1449 de
1393 1423 1543 1457 provinciis
1549 1422 1670 1449 Caesaris
1680 1426 1805 1452 statuere,
1813 1426 1874 1456 post

1079 1459 1138 1486 Kal.
1149 1460 1226 1486 Mart.
1243 1468 1271 1486 se
1287 1468 1340 1486 non
1357 1459 1554 1486 dubitaturum.
1594 1459 1684 1491 Quum
1696 1459 1874 1494 interrogare-

1079 1501 1135 1528 tur,
1151 1498 1176 1523 si
1191 1497 1306 1532 quitum
1318 1497 1526 1524 intercederent:
1548 1497 1631 1527 dixit.
1649 1496 1700 1523 hoc
1710 1496 1779 1522 nihil
1790 1497 1874 1522 inter-

1078 1542 1151 1565 esse.
1168 1539 1260 1561 utrum
1274 1534 1304 1561 C.
1317 1534 1414 1561 Caesar
1428 1535 1534 1561 senatui
1549 1534 1621 1560 dicto
1636 1533 1749 1560 audiens
1765 1532 1873 1560 futurus

1079 1580 1131 1598 non
1142 1576 1225 1601 esset.
1239 1580 1272 1598 an
1283 1576 1400 1606 pararet,
1417 1572 1465 1606 qui
1476 1576 1599 1598 senatum
1609 1570 1752 1597 decernere
1762 1579 1815 1597 non
1825 1578 1874 1605 pa-

1079 1613 1187 1635 teretur.
1215 1608 1286 1641 Quid
1297 1609 1330 1638 si.
1343 1609 1433 1643 inquit
1446 1608 1525 1639 alius.
1538 1613 1564 1634 et
1573 1607 1668 1634 consul
1679 1616 1748 1638 esse.
1761 1612 1787 1634 et
1795 1615 1874 1634 exer-

1078 1646 1163 1672 citum
1174 1645 1273 1672 habere
1284 1645 1374 1672 volet?
1383 1646 1417 1672 At
1426 1645 1472 1672 ille
1480 1666 1486 1676 .
1499 1653 1581 1681 quam
1592 1644 1749 1671 clementer!
1773 1645 1841 1676 Quid
1849 1646 1875 1670 si

1078 1685 1147 1716 filius
1156 1692 1225 1709 meus
1235 1686 1325 1716 fustem
1338 1684 1400 1708 milti
1410 1685 1549 1716 impingere
1558 1681 1642 1708 votet?
1653 1682 1700 1708 His
1709 1681 1831 1712 vocibus,
1844 1685 1874 1708 ut

1078 1720 1263 1746 existimarent
1274 1719 1410 1750 homines.
1423 1720 1550 1754 Pompeio
1560 1727 1622 1745 cum
1633 1719 1745 1746 Caesare
1756 1727 1816 1745 esse
1825 1726 1874 1745 ne-

1078 1758 1191 1793 gotium.
1204 1756 1300 1783 effecit.
1332 1757 1502 1792 Itaqueiam.
1516 1761 1546 1783 ut
1556 1756 1649 1786 video.
1663 1755 1773 1783 alteram
1785 1760 1873 1782 utram

1078 1794 1111 1821 ad
1122 1794 1303 1821 conditionem
1309 1793 1472 1820 descendere
1483 1793 1652 1824 vultCaesar,
1661 1798 1691 1820 ut
1700 1798 1746 1820 aut
1756 1797 1871 1823 maneat.

1078 1840 1166 1867 neque
1177 1831 1227 1858 hoc
1238 1840 1308 1858 anno
1317 1840 1366 1858 sua
1376 1832 1444 1858 ratio
1459 1830 1604 1861 habeatur.
1621 1835 1680 1861 aut,
1697 1831 1721 1856 si
1735 1830 1874 1866 designari

1078 1869 1183 1904 poterit,
1199 1868 1321 1895 decedat.
1363 1870 1403 1894 ⁴0.
1424 1868 1506 1895 Curio
1515 1876 1544 1894 se
1555 1872 1645 1894 contra
1655 1876 1718 1894 eum
1729 1872 1813 1894 totum
1823 1875 1874 1902 pa-

1078 1911 1126 1932 rat.
1167 1905 1239 1938 Quid
1249 1906 1359 1940 assequi
1370 1906 1464 1940 possit,
1477 1905 1578 1932 nescio.
1617 1904 1687 1931 ttlud
1700 1904 1788 1936 video,
1803 1904 1874 1931 hene

1078 1944 1247 1974 sentientem.
1260 1943 1311 1969 etsi
1322 1942 1391 1969 nihil
1402 1942 1520 1969 effecerit
1531 1963 1537 1973 .
1550 1941 1645 1969 cadere
1655 1950 1708 1968 non
1719 1949 1808 1977 posse.
1830 1941 1873 1968 Ma

1078 1985 1170 2007 tractat
1180 1979 1328 2007 liberaliter
1335 1980 1426 2011 Curio.
1438 1984 1464 2006 et
1474 1979 1544 2006 mihi
1553 1988 1603 2006 suo
1613 1987 1724 2006 munere
1734 1979 1873 2015 negotium

1079 2018 1218 2053 imposuit.
1248 2018 1316 2044 Nam
1327 2017 1351 2043 si
1362 2017 1431 2043 mihi
1441 2026 1495 2044 non
1505 2016 1625 2043 dedisset
1635 2025 1689 2047 eas.
1703 2024 1773 2051 quae
1783 2015 1818 2043 ad
1829 2015 1874 2042 lu-

1077 2054 1126 2081 dos
1141 2055 1166 2081 ei
1180 2054 1308 2081 advectae
1321 2059 1397 2081 erant
1411 2054 1565 2085 Africanae,
1582 2054 1671 2089 potuit
1688 2052 1870 2088 supersederi.

1077 2093 1168 2123 Nunc.
1186 2091 1295 2127 quando
1305 2091 1368 2118 dare
1378 2100 1488 2118 necesse
1502 2096 1555 2122 est.
1573 2090 1656 2117 velim
1671 2090 1722 2117 tibi
1731 2098 1812 2117 curae
1825 2091 1870 2121 sit,

1077 2129 1150 2164 quod
1161 2138 1176 2156 a
1186 2133 1212 2156 te
1222 2137 1330 2164 semper
1339 2129 1415 2164 petii,
1423 2128 1564 2163 utaliquid
1573 2128 1653 2154 istinc
1663 2127 1811 2154 bestiarum
1822 2126 1873 2154 ha-

1077 2166 1204 2193 beamus:
1226 2165 1422 2201 Sittianamque
1436 2165 1620 2201 syngrapham
1635 2164 1686 2191 tibi
1700 2163 1870 2191 commendo.

1077 2204 1216 2230 Libertum
1225 2203 1367 2229 Philonem
1377 2204 1447 2229 istuc
1457 2203 1530 2233 misi,
1543 2207 1569 2229 et
1574 2203 1719 2237 Diogenem
1726 2201 1869 2232 Graecum.

1076 2240 1179 2275 quibus
1199 2240 1324 2267 mandata
1337 2244 1364 2267 et
1378 2239 1479 2266 litteras
1494 2239 1528 2266 ad
1543 2244 1568 2266 te
1583 2239 1657 2266 dedi.
1694 2238 1748 2265 Eos
1763 2238 1828 2269 tibi,
1844 2242 1872 2265 et

1078 2286 1148 2308 rem,
1161 2277 1195 2303 de
1205 2286 1258 2312 qua
1270 2277 1348 2309 misi,
1360 2277 1444 2303 velim
1455 2285 1534 2303 curae
1544 2276 1654 2303 habeas.
1693 2276 1774 2306 Nam,
1787 2282 1871 2311 quam

1076 2314 1251 2341 vehementer
1263 2314 1299 2340 ad
1309 2322 1352 2341 me
1362 2315 1503 2349 pertineat.
1519 2314 1548 2341 in
1558 2314 1602 2345 iis,
1614 2321 1683 2349 quas
1693 2312 1744 2340 tibi
1755 2311 1797 2340 illi
1806 2311 1872 2340 red-

1076 2351 1148 2383 dent,
1162 2351 1257 2378 litteris
1267 2351 1411 2387 descripsi.

1126 2479 1169 2500 tx.
1184 2479 1261 2500 Alto.
1277 2480 1312 2501 De
1324 2479 1388 2501 Hirri
1401 2479 1538 2500 aedilitatem
1551 2477 1649 2506 petentia
1661 2477 1763 2505 repul-n.
1777 2477 1805 2498 de
1817 2483 1869 2505 pn-

1075 2513 1197 2535 vinu'unn
1215 2514 1365 2540 succensione.
1379 2515 1407 2535 de
1419 2513 1534 2542 pantheri,
1547 2513 1670 2538 mittendis.
1683 2512 1797 2534 Feridin-
1809 2518 1869 2534 ωι-

1075 2550 1169 2574 mend-t.
1184 2550 1211 2570 de
1224 2549 1331 2574 Favonio.
1346 2549 1385 2577 qni
1402 2552 1525 2576 praeturum
1539 2547 1642 2575 petierat.
1657 2547 1755 2576 repul-o,
1764 2547 1792 2568 de
1801 2547 1869 2568 Po·-

1074 2583 1121 2611 μείὶ
1130 2587 1153 2606 at
1160 2584 1274 2612 Scipioni·
1283 2584 1308 2605 in
1318 2585 1434 2606 cacun-
1444 2583 1517 2604 mim
1527 2587 1550 2604 et
1558 2583 1585 2604 de
1595 2582 1679 2604 eatiffi
1688 2581 1838 2603 nationibus.

1264 2621 1353 2643 (Roma.
1361 2620 1453 2644 sulpicio,
1462 2620 1555 2641 Marcello
1565 2626 1611 2639 coam
1622 2619 1678 2643 ῗω.)
