1941 3052
225 133 286 159 {316
786 129 841 152 2855,
877 127 910 151 M,
945 127 975 152 Τ.

217 208 242 230 et
254 203 405 228 uocis-,tatem
417 201 500 229 voire»,
514 199 584 234 quod
599 198 674 223 multi
688 198 866 231 reperiantur,
879 197 926 231 qui
940 195 1006 222 niliil

218 240 358 266 difficilius
370 238 474 266 [ni-iniit,
491 244 571 270 qutun
583 244 644 260 cuni
659 234 814 260 bominibus
825 233 951 269 congredi
964 238 1009 259 aut

219 285 368 303 sermonem
380 284 440 300 cuin
450 274 540 307 aliquo
550 272 679 298 conferre.
721 271 762 296 tv,
786 272 824 296 12.
847 271 908 296 Vere
920 275 1008 296 autem

220 315 351 340 liuinnnni·
364 312 486 338 nim-rim·
498 315 569 339 sunt,
582 309 663 343 quod,
677 309 726 334 etsi
738 316 788 333 non
800 317 893 333 omnes
906 308 931 333 in
945 316 1006 337 uno,

218 357 287 377 certi·
298 359 390 376 ‹mini-s
404 350 428 374 in
440 347 576 375 omnibus,
587 351 612 372 et
623 346 712 380 aliqua
726 345 750 371 in
764 345 899 375 miiitis,et
910 344 1008 370 multae
1030 353 1039 373 ,ν

220 397 298 423 saepo
316 389 341 413 in
358 395 410 412 uno
430 388 620 419 agnoscuntur.
662 384 728 412 lam.
751 383 897 408 constantis
917 382 1009 407 aetatis

219 430 283 460 quot
293 428 461 459 quantaeque
474 421 596 447 miseriae
608 421 661 446 sint
670 440 675 450 ,
694 428 743 445 non
758 419 868 445 difficile
880 424 919 445 est
932 418 1009 444 intel-

221 463 314 496 ligere,
337 465 363 487 nt
382 459 575 485 ‹lislicillimum
596 465 762 483 enumerare.

220 573 341 599 incurrit.
386 573 423 597 ⁴3.
436 572 510 597 Sicut
521 571 591 596 enim
604 574 749 596 ceterarum
761 569 882 594 omnium
894 572 1008 594 aetatum

219 611 304 636 adres
316 610 483 645 negotiaque,
497 612 553 634 tuni
565 608 676 642 privata,
690 611 746 632 tum
759 605 866 640 publica
879 613 1011 640 peragen-

218 648 266 677 da,
284 647 422 682 aptissima
438 650 478 671 est
493 645 664 678 maximeque
677 643 784 669 idonea:
809 644 842 669 ita
855 643 933 669 etiam
947 650 1008 672 una.

220 694 280 719 prae
301 684 396 710 ceteris
415 682 555 711 omnibus,
579 680 767 707 difficultatum
787 681 1011 714 miseriarumque

218 722 349 752 omnium,
367 729 435 755 quae
447 728 480 746 ex
492 719 600 754 publica
612 719 769 753 privataque
781 717 1010 744 administratione

218 760 350 789 oriuntur,
367 758 499 792 particeps
510 761 535 783 et
546 757 617 782 socia
628 760 676 782 est.
718 756 786 781 Haec
797 756 898 790 privata
911 754 1011 780 amico-

219 805 279 823 rum
291 796 396 831 negotia
407 798 543 830 procurat,
566 793 629 819 liaec
640 792 748 828 publica
760 793 874 818 sustinet
885 799 1008 817 munera:

221 834 284 860 hacc
295 833 407 869 glorium
419 837 444 858 et
454 830 625 857 commodum
637 838 670 856 ex
677 830 758 856 rebus
766 829 1012 855 feliciterevenien-

219 871 301 902 tibus,
315 870 380 896 haec
391 877 532 895 aerumnas
546 873 571 894 et
582 867 717 894 molestias
728 875 761 893 ex
772 866 893 893 adversis
904 867 1012 900 experi-
1032 886 1034 895 ,

219 914 271 935 tur.
313 908 379 934 Huic
392 907 522 933 bonorum
533 906 634 931 civium
647 905 838 939 propugnatio,
853 903 916 930 huic
928 903 1012 929 malo-

220 954 278 972 rum
291 945 425 971 accusatio
436 944 569 978 proposita
581 947 633 968 est:
648 942 710 968 huic
726 941 827 968 invidia
838 940 1012 967 etaemulatio

216 979 232 1008 'a
245 983 322 1009 bonis
334 982 488 1011 imminent,
514 989 528 1006 a
544 979 622 1006 malis
632 979 751 1014 pericula
763 983 788 1005 et
799 978 913 1004 insidiae
925 978 1012 1004 inten-

220 1020 334 1046 duntur:
357 1024 428 1045 aetas
445 1025 592 1053 numquam
607 1017 724 1051 sibiipsi
737 1015 909 1046 manifesta,
933 1024 1012 1041 num-

219 1066 300 1092 quam
313 1061 417 1091 pacata,
436 1063 543 1090 semper
555 1054 697 1084 laboriosa,
716 1061 821 1088 semper
832 1054 912 1080 anxia
923 1057 948 1078 et
959 1051 1012 1077 sol-

221 1094 302 1120 licita.
342 1093 415 1125 Quae
436 1093 458 1118 si
475 1101 526 1118 non
542 1091 647 1126 aliquos
662 1090 796 1117 interdum
816 1090 857 1116 vel
879 1089 1010 1119 utilitatis.

221 1131 262 1157 vel
276 1130 421 1165 voluptatis
433 1129 534 1155 fructus
546 1138 579 1155 ex
591 1128 699 1154 assiduo
711 1127 800 1154 labore
811 1128 968 1162 perciperet,
985 1134 1013 1152 se

220 1169 306 1204 ipsam
323 1167 439 1202 profecto
455 1174 545 1202 regere
561 1174 591 1192 ac
607 1166 674 1192 tueri
690 1174 741 1191 non
756 1169 855 1199 posset.
898 1165 937 1190 ⁴4.
960 1163 1013 1190 Sed

220 1206 389 1232 miseriarum
402 1212 530 1231 numerus
543 1202 626 1229 multo
637 1203 721 1228 maior
731 1207 783 1229 est:
797 1201 955 1237 magnitudo
966 1209 1014 1227 au-

220 1248 273 1269 tem
287 1247 364 1272 tanta,
374 1247 402 1268 ut
414 1242 549 1267 neminem
561 1248 574 1266 a
586 1239 704 1274 publicis
716 1239 949 1274 procurationibus
961 1246 1013 1264 non

219 1284 338 1306 avertere
349 1288 378 1305 ae
392 1278 524 1304 deterrere
536 1278 629 1312 possit.
671 1276 775 1303 illustre
787 1276 911 1311 praebuit
922 1284 1014 1302 exem-

219 1317 295 1352 plum
317 1317 459 1343 universae
479 1315 581 1341 civitati
597 1313 734 1340 calamitas
755 1318 841 1340 nostra
851 1334 857 1344 ‚
878 1321 960 1348 quam
980 1321 1014 1338 ex

220 1359 292 1389 parta
304 1354 406 1380 civium
418 1352 517 1383 salute,
532 1360 565 1378 ex
578 1350 697 1377 defensis
708 1351 762 1377 aris
773 1359 802 1377 ac
814 1350 894 1380 focis,
908 1359 941 1376 ex
953 1358 1015 1385 pro-

219 1391 352 1418 ditoribus
367 1399 381 1417 a
399 1389 562 1424 reipublicae
581 1397 610 1415 ac
626 1388 719 1423 populi
736 1389 846 1414 Romani
862 1387 1014 1414 cervicibus

219 1428 341 1463 depulsis
363 1427 555 1454 contraximus.
597 1426 650 1452 Sed
665 1430 753 1452 nostra
769 1425 849 1452 fuerit
872 1433 1012 1452 aerumna:

219 1466 324 1492 civibus
344 1465 484 1500 contigerit
500 1463 573 1490 salus
589 1468 614 1489 et
628 1463 720 1498 quies:
743 1471 825 1498 quam
843 1463 937 1493 etiam,
960 1462 1014 1488 vita

220 1504 278 1538 ipsa
291 1501 476 1537 profundenda
485 1521 491 1532 ,
508 1502 529 1527 si
541 1509 609 1535 opus
621 1500 728 1530 fuisset,
748 1500 926 1526 libentissime
939 1499 1015 1525 rede-

221 1541 375 1566 missemus.
419 1540 458 1565 ¹15.
480 1538 553 1564 Nihil
574 1546 682 1564 necesse
703 1541 743 1563 est
763 1537 831 1563 mihi
848 1537 881 1563 de
898 1545 940 1562 me
955 1538 1015 1571 ipso

220 1577 382 1612 praedicare.
422 1576 475 1602 Sed
491 1580 578 1602 tamen
591 1576 731 1601 verissime
747 1574 880 1601 affirmare
892 1582 1012 1609 possum,

220 1623 264 1640 eos
276 1614 385 1640 demum
397 1621 481 1640 annos
491 1621 534 1639 me
544 1620 606 1638 vere
619 1613 733 1643 vixisse,
756 1620 825 1647 quos
840 1613 868 1638 in
880 1611 1015 1646 praeclaro

220 1651 310 1687 aliquo
321 1651 421 1686 patriae
433 1650 475 1677 vel
486 1649 627 1676 commodo
638 1649 840 1676 velornamento
846 1649 1013 1684 consumpsi.

222 1689 271 1719 Ac,
289 1689 313 1715 si
329 1688 433 1724 longius
450 1688 517 1714 mihi
534 1688 616 1713 vitam
628 1686 775 1722 producere
787 1686 891 1717 liceret,
908 1694 960 1712 non
973 1693 1015 1712 me

221 1725 272 1752 alia
283 1734 377 1752 caussa
389 1725 421 1751 ad
433 1724 536 1751 diutius
547 1724 694 1751 vivendum
704 1745 710 1755 ,
732 1732 814 1759 quam
824 1723 950 1758 publicae
961 1724 1016 1749 uti-

222 1763 303 1789 litatis
314 1762 435 1789 studium
446 1770 563 1796 curaque
575 1761 732 1788 adduceret:
746 1769 816 1796 quae
827 1769 880 1787 una
891 1761 1015 1796 cogitatio

221 1801 249 1826 in
261 1800 370 1826 homine
380 1799 496 1835 gloriosa
508 1803 533 1825 et
545 1798 689 1825 laudabilis
700 1803 740 1824 est
751 1798 879 1825 maxime.
919 1799 950 1825 V.
975 1799 1013 1824 ⁴6.

220 1838 311 1868 Nunc,
330 1845 400 1872 quae
411 1841 529 1863 extrema
541 1836 574 1862 de
585 1836 717 1862 aetatibus
729 1840 866 1870 superest,
883 1835 950 1870 quid
966 1843 1015 1870 ego

221 1874 255 1900 de
275 1875 420 1900 senectutis
440 1873 618 1900 incommodis
633 1881 663 1899 ac
679 1873 797 1899 miseriis
818 1872 929 1908 loquar?
947 1881 1015 1907 quas

221 1911 353 1946 plurimas
363 1919 423 1937 esse
433 1915 459 1937 et
468 1911 653 1946 gravissimas,
661 1915 789 1937 etnomen
800 1910 891 1944 ipsum
903 1909 1016 1944 languo-

221 1949 258 1975 ris
278 1948 491 1982 calamitatisque
511 1947 702 1982 plenissimum
722 1947 824 1973 indicat
843 1951 870 1973 et
891 1951 1015 1981 aspectus

221 1986 279 2020 ipse
291 1994 386 2011 senum
398 1985 537 2011 hominum
549 1984 682 2019 patefacit.
721 1983 793 2016 Quid
807 1988 847 2010 est
857 1984 930 2010 enim
941 1983 1015 2009 aliud

221 2030 314 2049 senem
325 2022 417 2048 videre
429 2025 594 2052 trementem,
608 2022 760 2051 incurvum,
776 2021 1016 2051 canum,imbecil-

222 2060 292 2090 lum,
311 2059 462 2089 infirmum,
483 2067 564 2093 quam
576 2067 684 2084 cernere
695 2059 853 2084 morientem
865 2059 960 2084 vivum
971 2063 1017 2084 aut

220 2098 358 2123 viventem
369 2095 523 2122 mortuum‘?
542 2095 593 2127 Ac,
609 2097 632 2122 si
643 2095 779 2122 nonnullis
791 2096 881 2121 visum
893 2100 945 2126 est,
959 2104 1017 2121 ma—

221 2142 304 2170 gnam
319 2141 378 2160 esse
393 2133 488 2159 senilis
503 2133 595 2160 aetatis
611 2132 819 2159 consolationem
833 2132 1014 2167 prudentiam,

222 2180 274 2198 usu
286 2179 375 2197 rerum
386 2171 546 2206 quaesitam,
565 2178 634 2205 quae
649 2170 724 2196 illius
739 2171 832 2196 aetatis
843 2171 950 2204 propria
961 2175 1013 2202 est;

222 2208 331 2235 eosdem
348 2207 408 2234 illos
425 2207 500 2234 fateri
514 2212 629 2242 oportet,
651 2215 685 2234 ex
700 2215 730 2234 eo
746 2208 806 2242 ipso
822 2207 892 2234 fonte
909 2215 1016 2234 manare

222 2247 303 2272 etiam
314 2245 348 2272 ad
357 2253 436 2271 senes
446 2253 498 2271 non
511 2245 654 2271 minimum
665 2244 766 2271 doloris
776 2249 856 2279 atque
867 2244 1014 2271 molestiae.

225 2284 265 2309 ⁴7.
280 2282 334 2315 Qui
344 2283 417 2309 enim
429 2291 457 2308 se
467 2282 626 2317 prudentem
638 2290 781 2317 rerumque
792 2281 958 2317 agendarum
969 2290 1018 2316 pe-

223 2321 305 2346 ritum
316 2321 446 2355 agnoscit,
459 2327 508 2346 cur
517 2328 569 2346 non
583 2319 679 2350 doleat,
687 2327 756 2354 quae
766 2320 867 2354 optime
879 2318 1015 2354 intelligit,

223 2365 287 2392 prae
297 2357 391 2384 aetatis
403 2357 468 2383 vitio
478 2357 578 2391 optime
589 2357 670 2383 etiam
681 2356 808 2390 perticere
814 2365 867 2382 non
873 2355 970 2390 posse?
980 2361 1015 2387 et,

224 2395 247 2420 si
259 2395 372 2429 patriam
382 2393 485 2430 diligit,
497 2402 545 2420 cur
557 2402 608 2420 non
619 2398 745 2429 angatur,
761 2393 848 2428 quod,
860 2401 943 2428 quam
953 2402 1018 2420 con-

224 2430 285 2458 silio
296 2432 382 2461 iuvat,
400 2440 480 2466 opera
491 2431 571 2457 etiam
582 2432 674 2457 iuvare
685 2439 737 2457 non
751 2429 853 2465 possit‘?
866 2438 950 2465 eoque
961 2439 1018 2456 ma-

226 2469 265 2494 ior
276 2468 449 2502 prudentium
465 2467 540 2494 dolor
554 2473 606 2498 est.
629 2467 702 2503 quod
717 2468 880 2502 optimorum
890 2467 1018 2494 consilio-

225 2513 285 2530 rum
297 2505 413 2531 fructum
425 2505 498 2532 nulla
507 2505 559 2532 alia
570 2506 670 2532 ratione
681 2505 784 2540 percipi
794 2513 873 2539 posse
882 2525 888 2535 ,
901 2513 982 2539 quam
993 2506 1017 2531 si

225 2542 324 2575 optime
336 2542 369 2568 ad
381 2544 484 2570 exitum
494 2542 684 2578 perducantur,
692 2541 856 2577 intelligunt,
869 2542 951 2576 quod,
965 2543 1018 2568 nisi

226 2579 269 2604 vir
279 2579 396 2613 optimus
407 2581 561 2614 patriaeque
572 2580 775 2606 amantissimus
786 2579 819 2605 ad
829 2578 963 2614 agendum
974 2588 1019 2606 ac-

225 2614 315 2646 cedat,
329 2624 437 2650 prorsus
448 2617 537 2643 inania
548 2618 603 2645 sint
613 2616 712 2644 futura.
752 2616 794 2642 VI.
817 2617 857 2642 ⁴8.
878 2616 914 2642 De
925 2617 1019 2643 aetati-

227 2652 279 2678 bus
296 2653 361 2679 satis
376 2653 444 2679 mihi
459 2654 552 2680 videor
566 2653 680 2681 dixisse.
718 2653 790 2686 Quid
804 2653 857 2679 iam
867 2653 901 2680 de
912 2654 1019 2688 generi-

804 457 871 483 }laec
887 457 959 482 enim
975 464 1008 482 ex

218 499 344 525 omnibus
361 497 477 523 bominis
498 495 629 521 aetatibus
645 495 671 521 in
687 494 900 529 perturbationes
914 494 1006 523 animi,
1030 484 1032 500 ⁵

221 538 245 562 in
261 534 378 570 pericula
393 534 502 568 capitis,
527 532 624 562 lamae,
643 531 808 558 fortunarum
825 539 876 557 una
893 531 1009 556 maximo
1031 530 1032 534 ’

1036 238 1038 250 i

1036 262 1039 285 i

1009 126 1282 152 CifiiiitssNiS

1061 198 1110 223 bus
1123 197 1261 222 hominurn
1276 195 1439 230 loquat-Yam
1451 195 1582 230 numquid
1595 197 1730 231 principes
1745 197 1815 222 viros
1827 201 1853 223 et

1061 234 1161 260 medios
1173 239 1198 259 ct
1211 234 1315 259 intimos
1326 242 1410 267 aeque
1423 233 1533 259 miseros
1544 242 1602 259 esse
1615 242 1710 268 negare
1723 233 1854 268 possum?

1061 272 1144 306 {leges
1158 272 1207 305 ipsi
1219 279 1299 305 quam
1313 271 1403 296 miseri
1415 271 1481 299 sint,
1494 275 1648 305 quantoque
1658 280 1737 305 opere
1750 270 1852 296 soltici-

1061 309 1161 336 tudini,
1184 309 1270 334 timori
1287 313 1366 342 atque
1379 307 1485 333 insidiis
1497 308 1638 342 propositi.
1662 309 1725 334 satis
1736 307 1853 333 ostendit

1061 346 1216 380 Dionysius,
1239 353 1323 379 quum
1342 345 1497 370 imminente
1509 345 1588 379 capiti
1600 344 1689 379 gladio
1702 345 1851 371 Damoclem

1062 382 1180 408 fortunae
1201 391 1264 407 suae
1287 381 1439 407 felicitatem
1462 382 1545 408 voluit
1560 383 1686 416 experiri.
1729 383 1781 408 Nec
1800 383 1853 407 mi-

1061 428 1130 448 rum,
1147 428 1231 454 quum
1246 420 1277 445 iis
1293 419 1422 445 bellorum
1434 418 1611 448 calamitates,
1629 428 1752 460 agrorum
1765 425 1852 445 vasta-

1061 458 1158 487 tiones,
1173 456 1332 491 populorum
1343 456 1452 487 caedes,
1471 456 1579 482 urbium
1591 457 1671 482 exitia
1685 457 1850 482 immineant.

1064 496 1099 520 ⁴0.
1117 494 1190 525 Quae
1201 503 1285 529 quum
1297 494 1433 523 eveniunt,
1446 494 1494 528 qui
1507 494 1616 519 victoria
1628 495 1735 528 potitur,
1748 492 1851 528 aliquid

1061 536 1086 558 ct
1100 531 1131 557 ad
1143 531 1269 566 ⁴gloriam,
1286 531 1356 557 etad
1375 531 1516 565 imperium
1533 539 1639 565 semper
1654 531 1781 565 acquirit:
1804 529 1851 556 sed

1062 574 1130 595 tanta
1143 574 1276 603 praetcrea
1288 577 1375 594 reruni
1387 568 1497 594 amissio
1509 572 1650 603 tantusque
1658 573 1782 602 sumptus
1789 575 1853 593 con-

1061 606 1192 641 sequitur,
1203 611 1229 631 ut
1238 607 1433 641 magniconstet
1444 606 1552 632 victoria
1566 614 1595 631 ac
1606 605 1766 640 plerumque
1777 612 1853 639 prae-

1061 644 1170 673 stiterit.
1193 652 1339 678 numquam
1358 651 1429 669 arma
1446 643 1605 677 sumpsisse.
1647 642 1692 668 Sin
1706 641 1854 677 profligatio

1062 681 1194 706 exercitus
1214 685 1259 706 aut
1277 680 1366 706 clades
1381 680 1470 714 aliqua
1487 680 1630 715 contingit.
1654 679 1721 706 nibil
1737 688 1768 705 eo
1783 683 1852 704 statu

1062 719 1188 744 miserius
1200 726 1232 744 ne
1241 718 1351 753 cogitari
1367 717 1477 752 quidem
1490 722 1588 752 potest:
1611 717 1634 743 si
1645 717 1755 752 quidem
1767 716 1852 751 capti-

1063 756 1147 786 vitati,
1163 756 1275 790 inopiae,
1291 755 1383 784 luctui,
1396 755 1561 789 contemptui
1573 754 1732 780 coniunctus
1743 758 1793 780 est.
1810 754 1851 779 20.

1062 792 1114 819 Sed
1127 792 1175 823 lac,
1194 801 1282 828 regem
1294 801 1352 818 esse
1363 801 1376 818 a
1389 791 1519 818 bellorum
1533 792 1634 826 impetu
1646 796 1694 817 eta
1705 796 1852 817 castrorum

1063 830 1172 865 pulvere
1185 835 1329 860 remotum,
1347 838 1394 855 sua
1406 834 1496 864 pacate
1508 828 1689 864 possidentem
1698 849 1704 858 ,
1721 827 1793 854 nulla
1806 827 1855 853 ho-

1062 868 1143 893 stium
1155 868 1306 893 incursione
1319 872 1457 893 vexatum:
1476 875 1540 892 num
1556 865 1656 892 idcirco
1667 867 1761 895 tutior,
1778 873 1792 890 a
1803 864 1854 890 mi-

1062 905 1141 931 seriis
1152 904 1288 931 securior‘?
1307 904 1376 936 Quin
1391 905 1481 934 immo,
1498 904 1620 930 utotium
1633 903 1748 929 humana
1762 907 1853 928 natura

1063 950 1113 968 non
1131 942 1191 973 sert,
1215 944 1271 977 ipse
1288 942 1340 967 sibi
1353 941 1502 967 molestiam
1513 949 1543 967 ac
1553 939 1763 967 sollicitudinem
1776 938 1855 965 exhi-

1064 979 1146 1005 bebit.
1174 980 1238 1005 Nam
1251 984 1295 1005 aut
1306 978 1338 1004 de
1349 978 1480 1014 augendis
1492 978 1679 1013 vectigalibus,
1693 982 1737 1003 aut
1749 976 1781 1002 de
1792 984 1855 1010 pro-

1063 1016 1194 1042 ducendis
1210 1016 1322 1047 tinibus,
1335 1016 1422 1051 deque
1435 1016 1548 1041 urbibus
1560 1015 1592 1040 ad
1606 1016 1749 1049 imperium
1761 1013 1855 1047 acqui-

1064 1053 1167 1083 rendis,
1189 1059 1233 1079 aut
1250 1053 1283 1079 de
1299 1053 1443 1088 iungendis
1459 1061 1520 1078 cum
1537 1052 1731 1086 potentioribus
1746 1051 1855 1085 propin-

1063 1091 1211 1125 quitatibus
1223 1096 1301 1125 atquc
1313 1091 1438 1116 amicitiis
1448 1090 1584 1125 cogitabit.
1624 1088 1696 1120 Quae
1707 1089 1755 1123 qui
1767 1088 1856 1114 animo

1064 1129 1158 1163 agitat,
1181 1136 1228 1154 nec
1245 1136 1258 1153 a
1276 1127 1395 1153 molestia
1413 1127 1480 1153 liber
1495 1131 1548 1156 est.
1571 1134 1619 1152 nec
1630 1126 1696 1152 alios
1707 1133 1815 1151 securos
1825 1132 1856 1150 ac

1063 1166 1168 1200 quietos
1179 1173 1238 1191 esse
1249 1165 1323 1191 sinit.
1350 1166 1391 1190 2¹.
1414 1164 1448 1189 De
1463 1164 1572 1189 avaritia
1586 1171 1656 1191 vero,
1671 1163 1786 1189 maxima
1798 1161 1856 1187 ani-

1065 1211 1168 1228 morum
1181 1207 1263 1237 peste,
1272 1201 1409 1228 nolimlioc
1422 1200 1477 1227 loco
1488 1200 1613 1235 pluribus
1624 1200 1774 1234 disputare:
1787 1206 1857 1234 quae

1065 1240 1092 1266 in
1103 1239 1195 1265 deside
1207 1244 1285 1274 atque
1296 1239 1380 1265 otiosa
1396 1243 1483 1264 mente
1499 1246 1580 1272 quam
1596 1238 1712 1264 maxime
1728 1237 1855 1263 exoritur.

1064 1277 1155 1312 anue
1167 1278 1308 1303 erectiores
1319 1276 1436 1306 animos,
1454 1280 1479 1301 et
1490 1274 1596 1301 altiores
1607 1274 1746 1309 dignitatis
1757 1272 1857 1309 gradus

1066 1315 1181 1340 maxime
1203 1313 1337 1340 sollicitat.
1378 1313 1444 1339 Huic
1464 1313 1556 1348 generi
1577 1311 1700 1338 infimum
1717 1311 1857 1337 hominum

1065 1360 1150 1387 genus
1160 1352 1316 1386 opponitur:
1330 1350 1411 1385 quod,
1424 1354 1453 1376 ut
1464 1350 1571 1376 nomine
1583 1348 1805 1378 abiectissimum,
1818 1347 1858 1374 sic

1066 1398 1092 1415 re
1104 1397 1212 1423 quoque
1223 1388 1350 1415 omnibus
1361 1387 1559 1414 calamitatibus
1570 1391 1650 1421 atque
1661 1385 1807 1421 angoribus
1818 1388 1858 1411 est

1066 1427 1242 1461 propositum.
1284 1426 1350 1451 iluic
1362 1425 1465 1459 inopia,
1480 1423 1577 1454 sames,
1590 1422 1765 1453 contumelia,
1783 1423 1856 1449 iniu-

1066 1465 1128 1494 riae,
1143 1463 1303 1489 tributorum
1314 1462 1424 1491 solutio,
1443 1460 1554 1488 militiae
1566 1459 1747 1491 incommoda,
1761 1460 1857 1487 misera

1066 1501 1182 1535 denique
1197 1501 1286 1527 omnia
1302 1499 1460 1535 perferenda
1474 1505 1549 1526 sunt:
1571 1508 1656 1535 eoque
1671 1499 1797 1525 miserius
1807 1503 1856 1530 est,

1065 1538 1138 1573 quod
1148 1539 1244 1564 ceteris
1254 1537 1483 1572 omnibus,quum
1491 1537 1602 1563 adversa
1615 1537 1718 1563 fortuna
1730 1544 1859 1571 premun-

1066 1581 1122 1605 tur,
1139 1575 1271 1610 permulta
1284 1580 1371 1601 tamen
1383 1579 1543 1609 suppetunt,
1559 1582 1574 1600 e
1587 1574 1689 1609 quibus
1700 1573 1860 1600 consolatio-

1067 1621 1128 1639 nem
1143 1612 1297 1647 dolorisque
1314 1611 1472 1638 levationem
1484 1616 1587 1646 petunt.
1628 1613 1669 1637 22.
1691 1611 1724 1637 At
1738 1610 1858 1637 infimam

1067 1649 1173 1685 plebem
1190 1655 1283 1676 natura
1299 1650 1356 1684 ipsa
1367 1648 1439 1675 fatali
1450 1649 1566 1683 quadam
1578 1649 1735 1675 necessitate
1747 1653 1800 1674 tam
1811 1647 1860 1674 ab·

1067 1688 1134 1714 iecto
1145 1692 1253 1722 tamque
1264 1688 1318 1713 imo
1326 1685 1536 1716 loeocollocavit,
1545 1691 1582 1716 ut,
1589 1685 1717 1712 omnibus
1723 1685 1860 1711 aerumnis

1067 1725 1201 1755 subiecta,
1223 1723 1297 1750 nulla
1313 1723 1506 1759 propemodum
1521 1723 1622 1749 ratione
1632 1723 1701 1757 erigi
1711 1726 1757 1748 aut
1767 1721 1860 1748 suble-

1068 1763 1123 1788 vari
1136 1762 1230 1796 possit.
1265 1762 1303 1787 Ne
1314 1760 1457 1787 mediocris
1467 1759 1578 1795 quidem
1590 1759 1731 1785 bominum
1742 1758 1860 1785 conditio

1068 1799 1237 1825 miseriarum
1248 1806 1344 1832 expers
1355 1806 1414 1824 esse
1425 1798 1604 1833 cognoscitur.
1626 1797 1693 1822 Nam
1705 1797 1774 1822 inter
1783 1804 1861 1822 sum-

1067 1845 1142 1862 mum
1153 1841 1178 1862 et
1189 1835 1311 1862 infimum
1324 1836 1460 1861 interiecta
1471 1834 1546 1860 alteri
1557 1838 1644 1868 paret,
1662 1833 1775 1859 alterum
1791 1833 1860 1868 pati-

1067 1878 1120 1900 tur.
1160 1873 1210 1899 Cui
1221 1873 1244 1898 si
1256 1873 1387 1907 imperare
1398 1876 1502 1907 posset,
1524 1876 1594 1897 certe
1608 1870 1715 1906 longius
1726 1879 1740 1896 a
1753 1871 1859 1896 miseria

1067 1910 1186 1937 distaret.
1212 1909 1265 1936 Sed
1276 1911 1338 1944 quia
1352 1917 1438 1944 neque
1449 1908 1578 1944 dignitate
1589 1912 1713 1943 praestat,
1727 1915 1775 1933 nec
1785 1915 1861 1934 sum-

1068 1956 1125 1974 mos
1137 1947 1242 1973 viribus
1253 1947 1392 1981 adaequat,
1401 1954 1451 1972 suo
1461 1951 1531 1972 statu
1542 1949 1663 1971 contenta
1674 1952 1733 1971 esse
1745 1945 1859 1980 cogitur.

1068 1986 1158 2020 ltaque
1170 1984 1262 2010 multis
1272 1985 1300 2010 in
1311 1984 1418 2010 civitate
1429 1982 1600 2018 perfungitur
1609 1981 1796 2012 incommodis,
1809 1989 1860 2008 non

1068 2022 1122 2048 illis
1138 2021 1248 2057 quidem
1269 2030 1362 2056 parurn
1385 2020 1548 2055 reipublicae
1565 2019 1709 2045 fructuosis
1724 2023 1769 2045 aut
1783 2018 1861 2045 valde

1068 2059 1100 2086 ad
1113 2058 1253 2085 ferendum
1265 2059 1395 2094 gravibus
1406 2062 1486 2093 atque
1497 2057 1613 2092 asperis:
1633 2056 1681 2082 sed
1692 2064 1761 2091 quae
1772 2060 1860 2082 tamen

1067 2098 1188 2123 animum
1199 2095 1343 2122 sollicitent
1353 2100 1379 2122 et
1390 2095 1522 2121 humanas
1532 2094 1656 2120 miserias
1666 2098 1790 2128 augeant.

1122 2134 1176 2160 Vll.
1198 2135 1240 2160 23.
1262 2133 1331 2159 Haec
1348 2132 1461 2168 longiori
1475 2132 1593 2158 oratione
1609 2130 1735 2166 persequi
1754 2138 1806 2156 non
1822 2134 1862 2156 est

1068 2171 1217 2205 praesentis
1232 2170 1361 2196 instituti:
1384 2174 1444 2196 ante
1458 2168 1550 2196 oculos
1564 2168 1654 2195 omnia
1669 2172 1732 2193 sunt
1747 2172 1772 2193 et
1783 2166 1861 2193 nobis

1068 2209 1212 2243 praecipue
1222 2215 1249 2234 re
1260 2208 1318 2242 ipsa
1330 2212 1468 2242 perspecta
1481 2211 1507 2232 et
1517 2206 1633 2241 cognita.
1670 2205 1724 2230 Nec
1735 2212 1799 2230 vero
1809 2203 1861 2230 alia

1068 2250 1108 2271 est
1119 2245 1279 2271 feminarum
1290 2244 1418 2271 conditio.
1456 2244 1509 2270 Aut
1518 2244 1590 2269 enim
1602 2241 1699 2269 iisdem
1710 2246 1756 2268 aut
1767 2249 1861 2276 pamm

1067 2287 1138 2308 certe
1144 2282 1260 2308 diversis
1270 2286 1296 2308 et
1307 2281 1437 2308 molestiis
1448 2286 1474 2307 et
1484 2280 1630 2316 angoribus
1642 2283 1787 2305 vexantur:
1799 2286 1860 2304 nam

1067 2324 1093 2345 et
1104 2319 1200 2345 iisdem
1212 2319 1322 2350 morbis,
1335 2318 1437 2354 quibus
1448 2318 1509 2348 viri,
1517 2322 1543 2344 et
1552 2316 1651 2343 iisdem
1662 2316 1746 2342 animi
1756 2320 1863 2350 pertur-

1068 2357 1223 2383 bationibus
1235 2357 1386 2391 mentisque
1396 2355 1532 2382 erroribus
1541 2354 1717 2381 obiiciuntur.
1748 2353 1790 2379 24.
1809 2352 1863 2378 Eo-

1068 2402 1121 2429 que
1132 2394 1255 2420 miserior
1267 2393 1372 2419 illarum
1384 2397 1469 2419 status
1479 2397 1533 2421 est,
1550 2399 1604 2426 quo
1617 2389 1723 2417 mollior
1732 2394 1824 2416 natura
1836 2394 1863 2415 et

1068 2430 1101 2457 ad
1113 2430 1294 2465 propulsanda
1309 2429 1478 2457 incommoda
1493 2429 1711 2462 calamitatesque
1724 2425 1863 2461 perferen-

1068 2468 1116 2494 das
1128 2468 1268 2494 infirmior.
1308 2467 1433 2497 Easdem,
1446 2475 1514 2502 quas
1525 2466 1578 2492 viri
1588 2473 1623 2491 ex
1632 2468 1785 2499 parentum,
1808 2463 1863 2489 fra-

1068 2510 1149 2536 trum,
1162 2513 1294 2535 sororum,
1307 2504 1430 2531 affinium
1441 2504 1560 2534 interitu,
1576 2501 1711 2528 molestias
1721 2504 1747 2526 et
1757 2500 1862 2526 dolores

1069 2542 1211 2568 hauriunt:
1227 2543 1336 2568 maritos
1347 2550 1426 2576 saepe
1437 2540 1532 2571 fatuos,
1545 2546 1641 2574 parum
1650 2537 1684 2564 de
1695 2546 1723 2564 re
1732 2537 1862 2564 domesti-

1068 2588 1098 2605 ca
1118 2579 1247 2606 sollicitos
1255 2600 1261 2610 ,
1283 2579 1426 2614 pecuniam
1446 2576 1638 2613 profundentes
1657 2575 1859 2601 nanciscuntur.

1068 2618 1111 2643 25.
1133 2617 1173 2643 Ex
1192 2625 1246 2651 quo
1266 2620 1410 2651 paupertas
1432 2620 1458 2641 et
1478 2614 1576 2640 luctus.
1615 2611 1721 2644 Quibus
1737 2611 1815 2638 malis
1829 2619 1862 2638 eo

1069 2658 1228 2688 premuntur
1237 2654 1349 2689 gravius
1357 2673 1363 2684 ,
1379 2652 1452 2687 quod
1463 2660 1516 2678 non
1524 2671 1530 2682 ,
1547 2655 1577 2677 ut
1586 2649 1708 2677 homiues
1716 2669 1722 2680 ,
1734 2648 1863 2685 indagaro
