1941 3052
227 146 275 170 230
792 137 832 163 2⁸.

224 213 381 240 nundinatio
394 212 480 246 aliqua
496 216 520 237 et
535 211 576 236 isti
593 219 642 235 non
658 218 738 238 nova,
760 217 791 234 ne
805 216 925 233 caussam
940 206 1011 233 dice-

224 256 274 278 ret:
299 251 377 276 etium
395 249 459 275 alu-r
479 248 563 277 los-us,
585 252 612 272 ut
630 245 837 271 absolverentur.

244 325 284 350 uei
303 324 334 349 ad
353 323 515 357 supplicium
535 329 640 347 neeesse
659 324 708 344 est.
749 319 839 344 Testes
853 319 924 344 einim
938 322 1009 348 sunt,

222 362 268 396 qui
285 363 309 387 in
325 360 435 386 consilio
446 359 564 388 fuerunt,
581 362 659 382 testes
670 355 791 390 publicae
804 355 921 385 tabulae,
938 355 1011 382 testis

223 397 439 433 apli-inlidissiina
455 396 547 421 civitas
563 394 744 428 Lilybaetana:
766 392 840 418 testis
855 392 1012 418 honestissi-

224 444 284 462 mus
311 434 496 467 maximusque
523 435 668 457 conventus
694 430 793 456 civium
822 430 1010 455 Romanorum.

224 473 289 499 Fieri
310 471 374 497 nibil
395 474 491 503 potest:
521 467 681 503 producendi
696 471 767 493 sunt.
809 467 898 501 ltaque
913 466 1012 500 produ-

222 513 318 535 cuntur
331 512 355 533 et
369 507 400 532 ad
417 506 506 540 palum
521 505 671 540 alligantur.
705 506 744 530 Η.
760 504 844 530 Etiam
860 512 930 530 nunc
946 503 1010 530 milii

222 549 373 579 exspectare
385 543 520 573 videmini,
537 542 648 572 iudices,
664 541 730 576 quid
741 541 837 567 deinde
849 540 946 567 factum
960 540 1008 566 sit:

221 582 292 617 quod
308 582 356 607 iste
371 580 435 606 nihil
452 588 579 615 umquam
596 579 656 605 fecit
670 579 727 605 sine
741 578 831 613 aliquo
844 582 958 612 quaestu
972 582 1011 603 at-

221 628 273 654 que
288 618 392 652 praeda.
432 617 502 649 Quid
517 618 543 643 in
557 616 689 643 eiusmodi
705 624 731 642 re
746 616 800 642 ficri
816 614 918 650 potuit?
939 614 1010 650 quod

220 655 389 683 commodum
412 654 470 681 est‘?
498 655 654 688 Exspectate
679 653 793 683 facinus,
821 661 902 687 quam
929 652 1011 678 vultis

221 693 385 727 improbum:
411 693 513 718 vincam
533 696 619 718 tamen
638 691 860 725 exspectationem
879 690 1009 716 omnium.

221 730 346 756 Homines
359 729 466 755 sceleris
484 729 726 763 coniurationisque
745 727 874 758 damnati,
894 727 927 753 ad
946 735 1012 761 sup·

221 767 331 802 pliciuni
347 766 443 797 traditi,
460 766 491 792 ad
507 766 597 801 palum
612 765 711 801 alligati
727 770 832 800 repente
848 764 939 791 multis
951 764 1011 790 mit-

222 804 293 831 libus
309 804 446 830 liominum
461 803 672 838 inspectantibus
690 802 769 829 soluti
788 806 851 828 sunt
869 806 894 828 et
907 801 1011 828 Trioca-

223 841 276 868 lino
291 841 328 868 illi
343 841 450 867 domino
466 841 571 867 redditi.
610 840 681 872 Quid
696 840 744 866 hoc
760 839 815 866 loco
829 844 902 874 potes
913 839 1008 868 dicere.

222 878 300 905 homo
318 879 511 909 amentissime,
540 878 590 904 nisi
609 878 648 907 id,
669 877 741 912 quod
759 886 807 912 ego
827 886 878 903 non
896 876 1012 911 quaero?

221 916 293 951 quod
307 916 423 951 denique
437 916 463 942 in
479 924 505 941 re
520 920 571 941 tam
587 915 693 945 nefaria,
711 914 813 940 tametsi
829 913 944 940 dubitari
960 922 1010 939 non

222 958 319 987 potest,
337 958 436 983 tamen,
454 962 486 979 ne
499 953 521 979 si
536 953 673 979 dubitetur
686 951 810 986 quidem,
829 951 920 986 quaeri
935 959 1011 985 opor-

222 995 286 1016 teat.-
302 990 368 1025 quid
383 995 427 1016 aut
440 995 569 1025 quantuni
584 994 629 1016 aut
642 989 776 1024 quomodo
789 989 931 1023 acceperis.
962 988 1012 1014 Re-

223 1029 297 1054 mitto
311 1028 359 1054 tibi
374 1027 422 1054 lioc
437 1032 518 1054 totum
534 1032 612 1062 ¹atque
627 1027 675 1053 ista
690 1031 713 1052 te
727 1035 789 1052 cura
805 1025 896 1052 libero.
920 1026 1011 1060 Neque

208 1065 292 1091 1enim
312 1069 413 1095 metuo,
434 1073 466 1091 ne
484 1065 533 1091 hoc
550 1065 674 1099 cuiquam
695 1063 897 1098 persuadeatur,
918 1068 959 1092 ut,
980 1062 1011 1088 ad

220 1102 293 1137 quod
317 1101 420 1128 facinus
443 1111 519 1128 nemo
543 1107 644 1136 praeter
668 1106 691 1127 te
714 1100 767 1127 ulla
786 1101 896 1135 pecunia
916 1099 1011 1126 adduci

222 1140 349 1174 potuerit,
371 1139 396 1166 id
417 1144 442 1165 tu
457 1140 538 1175 gratis
552 1139 688 1173 suscipere
701 1142 811 1165 conatus
825 1138 872 1164 sis.
914 1137 1011 1164 Verum

221 1176 254 1203 de
273 1177 322 1203 ista
342 1176 446 1203 furandi
467 1176 663 1211 praedandique
683 1176 780 1202 ratione
800 1174 867 1201 nibil
881 1174 954 1201 dico:
979 1174 1012 1200 de

222 1213 271 1240 hac
285 1214 450 1248 imperatoria
466 1215 517 1240 iam
533 1218 576 1240 tua
593 1213 668 1239 laude
682 1213 800 1247 disputo.
827 1212 868 1238 Vl.
886 1213 926 1238 42.
941 1211 1011 1243 Quid

221 1252 273 1282 ais,
294 1251 361 1277 bone
379 1256 468 1277 custos
486 1250 661 1285 defensorque
677 1249 844 1285 provinciac‘?
869 1249 922 1279 Tu,
945 1257 1012 1283 quos

221 1296 312 1315 servos
323 1297 393 1314 arma
405 1297 497 1323 capere
508 1297 537 1314 ac
548 1288 647 1314 belluni
661 1287 743 1314 facere
755 1288 781 1313 in
793 1286 883 1313 Sicilia
896 1286 1012 1312 voluisse

220 1334 349 1361 cognoras
368 1325 443 1352 etde
460 1325 564 1352 consilii
588 1325 717 1351 sententia
739 1324 884 1354 iudicaraS,
910 1323 957 1350 lios
980 1322 1012 1349 ad

220 1362 385 1398 supplicium
405 1363 456 1389 iam
477 1371 547 1389 more
566 1363 695 1388 maiorum
714 1361 822 1388 traditos
836 1360 907 1387 etad
922 1360 1012 1395 palum

221 1399 341 1436 alligatos
355 1409 388 1426 ex
402 1400 488 1427 media
503 1405 585 1426 morte
598 1400 699 1434 eripere
710 1408 739 1425 ac
750 1398 860 1425 liberare
871 1406 954 1424 ausus
968 1396 1014 1423 es‘?

221 1442 258 1468 ut,
275 1446 355 1472 quam
369 1438 500 1464 damnatis
513 1438 598 1463 servis
612 1445 717 1463 crucem
733 1437 839 1466 fixeras,
857 1435 923 1461 lianc
938 1434 1013 1461 inde-

221 1475 317 1501 mnatis
331 1475 437 1501 civibus
448 1475 572 1501 Romanis
583 1482 740 1500 reservares.
763 1473 882 1500 Perditae
893 1473 1013 1498 civitates

220 1511 367 1546 desperatis
385 1512 511 1539 omnibus
530 1512 610 1538 rebus
625 1512 672 1538 lios
686 1511 771 1538 solent
784 1511 873 1536 exitus
892 1509 1013 1536 exitiales

220 1549 331 1580 habere,
352 1554 381 1576 ut
394 1550 511 1576 damnati
526 1550 552 1576 in
570 1550 704 1584 integrum
723 1549 908 1578 restituantur,
931 1547 1013 1573 vincti

220 1586 369 1618 solvantur.
390 1587 496 1613 exsules
515 1586 687 1617 reducantur,
708 1594 749 1612 res
768 1585 897 1611 iudicatae
913 1585 1014 1611 rescin-

220 1623 325 1650 dantur.
365 1624 438 1656 Quae
451 1633 536 1659 quum
551 1623 683 1654 accidunt,
700 1631 777 1649 nemo
791 1627 838 1653 est,
854 1623 921 1656 quin
935 1621 1014 1648 intel—

222 1661 298 1696 ligat,
319 1669 395 1688 ruere
409 1661 481 1688 illam
496 1661 703 1696 rempublicam:
728 1660 792 1686 haec
811 1659 857 1686 ubi
876 1659 1010 1688 eveniunt,

221 1706 298 1724 nemo
315 1703 367 1730 est,
387 1699 435 1733 qui
454 1698 535 1724 ullam
554 1706 629 1732 spem
648 1697 742 1723 salutis
757 1697 886 1731 reliquam
900 1705 958 1722 esse
973 1705 1014 1721 ar-

221 1735 342 1761 bitretur.
384 1737 423 1762 ⁴3.
445 1736 532 1770 Atque
556 1735 619 1761 baec
640 1735 726 1761 sicubi
750 1733 817 1760 facta
843 1738 918 1764 sunt,
948 1733 1013 1759 facta

220 1776 296 1802 sunt,
313 1777 342 1798 ut
356 1772 476 1799 homines
491 1772 632 1807 populares
645 1777 691 1798 aut
706 1771 807 1798 nobiles
821 1771 954 1805 supplicio
969 1775 1014 1797 aut

221 1809 316 1835 exsilio
336 1809 498 1836 levarentur:
523 1815 548 1836 at
567 1818 618 1836 non
632 1809 664 1835 ab
679 1809 721 1835 his
735 1809 814 1842 ipsis,
835 1809 882 1842 qui
898 1808 1013 1834 iudicas-

221 1850 292 1872 sent:
309 1851 335 1872 at
348 1855 399 1873 non
414 1847 516 1879 statim;
533 1852 558 1873 at
572 1855 623 1873 non
637 1855 728 1873 eorum
744 1846 889 1872 facinorum
903 1845 1014 1871 damna-

221 1883 254 1914 ti,
279 1892 348 1918 quae
365 1884 397 1910 ad
416 1885 497 1910 vitam
516 1889 541 1911 et
558 1884 678 1910 omnium
703 1883 820 1909 fortunas
842 1883 1012 1917 pertinerent.

221 1921 274 1946 Hoc
295 1929 355 1947 vero
373 1930 472 1948 novum
490 1925 515 1947 et
533 1921 665 1948 eiusmodi
683 1925 736 1951 est,
757 1925 785 1946 ut
804 1921 888 1955 magis
908 1924 1014 1954 propter

220 1966 309 1988 reum,
329 1967 409 1993 quam
429 1963 535 1993 propter
554 1967 608 1984 rem
627 1958 712 1993 ipsam
730 1957 858 1983 credibile
877 1957 1010 1987 videatur,

222 1999 250 2021 ut
264 1994 386 2021 homines
400 2004 504 2026 servos,
526 2000 555 2022 ut
569 1996 639 2030 ipse,
661 1996 708 2030 qui
723 1995 863 2025 iudicarat,
880 1999 910 2020 ut
923 1995 1012 2020 statim

221 2040 235 2058 e
250 2032 337 2058 medio
351 2032 484 2067 supplicio
498 2033 637 2063 dimiserit,
655 2037 683 2059 ut
697 2033 754 2058 eius
769 2031 892 2058 facinoris
903 2031 1013 2058 damna-

221 2073 261 2095 tos
274 2078 380 2101 servos,
395 2070 468 2105 quod
482 2070 514 2096 ad
527 2071 647 2097 omnium
664 2070 807 2095 liberorum
821 2073 901 2104 caput
913 2073 939 2095 et
951 2077 1013 2094 san-

221 2107 330 2142 guinem
346 2108 496 2141 pertineret.
539 2109 578 2134 44.
600 2107 622 2134 O
636 2106 800 2141 praeclarum
815 2107 1010 2141 imperatorem,

221 2152 270 2170 nec
288 2143 339 2170 iam
357 2153 418 2170 cum
438 2145 480 2171 Μ’.
496 2144 615 2179 Aquillio
634 2144 778 2171 fortissimo
797 2144 865 2174 viro,
885 2143 933 2169 sed
951 2152 1014 2170 vero

221 2189 283 2207 cum
298 2181 407 2212 Paullis,
424 2181 605 2216 Scipionibus,
621 2182 711 2208 Mariis
725 2180 928 2207 conferendum!
944 2181 1013 2207 Tan-

221 2222 313 2244 tumne
325 2219 424 2245 vidisse
434 2219 461 2245 in
474 2224 545 2245 metu
561 2219 732 2254 periculoque
746 2217 914 2253 provinciae?
927 2226 1012 2253 quum

220 2255 390 2282 servitiorum
405 2257 506 2283 animos
522 2256 547 2282 in
562 2256 652 2283 Sicilia
666 2264 812 2291 suspensos
830 2260 938 2290 propter
955 2255 1013 2281 bel—-

221 2291 278 2318 lum
292 2292 381 2319 ltaliae
395 2293 568 2329 fugitivorum
585 2293 697 2320 videret:
726 2301 758 2319 ne
777 2293 839 2328 quis
853 2302 881 2319 se
895 2301 1012 2319 commo-

221 2338 282 2356 vere
296 2330 411 2361 auderet,
428 2336 558 2366 quantum
573 2331 678 2357 terroris
692 2331 795 2356 iniecit!
817 2329 1012 2365 Comprehendi

220 2366 314 2393 iussit:
329 2367 392 2402 quis
406 2377 457 2394 non
471 2367 657 2403 pertimescat?
683 2367 810 2394 Caussam
825 2368 912 2393 dicere
925 2367 1013 2394 domi-

221 2411 283 2430 nos:
299 2405 365 2439 quid
379 2406 463 2431 servis
474 2410 526 2432 tam
539 2404 758 2432 formidolosum?
771 2414 892 2431 raeisse
907 2413 1012 2430 vinem

222 2442 412 2474 pronuntiavit.
452 2443 576 2469 Exortam
596 2442 702 2469 videtur
718 2441 851 2468 flammam
866 2450 1010 2477 paucorum

222 2475 310 2503 dolore
328 2487 358 2504 ac
375 2484 457 2506 morte
476 2480 640 2506 restinxisse.
679 2479 749 2512 Quid
763 2479 859 2506 deinde
872 2478 1012 2514 sequitur?

223 2513 330 2540 verbera
348 2520 426 2550 atque
445 2517 519 2552 ignes
537 2522 562 2543 et
583 2516 629 2543 illa
650 2522 767 2543 extrema
789 2516 822 2543 ad
845 2516 1011 2551 supplicium

223 2549 419 2583 damnatorum,
440 2560 540 2580 metum
559 2558 719 2580 ceterorum:
744 2554 877 2580 cruciatus
895 2558 921 2579 et
933 2561 1009 2580 crux.

223 2587 299 2628 Hisce
313 2589 437 2616 omnibus
451 2591 590 2626 suppliciis
604 2596 667 2617 sunt
682 2591 795 2617 liberati.
817 2590 882 2622 Quis
896 2590 1008 2621 dubitet,

223 2632 288 2657 quin
302 2633 438 2652 servorum
453 2629 554 2654 animos
568 2637 673 2654 summa
686 2627 827 2654 formidine
840 2627 1009 2662 oppresserit,

222 2668 307 2694 quum
322 2662 441 2690 viderent
453 2673 483 2691 ea
502 2664 624 2691 facilitate
642 2669 801 2700 praetorem,
822 2669 852 2692 ut
865 2665 897 2691 ab
911 2673 941 2691 eo
954 2673 1012 2691 sce·
1031 2676 1034 2697 i

878 245 1011 270 Damnaun
1032 242 1041 275 ¹,

223 287 331 351 :lunium
347 288 430 312 servis
444 294 511 320 quae
527 283 667 318 prm-‹tundi
683 287 767 316 potest
781 290 838 306 vane
853 282 934 307 ratio?
952 290 1012 315 pro·
1040 287 1041 290 ’

867 135 901 163 Μ.
936 136 965 163 Τ.
1000 135 1278 163 (ζΙΟΕΙίΟΝΙδ

1064 207 1124 233 ieris
1138 207 1380 241 coniurationisque
1393 207 1577 234 damnatorum
1594 208 1645 234 viu
1661 206 1701 234 vel
1721 208 1779 244 ipso
1795 217 1854 236 car-

1064 245 1140 271 nitice
1155 244 1317 270 internuntio
1331 244 1520 271 redimeretur?

1119 281 1170 306 vn.
1195 282 1234 308 ⁴5.
1255 280 1345 313 Quid?
1371 281 1419 308 hoc
1432 281 1459 308 in
1473 281 1655 316 Apolloniensi
1670 281 1854 309 Aristodamo?

1063 317 1148 352 quid?
1173 318 1198 344 in
1215 318 1309 344 Leonte
1324 318 1469 354 Megarensi
1484 328 1535 345 non
1550 319 1620 345 idem
1636 318 1740 345 fecisti?
1764 318 1854 351 Quid?

1064 355 1112 381 iste
1127 359 1214 381 motus
1228 364 1366 381 servorum
1386 355 1502 390 bellique
1520 356 1607 383 subita
1626 356 1745 390 suspicio
1762 361 1852 384 utrum

1065 392 1111 418 tibi
1127 391 1231 418 tandem
1245 392 1411 427 diligentiam
1429 393 1617 420 custodiendae
1636 394 1800 428 provinciae.
1819 402 1853 421 m

1064 438 1157 455 novam
1173 429 1298 455 rationem
1315 429 1507 464 improbissimi
1525 435 1652 465 quaestus
1670 429 1776 457 attulit?
1802 430 1853 457 Ha-

1039 477 1041 484 .
1064 466 1189 502 licyensis
1211 466 1374 493 Eumenidae
1398 466 1495 493 nobilis
1518 467 1633 494 hominis
1655 472 1682 493 et
1703 467 1805 494 bonesti
1828 471 1855 494 et

1064 512 1173 538 magnae
1187 504 1314 538 pecuniae
1327 503 1432 530 villicus
1446 513 1530 539 quum
1545 504 1665 539 impulsu
1680 510 1725 531 tuo
1739 505 1854 531 insimu-

1039 540 1041 547 '
1064 540 1132 566 latus
1146 545 1227 572 esset,
1249 540 1303 567 u-S
1316 549 1352 566 nx
1365 550 1379 567 a
1393 541 1501 568 domino
1514 541 1652 576 accepisti:
1679 541 1751 576 quod
1770 550 1855 577 nuper

1063 578 1120 612 ipse
1144 578 1245 604 iuratus
1267 578 1369 609 docuit,
1397 578 1624 614 quemadmodum
1645 582 1750 614 gestum
1772 583 1852 605 esset.

1062 615 1102 641 Ab
1116 615 1205 650 equite
1215 615 1332 642 Romano
1342 615 1370 642 C.
1384 615 1504 642 Matrinio
1517 616 1634 646 absente,
1650 624 1736 651 quum
1749 616 1772 642 is
1785 620 1855 643 esset

1064 653 1172 683 Romae,
1191 652 1264 687 quod
1278 653 1336 679 eius
1352 652 1456 679 villicos
1471 658 1642 688 pastoresque
1656 653 1703 680 tibi
1718 653 1744 679 in
1762 653 1855 688 suspi-

1062 690 1163 716 cionem
1179 690 1284 716 venisse
1297 690 1412 721 dixeras,
1428 690 1482 716 ihs
1494 699 1529 716 nc
1542 690 1687 717 abstulisti.
1721 690 1792 716 Dixit
1804 689 1855 717 hoc

1063 727 1093 753 L.
1105 727 1222 758 Flavius,
1238 727 1284 762 qui
1300 727 1347 754 tibi
1361 736 1418 754 eam
1434 728 1573 762 pecuniam
1585 728 1742 757 numeravit.
1758 735 1856 762 procu-

1063 769 1130 791 rator
1144 764 1172 791 C.
1189 765 1319 791 Matrinii:
1343 764 1411 791 dixit
1430 765 1487 799 ipse
1501 764 1530 792 C.
1547 765 1700 791 Matrinius:
1726 764 1796 790 dicet
1814 764 1855 791 vir

1062 801 1228 828 clarissimus
1243 802 1291 828 Cn.
1307 801 1437 828 Lentulus
1451 810 1556 833 censor,
1580 802 1627 837 qui
1643 802 1756 828 Matrinii
1771 801 1856 828 hono-

1063 839 1100 865 ris
1113 848 1206 865 caussa
1220 839 1318 866 recenti
1333 840 1438 874 negotio
1451 839 1484 866 ad
1499 845 1523 866 te
1538 838 1637 866 litteras
1656 839 1730 865 misit
1748 839 1856 865 mitten-

1063 876 1164 911 dasque
1177 877 1289 903 curavit.
1325 878 1365 903 ⁴6.
1379 875 1469 909 Quid?
1481 876 1514 903 de
1527 876 1676 911 Apollonio,
1692 875 1774 903 Diocli
1788 875 1853 907 filio,

1063 914 1259 944 Panormitano.
1283 914 1324 940 cui
1345 913 1458 940 Gemino
1475 922 1621 950 cognomen
1639 918 1692 945 est,
1719 913 1855 948 praeteriri

1063 950 1166 986 potest?
1190 950 1286 986 ecquid
1301 951 1350 977 hoc
1364 955 1415 977 tota
1429 950 1519 977 Sicilia
1533 949 1650 977 clarius?
1674 950 1771 986 ecquid
1785 949 1856 977 indi-

1062 987 1161 1024 gnius?
1174 988 1271 1023 ecquid
1285 987 1453 1015 manifestius
1467 987 1578 1023 proferri
1588 987 1691 1023 potest?
1704 996 1784 1023 quem
1795 987 1853 1018 iste,

1064 1026 1262 1052 utPanormum
1274 1026 1354 1056 venit,
1370 1025 1402 1051 ad
1417 1034 1446 1052 se
1456 1026 1542 1052 vocari
1556 1030 1582 1052 et
1594 1025 1627 1052 de
1641 1024 1766 1052 tribunali
1780 1025 1856 1051 citari

1064 1063 1142 1089 iussit
1155 1072 1285 1090 concursu
1301 1071 1396 1098 magno
1410 1062 1613 1098 frequentiaque
1626 1067 1782 1089 conventus.
1805 1061 1857 1088 lio-

1063 1101 1149 1126 mines
1168 1101 1255 1126 statim
1276 1100 1363 1135 loqui:
1389 1100 1492 1131 mirari,
1512 1100 1584 1135 quod
1601 1099 1760 1134 Apollonius
1777 1098 1857 1126 homo

1064 1138 1224 1172 pecuniosus
1239 1137 1340 1164 tamdiu
1355 1137 1388 1163 ab
1403 1137 1453 1164 isto
1467 1142 1584 1164 maneret
1594 1137 1708 1172 integer:
1723 1137 1858 1172 excogita-

1065 1175 1115 1201 vit:
1137 1175 1226 1201 nescio
1239 1175 1305 1209 quid
1319 1174 1420 1201 attulit:
1437 1174 1553 1209 profecto
1567 1174 1646 1201 homo
1659 1174 1736 1200 dives
1749 1178 1857 1209 repente

1064 1220 1078 1238 a
1092 1212 1171 1239 Verre
1185 1221 1237 1238 non
1251 1212 1309 1238 sine
1323 1221 1416 1238 caussa
1429 1212 1535 1238 citatur.
1568 1211 1737 1246 Exspectatio
1750 1219 1857 1237 summa

1064 1249 1194 1280 omnium,
1210 1249 1338 1284 quidnam
1354 1249 1380 1275 id
1395 1253 1477 1275 esset:
1493 1257 1578 1284 quum
1588 1249 1755 1275 exanimatus
1767 1248 1858 1274 subito

1064 1287 1122 1321 ipse
1135 1287 1248 1313 accurrit
1261 1295 1322 1313 cum
1336 1285 1501 1313 adolescente
1512 1286 1579 1312 filio:
1595 1294 1656 1312 nam
1667 1290 1740 1320 pater
1748 1285 1857 1321 grandis

1065 1328 1127 1350 natu
1141 1324 1193 1350 iam
1208 1323 1255 1350 diu
1270 1323 1337 1350 lecto
1351 1323 1497 1350 tenebatur.
1539 1324 1580 1349 ⁴7.
1601 1323 1726 1349 Nominat
1739 1323 1788 1349 iste
1801 1330 1859 1349 ser-

1065 1369 1139 1392 vum,
1155 1369 1234 1396 quem
1250 1361 1408 1396 magistrum
1419 1361 1521 1395 pecoris
1531 1368 1590 1387 esse
1599 1359 1706 1391 diceret.
1722 1368 1784 1386 eum
1793 1359 1857 1386 dicit

1063 1398 1217 1424 coniurasse
1234 1402 1260 1424 et
1282 1398 1348 1424 alias
1370 1397 1485 1424 familias
1507 1398 1662 1424 concitasse.
1703 1397 1726 1423 Is
1748 1397 1858 1424 omnino

1064 1444 1159 1462 servus
1181 1436 1208 1462 in
1231 1435 1331 1462 familia
1355 1443 1407 1462 non
1429 1440 1494 1462 erat.
1532 1435 1601 1462 Eum
1624 1435 1714 1461 statim
1731 1434 1858 1461 exhibere

1065 1473 1148 1499 iubet.
1188 1472 1346 1508 Apollonius
1360 1471 1504 1503 affirmare,
1525 1481 1633 1499 servum
1649 1481 1677 1498 se
1690 1472 1799 1499 omnino
1811 1471 1859 1499 illo

1065 1511 1171 1537 nomine
1183 1510 1279 1537 habere
1290 1511 1434 1536 neminem.
1474 1510 1526 1536 Iste
1540 1509 1674 1536 bominem
1689 1509 1775 1544 abripi
1785 1518 1799 1535 a
1810 1509 1859 1536 tri-

1065 1547 1157 1574 bunali
1175 1552 1201 1574 et
1219 1548 1244 1574 in
1264 1556 1394 1574 carcerem
1417 1547 1511 1574 coniici
1534 1547 1618 1574 iubet.
1658 1546 1778 1574 Clamare
1801 1545 1855 1578 ille¹

1065 1594 1149 1620 quum
1165 1589 1309 1620 raperetur,
1326 1584 1393 1610 nihil
1407 1593 1435 1611 se
1447 1585 1576 1611 miserum
1587 1584 1690 1615 fecisse,
1707 1583 1774 1610 nihil
1785 1592 1859 1610 oom-

1066 1622 1186 1648 misisse:
1211 1622 1350 1656 pecuniam
1365 1621 1418 1648 sibi
1432 1630 1490 1648 esse
1504 1622 1531 1648 in
1546 1621 1713 1651 nominibus,
1734 1629 1858 1647 numera-

1066 1664 1118 1686 tam
1138 1660 1165 1686 in
1184 1659 1332 1694 praesentia
1346 1667 1398 1685 non
1413 1658 1520 1685 babere.
1561 1659 1628 1684 llaec
1641 1667 1727 1693 quum
1741 1658 1858 1684 maxime

1065 1705 1170 1723 summa
1186 1697 1324 1723 hominum
1340 1695 1487 1731 frequentia
1502 1695 1699 1726 testificaretur,
1720 1700 1749 1721 ut
1766 1695 1858 1730 quivis

1065 1733 1213 1769 intelligere
1227 1738 1325 1768 posset,
1341 1741 1412 1764 eum,
1427 1733 1500 1768 quod
1514 1733 1654 1768 pecuniam
1666 1741 1718 1759 non
1729 1731 1856 1764 dedisset,

1064 1771 1162 1798 idcirco
1176 1770 1221 1796 illa
1236 1776 1287 1796 tam
1301 1770 1394 1797 acerba
1409 1771 1505 1797 iniuria
1520 1769 1604 1796 affici:
1631 1778 1716 1805 quum
1731 1770 1856 1801 maxime,

1065 1813 1094 1834 ut
1107 1808 1179 1839 dieo,
1196 1808 1244 1834 hoc
1258 1808 1291 1834 de
1305 1808 1417 1842 pecunia
1431 1807 1564 1838 clamaret,
1581 1808 1608 1834 in
1622 1806 1710 1834 vincla
1722 1807 1857 1834 coniectus

1065 1850 1114 1872 est.
1154 1846 1220 1871 Vffl.
1244 1847 1283 1871 ⁴8.
1306 1845 1397 1871 videte
1411 1845 1585 1871 constantiam
1600 1845 1741 1879 praetoris,
1761 1845 1858 1870 eteius

1064 1883 1204 1917 praetoris,
1225 1883 1272 1918 qui
1287 1891 1357 1908 nunc
1371 1891 1432 1909 reus
1447 1891 1498 1908 non
1512 1883 1547 1908 ita
1564 1881 1734 1913 defendatur,
1755 1886 1785 1908 ut
1802 1889 1859 1908 m&

1064 1920 1161 1946 diocris
1176 1924 1292 1954 praetor,
1309 1919 1356 1946 sed
1370 1920 1405 1945 ita
1421 1919 1552 1951 laudetur,
1570 1924 1599 1946 ut
1611 1919 1729 1954 optimus
1743 1919 1858 1953 impera-

1065 1962 1112 1983 tor.
1153 1956 1242 1989 Quum
1257 1965 1395 1983 servorum
1410 1956 1510 1983 bellum
1526 1961 1700 1986 metueretur,
1720 1964 1775 1990 quo
1791 1964 1859 1990 sup-

1065 1994 1144 2029 plicio
1157 1994 1279 2020 dominos
1293 1994 1460 2020 indemnatos
1473 1993 1618 2025 afficiebat,
1638 1993 1688 2020 hoc
1706 2001 1797 2019 servos
1810 1992 1858 2019 da-

1065 2036 1167 2058 mnatos
1178 2031 1318 2058 liberabat:
1335 2030 1507 2066 Apollonium
1519 2029 1759 2065 locupletissimum
1771 2029 1859 2057 homi-

1041 2091 1042 2094 ,
1065 2078 1138 2099 nem,
1154 2069 1215 2104 qui,
1231 2069 1254 2095 si
1268 2068 1377 2104 fugitivi
1391 2067 1493 2094 bellum
1507 2068 1535 2095 in
1548 2067 1639 2094 Sicilia
1654 2067 1781 2099 facerent,
1801 2076 1859 2094 am-

1065 2106 1200 2141 plissimas
1215 2105 1334 2132 fortunas
1347 2106 1487 2136 amitteret,
1503 2105 1568 2132 belli
1581 2104 1758 2140 fugitivorum
1772 2104 1859 2131 nomi-

1065 2152 1110 2174 ne,
1130 2143 1228 2170 indicta
1242 2151 1349 2173 caussa,
1370 2142 1396 2169 in
1411 2142 1498 2169 vincla
1511 2142 1635 2169 coniecit:
1663 2150 1769 2172 servos,
1789 2149 1857 2177 quos

1063 2181 1121 2215 ipse
1139 2189 1200 2206 cum
1219 2179 1343 2211 consilio,
1363 2179 1428 2206 belli
1446 2179 1560 2206 faciendi
1577 2187 1672 2206 caussa
1689 2179 1858 2205 consensisse

1064 2217 1200 2249 iudicavit,
1217 2226 1261 2244 eos
1270 2218 1329 2244 sine
1339 2216 1445 2244 consilii
1454 2218 1593 2248 sententia,
1607 2224 1656 2242 sua
1667 2220 1769 2250 sponte,
1784 2215 1857 2242 omni

1063 2254 1197 2290 supplicio
1216 2254 1347 2281 liberavit.
1389 2255 1429 2280 ⁴9.
1450 2253 1539 2286 Quid?
1563 2254 1586 2280 si
1604 2253 1637 2279 ab
1649 2252 1791 2287 Apollonio
1808 2251 1858 2279 ali-

1063 2292 1130 2328 quid
1147 2293 1323 2318 commissum
1341 2295 1394 2322 est,
1414 2291 1589 2326 quamobrem
1606 2290 1664 2317 iure
1682 2289 1710 2316 in
1723 2298 1785 2316 eum
1799 2290 1858 2316 ani-

1064 2329 1286 2356 madverteretur:
1314 2332 1436 2355 tamenne
1454 2328 1523 2354 hanc
1539 2336 1596 2354 rem
1618 2327 1657 2353 sic
1678 2335 1802 2363 agemus,
1827 2331 1858 2354 ut

1062 2367 1168 2393 crimini
1187 2371 1232 2393 aut
1250 2365 1368 2392 invidiae
1386 2374 1430 2392 reo
1447 2370 1574 2400 putemus
1596 2372 1655 2390 esse
1676 2368 1808 2399 oportere,
1831 2365 1856 2390 si

1062 2412 1116 2439 quo
1133 2403 1166 2430 de
1185 2403 1292 2430 bomine
1314 2403 1436 2429 severius
1458 2400 1599 2428 iudicarit?
1623 2402 1681 2428 Non
1703 2409 1779 2437 agam
1803 2405 1856 2427 tam

1062 2441 1170 2468 acerbe:
1199 2449 1250 2467 non
1269 2445 1328 2467 utar
1345 2440 1395 2466 ista
1417 2439 1580 2466 accusatoria
1601 2438 1807 2469 consuetudine,
1831 2437 1856 2464 si

1062 2478 1129 2513 quid
1146 2483 1186 2505 est
1203 2477 1303 2504 factum
1321 2476 1477 2507 clementer,
1498 2481 1526 2502 ut
1543 2475 1674 2502 dissolute
1691 2475 1790 2502 factum
1803 2475 1857 2502 cri-

1062 2516 1162 2542 miner:
1189 2515 1213 2541 si
1226 2514 1293 2550 quid
1307 2513 1471 2540 vindicatum
1484 2521 1577 2540 severe
1590 2517 1642 2544 est,
1662 2517 1692 2539 ut
1704 2521 1738 2539 ex
1750 2521 1781 2539 eo
1793 2520 1856 2538 cru-

1061 2552 1178 2579 delitatis
1192 2552 1322 2578 invidiam
1335 2550 1469 2586 colligam.
1509 2550 1567 2577 Non
1580 2559 1658 2586 agam
1671 2550 1721 2576 ista
1737 2549 1852 2582 ratione;

1062 2594 1107 2616 tua
1116 2598 1214 2624 sequar
1223 2589 1336 2622 iudicia:
1351 2592 1424 2614 tuam
1433 2587 1575 2614 defendam
1585 2587 1775 2618 auctoritatem,
1785 2594 1854 2622 quo-

1061 2627 1095 2653 ad
1109 2632 1137 2653 tu
1151 2626 1233 2657 voles,
1249 2625 1332 2652 simul
1345 2634 1375 2652 ac
1388 2629 1443 2651 tute
1455 2625 1573 2660 coeperis
1587 2629 1631 2651 tua
1644 2623 1744 2651 iudicia
1753 2623 1854 2650 rescin-

1061 2663 1137 2691 dere:
1161 2663 1228 2690 mihi
1241 2670 1398 2691 succensere
1410 2661 1538 2690 desinite:
1562 2670 1622 2688 meo
1634 2661 1707 2688 enim
1720 2661 1778 2688 iure
1789 2669 1854 2688 oon·

1913 1971 1922 2020 ‘s

1906 2048 1922 2155 ἐ
