1941 3052
427 127 474 153 IN
506 127 708 154 VERREM
739 126 890 154 ACTIO
923 126 1085 152 PRIMA.
1120 126 1262 153 CAP.l

80 199 202 225 praetorem
213 203 248 217 res
258 199 305 217 tota
315 195 433 220 transiret,
450 196 617 223 eripereturque
631 196 676 216 sibi
690 202 741 216 reus
750 195 875 223 patrocinio

82 232 198 253 Hortensii
208 239 233 252 ac
244 231 339 255 Metelli,
350 231 449 257 quitum:
459 231 561 251 eonsules
572 232 634 257 (ann.
645 231 753 258 685.p.U.
764 232 795 257 c.)
806 230 876 250 futuri

81 268 211 294 ernntzsper
221 266 261 286 hos
268 265 409 286 enimVerres
416 265 518 286 eludendi
528 266 608 286 iudicii
618 266 719 286 fiduciam
730 266 876 292 sumpseram)

82 302 122 322 hoc
132 304 266 322 commentus
276 304 310 321 est
319 300 414 321 rationis
421 316 426 324 ,
441 304 465 321 nt
481 301 602 321 orationem
618 300 704 326 longam
714 300 877 328 praetermitte-

81 340 126 361 ret,
142 343 213 363 neque
221 336 245 356 in
256 335 387 356 criminibus
397 335 557 356 declamatione
567 335 706 356 cumulandis
715 339 801 362 tempus
812 336 876 355 absu-

81 374 162 396 meret,
176 371 214 391 sed
229 371 377 391 tantummodo
391 370 470 390 citaret
484 374 553 390 testes
568 371 594 390 od
609 378 674 391 unum
685 371 786 397 quodque
795 371 877 391 crimen

81 406 221 434 expositum.
238 409 260 425 et
274 412 312 425 eos
324 405 443 425 Hortensio
457 405 628 430 interrogandos
637 407 706 426 daret.
731 407 780 429 Qua
789 408 836 425 arte
845 405 878 425 ita

81 445 116 462 est
126 441 233 466 fatigat-us
245 440 386 464 Hortensius,
397 443 421 460 ut
432 439 497 464 nihil,
508 443 585 460 eontra
595 441 651 467 quod
662 441 876 465 diceret‚inveniret,

81 476 130 503 ipse
145 476 212 496 etiam
221 476 303 496 Verres
310 491 315 499 ,
331 475 448 502 desperato
458 475 583 502 patrocinio
590 491 595 500 ‚
612 482 651 496 sua
665 479 744 502 sponte
754 475 878 496 diseederet

81 511 105 531 in
115 510 228 531 exsilium.

136 547 182 566 Hoc
192 545 262 570 igitur
272 544 358 566 laborat
368 545 391 565 in
402 545 504 566 aratione
513 545 553 566 hac
565 548 611 565 tota
621 545 714 566 Tullius
729 548 754 565 ut
767 545 877 569 ostendat,

82 588 125 601 non
135 580 186 600 dolo
196 587 235 601 nec
245 580 336 605 astutia,
343 581 401 607 se[d]
409 580 542 601 necessitate
552 580 660 605 facer-eiii,
669 580 726 607 quod
732 580 793 604 facit,
802 583 823 599 et
834 586 877 599 ma-

81 616 116 642 gis
131 615 306 636 adversariorum
322 615 437 636 fraudibus
451 618 562 639 occurrat,
577 621 640 642 quam
654 617 680 635 ut
692 614 742 642 ipse
753 614 784 635 sit
793 614 877 641 captio-

82 658 128 672 sus.
152 650 207 672 Vult
221 650 290 675 enirn,
305 654 329 671 ut
344 650 454 675 diximus,
470 656 533 670 omne
548 649 588 670 linc
602 652 699 677 tempus,
715 650 772 676 quod
783 652 878 671 estante

82 685 176 706 Kalend.
189 686 284 710 Ianuar,
295 685 426 712 dispensare
439 685 463 705 in
477 684 547 705 totius
561 691 654 705 caussae
668 684 789 709 actionem,
809 692 836 705 ne
851 685 877 705 ad

82 721 149 741 alium
164 724 287 748 praetorem
302 720 403 746 aliosque
416 719 502 740 iudices
517 719 581 740 nmis
599 719 729 740 consulibus
747 719 877 739 veniendum

82 755 120 776 sit.
142 756 202 776 Toto
212 755 282 781 igitur
291 755 332 775 hoc
341 754 399 775 libro
410 754 537 775 exhortatio
547 754 644 775 iudicum
654 754 781 775 continetur
791 754 817 774 ad
827 761 878 774 vere

81 791 235 815 iudicandum,
254 790 327 810 minae
344 789 368 810 in
384 789 523 810 adversarios
538 789 665 815 dirigunt-nr
679 789 752 809 omnio
766 791 878 809 tentantes

82 827 108 846 1111
124 825 303 853 corrumpendum
318 824 438 849 iudicium,
456 827 478 845 et
492 824 646 851 expositiones
660 824 776 846 Ciceronis
786 823 878 844 consilii

82 861 118 881 sui
127 861 239 881 iudicibus
249 859 390 884 exhihentur,
397 859 462 886 quasi
472 859 532 879 inter
541 866 579 880 eos
589 862 712 879 tractentur
720 859 878 882 communitam

80 896 119 916 ubi
131 895 228 916 brevitas
238 901 324 922 quoque
335 894 510 915 obiiciendomm
517 894 632 916 criminum
639 894 695 914 mira
700 894 877 915 arteconticitur.

134 931 210 951 Status
217 946 223 955 ,
238 933 342 957 quantum
354 930 381 950 ud
390 929 483 951 crimina
493 937 586 951 caussae
594 930 764 957 repetundarum
773 929 878 956 pertinet,

81 966 208 987 coniectura
222 965 340 992 multiplex
353 965 413 986 inest
427 965 529 986 omnihus
543 965 621 990 lihris3
641 968 745 991 quantum
756 964 782 984 ad
793 964 878 991 specia-

81 1001 123 1022 lem
137 1000 284 1021 intentionem
298 1000 352 1021 libri
367 1000 433 1021 huius
446 1001 554 1025 refertur,
571 999 669 1027 qualitas
684 999 804 1024 negotialis
815 1002 879 1019 extra

81 1036 187 1064 seriptum
196 1035 219 1056 in
230 1035 341 1063 particula
349 1035 407 1056 iuris
418 1039 452 1056 est
461 1035 596 1060 constituta,
610 1035 724 1055 inducitur
734 1034 791 1055 enim
801 1037 878 1061 postu-

79 1070 136 1092 latio
146 1071 173 1092 «le
183 1071 263 1096 agendi
272 1078 328 1091 novo
339 1077 431 1096 genere,
446 1070 562 1097 siquidem
573 1070 631 1097 petit.
645 1069 746 1097 permitti
760 1069 818 1094 sihi,
835 1076 878 1090 non

80 1106 115 1127 nti
124 1106 225 1127 oratione
235 1108 341 1133 perpetua
348 1121 354 1130 ,
369 1106 408 1126 sed
421 1105 518 1126 breviter
527 1105 620 1126 crimina
629 1111 753 1132 proponere
763 1108 785 1125 et
795 1105 821 1124 ad
831 1104 878 1125 sin-

80 1142 132 1168 gula
143 1145 211 1163 testes
222 1142 281 1162 dare.

133 1177 266 1198 Suntautem
273 1176 347 1204 capita
353 1175 462 1197 orationis
469 1175 533 1196 haec.-
545 1182 571 1195 an
582 1175 635 1196 talis
646 1182 706 1201 reus,
714 1175 777 1197 cuius
787 1176 877 1196 damna-

79 1211 112 1233 tio
123 1211 196 1239 prosit
204 1211 238 1232 rei
247 1211 361 1239 publicae;
381 1218 408 1231 an
420 1211 475 1231 talia
490 1211 538 1231 eius
553 1210 649 1231 consilia
658 1211 686 1231 ad
696 1211 876 1238 corrumpendum

79 1246 186 1268 iudicium
195 1255 200 1272 ;
211 1254 238 1267 an
244 1246 300 1267 talia
306 1250 376 1267 ettam
383 1246 601 1267 manifestacrimina
607 1246 632 1266 ad
639 1246 787 1273 patrocinium
798 1246 876 1272 despe-

79 1282 183 1307 randum3
202 1288 229 1302 an
240 1281 366 1303 huiusmodi
380 1283 406 1302 1111
422 1288 447 1302 eo
463 1284 485 1302 et
494 1282 520 1302 ul»
531 1281 579 1302 eius
591 1281 776 1307 suffragatoribus
786 1283 808 1301 et
818 1280 877 1301 dicta

80 1319 103 1337 et
112 1316 170 1337 fucta
180 1317 206 1337 ad
217 1316 345 1337 eludendum
355 1316 516 1337 accusationem
524 1333 529 1341 ‚
539 1319 564 1337 ut
574 1324 629 1337 novo
640 1323 720 1341 genere
730 1316 760 1336 sit
770 1316 876 1341 agendum

80 1351 168 1372 Tullio.
193 1353 289 1376 Quarum
298 1359 370 1373 rerum
381 1352 445 1379 quasi
454 1359 494 1379 per
508 1352 656 1372 narrationem
672 1351 726 1372 facit
739 1351 876 1371 demonstra-

80 1387 170 1408 tionem.
195 1387 313 1415 Exponitio
327 1387 418 1408 consilii
433 1387 482 1411 sni,
500 1390 526 1407 ut
541 1394 588 1407 cum
608 1387 721 1407 iudicibus
734 1385 875 1410 deliberatio.

80 1422 169 1443 videtur
182 1422 284 1447 111111101ος
302 1422 327 1442 in
342 1429 384 1449 qna
399 1421 535 1446 ostenditur=
555 1422 682 1442 certandum
697 1429 744 1442 cum
759 1421 876 1442 Hortensii

79 1458 174 1482 astutia,
189 1464 233 1477 non
242 1457 323 1477 utendo
335 1457 396 1477 horis
407 1457 508 1477 omnihus
519 1457 546 1477 ml
560 1457 688 1481 dicendum;
707 1457 733 1476 ad
747 1456 875 1480 tollendam,

80 1492 100 1513 si
110 1492 159 1513 fieri
168 1492 253 1520 possit,
264 1492 516 1519 comperendinationem
523 1507 528 1516 ,
545 1495 663 1519 pertentes
674 1491 767 1512 crimina
777 1498 875 1518 compro-

79 1528 159 1548 bando.
182 1528 247 1548 Facit
261 1527 302 1548 hoc
311 1527 403 1551 Cicero,
418 1530 443 1547 nt
458 1527 511 1547 hacc
526 1534 561 1547 res
576 1534 618 1547 non
630 1526 700 1547 solum
711 1526 839 1553 compendii·
851 1533 876 1547 ac

79 1563 188 1584 brevitate
196 1569 277 1583 moram
288 1562 394 1590 temporis
409 1561 485 1587 tollnt,
501 1562 539 1582 sed
555 1562 620 1582 etium
635 1561 694 1582 circa
709 1561 826 1582 artificium
842 1561 875 1581 ‹li-

79 1598 143 1619 cendi
153 1597 250 1618 breviter
258 1597 324 1618 etiam
333 1597 357 1617 in
367 1597 407 1618 bac
417 1600 480 1624 parte
490 1597 532 1617 11111
544 1597 640 1617 oratoris
651 1597 761 1617 ostendat.

134 1655 154 1681 I.
179 1655 202 1680 l.
224 1648 308 1686 Quod
326 1657 381 1680 erat
398 1652 544 1689 optandum
563 1653 693 1684 maxime,
712 1652 829 1684 iudices,
851 1657 876 1679 et

79 1691 152 1727 quod
170 1700 255 1718 unum
274 1691 306 1717 ad
324 1691 452 1717 invidiam
472 1691 553 1717 vestri
567 1690 668 1717 ordinis
682 1689 875 1726 infamiamque

79 1728 240 1756 iudiciorum
254 1728 398 1755 sedandam
412 1729 528 1755 maxime
542 1728 699 1763 pertinebat,
715 1727 743 1754 id
758 1736 809 1754 non
823 1728 876 1754 hu-

80 1775 159 1793 mano
168 1766 288 1797 consilio,
301 1765 348 1792 sed
360 1774 442 1801 prope
456 1766 587 1792 divinitus
602 1765 693 1792 datum
708 1770 787 1800 atquc
801 1764 876 1792 obla-

80 1808 136 1830 tum
152 1804 228 1831 vobis
242 1812 349 1830 summo
362 1803 525 1846 reipublicae
539 1807 657 1846 tempore
676 1803 791 1829 videtur
833 1803 876 1829 ln-

80 1841 208 1867 veteravit
221 1841 292 1867 enim
306 1841 359 1867 iam
373 1841 463 1876 opinio
482 1840 628 1875 perniciosa
647 1840 810 1875 reipublicae
828 1849 876 1866 no-

78 1878 175 1914 bisque
186 1878 343 1913 periculosa,
356 1887 425 1913 quae
439 1887 491 1905 non
501 1877 580 1904 modo
591 1878 698 1909 Romae,
710 1877 757 1903 sed
769 1882 794 1904 et
804 1877 875 1913 apud

79 1920 182 1943 exteras
201 1916 320 1942 nationes
342 1916 463 1942 omnium
485 1923 607 1942 sermone
629 1899 807 1950 percrebruit,
833 1915 876 1941 his
898 1931 899 1939 1

77 1953 200 1984 iudiciis,
228 1962 297 1988 quac
324 1961 394 1979 nunc
421 1953 487 1984 sint,
521 1953 698 1988 pecuniosum
728 1952 874 1983 hominem,

78 1991 204 2026 quamvis
214 1991 248 2016 sit
259 1999 364 2021 nocens,
379 1990 513 2016 neminem
524 1998 601 2024 posse
613 1989 742 2016 damnari.
763 1991 788 2017 2.
800 1990 877 2016 Nunc

79 2028 106 2054 in
124 2028 183 2062 ipso
201 2027 356 2054 discrimine
373 2027 474 2054 ordinis
492 2027 710 2062 iudiciorumque
728 2031 875 2053 vestrorum

78 2073 165 2100 quum
183 2065 237 2091 sint
254 2065 351 2100 parati.
375 2065 424 2099 qui
442 2064 616 2091 concionibus
634 2068 659 2090 et
678 2063 784 2100 legibus
809 2064 876 2090 hanc
899 2083 901 2099 3

78 2102 209 2129 invidiam
224 2106 332 2128 senatus
346 2101 510 2128 inflammare
523 2106 666 2132 conentur,
687 2110 749 2128 reus
762 2102 790 2128 in
805 2101 876 2128 iudi-

79 2140 151 2166 cium
166 2139 298 2166 adductus
312 2143 353 2165 est
366 2138 395 2165 C.
410 2139 518 2170 Verres,
539 2139 619 2165 homo
638 2139 691 2165 vita
706 2143 785 2174 atque
801 2138 876 2165 sactis

79 2177 200 2204 omnium
214 2177 266 2203 iam
281 2177 405 2211 opinione
418 2176 574 2207 damnatus,
594 2177 723 2211 pecuniae
741 2177 877 2212 magnitu-

79 2213 154 2245 dine.
175 2222 223 2240 sua
242 2222 289 2248 spe
307 2222 336 2240 ac
350 2213 543 2248 praedicatione
557 2213 706 2240 absolutus.
746 2213 814 2239 Huic
828 2222 877 2249 ego

79 2260 202 2283 caussae,
219 2251 335 2282 iudices,
354 2259 415 2277 cum
431 2259 536 2277 summa
551 2250 686 2277 voluntate
700 2255 725 2277 et
738 2256 876 2285 exspecta-

79 2289 150 2315 tione
169 2288 261 2324 populi
280 2288 390 2315 Romani
410 2292 480 2314 actor
498 2288 609 2319 accessi,
631 2296 683 2314 non
703 2293 731 2314 ut
749 2296 874 2323 augerem

78 2325 209 2353 iuvidiam
228 2325 342 2356 ordinis,
363 2325 410 2351 sed
430 2329 457 2351 ut
477 2324 601 2351 infamiae
615 2325 751 2351 communi
765 2333 876 2351 succur-

79 2371 175 2390 rerem.
215 2362 323 2390 Adduxi
338 2363 408 2389 0111111
425 2362 573 2393 1101111110111,
594 2363 621 2388 111
639 2371 693 2397 (1110
708 2362 875 2388 reconciliare

79 2401 302 2427 existimationem
323 2400 482 2427 iudiciorum
501 2400 641 2429 amissam,
667 2399 752 2425 redire
770 2400 796 2425 in
815 2408 876 2435 gra—

79 2437 144 2464 tiam
163 2446 224 2464 cum
243 2437 343 2480 populo
357 2438 486 2467 1101110110,
507 2435 658 2462 satisfacere
676 2436 773 2463 exteris
792 2437 876 2462 natio-

80 2474 161 2501 nibus
187 2475 315 2510 possetis,
348 2473 560 2509 depeculatorem
587 2473 694 2504 aerarii,
723 2477 874 2500 vexatorem

79 2512 157 2539 Asiae
179 2516 258 2547 atque
280 2511 465 2554 Pamphyliae,
495 2510 653 2554 praedonem
676 2510 744 2536 iuris
768 2511 872 2540 urbani.

80 2548 166 2576 labem
181 2553 260 2584 atque
274 2549 418 2584 perniciem
430 2549 605 2583 provinciae
592 2547 708 2574 Siciliae.
736 2549 760 2574 3
777 2548 812 2573 De
821 2556 875 2582 quo

79 2586 103 2612 si
117 2594 164 2613 vos
178 2594 270 2613 severe
284 2586 461 2622 religioseque
476 2585 582 2612 iudicav
585 2585 667 2615 eritis,
681 2585 823 2611 auctoritas
834 2593 872 2615 ea,

79 2631 148 2658 quae
165 2624 193 2650 in
211 2623 288 2650 vobis
306 2631 441 2650 remanere
459 2622 550 2653 debet,
576 2622 706 2649 haerebit:
735 2623 776 2648 sin
796 2622 874 2648 istius

79 2660 201 2697 ingentes
214 2660 322 2688 divitiae
337 2660 498 2687 iudiciorum
513 2659 667 2696 religionem
684 2659 874 2694 veritatemque

1288 142 1323 145 —
1345 128 1368 152 3.
1671 129 1714 154 ΞΗ

927 196 1114 232 perfregerint,
1135 205 1184 233 ego
1202 196 1252 223 hoc
1270 201 1358 223 tamen
1377 204 1517 231 assequar,
1543 201 1571 222 ut
1591 197 1721 223 iudicium

928 234 1016 269 potius
1035 233 1211 269 reipublicae,
1231 242 1313 269 quam
1332 238 1377 260 aut
1394 242 1456 259 reus
1470 233 1607 260 iudicibus
1620 239 1665 260 aut
1679 244 1723 260 nc-

927 276 1032 298 cusator
1049 280 1094 298 reo
1111 271 1229 297 defuisse
1247 271 1378 297 videatur.
1417 271 1449 297 II.
1471 270 1618 305 Equidem,
1643 277 1671 297 ut
1690 272 1723 297 de

928 317 971 335 me
984 308 1121 339 confitear,
1137 308 1254 339 iudices,
1275 317 1360 343 quum
1375 307 1474 334 multae
1489 308 1554 334 mihi
1569 317 1583 334 a
1597 308 1626 335 C.
1643 308 1723 334 Verre

928 346 1041 372 insidiae
1056 350 1122 372 terra
1137 346 1258 380 marique
1277 345 1359 372 factae
1377 346 1443 376 sint,
1463 354 1531 380 quas
1550 346 1646 380 partim
1665 354 1723 371 mea

929 383 1066 418 diligentia
1080 383 1219 409 devitarim
1228 404 1234 413 ,
1250 384 1346 418 partim
1361 383 1507 409 amicorum
1520 382 1610 409 studio
1623 382 1725 409 officio-

929 429 981 455 que
996 420 1154 455 repulerim:
1171 429 1319 455 numquam
1334 424 1421 446 tamen
1435 428 1522 455 neque
1536 424 1639 446 tantum
1653 421 1725 455 peri-

906 474 908 480 1
929 457 1021 483 culum
1040 457 1108 483 mihi
1126 457 1198 483 adire
1217 458 1292 483 visus
1310 466 1371 483 sum
1386 466 1473 492 neque
1487 461 1558 484 tanto
1572 466 1649 492 opere
1663 466 1725 492 per-

929 495 1021 525 timui,
1037 499 1067 520 ut
1081 503 1152 520 nunc
1165 495 1192 520 in
1208 495 1266 529 ipso
1280 494 1393 521 iudicio:
1423 496 1446 521 4.
1463 503 1550 530 neque
1564 499 1666 521 tantum
1681 503 1724 521 me

929 532 1091 566 exspectatio
1114 532 1289 558 accusationis
1312 540 1385 558 meae
1410 540 1611 567 concursusque
1637 536 1725 558 tantae

929 569 1124 599 multitudinis,
1144 569 1245 603 quibus
1259 577 1308 604 ego
1322 569 1402 595 rebus
1416 569 1650 595 vehementissime
1664 578 1725 603 per-

929 606 1034 637 turbor,
1050 610 1212 636 commovet,
1232 611 1364 640 quantum
1378 607 1457 632 istius
1470 606 1584 632 insidiae
1598 606 1721 637 nefariae,

929 652 996 678 quas
1014 652 1069 669 uno
1087 648 1204 677 tempore
1223 643 1304 673 mihi,
1325 643 1415 674 vobis,
1436 644 1478 669 Μ’.
1495 643 1632 670 Glabrioni
1646 652 1725 679 prae-

929 681 992 711 tori,
1008 681 1101 710 sociis,
1118 681 1215 706 exteris
1230 681 1396 711 nationibus,
1412 681 1512 712 ordini,
1530 682 1630 708 nomini
1646 681 1724 707 deni-

929 726 982 753 que
996 718 1127 743 senatorio
1141 717 1225 743 facere
1239 722 1362 744 conatur:
1379 718 1426 752 qui
1440 719 1476 744 ita
1490 718 1601 745 dictitat.
1617 719 1651 744 iis
1665 727 1724 745 esse

930 754 1118 785 metuendum,
1134 755 1195 789 qui,
1211 754 1284 789 quod
1297 755 1364 789 ipsis
1379 755 1443 781 solis
1457 756 1521 781 satis
1535 760 1617 786 esset,
1639 756 1724 782 surri-

929 792 1066 827 puissent:
1091 800 1119 817 50
1133 796 1236 818 tantum
1250 793 1380 827 rapuisse,
1396 797 1426 819 ut
1440 792 1467 818 id
1482 793 1573 819 multis
1587 793 1651 819 satis
1665 802 1723 819 esse

929 830 1027 864 possit:
1055 828 1122 855 nihil
1142 837 1200 855 esse
1218 833 1271 856 tam
1289 834 1424 861 sanctum,
1449 830 1521 865 quod
1544 838 1596 856 non
1619 830 1722 858 violari,

929 866 996 893 nihil
1011 871 1064 893 tam
1075 867 1220 898 munitum,
1233 866 1306 901 quod
1316 876 1368 893 non
1380 867 1527 903 expugnari
1539 868 1650 902 pecunia
1662 876 1724 902 pos-

929 905 972 930 sit.
1013 905 1038 930 5.
1058 903 1134 936 Quod
1148 905 1180 935 si,
1197 913 1278 939 quam
1293 904 1381 931 audax
1393 909 1433 931 est
1447 905 1479 931 ad
1493 904 1653 936 conandum,
1670 910 1722 930 tani

929 946 999 968 esset
1017 941 1148 968 obscurus
1166 941 1194 967 in
1212 941 1327 977 agendo,
1348 941 1459 968 fortasse
1477 941 1566 977 aliqua
1584 942 1612 968 in
1631 951 1658 968 re
1677 951 1724 968 nos

930 978 1073 1014 aliquando
1088 978 1235 1005 fefellisset.
1260 979 1359 1005 Verum
1373 979 1423 1006 hoc
1437 979 1525 1005 adhuc
1538 979 1724 1014 percommode

929 1016 1012 1047 cadit,
1033 1016 1105 1051 quod
1123 1024 1185 1042 cum
1204 1016 1356 1042 incredibili
1374 1017 1432 1043 eius
1451 1016 1560 1043 audacia
1579 1016 1724 1052 singularis

929 1053 1042 1080 stultitia
1067 1054 1208 1080 coniuncta
1232 1058 1281 1080 est.
1322 1054 1389 1080 Nam
1412 1059 1442 1080 ut
1463 1058 1568 1089 apertus
1592 1054 1619 1080 in
1643 1055 1725 1080 corri-

929 1091 1035 1134 piendis
1050 1092 1173 1126 pecuniis
1188 1090 1251 1122 suit,
1272 1092 1311 1117 sic
1324 1092 1351 1117 in
1366 1100 1414 1126 spe
1427 1091 1615 1126 corrumpendi
1630 1091 1723 1117 iudicii

929 1129 1070 1164 perspicua
1096 1137 1144 1154 sua
1170 1128 1280 1154 consilia
1306 1134 1471 1171 conatusque
1497 1129 1622 1155 omnibus
1652 1128 1722 1154 fecit

928 1165 1029 1197 Semel,
1050 1166 1099 1197 ait,
1120 1166 1189 1192 sein
1205 1166 1258 1192 vita
1272 1167 1456 1201 pertimuisse
1479 1171 1548 1196 tum
1568 1175 1653 1201 quum
1669 1167 1724 1208 111-1-

928 1212 1004 1230 mum
1023 1212 1084 1230 reus
1103 1212 1117 1229 a
1135 1212 1178 1229 me
1197 1202 1282 1230 factus
1301 1204 1349 1230 sit:
1369 1203 1442 1239 quod
1460 1213 1546 1239 quum
1560 1213 1573 1230 e
1589 1204 1724 1238 provincia

928 1249 1019 1267 recens
1038 1245 1108 1267 esset
1125 1241 1283 1276 invidiaque
1300 1245 1325 1267 et
1343 1241 1452 1267 infamia
1471 1250 1522 1268 non
1541 1242 1652 1272 recenti,
1677 1241 1724 1267 sed

928 1283 1016 1305 vetere
1034 1287 1063 1305 ac
1081 1278 1208 1305 diuturna
1226 1277 1360 1315 flagraret,
1385 1283 1442 1305 tum
1467 1279 1499 1305 ad
1519 1278 1649 1305 iudicium
1667 1287 1725 1305 cor-

927 1315 1108 1351 rumpendum
1127 1320 1234 1351 tempus
1257 1315 1373 1342 alienum
1396 1316 1546 1343 offenderet.
1587 1318 1612 1342 6.
1633 1317 1725 1351 Itaque

927 1362 1012 1388 quum
1027 1362 1077 1389 ego
1089 1353 1161 1379 diem
1175 1354 1203 1379 in
1217 1353 1309 1380 Sicilia
1322 1353 1475 1389 inquirendi
1490 1354 1662 1389 perexiguam
1677 1362 1725 1388 po-

905 1397 907 1428 j
928 1390 1114 1421 stulavissem,
1134 1391 1237 1417 invenit
1249 1391 1312 1422 iste,
1333 1392 1380 1426 qui
1395 1391 1446 1417 sibi
1461 1392 1486 1417 in
1502 1391 1627 1417 Achaiam
1642 1391 1725 1417 biduo

928 1428 1076 1454 breviorem
1091 1428 1162 1454 diem
1178 1428 1337 1462 postularet:
1354 1437 1405 1455 non
1421 1433 1449 1454 ut
1464 1429 1486 1454 is
1501 1428 1571 1455 idem
1585 1428 1725 1455 conficeret

928 1465 1066 1501 diligentia
1084 1469 1110 1491 et
1127 1465 1258 1491 industria
1277 1474 1339 1496 sua,
1360 1465 1431 1501 quod
1449 1474 1499 1501 ego
1516 1474 1575 1492 meo
1593 1465 1681 1492 labore
1699 1471 1724 1492 et

905 1517 907 1534 )
927 1503 1029 1538 vigiliis
1047 1506 1206 1529 consecutus
1225 1511 1297 1529 sum.
1337 1503 1442 1529 Etenim
1466 1502 1511 1529 ille
1529 1503 1660 1529 Achaicus
1683 1504 1725 1529 in—

928 1540 1042 1575 quisitor
1061 1548 1093 1566 ne
1111 1539 1285 1566 Brundisium
1303 1540 1414 1575 quidem
1434 1541 1568 1575 perveni23
1588 1549 1637 1575 ego
1655 1540 1725 1566 Sici-

928 1577 990 1603 liam
1006 1581 1085 1603 totam
1101 1578 1296 1613 quinquaginta
1310 1577 1406 1603 diebus
1420 1578 1459 1603 510
1472 1578 1539 1607 01111,
1561 1582 1590 1603 111
1603 1578 1723 1604 omnium

898 1621 899 1630 ¹
927 1614 1088 1650 populorum
1103 1615 1323 1649 privatorumque
1338 1614 1437 1641 litteras
1452 1615 1617 1650 iniuriasque
1626 1623 1725 1650 cogno-

927 1660 1042 1678 scerem:
1068 1656 1097 1678 ut
1111 1652 1285 1686 perspicuum
1299 1652 1387 1678 cuivis
1401 1661 1459 1678 esse
1474 1657 1571 1687 posset,
1589 1652 1722 1678 hominem

927 1689 960 1716 ab
973 1690 1025 1715 isto
1038 1689 1191 1724 quaesitum
1206 1698 1277 1720 esse,
1297 1698 1348 1715 non
1362 1690 1409 1724 qui
1424 1698 1499 1716 reum
1514 1698 1594 1716 suum
1609 1690 1725 1716 adduce-

928 1731 979 1758 ret,
1000 1726 1048 1753 sed
1066 1727 1112 1761 qui
1128 1735 1218 1753 meum
1233 1731 1340 1761 tempus
1353 1727 1496 1753 obsideret.
1538 1728 1578 1753 111.
1600 1728 1625 1753 7.
1648 1728 1725 1754 Nunc

927 1764 1007 1791 homo
1025 1764 1222 1790 audacissimus
1240 1768 1320 1799 atque
1338 1765 1539 1791 amentissimus
1555 1765 1602 1791 hoc
1617 1765 1722 1800 cogitat.

927 1801 1053 1837 Intelligit
1063 1810 1105 1827 me
1116 1801 1151 1827 ita
1163 1806 1283 1836 paratum
1296 1806 1374 1837 atque
1385 1802 1545 1828 instructum
1557 1802 1583 1828 in
1594 1802 1723 1828 iudicium

928 1840 1027 1870 venire,
1044 1843 1073 1865 ut
1088 1848 1138 1865 non
1154 1838 1233 1865 modo
1246 1840 1273 1865 in
1288 1839 1399 1865 auribus
1414 1839 1520 1870 vestris,
1537 1839 1583 1865 sed
1598 1840 1624 1865 in
1639 1839 1724 1865 0011115

927 1877 1047 1903 omnium
1063 1885 1111 1902 sua
1126 1876 1194 1902 furta
1209 1881 1288 1911 atque
1303 1876 1399 1913 flagitia
1414 1877 1552 1903 defixurus
1564 1877 1625 1903 51111.
1648 1877 1724 1903 Videt

928 1918 1062 1940 senatores
1073 1913 1172 1940 multos
1182 1922 1240 1940 esse
1253 1919 1332 1940 testes
1344 1914 1468 1940 audaciae
1479 1923 1557 1940 suae:
1572 1914 1643 1940 videt
1655 1914 1724 1940 mul-

928 1955 968 1978 tos
982 1951 1086 1986 equites
1096 1951 1237 1982 Romanos,
1255 1951 1407 1994 frequentes
1419 1956 1552 1986 praeterea
1562 1952 1634 1978 cives
1645 1956 1724 1986 atque

928 1989 1026 2019 socios,
1047 1989 1148 2023 quibus
1167 1989 1224 2023 ipse
1242 1989 1362 2025 insinues
1381 1990 1492 2015 11111111115
1507 1989 1606 2015 fecerit.
1647 1989 1724 2015 Videt

928 2027 1007 2052 etiam
1023 2030 1059 2052 tot
1073 2031 1126 2052 tam
1140 2035 1236 2061 gvraves
1250 2026 1283 2052 ab
1299 2027 1470 2053 amicissimis
1484 2027 1638 2052 civitatibus
1653 2026 1724 2062 lega-

929 2064 1013 2090 tiones
1027 2072 1088 2089 cum
1104 2063 1220 2098 publicis
1234 2064 1436 2090 auctoritatibus
1448 2073 1476 2090 ac
1492 2064 1650 2090 testimoniis
1661 2073 1724 2090 con—

906 2110 908 2120 ·
928 2101 1044 2127 venisse.
1085 2103 1110 2126 8.
1130 2100 1203 2133 Quae
1216 2110 1302 2136 quum
1317 2102 1352 2127 ita
1366 2102 1429 2132 sint,
1446 2110 1532 2136 usqne
1547 2110 1577 2127 00
1591 2101 1623 2127 110
1637 2102 1724 2127 0111111-

928 2138 980 2165 bus
994 2138 1071 2164 bonis
1086 2137 1154 2164 male
1168 2139 1316 2169 existimat,
1337 2147 1424 2173 usqne
1439 2147 1469 2165 00
1481 2138 1611 2164 senatoria
1626 2138 1722 2164 iudicia

928 2175 1030 2210 perdita
1045 2174 1236 2210 profligataque
1250 2184 1309 2202 esse
1319 2176 1468 2206 arbitratur,
1486 2181 1514 2201 111
1526 2176 1574 2201 ho«-
1585 2175 1670 2210 1111111111
1681 2175 1724 2201 ‹li-

927 2213 1013 2243 ctitet,
1035 2221 1086 2239 11011
1105 2213 1164 2238 sinc
1181 2221 1275 2239 caussa
1293 2221 1322 2239 sc
1340 2213 1469 2248 cupidum
1486 2214 1613 2247 pecuniae
1629 2212 1720 2241 fuiss-o.

927 2251 1054 2285 qnoniam
1078 2254 1179 2276 tantum
1205 2251 1230 2276 in
1255 2250 1366 2284 pecunia
1391 2250 1553 2285 praesidium
1572 2251 1724 2284 experiatur

905 2293 907 2313 1
927 2295 999 2314 csse:
1015 2287 1119 2320 scse(id
1130 2287 1202 2322 quod
1214 2287 1404 2313 ‹listieillimnni
1417 2287 1505 2320 suerit)
1516 2292 1621 2321 tempus
1633 2287 1721 2321 ipsum

927 2324 1024 2350 emisse
1043 2324 1135 2350 1111110ίί
1155 2325 1210 2353 sui,
1232 2333 1285 2359 quo
1299 2329 1382 2350 cetera
1398 2324 1502 2350 facilius
1517 2333 1603 2350 0111010
1619 2329 1719 2358 posset:

928 2366 969 2392 ut,
986 2361 1113 2396 quoniam
1127 2361 1271 2387 criminum
1287 2362 1340 2387 vim
1356 2361 1542 2396 subterfugere
1557 2361 1630 2387 nullo
1645 2361 1722 2387 niodo

927 2403 1036 2433 poterat,
1053 2397 1195 2432 procellam
1211 2399 1336 2432 temporis
1351 2398 1488 2424 devitaret.
1510 2400 1534 2423 9.
1550 2398 1658 2430 Quodsi
1671 2407 1720 2424 111111

904 2436 906 2460 ἰ
927 2435 1006 2461 modo
1020 2436 1045 2461 in
1065 2443 1172 2464 caussa.
1194 2444 1286 2461 verum
1306 2436 1332 2461 in
1351 2435 1442 2470 aliquo
1461 2435 1571 2461 honesto
1590 2435 1722 2470 pracsidio

904 2469 906 2474 ”
927 2473 1005 2499 autin
1016 2472 1131 2498 alicuius
1142 2472 1292 2507 eloquentia
1303 2477 1348 2498 aut
1358 2473 1441 2507 gratia
1452 2481 1527 2507 spem
1539 2473 1656 2507 aliquam
1667 2473 1722 2499 col—

928 2510 1051 2536 locasset:
1069 2509 1184 2544 profecto
1199 2518 1249 2535 non
1266 2509 1329 2535 hacc
1339 2510 1427 2536 omnia
1439 2510 1574 2544 colligeret
1584 2515 1663 2545 atque
1673 2519 1721 2536 au-

926 2551 1081 2581 cuparetur:
1108 2555 1158 2572 non
1178 2555 1265 2582 usque
1283 2547 1720 2583 0011051110010100111011111010111110

925 2584 1045 2610 ordinem
1060 2584 1236 2613 senatorium.
1258 2589 1286 2610 ut
1300 2584 1425 2611 arbitratu
1441 2585 1499 2610 eins
1513 2584 1674 2620 deligeretur
1687 2594 1720 2611 ex

926 2627 1027 2648 senatu.
1043 2622 1089 2656 qni
1106 2629 1167 2647 rens
1182 2621 1267 2647 tieret:
1287 2622 1348 2656 qui.
1365 2621 1429 2648 dum
1445 2622 1497 2651 1110,
1512 2630 1581 2657 quae
1595 2631 1663 2657 opus
1678 2631 1720 2648 cs—

904 2671 906 2686 l
926 2663 997 2689 50111,
1013 2663 1189 2693 compararet.
1210 2667 1332 2685 emissam
1348 2659 1445 2686 interea
1461 2664 1520 2685 ante
1533 2668 1595 2685 oum
1609 2659 1718 2686 diecret.

1484 2707 1510 2731 31
