1941 3052
217 124 278 148 twt
784 121 838 144 l'l‘J.
874 119 907 144 Μ.
942 119 971 144 Τ.

271 192 362 218 XXVI.
380 194 420 218 11⁸.
433 192 472 217 23.
486 192 501 223 ⁴2-
513 191 539 216 Si
554 190 656 219 scieris,
671 188 921 223 inquitllurncades,
936 190 1008 222 aspi·
1027 189 1029 207 l

214 231 274 256 «lem
291 229 392 255 oei-ulte
410 229 487 254 latere
505 228 622 261 uspiam,
643 231 667 252 et
685 226 752 252 velle
771 226 888 260 aliquem
905 227 1008 260 impru-

215 268 320 293 dentem
338 275 417 299 supi-r
432 274 488 290 eum
506 263 637 293 assidere,
655 264 734 288 euius
750 272 820 288 mors
837 263 885 289 tibi
904 262 1007 288 emolu-

216 310 333 330 mentum
357 302 453 328 factura
465 302 511 331 sit,
536 300 656 335 improbe
670 300 777 330 feceris,
796 301 848 326 nisi
861 300 1005 330 monueris,

215 351 247 368 nu
264 340 388 366 assiduat.
417 338 463 364 sm!
481 339 590 372 impune
607 342 707 368 tamen3
730 338 813 363 scisse
825 337 896 363 enim
910 342 933 363 te
945 338 1008 371 quis

215 386 355 410 coarguere
373 374 475 410 possit‘?
494 374 545 400 Sed
563 375 644 400 nimis
657 373 750 400 multa.
781 375 955 408 Perspicuum
968 379 1007 400 est

214 416 298 443 euim,
323 413 374 439 nisi
394 413 528 446 aequitas,
551 411 630 441 fides,
655 411 755 437 iustitia
777 412 980 446 proficiscantur
994 421 1007 436 a

215 457 318 481 natura,
342 454 367 475 et
378 450 399 475 si
410 449 499 475 onmia
515 448 578 475 liace
589 449 621 474 ad
637 449 777 475 utilitatem
793 448 953 479 referantur,
968 449 1008 474 vi-

214 498 271 515 rum
294 488 393 513 bonum
420 495 470 512 non
493 495 570 520 posse
592 486 713 521 reperiri.
755 486 845 520 Deque
868 486 909 512 his
927 486 1007 511 rebus

212 526 276 551 sutis
294 524 375 550 multa
394 524 419 549 in
433 524 529 549 nostris
541 523 573 548 de
586 531 612 549 rc
626 522 734 557 publica
747 522 824 549 libris
836 528 899 549 sunt
912 522 981 549 dieta
994 532 1007 548 a

214 562 310 588 Laelio.
352 569 434 590 (cicero
445 568 470 587 uo
480 568 549 587 runi.
560 568 585 586 11.
597 574 615 586 c.
626 569 656 586 ιε.
667 569 684 591 ς.
695 569 736 590 ⁵0.)

268 600 307 625 ⁵25.
331 599 348 631 -ζ-
359 598 400 629 Si,
419 601 447 624 ut
466 606 513 623 nos
529 606 543 623 a
555 601 579 623 tc
590 597 775 628 admonemur,
788 602 857 623 recte
870 598 895 623 in
909 596 963 623 illis
975 596 1008 622 li-

213 637 267 662 nris
279 635 413 666 diximus.
426 634 494 661 nihil
505 643 564 661 esse
576 634 686 665 bonum,
700 635 752 661 nisi
763 634 835 669 quod
848 634 1003 666 honestum,

213 673 279 700 uiliil
295 672 410 702 malum,
426 672 479 699 nisi
489 671 562 707 quod
574 676 650 707 turpe
661 672 705 698 sit.
728 679 781 702 (cic.
792 680 817 698 aa
830 680 872 699 An,
883 679 908 701 x,
923 679 952 701 ⁴.)

267 710 375 736 xxvu.
392 712 432 736 39.
446 711 488 736 253.
510 710 528 742 †
544 709 635 735 Laetor
646 709 753 744 probari
767 709 815 735 tibi
830 708 1006 743 φυσικὴνεεεο

211 746 255 782 τὴν
269 748 335 783 πρὸς
346 747 376 773 ιά
390 748 471 773 τέκνα.
484 747 583 773 etenim
593 747 616 772 si
630 746 694 772 haec
706 755 757 772 non
769 751 822 776 est,
836 745 909 772 nulla
922 750 1007 780 potest

212 785 314 811 homini
326 792 384 810 esse
396 783 429 810 ud
441 784 577 810 hominem
592 788 700 810 naturae
711 783 860 815 adiunctio;
883 792 935 817 qua
942 783 1008 809 sub-

213 822 277 852 lata,
307 822 375 848 vitae
395 821 508 847 societas
530 820 640 848 tollitur.
685 821 755 847 Bene
776 821 896 850 eveniat,
920 820 1008 854 inquit

211 858 374 885 Carneades:
392 866 501 893 spurce,
520 858 567 885 sed
579 862 666 884 tamen
678 858 847 893 prudentius,
861 866 941 892 quarn
955 858 1008 883 Lu-

211 896 270 922 cius
288 900 376 922 noster
391 900 416 922 et
429 895 518 922 Patro:
540 896 588 930 qui
600 904 685 930 quum
697 896 786 922 omnia
798 895 830 921 ad
842 903 871 921 se
883 894 1005 925 referant,

212 942 261 960 nec
276 932 426 968 quidquam
443 932 553 959 alterius
569 941 664 959 caussa
681 932 738 959 fieri
754 937 860 967 putent,
881 937 907 958 et
921 940 1006 967 quum

211 979 240 997 oa
257 978 285 996 re
301 970 401 996 bonum
421 970 510 996 virum
526 974 646 1005 oportere
662 978 721 996 esse
736 969 839 1000 dicant,
857 978 889 995 ne
906 969 1006 995 malum

211 1007 316 1038 habeat,
334 1016 385 1033 non
397 1015 450 1042 quo
462 1007 489 1033 id
502 1012 594 1034 natura
606 1012 707 1034 rectum
719 1008 762 1038 sit,
776 1016 828 1033 non
840 1006 1005 1042 intelligunt,

211 1053 240 1070 se
257 1044 290 1070 dc
306 1044 403 1071 callido
420 1044 528 1071 homine
544 1044 630 1079 loqui,
648 1053 699 1071 non
716 1044 749 1071 de
764 1044 834 1071 bono
846 1044 913 1070 viro.
954 1043 1007 1069 Sed

212 1082 290 1112 haec.
303 1082 407 1116 opinor,
420 1086 483 1109 sunt
495 1082 520 1108 in
534 1083 567 1108 iis
580 1081 665 1113 libris,
678 1090 746 1116 quos
757 1086 785 1108 tu
801 1081 934 1108 laudando
948 1081 1007 1107 ani-

212 1128 269 1145 mos
284 1119 351 1145 milii
362 1118 501 1146 addidisti.
521 1126 574 1150 (cie.
585 1126 610 1145 nd
620 1126 664 1146 Att.
675 1127 724 1149 vn,
735 1127 764 1149 2.)

266 1158 308 1183 26.
331 1156 348 1189 †
359 1157 387 1182 In
402 1156 504 1191 quibus
519 1157 663 1187 assentior,
682 1155 825 1182 sollicitam
837 1159 863 1181 et
873 1154 1008 1190 periculo-

211 1202 267 1219 sam
280 1194 409 1219 iustitiam
421 1202 472 1220 non
483 1202 542 1220 esse
553 1193 692 1228 sapientis.
726 1199 837 1222 (ermom.
847 1200 860 1219 1.
870 1199 1004 1224 wl1.p.801.

212 1239 234 1256 r.
246 1244 264 1257 c.
274 1238 292 1256 c.
304 1238 321 1261 ξ.
332 1239 372 1261 32.)

266 1272 385 1300 XXVIII.
397 1272 440 1299 40.
453 1272 494 1299 27.
516 1271 608 1305 †Apud
623 1278 745 1298 Ciceronem
759 1278 814 1297 Idem
828 1278 861 1297 illo
871 1278 962 1297 iustitiae
972 1277 1007 1296 de-

210 1318 279 1337 fensor
289 1318 379 1339 Laeuus,
390 1309 462 1340 Vult,
478 1308 632 1344 lnqu12,plane
649 1309 735 1334 virtus
746 1307 886 1340 honorem;
911 1316 958 1334 nec
969 1312 1010 1334 est

212 1347 319 1373 virtutis
340 1346 394 1373 ulla
414 1346 466 1373 alia
487 1354 602 1378 merces;
625 1354 707 1381 quam
726 1350 814 1372 tamen
830 1344 889 1375 illa,
907 1345 1005 1380 inquit,

210 1384 308 1418 accipit
319 1383 405 1415 facile,
419 1384 504 1418 exigit
516 1392 566 1409 non
579 1383 684 1409 acerbe.
702 1390 728 1409 Et
737 1390 777 1408 auo
787 1391 833 1408 1000
844 1390 899 1408 idem
909 1390 1006 1409 Laeuus:

210 1422 276 1447 lluic
284 1426 311 1447 tu
318 1422 375 1447 viro
382 1419 703 1456 quasdivitiasobiicies‘?
712 1428 781 1454 quae
794 1418 925 1454 imperia?
939 1428 1009 1454 quac

210 1457 309 1494 regna?
318 1458 421 1493 quiista
434 1460 508 1493 putat
520 1457 646 1488 humana,
660 1465 707 1483 sua
720 1457 788 1483 bona
795 1457 887 1483 divina
897 1456 1008 1483 iudicat.
1030 1487 1032 1496 Ι

209 1495 262 1522 Sed
268 1496 446 1532 siautingrati
458 1495 589 1526 universi,
601 1499 647 1522 aut
657 1494 744 1521 invidi
755 1494 848 1525 multi,
861 1498 907 1520 aut
918 1494 1010 1520 inimi-

209 1534 234 1559 ci
246 1537 379 1567 potentes,
401 1533 459 1559 suis
478 1533 604 1559 virtutem
622 1532 750 1567 praemiis
760 1531 889 1566 spoliant:
913 1540 961 1557 nae
976 1531 1010 1558 il-

211 1570 234 1596 la
245 1579 273 1596 se
289 1569 381 1596 multis
396 1570 500 1597 solatiis
520 1569 649 1600 oblectat,
667 1570 840 1604 maximeque
854 1576 903 1594 suo
914 1568 1010 1595 decore

210 1616 238 1633 se
252 1608 310 1641 ipsa
321 1612 461 1634 sustentat.
501 1615 632 1638 (Lactantius
641 1614 692 1634 lust.
703 1614 728 1632 V.
739 1614 762 1632 18
773 1617 792 1632 et
801 1614 844 1636 22.)

264 1646 306 1671 28.
322 1644 340 1678 †
356 1645 489 1675 Hercules,
506 1648 550 1679 qui
566 1646 597 1671 ob
611 1647 729 1670 virtutem
741 1645 900 1670 clarissimus
911 1647 933 1669 et
943 1652 1009 1676 qua-

210 1684 233 1707 si
239 1681 376 1715 Africanus
387 1684 453 1708 inter
463 1684 523 1708 deos
531 1683 648 1708 hibetur.
664 1689 731 1712 (mem
741 1688 792 1708 ibid.
802 1688 838 1707 ub.
848 1689 867 1707 1.
878 1693 896 1706 c.
906 1689 934 1713 9.)

265 1719 308 1745 29.
320 1718 336 1751 †
349 1726 373 1744 1n
386 1727 447 1745 tertio
461 1727 487 1746 de
500 1732 522 1746 re
536 1726 620 1750 publica
632 1726 685 1745 libro
699 1725 773 1744 Cicero
787 1730 852 1749 quum
865 1725 978 1744 Herculem
988 1727 1010 1745 et

211 1763 321 1782 Romulum
339 1768 366 1782 ex
382 1763 502 1783 hominibus
524 1762 576 1782 deos
594 1768 640 1782 esse
657 1763 723 1781 suctos
737 1764 877 1784 asseveraret.
888 1754 1008 1787 Quorum

212 1800 263 1818 non
279 1800 402 1827 corpora,
416 1801 488 1825 iuquit,
500 1797 564 1819 sunt
577 1793 605 1818 in
616 1791 721 1818 caelum
732 1791 812 1824 elata3
836 1800 924 1826 neque
935 1793 1008 1818 enim

212 1833 304 1855 natura
315 1834 457 1864 pateretur,
471 1835 501 1856 ut
512 1829 548 1861 id,
561 1829 634 1865 quod
645 1833 716 1856 esset
726 1837 740 1855 e
752 1833 829 1860 terra,
842 1829 895 1855 nisi
906 1830 1008 1856 interra

213 1871 341 1893 maneret⁴
353 1875 493 1898 (Augustinus
504 1874 527 1894 c.
537 1875 564 1893 1).
575 1874 641 1893 xxn.
651 1874 670 1892 4.
680 1873 740 1892 Tom.
750 1873 776 1892 v.
787 1879 807 1897 p.
819 1873 884 1895 1331.)

267 1904 308 1929 30.
329 1903 348 1936 †
362 1904 517 1938 Numquam
535 1903 586 1930 viri
604 1902 743 1929 fortissimi
760 1901 938 1935 fortitudinis,
957 1904 1009 1929 im-

211 1940 354 1975 pigritatis,
367 1941 510 1975 patientiae
519 1943 607 1974 [ructu
618 1944 767 1967 caruerunt.
816 1947 904 1970 (Nonius
913 1953 934 1966 v.
944 1948 1008 1972 lmpi-

211 1985 276 2008 gritas
289 1990 310 2008 p.
325 1985 367 2003 125.
378 1990 389 2004 e
399 1985 442 2004 Cle.
453 1986 466 2004 l.
476 1985 513 2004 111.
523 1986 549 2004 de
558 1985 619 2009 Περ.)

267 2015 308 2040 3⁴.
330 2014 349 2047 -Χ-
368 2014 426 2040 Nisi
445 2017 510 2048 soree
532 2016 607 2041 stulte
626 2013 722 2050 Pyrrhi
743 2012 845 2040 ridetur
865 2013 973 2050 largitas
993 2023 1007 2041 a

211 2050 331 2082 consule,
344 2056 390 2077 aut
404 2051 567 2078 Samnitium
578 2049 916 2086 copiaeCuriodefuerunt.
938 2059 1006 2081 <luem

213 2101 233 2114 v.
243 2096 340 2119 Largium
349 2101 370 2120 p.
381 2096 424 2115 132.
434 2096 545 2119 indidem.)

268 2126 310 2152 32.
331 2126 350 2159 †
363 2125 448 2152 Cuius
463 2126 543 2152 etiam
560 2124 649 2152 focum
664 2125 728 2152 Cato
743 2124 789 2151 ille
805 2130 907 2157 noster,
921 2135 1007 2162 quum

213 2167 322 2189 venerat
333 2162 366 2189 ad
377 2171 405 2189 se
417 2163 444 2189 in
455 2162 569 2190 Sabinos
577 2184 583 2194 ,
600 2167 629 2189 ut
639 2171 673 2189 ex
684 2163 743 2197 ipso
753 2162 946 2195 audiebamus,
965 2165 1008 2191 vi-

211 2208 269 2226 sere
295 2199 409 2232 solebat;
451 2200 523 2235 apud
547 2208 628 2235 quem
653 2199 698 2226 ille
717 2199 815 2226 sedens
834 2199 1005 2233 Samnitium,

211 2236 349 2271 quondam
365 2236 496 2269 hostium,
514 2242 571 2264 tum
584 2238 637 2264 iam
648 2237 789 2263 clientium
799 2245 923 2270 suorum,
937 2239 1006 2266 dona

211 2273 384 2309 relegaverat.
425 2282 491 2304 (Idem
505 2287 525 2300 v.
535 2282 597 2306 Apud
606 2288 628 2306 p.
637 2283 681 2301 522.
692 2282 803 2304 indidem.)

267 2311 367 2338 XXIX.
390 2312 432 2338 tl.
448 2310 497 2324 ⁰*
511 2311 574 2338 Asia
588 2312 629 2338 Ti.
647 2311 799 2339 Gracchus:
822 2314 1007 2347 perseveravit

212 2348 238 2374 in
253 2348 373 2380 civibus,
387 2348 522 2375 sociorum
533 2349 705 2384 nominisque
717 2350 805 2376 Latini
817 2350 875 2376 iura
887 2349 1007 2386 neglexit

212 2393 241 2411 ac
262 2384 377 2412 foedera.
417 2385 490 2418 Quae
505 2386 530 2412 si
544 2386 712 2413 consuetudo
727 2395 758 2413 ac
774 2387 881 2413 licentia
898 2396 1006 2414 manare

211 2423 327 2456 coeperit
342 2422 434 2454 latius,
452 2424 652 2459 imperiumque
667 2428 788 2450 nostrum
806 2424 839 2450 ad
855 2425 911 2450 vim
922 2434 936 2451 a
948 2426 1006 2451 iure

212 2459 370 2490 traduxerit,
393 2465 431 2490 ut,
452 2461 501 2495 qui
520 2460 609 2487 adhuc
621 2460 755 2487 voluntate
774 2461 851 2487 nobis
864 2461 1005 2494 obediunt,

212 2499 309 2521 terrore
327 2501 479 2524 teneantur:
502 2499 552 2524 etsi
566 2497 657 2529 nobis,
674 2498 723 2532 qui
746 2498 773 2524 id
788 2499 882 2525 aetatis
898 2507 1002 2530 sumus,

211 2531 369 2567 evigilatum
385 2533 438 2560 fere
453 2539 505 2567 est;
539 2539 627 2562 tamen
645 2534 678 2561 de
693 2536 807 2570 posteris
823 2538 921 2562 nostris
935 2541 962 2563 et
971 2536 1005 2563 de

212 2568 258 2595 illa
274 2569 469 2597 immortalitate
485 2572 522 2598 rei
538 2571 663 2607 publicae
677 2571 820 2599 sollicitor:
847 2581 916 2608 quae
927 2578 1006 2608 pote-

211 2610 250 2631 rat
270 2613 328 2669 eksse
348 2612 488 2642 perpetua,
515 2609 538 2635 si
559 2610 653 2644 patriis
673 2610 809 2637 viveretur
829 2609 960 2638 institutis
976 2615 1003 2638 et

211 2651 278 2669 mori
300 2651 341 2669 us.

1026 2666 1028 2671 .
1055 2655 1148 2674 eorum
1161 2648 1214 2673 iam

1007 118 1278 144 CICERONIS

1115 189 1201 214 XXX.
1226 190 1265 214 42.
1285 190 1357 220 Quae
1373 197 1457 223 quum
1476 189 1589 217 dixisset
1602 191 1719 217 Laelius.
1733 192 1782 217 etsi
1794 200 1850 217 om-

1060 235 1120 255 nes,
1143 227 1190 260 qui
1207 226 1328 255 aderant,
1346 227 1533 261 significabant
1549 228 1582 253 alo
1600 238 1630 254 eo
1646 238 1674 254 se
1689 237 1748 254 esse
1760 228 1852 254 admo·

1060 263 1124 288 ‹lum
1137 262 1293 289 delectatosz
1319 268 1404 289 tamen
1418 269 1521 298 praeter
1534 270 1633 291 eeteros
1646 266 1750 299 Scipio.
1773 266 1850 300 quasi

1060 299 1175 334 quodam
1187 300 1287 335 gaudio
1298 300 1392 330 elatus,
1407 301 1663 336 Multaatuquidem,
1678 303 1772 337 inquit.
1788 303 1852 329 Lac-

1061 337 1088 366 li.
1106 346 1185 371 saepe
1200 346 1309 363 caussas
1326 339 1359 364 ita
1376 337 1534 368 defendisti,
1552 344 1579 365 ut
1594 348 1642 374 ego
1659 348 1709 366 non
1723 339 1800 365 ruodo
1815 346 1853 366 te-

1060 383 1121 400 cum
1143 375 1267 400 Servium
1283 374 1395 401 Galliam
1413 375 1542 410 collegam
1560 381 1693 405 nostrum.
1716 386 1795 411 qui-m
1813 383 1851 407 tu,

1060 411 1148 446 quoad
1161 412 1242 441 vixit,
1259 412 1386 438 omnibus
1397 413 1590 447 antefmnebas,
1606 422 1697 439 verum
1711 423 1742 440 ne
1755 415 1854 440 Attico-

1061 458 1119 475 rum
1144 448 1255 484 quidem
1278 454 1412 476 oratorum
1426 458 1591 485 quemquam
1609 454 1793 477 autsuavitate

1220 486 1416 517 (vender-untur
1424 490 1534 520 paqinae
1544 490 1696 519 duodecim.)

1115 525 1156 549 33.
1174 522 1316 556 †—‹luas
1334 523 1387 550 sibi
1404 533 1458 554 res,
1476 525 1622 559 quominus
1639 525 1664 551 in
1683 524 1779 560 vulgus
1791 526 1853 551 etin

1061 560 1116 587 foro
1140 560 1253 590 diceret,
1279 560 1468 588 confidentiam
1493 567 1519 588 et
1544 570 1649 592 vocem,
1676 561 1795 588 defuisse
1818 577 1854 581 —

1061 606 1148 627 (Nonluu
1159 611 1178 623 v.
1190 605 1321 625 confluentia
1331 612 1351 629 p.
1362 607 1405 624 2⁶⁴2.
1417 612 1427 624 t·
1438 606 1480 624 Cle.
1492 607 1504 625 l.
1517 606 1552 624 111.
1563 606 1588 624 de
1600 606 1659 630 Iit-114

1115 636 1156 662 35.
1168 636 1185 669 ἦ
1200 635 1365 662 inclusorum
1382 636 1521 662 hominum
1535 637 1636 671 gemitu
1649 636 1785 672 mugiebat
1797 642 1855 662 tau-

1060 681 1191 702 ruse-brunk
1203 681 1294 699 luvcnnt.
1306 681 1338 699 ed.
1350 680 1441 699 Crnmerl
1453 687 1472 704 p.
1483 681 1536 702 2⁴5.)

1116 710 1215 736 XXXI.
1229 711 1269 737 43.
1284 710 1313 722 '‘
1323 710 1333 721 ’
1349 716 1491 745 reportare.
1533 710 1602 745 Ergo
1617 709 1689 736 illam
1702 719 1756 736 rem
1769 719 1855 745 popu-

1061 747 1093 777 li,
1108 747 1133 773 id
1146 752 1185 773 est
1197 756 1251 773 rem
1264 747 1415 782 publicam,
1429 748 1492 782 quis
1503 747 1603 773 diceret
1613 752 1683 778 tum,
1696 756 1781 782 quum
1793 756 1855 773 cru-

1060 784 1166 811 delitate
1187 786 1268 811 unius
1283 786 1404 820 oppressi
1421 790 1511 811 essent
1530 784 1668 810 universi'.7
1688 793 1774 819 neque
1786 790 1856 811 esset

1061 831 1144 848 unum
1162 822 1300 848 vinculum
1318 823 1397 853 iuris,
1416 830 1464 848 nec
1474 830 1622 848 consensus
1633 830 1663 848 ac
1673 823 1785 848 societas
1796 830 1856 848 coe·

1061 864 1112 889 tus,
1126 858 1198 894 quod
1210 865 1250 885 est
1261 859 1388 894 populus.
1400 874 1437 879 —
1461 859 1547 894 Atque
1560 859 1608 885 hoc
1622 858 1692 885 idem
1704 858 1854 894 Syracusis.

1061 897 1129 923 Urbs
1151 896 1194 922 illa
1220 897 1368 931 praeclara,
1393 905 1475 932 quam
1496 897 1532 922 ait
1551 896 1676 922 Timaeus
1697 904 1855 931 graecarum

1061 935 1220 965 maximam,
1242 935 1364 960 omnium
1380 939 1469 960 autem
1488 942 1546 959 esse
1562 933 1785 968 pulcherrimam,
1809 942 1856 960 arx

1061 970 1186 1001 visenda,
1210 976 1301 1005 portus
1324 980 1409 1006 usque
1431 973 1457 997 in
1473 971 1550 997 sinus
1564 970 1673 1006 oppidis
1688 975 1713 997 et
1731 970 1763 996 ad
1780 971 1856 997 urbis

1059 1008 1212 1043 crepidines
1225 1008 1321 1038 infusi,
1336 1010 1394 1035 viae
1407 1008 1487 1038 latae,
1501 1009 1632 1043 porticus,
1654 1008 1766 1042 templa.
1786 1008 1855 1034 muri

1060 1046 1146 1072 nihilo
1170 1046 1256 1081 magis
1276 1045 1441 1076 efficiebant,
1468 1046 1594 1080 Dionysio
1610 1050 1726 1075 tenente,
1744 1051 1772 1071 ut
1787 1049 1857 1071 esset

1062 1083 1106 1109 illa
1124 1091 1165 1108 res
1178 1082 1300 1117 publica:
1324 1083 1392 1109 nihil
1407 1083 1479 1109 enim
1491 1082 1598 1117 populi,
1615 1087 1641 1108 et
1652 1083 1733 1108 unius
1743 1088 1798 1108 erat
1809 1091 1857 1117 po-

1060 1120 1142 1155 pulus
1155 1120 1222 1154 ipse.
1262 1120 1332 1155 Ergo
1344 1120 1391 1146 ubi
1404 1125 1533 1155 tyrannus
1544 1124 1593 1149 est,
1608 1119 1645 1145 ibi
1657 1128 1708 1146 non
1720 1120 1855 1149 vitiosam,

1061 1163 1090 1184 ut
1106 1157 1162 1183 heri
1179 1156 1316 1188 dicebam,
1330 1157 1387 1187 sed.
1401 1162 1430 1183 ut
1444 1166 1515 1183 nunc
1527 1157 1592 1182 ratio
1603 1157 1687 1192 cogit.
1710 1156 1855 1183 dicendum

1060 1199 1109 1225 est.
1122 1194 1201 1229 plane
1213 1194 1314 1221 nullam
1326 1203 1384 1221 esse
1399 1203 1455 1221 rem
1466 1194 1614 1229 publicam.

1116 1231 1230 1258 XXXII.
1243 1233 1284 1258 44.
1297 1232 1433 1259 Praeclare
1444 1231 1556 1267 quidem
1567 1231 1645 1262 dicis,
1659 1229 1779 1256 Laelius:
1802 1235 1857 1256 ete-

1061 1270 1116 1296 nim
1133 1269 1212 1295 video
1224 1270 1275 1295 iam
1284 1290 1290 1300 ,
1302 1278 1356 1304 quo
1367 1274 1460 1305 pergat
1471 1269 1564 1296 oratio.
1585 1277 1609 1295 s.
1621 1267 1704 1294 Vides
1715 1268 1811 1303 igitur,
1824 1275 1858 1294 ne

1061 1307 1134 1333 illam
1146 1306 1257 1341 quidem
1266 1327 1272 1337 ,
1288 1315 1357 1341 quae
1368 1311 1420 1333 tota
1434 1307 1469 1333 sit
1481 1308 1508 1333 in
1516 1306 1639 1333 factionis
1646 1310 1782 1340 potestate,
1795 1313 1858 1339 pos-

1061 1353 1089 1370 se
1107 1352 1166 1370 vere
1182 1343 1237 1370 dici
1256 1352 1312 1370 rem
1323 1344 1471 1378 publicam.
1511 1353 1535 1370 1..
1566 1343 1610 1370 Sic
1622 1342 1700 1377 plane
1711 1342 1811 1369 iudico.
1832 1350 1855 1368 s.

1061 1382 1093 1408 Et
1112 1381 1262 1407 rectissime
1281 1381 1393 1416 quidem
1410 1381 1528 1407 iudicas:
1559 1388 1629 1416 quae
1646 1380 1719 1406 enim
1735 1379 1786 1406 fuit
1801 1384 1857 1406 tum

1061 1419 1267 1445 Atheniensium
1280 1427 1330 1450 res,
1342 1427 1428 1454 quum
1440 1423 1499 1453 post
1513 1426 1641 1453 magnum
1653 1416 1859 1451 illudPelopon-

1062 1457 1200 1482 nesiacum
1221 1455 1323 1482 bellum
1344 1457 1452 1492 triginta
1472 1456 1524 1482 viri
1545 1455 1585 1482 illi
1601 1455 1662 1482 urbi
1678 1455 1858 1481 iniustissime

1062 1492 1254 1528 praefuerunt?
1277 1502 1341 1519 num
1354 1499 1399 1520 aut
1411 1498 1487 1520 vetus
1497 1492 1582 1529 gloria
1593 1492 1723 1523 civitatis,
1741 1496 1786 1518 aut
1796 1499 1859 1526 spe-

1061 1532 1116 1557 cies
1128 1530 1262 1566 praeclara
1272 1530 1375 1565 oppidi,
1389 1535 1434 1557 aut
1445 1531 1592 1560 theatrum,
1605 1530 1745 1566 gymnasia
1755 1550 1761 1558 .
1775 1529 1858 1564 porti-

1061 1577 1124 1599 cus,
1147 1572 1193 1595 aut
1204 1568 1347 1603 propylaea
1359 1568 1475 1599 nobilia,
1497 1572 1543 1594 aut
1558 1576 1618 1597 arx.
1643 1572 1689 1593 aut
1699 1565 1856 1593 admiranda

1061 1614 1142 1640 opera
1157 1605 1269 1631 Phidiae
1285 1610 1331 1632 aut
1345 1606 1454 1631 Piraeus
1469 1604 1515 1631 ille
1527 1604 1686 1640 magnificus
1697 1612 1753 1630 rem
1764 1602 1858 1638 publi—

1061 1652 1120 1669 cam
1145 1642 1296 1669 efficiebat?
1315 1643 1474 1669 —Minime
1485 1650 1561 1672 vero,
1576 1641 1696 1673 Laelius,
1728 1641 1857 1676 quoniam

1061 1680 1173 1715 quidem
1192 1679 1286 1715 populi
1307 1688 1349 1706 res
1370 1688 1421 1706 non
1437 1684 1503 1705 erat.
1521 1688 1545 1705 s.
1561 1678 1646 1711 Quid,
1663 1687 1748 1713 quum
1763 1678 1857 1704 decem

1062 1718 1113 1743 viri
1126 1718 1223 1743 Romae
1233 1717 1292 1743 sine
1306 1717 1494 1751 provocatione
1506 1715 1623 1746 fuerunt,
1636 1716 1714 1742 tertio
1725 1715 1855 1746 illoanno,

1060 1763 1146 1789 quum
1170 1753 1303 1780 vindicias
1323 1754 1459 1780 amisisset
1478 1754 1536 1788 ima
1561 1751 1688 1779 libertas?
1715 1762 1738 1779 1..
1762 1752 1858 1787 Populi

1061 1791 1134 1817 nulla
1151 1799 1193 1817 res
1208 1795 1275 1823 erat,
1308 1791 1391 1817 immo
1408 1799 1470 1817 vero
1486 1790 1514 1817 id
1529 1790 1648 1826 populus
1662 1790 1731 1826 egit,
1755 1794 1784 1816 ut
1800 1798 1856 1816 rem

1059 1837 1137 1854 suam
1148 1833 1325 1863 recuperaret.

1116 1865 1240 1892 XXXIIl.
1254 1867 1294 1892 45.
1307 1875 1329 1892 s.
1342 1865 1426 1892 Venio
1437 1873 1510 1891 nunc
1519 1864 1552 1891 ad
1564 1865 1672 1891 tertium
1683 1863 1854 1900 genusillud,

1060 1903 1087 1929 in
1103 1911 1158 1938 quo
1177 1911 1236 1929 esse
1248 1902 1415 1929 videbuntur
1427 1902 1536 1929 fortasse
1548 1903 1698 1938 angustiae,
1713 1909 1799 1936 quum
1810 1909 1858 1936 per

1059 1939 1191 1975 populum
1216 1941 1260 1975 agi
1285 1939 1413 1966 dicuntur
1436 1944 1463 1966 et
1487 1947 1546 1966 esse
1567 1939 1595 1966 in
1615 1938 1709 1974 populi
1729 1943 1858 1973 potestate

1059 1978 1162 2009 omnia,
1185 1985 1280 2012 quum,
1293 1977 1325 2003 de
1335 1985 1509 2012 quocumque
1520 1976 1587 2008 vult,
1600 1976 1858 2012 suppliciumsumit

1060 2014 1218 2045 multitudo,
1239 2023 1324 2049 quum
1341 2019 1438 2050 agunt,
1456 2015 1577 2048 rapiunt,
1595 2018 1699 2044 tenent,
1711 2012 1854 2048 dissipant,

1058 2060 1128 2087 quae
1145 2051 1250 2084 volunt,
1273 2056 1383 2087 potesne
1394 2056 1464 2081 tum,
1477 2050 1563 2081 Laeli,
1577 2059 1675 2086 negare
1686 2059 1742 2077 rem
1753 2058 1812 2077 esse
1823 2049 1857 2076 il-

1060 2089 1112 2115 lam
1124 2088 1272 2124 publicam,
1285 2098 1371 2124 quum
1382 2088 1477 2124 populi
1488 2089 1647 2119 sintomnia,
1660 2088 1857 2123 quoniamqui-

1058 2126 1120 2153 dem
1136 2125 1230 2161 populi
1246 2134 1305 2152 esse
1321 2134 1378 2153 rem
1389 2126 1516 2153 volumus
1527 2133 1583 2152 rem
1594 2124 1751 2160 publicam?
1787 2125 1856 2152 Tum

1058 2163 1167 2190 Laelius
1176 2184 1182 2194 ,
1204 2171 1235 2189 ac
1245 2163 1347 2190 nullam
1358 2163 1470 2199 quidem
1485 2163 1567 2189 citius
1578 2165 1727 2198 negaverim
1737 2171 1789 2189 esse
1799 2169 1855 2188 rem

1058 2200 1210 2236 publicam,
1233 2210 1310 2234 quam
1325 2210 1390 2234 quae
1405 2205 1456 2227 tota
1471 2203 1505 2227 sit
1522 2203 1550 2226 in
1564 2202 1736 2226 multitudinis
1743 2203 1856 2232 potestu—

1060 2243 1098 2267 te:
1127 2240 1204 2271 plane
1219 2243 1246 2264 ul
1261 2238 1341 2264 nobis
1352 2246 1404 2264 non
1416 2237 1538 2273 placebat
1548 2236 1691 2273 Syracusis
1703 2236 1787 2263 fuisse
1798 2244 1854 2262 rem

1058 2274 1196 2310 publicam
1212 2283 1300 2310 neque
1314 2275 1456 2311 Agrigenti
1470 2282 1558 2310 neque
1572 2274 1698 2304 Athenis,
1715 2281 1800 2308 quum
1811 2281 1856 2299 es-

1058 2317 1117 2339 sent
1128 2312 1246 2348 tyranni;
1270 2321 1319 2339 nec
1330 2312 1375 2339 hic
1388 2310 1510 2349 [Romae]
1522 2320 1608 2347 quum
1619 2311 1780 2338 decemviri:
1806 2318 1855 2337 nec

1058 2349 1151 2380 video,
1168 2350 1217 2384 qui
1228 2350 1315 2385 magis
1329 2350 1357 2376 in
1368 2349 1552 2376 multitudinis
1563 2348 1701 2375 dominatu
1712 2348 1750 2374 rei
1761 2347 1856 2382 publi-

1057 2395 1103 2413 cae
1115 2395 1212 2413 nomen
1226 2391 1365 2422 appareat:
1388 2387 1452 2422 quia
1463 2387 1583 2421 primum
1595 2385 1661 2412 mihi
1671 2384 1790 2420 populus
1801 2393 1854 2411 non

1057 2429 1110 2454 est,
1128 2428 1158 2451 ut
1171 2429 1199 2450 tu
1210 2426 1310 2459 optime
1321 2423 1456 2455 definisti,
1473 2423 1576 2458 Scipio,
1596 2423 1649 2449 nisi
1659 2423 1708 2457 qui
1718 2430 1852 2448 consensu

1057 2461 1125 2488 iuris
1141 2462 1304 2493 continetur3
1337 2461 1385 2488 sed
1404 2465 1445 2487 est
1458 2466 1511 2487 tam
1527 2465 1656 2496 tyrannus
1672 2460 1721 2486 iste
1735 2467 1854 2485 conven-

1057 2503 1109 2529 tus,
1122 2507 1204 2533 quam
1215 2499 1239 2525 si
1250 2503 1321 2525 esset
1331 2507 1415 2530 unus;
1439 2498 1489 2524 hoc
1499 2497 1700 2527 etiamtaetrior,
1713 2495 1853 2531 quianihil

1057 2536 1120 2566 ista,
1138 2544 1207 2570 quae
1223 2535 1316 2571 populi
1331 2536 1450 2570 speciem
1465 2539 1491 2561 et
1501 2542 1596 2561 nomen
1610 2533 1743 2564 imitatur,
1756 2534 1854 2560 imma-

1057 2573 1119 2599 nius
1134 2572 1224 2599 bellua
1240 2578 1290 2600 est.
1334 2573 1388 2599 Nec
1404 2580 1466 2598 vero
1480 2572 1618 2602 convenit,
1635 2579 1721 2606 quum
1738 2570 1853 2597 furioso-

1057 2618 1116 2636 rum
1133 2609 1201 2636 bona
1217 2609 1324 2646 legibus
1339 2610 1368 2637 in
1383 2613 1540 2645 agnatorum
1551 2613 1681 2644 potestate
1694 2609 1763 2640 sint,
1779 2606 1853 2643 quod

1225 2646 1276 2659 *8⁸
