1941 3052
243 125 305 150 1208

240 195 286 227 gui
301 194 400 219 homini
414 202 462 219 suo
474 198 590 227 tompore
600 192 716 227 optabile
728 198 775 217 est.
814 193 878 217 Nam
893 192 971 217 babet
984 201 1029 217 na-

241 238 310 260 lura,
326 237 352 257 ιιι
364 231 474 256 aliarum
487 231 606 255 omniurn
620 238 718 258 rernm,
732 230 770 255 sic
787 229 895 254 vivendi
909 228 1028 254 niodum.

239 268 366 294 Sem-elus
378 273 465 293 nulvin
478 267 569 292 :ns-tntis
581 271 619 292 cst
632 266 755 300 peractio,
765 270 899 300 tamquam
909 265 1028 291 fabulae:

239 308 317 332 cuius
342 304 555 340 (lc-Iatigationem
582 303 673 339 fugi—re
702 303 846 333 (leboinus,
875 303 1029 338 pracsertim

1057 201 1061 261 Ι

813 121 1296 148 ¹50.M.T.C1(:E110N1.<

1082 192 1204 218 adium-la
1218 193 1346 217 satietate.
1370 207 1405 212 —
1417 192 1484 218 llaec
1497 192 1592 222 habui,
1611 193 1643 219 de
1656 199 1791 220 sonectutc
1806 203 1874 230 quae

1081 230 1208 255 dicerem.
1251 228 1289 254 Aa!
1303 238 1384 264 quam
1398 230 1498 255 utinam
1512 231 1686 264 perveniatis
1711 238 1738 259 ut
1749 241 1792 262 ca,
1806 240 1875 267 quw

1058 267 1061 290 ἶ
1082 276 1114 293 ex
1127 276 1168 292 mc.-
1180 265 1302 296 audistis,
1317 275 1344 293 re
1355 268 1458 302 experti
1470 268 1580 302 probare
1592 269 1709 303 possitis.

979 468 1121 483 u—oeo—

1028 703 1082 729 ⁴40.

766 772 798 800 M.
835 771 1013 800 TULLII
1049 771 1341 801 CICERONIS

596 849 629 896 L
743 849 780 896 A
896 849 929 897 E

1044 849 1076 897 L

1197 850 1209 897 Ι
1328 848 1363 897 U
1479 848 1511 897 S

1006 958 1100 977 Sive

436 1021 538 1059 DE
606 1021 1085 1059 AMICITIA
1155 1022 1183 1059 D

1034 1117 1074 1133 An

1229 1020 1675 1059 lALOGUS

723 1178 753 1204 T.
797 1176 1105 1204 POMPONIUM
1145 1177 1386 1204 ATTICUM.

287 1319 330 1340 AR
338 1319 364 1340 G.
382 1320 453 1343 Quum
472 1318 531 1340 inter
548 1320 574 1340 P.
594 1319 719 1347 Scipionem
739 1320 868 1341 Africanum
888 1323 910 1342 et
928 1320 1028 1341 Laelium

235 1362 336 1376 sumn-imi
348 1361 433 1381 semper
443 1354 562 1375 amicitiam
574 1354 644 1375 fuisse
653 1359 771 1380 eon-taret,
779 1355 884 1376 Ciceroni
893 1356 920 1376 de
930 1355 1028 1376 amicitia

234 1390 343 1417 scripturo
354 1389 447 1410 idoneus
457 1389 519 1410 visun
530 1393 563 1410 est
574 1390 664 1411 Laelius
672 1407 677 1415 ,
694 1397 755 1417 quem
768 1391 883 1412 induceret
892 1391 918 1411 de
929 1390 1028 1411 amicitia

232 1425 380 1451 disputantem
392 1431 438 1445 cum
449 1427 542 1451 utroque
553 1432 631 1450 genero
641 1426 664 1446 C.
672 1425 757 1446 Fannio
768 1429 789 1446 et
799 1427 825 1450 Q.
833 1425 905 1446 Mucio
913 1425 1026 1446 Scaevola.

234 1461 280 1480 Hoc
294 1460 364 1484 igilur
377 1466 489 1483 sermone,
505 1466 567 1486 quem
583 1460 660 1481 Cicero
675 1460 752 1488 paucis
767 1461 845 1481 diebus
859 1464 910 1488 post
926 1460 1027 1481 Africani

232 1498 321 1516 mortem
333 1494 429 1515 habitum
442 1494 521 1519 fingit,
536 1495 626 1516 Laelius
636 1496 711 1520 docet,
723 1495 774 1522 quid
785 1495 816 1516 sit
825 1495 936 1519 amicitia.
947 1495 1028 1522 quibus

231 1531 258 1550 tle
268 1530 354 1551 cau-ais
365 1529 430 1550 amici
440 1529 537 1556 quae-iti
548 1530 601 1554 nint,
612 1534 633 1550 et
644 1530 723 1557 quihus
734 1531 820 1551 caussis
831 1531 930 1551 amicilia
941 1534 1027 1551 contra-

232 1564 307 1585 batur:
322 1564 401 1585 deinde
411 1564 469 1584 inter
479 1572 533 1591 quon
544 1564 643 1585 amicitia
653 1571 702 1585 exse
712 1565 795 1592 possit:
811 1572 866 1591 quae
876 1565 907 1586 sit
916 1565 1028 1586 amicitiae

232 1599 276 1624 Iex,
287 1606 343 1626 quae
353 1599 435 1623 officia,
447 1601 468 1619 et
478 1599 558 1626 quibu·
568 1600 663 1626 «lenique
673 1599 743 1620 modi·
753 1604 859 1627 perpetuo
868 1603 1017 1621 conservetur.

285 1634 385 1661 Scriptun
400 1637 434 1654 ent
448 1637 520 1655 autem
530 1634 566 1655 hic
576 1634 667 1655 libellus
678 1638 729 1661 pout
738 1635 843 1656 Catonern
853 1635 959 1656 Maiorem
970 1642 1027 1655 anno

232 1670 278 1690 fere
289 1676 309 1696 p.
320 1670 346 1690 U.
358 1677 376 1690 c.
387 1672 433 1690 710.

288 1757 308 1782 I.
333 1758 355 1782 l.
378 1750 501 1788 Quintus
512 1756 619 1783 Mucius
635 1765 722 1792 augur
736 1756 820 1784 multa
834 1765 940 1784 narrare
951 1757 985 1784 de
995 1757 1025 1784 C.

233 1792 321 1819 Laelio
336 1802 427 1820 socero
442 1802 491 1820 suo
506 1795 660 1820 memoriter
676 1799 702 1820 et
717 1794 835 1821 iucunde
855 1794 958 1821 solebat
979 1803 1027 1821 nec

232 1830 355 1857 dubitare
372 1830 450 1857 illum
462 1832 489 1857 in
501 1831 574 1858 omni
585 1839 708 1858 sermone
719 1831 855 1866 appellare
865 1832 1025 1866 sapientem.

230 1867 287 1903 Ego
302 1872 390 1894 autem
407 1877 420 1894 a
437 1872 511 1903 patre
526 1869 562 1894 ita
577 1877 649 1894 eram
665 1868 798 1895 deductus
814 1868 847 1895 ad
859 1868 1024 1900 Scaevolam,

231 1909 338 1939 sumpta
350 1904 423 1931 virili
436 1910 504 1940 toga,
513 1905 648 1940 ut,quoad
659 1913 767 1940 possem
778 1910 804 1931 et
815 1905 915 1936 liceret,
928 1914 941 1931 a
954 1907 1026 1932 senis

232 1941 312 1967 latere
337 1950 485 1976 numquam
506 1941 684 1969 discederem.
725 1943 817 1977 Itaque
837 1942 922 1969 multa
942 1943 975 1969 ab
995 1952 1026 1969 eo

230 1978 375 2013 prudenter
385 1978 536 2013 disputata,
554 1979 637 2006 multa
653 1980 733 2006 etiam
744 1979 862 2006 breviter
872 1985 898 2006 et
908 1988 1028 2007 commo-

230 2015 263 2042 de
274 2015 344 2042 dicta
356 2016 500 2042 memoriae
515 2016 676 2043 mandabam
691 2016 803 2052 fierique
814 2017 956 2044 studebam
967 2018 1026 2044 eius

230 2052 373 2087 prudentia
393 2053 504 2079 doctior.
545 2053 603 2085 Quo
623 2058 741 2084 mortuo,
764 2062 807 2080 me
824 2054 858 2080 ad
873 2055 1026 2089 pontificem

230 2090 386 2116 Scaevolam
397 2090 508 2121 contuli,
516 2099 597 2125 quem
609 2099 693 2117 unum
706 2095 809 2117 nostrae
820 2092 937 2118 civitatis
948 2096 973 2119 et
984 2093 1027 2118 in-

229 2128 309 2163 genio
320 2132 345 2154 et
359 2128 461 2154 iustitia
472 2129 735 2162 praestantissimum
747 2128 832 2155 audeo
843 2128 942 2155 dicere.
971 2129 1026 2156 Sed

229 2165 262 2191 de
274 2164 324 2191 hoc
335 2164 415 2191 alias:
428 2173 499 2191 nunc
510 2165 588 2192 redeo
599 2165 632 2191 ad
643 2174 784 2201 augurem.
818 2168 843 2193 2.
865 2165 954 2198 Quum
966 2175 1026 2193 sae-

229 2210 262 2236 pe
274 2201 367 2233 multa,
380 2206 438 2229 tum
449 2203 570 2233 memini,
579 2202 652 2229 domi
664 2203 691 2229 in
703 2203 864 2239 hemicyclio
875 2203 1022 2235 sedentem,

229 2243 259 2265 ut
269 2239 380 2270 solebat,
393 2248 478 2274 quum
490 2244 515 2266 et
526 2248 575 2275 ego
585 2248 673 2266 essem
684 2249 737 2266 una
748 2245 774 2267 et
786 2241 866 2275 pauci
878 2240 1024 2268 admodum

229 2275 384 2307 familiares,
398 2278 426 2303 in
437 2285 499 2303 eum
511 2285 661 2304 sermonem
673 2277 751 2304 illum
762 2277 892 2309 incidere,
908 2279 1024 2313 quitum

228 2312 283 2339 sere
297 2314 424 2340 omnibus
440 2318 496 2340 erat
509 2315 536 2341 in
552 2323 605 2341 ore.
645 2315 792 2341 Meministi
807 2316 880 2341 enim
895 2315 1022 2350 profecto,

230 2350 323 2382 Attice,
337 2356 362 2377 et
371 2359 402 2378 eo
413 2351 510 2386 magis,
523 2351 595 2386 quod
604 2352 634 2378 P.
642 2351 764 2387 Sulpicio
774 2352 884 2379 utebare
896 2352 1022 2384 multum,

228 2394 313 2422 quum
339 2388 362 2414 is
378 2388 503 2415 tribunus
518 2388 607 2423 plebis
621 2389 730 2424 capitali
743 2389 805 2416 odio
816 2398 831 2415 a
841 2389 873 2422 Q.
886 2390 1021 2425 Pompeio,

228 2425 275 2458 qui
286 2429 343 2451 tum
355 2430 410 2452 erat
420 2425 524 2458 consul,
537 2425 689 2457 dissideret,
705 2435 822 2461 quocum
833 2427 1024 2454 coniunctissi-

228 2469 271 2486 me
281 2466 306 2488 et
316 2463 499 2489 amantissime
510 2463 623 2494 vixerat,
641 2468 741 2498 quanta
747 2463 888 2490 hominum
899 2470 970 2491 esset
980 2465 1023 2491 vel

229 2497 368 2525 admiratio
380 2499 422 2525 vel
436 2500 555 2535 querela.
578 2502 604 2527 3.
615 2501 706 2536 ltaque
717 2505 774 2527 tum
786 2501 924 2532 Scaevola,
937 2511 1022 2537 quum

228 2534 257 2560 in
272 2542 330 2561 eam
347 2537 434 2570 ipsam
450 2538 613 2564 mentionem
628 2537 781 2569 incidisset,
803 2540 929 2573 exposuit
944 2539 1023 2566 nobis

228 2579 378 2598 sermonem
394 2573 478 2600 Laelii
492 2574 524 2600 de
536 2575 667 2606 amicitia,
686 2574 809 2602 habitum
824 2576 857 2602 ab
873 2576 919 2602 illo
930 2585 1022 2603 secum

229 2612 325 2634 etcum
337 2608 417 2636 altero
428 2619 526 2645 genero
537 2612 566 2638 C.
579 2612 694 2645 Fannio,
712 2613 748 2639 M.
760 2612 802 2643 F„
819 2614 913 2647 paucis
924 2613 1022 2640 diebus

229 2650 287 2679 post
303 2650 415 2673 mortem
425 2646 553 2676 Africani.
593 2649 659 2676 Eius
674 2649 865 2685 disputationis
875 2652 1022 2678 sententias

1080 1323 1224 1349 memoriae
1236 1323 1376 1357 mandavij.
1393 1331 1460 1358 quas
1476 1322 1526 1349 hoc
1541 1321 1610 1349 libro
1620 1322 1734 1357 exposui
1746 1321 1874 1348 arbitratu

1080 1368 1152 1386 meo:
1172 1361 1251 1395 quasi
1267 1362 1339 1387 enim
1355 1362 1427 1395 ipsos
1439 1360 1536 1387 induxi
1551 1359 1703 1394 loquentes,
1722 1367 1754 1385 ne
1771 1361 1875 1393 inquam

1079 1402 1105 1423 et
1118 1400 1201 1430 inquit
1212 1399 1321 1433 saepius
1332 1399 1558 1432 interponeretur,
1575 1402 1654 1432 atque
1670 1401 1700 1423 ut
1712 1401 1849 1432 tamquam
1860 1404 1875 1422 a

1079 1435 1267 1469 praesentibus
1278 1444 1366 1462 coram
1379 1435 1471 1461 haberi
1482 1443 1570 1461 sermo
1581 1434 1727 1460 videretur.
1747 1435 1772 1460 4.
1784 1433 1875 1465 Quum

1079 1472 1152 1498 enim
1167 1481 1247 1507 saepe
1263 1481 1368 1499 mecum
1385 1481 1492 1508 ageres,
1514 1477 1545 1498 ut
1557 1471 1590 1498 de
1601 1472 1718 1498 amicitia
1729 1470 1875 1497 scriberem

1079 1509 1197 1544 aliquid,
1219 1509 1301 1545 digna
1317 1509 1386 1536 mibi
1401 1518 1443 1536 res
1463 1517 1549 1545 quum
1569 1509 1691 1535 omnium
1710 1508 1873 1544 cognitione,

1080 1551 1136 1573 tum
1148 1551 1236 1573 nostra
1252 1547 1431 1573 familiaritate
1443 1547 1501 1573 visa
1512 1551 1562 1573 est.
1602 1546 1694 1581 Itaque
1705 1545 1757 1572 feci
1768 1554 1820 1572 non
1833 1546 1875 1571 in-

1079 1584 1161 1615 vitus,
1174 1589 1204 1610 ut
1214 1584 1370 1619 prodessem
1382 1583 1475 1611 multis
1487 1588 1580 1619 rogatu
1592 1588 1646 1610 tuo.
1670 1582 1733 1614 Sed,
1746 1583 1811 1610 utin
1825 1582 1875 1609 Ca-

1079 1626 1135 1647 tone
1146 1622 1258 1653 Maiore,
1273 1623 1321 1657 qui
1332 1627 1373 1648 est
1383 1622 1500 1656 scriptus
1511 1621 1544 1647 ad
1555 1626 1579 1647 te
1589 1620 1623 1647 de
1634 1625 1770 1647 senectute
1778 1641 1784 1651 ,
1797 1619 1875 1646 Cato-

1079 1667 1140 1684 nem
1153 1658 1249 1685 induxi
1261 1667 1353 1685 senem
1364 1658 1557 1693 disputantem,
1570 1658 1634 1693 quia
1647 1657 1720 1684 nulla
1731 1656 1875 1683 videbatur

1079 1696 1165 1729 aptior
1175 1704 1302 1730 persona,
1319 1704 1389 1731 quae
1405 1696 1438 1722 de
1452 1695 1497 1721 illa
1512 1700 1595 1721 aetate
1608 1694 1774 1729 loqueretur,
1791 1702 1874 1729 quam

1078 1733 1151 1763 eius,
1164 1734 1212 1767 qui
1226 1738 1252 1759 et
1261 1733 1415 1759 diutissime
1427 1741 1510 1758 senex
1521 1731 1630 1762 fuisset,
1647 1736 1674 1758 et
1687 1732 1713 1758 in
1726 1732 1784 1766 ipsa
1795 1739 1874 1757 sene-

1077 1774 1148 1796 ctute
1163 1774 1267 1804 praeter
1276 1775 1377 1796 ceteros
1388 1769 1534 1796 floruisset:
1557 1770 1610 1799 sic,
1627 1777 1713 1803 quum
1724 1768 1875 1803 accepisse-

1079 1814 1140 1832 mus
1151 1815 1165 1832 a
1176 1807 1312 1841 patribus,
1327 1807 1444 1833 maxime
1454 1805 1658 1833 memorabilem
1669 1805 1698 1832 C.
1712 1805 1796 1832 Laelii
1806 1810 1832 1832 et
1843 1805 1872 1832 P.

1078 1843 1214 1878 Scipionis
1235 1844 1444 1870 familiaritatem
1465 1843 1563 1874 fuisse,
1586 1843 1681 1869 idonea
1702 1842 1770 1868 mihi
1790 1841 1873 1869 Laelii

1078 1889 1191 1915 persona
1207 1882 1265 1908 visa
1280 1886 1334 1912 est,
1351 1889 1420 1916 quae
1434 1881 1467 1907 de
1479 1881 1597 1907 amicitia
1608 1888 1639 1906 ea
1650 1880 1708 1914 ipsa
1719 1880 1871 1911 dissereret,

1078 1927 1147 1953 quae
1163 1918 1299 1953 disputata
1317 1918 1351 1945 ab
1366 1927 1397 1945 eo
1418 1918 1587 1944 meminisset
1601 1916 1739 1944 Scaevola.
1780 1917 1873 1944 Genus

1078 1960 1167 1981 autem
1179 1955 1229 1982 hoc
1240 1964 1405 1986 sermonum,
1423 1956 1542 1990 positum
1555 1956 1584 1981 in
1598 1954 1740 1981 hominum
1751 1958 1873 1981 veterum

1077 1993 1232 2020 auctoritate
1244 1998 1372 2019 eteorum
1383 1992 1541 2023 illustrium,
1554 1991 1616 2027 plus
1627 1992 1718 2018 nescio
1731 1999 1786 2026 quo
1796 1996 1873 2026 pacto

1078 2029 1185 2056 videtur
1197 2030 1294 2056 habere
1305 2030 1455 2066 gravitatis.
1486 2030 1578 2065 Itaque
1589 2030 1648 2064 ipse
1659 2037 1718 2055 mea
1730 2028 1822 2064 legens
1833 2029 1873 2055 sic

1077 2066 1180 2094 allicior
1193 2067 1344 2098 interdum,
1362 2071 1391 2093 ut
1405 2067 1544 2098 Catonem,
1561 2075 1614 2093 non
1630 2074 1672 2092 me
1688 2065 1762 2101 loqui
1777 2066 1873 2092 existi-

1077 2113 1158 2130 mem.
1198 2106 1223 2131 5.
1246 2104 1299 2131 Sed
1307 2125 1313 2136 ,
1330 2109 1360 2131 ut
1371 2110 1428 2132 tum
1439 2104 1473 2130 ad
1483 2112 1576 2130 senem
1587 2112 1671 2130 senex
1681 2103 1714 2129 de
1725 2107 1871 2134 senectute,

1076 2143 1115 2168 sic
1127 2141 1176 2168 hoc
1188 2141 1256 2169 libro
1266 2141 1300 2168 ad
1311 2143 1429 2168 amicum
1440 2141 1623 2168 amicissimus
1633 2140 1666 2167 de
1677 2140 1795 2167 amicitia
1805 2141 1873 2166 scri-

1076 2179 1129 2213 psi.
1167 2179 1236 2206 Tum
1247 2184 1287 2206 est
1297 2179 1360 2206 Cato
1373 2179 1487 2209 locutus,
1500 2187 1554 2213 quo
1563 2182 1619 2205 erat
1629 2186 1708 2205 nemo
1718 2177 1773 2204 fere
1783 2178 1873 2204 senior

1076 2216 1244 2250 temporibus
1259 2216 1328 2247 illis,
1346 2225 1424 2243 nemo
1440 2215 1610 2250 prudentior:
1626 2224 1698 2242 nunc
1708 2215 1829 2245 Laelius,
1846 2218 1872 2240 et

1075 2254 1193 2288 sapiens,
1209 2254 1258 2288 (sic
1268 2255 1340 2280 enim
1351 2259 1392 2280 est
1403 2253 1534 2288 babitus,)
1549 2258 1574 2279 et
1584 2253 1718 2279 amicitiae
1728 2252 1812 2288 gloria
1823 2260 1870 2278 ex-

1075 2290 1184 2321 cellens,
1198 2291 1231 2317 de
1242 2292 1360 2317 amicitia
1372 2290 1501 2325 loquitur.
1527 2290 1567 2316 Tu
1577 2289 1660 2316 velim
1671 2290 1793 2316 animum
1803 2297 1818 2314 a
1827 2297 1870 2314 me

1075 2336 1220 2363 parumper
1240 2333 1357 2359 avertas,
1380 2327 1502 2354 Laelium
1522 2327 1598 2362 loqui
1617 2327 1709 2362 ipsum
1725 2331 1813 2361 putes.
1839 2325 1868 2352 C.

1075 2365 1194 2392 Fannius
1209 2370 1235 2392 et
1249 2365 1281 2397 Q.
1298 2366 1405 2392 Mucius
1421 2364 1455 2391 ad
1469 2373 1592 2391 socerum
1606 2364 1719 2390 veniunt
1729 2368 1789 2398 post
1799 2371 1871 2389 mor-

1075 2407 1127 2428 tem
1138 2402 1272 2429 Africani:
1289 2403 1323 2429 ab
1335 2403 1378 2429 his
1387 2410 1476 2429 sermo
1485 2402 1582 2433 oritur,
1597 2400 1741 2436 respondet
1750 2399 1867 2429 Laelius,

1074 2440 1153 2465 cuius
1164 2445 1215 2466 tota
1227 2440 1374 2475 disputatio
1384 2445 1425 2466 est
1435 2438 1468 2465 de
1482 2439 1614 2469 amicitia,
1635 2446 1717 2473 quam
1733 2436 1824 2472 legens
1840 2441 1869 2463 tu

1075 2481 1099 2503 te
1111 2477 1168 2511 ipse
1181 2485 1337 2513 cognosces.

1129 2540 1161 2566 II.
1184 2541 1209 2566 6.
1231 2540 1375 2566 ΕΔΜ-ωε.
1396 2538 1465 2565 Sunt
1474 2539 1538 2568 ista,
1552 2536 1639 2564 Laeli!
1661 2536 1716 2562 Nec
1726 2535 1799 2562 enim
1811 2543 1869 2561 me-

1074 2576 1124 2603 lior
1134 2577 1176 2603 vir
1187 2576 1238 2603 fuit
1248 2576 1373 2603 Africano
1383 2577 1530 2611 quisquam
1541 2582 1589 2600 nec
1599 2573 1704 2600 clarior.
1745 2572 1798 2599 Sed
1809 2572 1868 2599 exi-

1073 2615 1181 2640 stimare
1196 2614 1279 2640 debes
1293 2614 1415 2640 omnium
1429 2611 1522 2639 oculos
1536 2620 1607 2638 nunc
1623 2611 1651 2637 in
1666 2615 1691 2637 te
1707 2618 1766 2636 esse
1777 2610 1868 2636 conie—

1072 2655 1141 2685 ctos3
1164 2660 1250 2678 unum
1266 2655 1290 2678 te
1306 2651 1455 2685 sapientem
1469 2654 1496 2676 et
1510 2647 1646 2684 appellant
1660 2652 1686 2675 et
1700 2648 1866 2674 existimant.
