1941 3052
797 158 838 183 ⁴27.
874 157 908 183 M.

224 162 272 184 :itm

222 230 279 256 auri
291 234 369 264 ntqm·
381 229 479 262 argenti
488 228 780 263 pulvhorrinmrnmqus·
787 236 874 253 rerum
881 228 1011 257 omnium.
1032 226 1036 254 l

222 275 289 302 quas
303 271 328 292 et
342 275 355 291 a
370 265 514 292 maioribus
529 269 671 298 nri-eperat,
687 269 712 290 et
727 265 783 298 ipsc
798 264 868 290 bello
877 265 1012 298 superiore
1033 258 1035 311 ἰ

222 313 255 330 ex
274 309 325 329 tota
345 304 404 329 Asin
423 303 538 336 ‹lin-ptus
559 302 583 327 in
602 310 682 327 suum
702 310 813 335 regnum
832 305 1010 335 congesserat.
1034 315 1035 318 =

222 341 249 367 in
265 341 345 367 Ponto
358 348 462 366 ornnem
479 338 594 373 reliquit.
625 339 692 364 llaec
705 338 769 364 dum
786 339 866 364 nostri
881 337 1014 372 colligunt
1033 335 1035 364 !

221 379 309 404 omnin
328 377 497 410 diligentins,
519 384 563 401 rex
583 376 638 410 ipse
657 384 670 401 e
690 375 815 401 manibus
833 375 934 409 effugit.
976 376 1012 401 lta
1033 384 1035 405 ,2

223 415 298 441 11111111
315 415 340 440 111
355 412 531 448 persequendi
547 412 636 438 studio
650 421 764 443 maeror.
788 412 835 438 bos
855 412 953 438 laetitia
972 420 1013 438 re-

223 451 343 477 tardavit.
385 453 424 476 23.
448 450 521 476 llunc
542 450 567 475 in
587 449 632 475 illo
651 450 744 475 timore
757 454 783 475 et
797 449 858 485 luga
873 450 1010 485 Tigranes.

223 497 267 514 rcx
290 488 444 517 Armenius,
469 487 585 521 excepit.
611 486 832 522 diffidentemque
854 487 934 513 rebus
956 487 1013 513 suis

221 525 397 554 confirmavit.
414 528 438 550 ct
452 523 578 550 afflictum
593 524 689 554 crexit.
709 524 898 559 perditumque
912 532 1013 550 recrea-

222 563 268 588 vit.
309 561 392 588 Cuius
407 561 432 587 in
448 569 474 587 rc
496 569 559 587 num
574 565 746 596 posteaquam
762 562 790 588 1,.
807 561 936 588 Lucullus
951 570 1011 587 cum
1033 583 1035 587 ,

221 599 336 625 exercitu
353 599 437 629 venit.
459 570 549 633 plures
567 599 645 625 etiam
660 603 752 635 gentes
766 603 855 626 contra
871 600 1013 634 imperato-

221 644 274 663 rem
295 640 413 662 nostrum
432 635 576 662 concitatae
593 640 665 662 sunt.
706 636 768 663 Erat
785 637 855 663 enim
871 641 958 663 metus
972 636 1013 662 in-

221 674 304 700 iectus
318 673 351 699 iis
367 673 527 704 nationibus,
543 682 610 709 quas
625 682 772 709 numquam
787 674 903 709 populus
918 674 1014 700 Roma-

221 719 271 737 nus
286 719 372 745 neque
387 710 553 737 lacessendas
568 710 650 742 bello.
675 720 761 746 neque
780 711 917 738 tentandas
936 716 1014 746 puta—

221 748 267 774 vit.
308 748 369 774 Erat
387 748 464 774 etiam
484 747 534 774 alia
552 749 641 784 gravis
660 753 739 784 atque
754 749 898 775 vehemens
911 749 1010 783 opini0.

219 793 288 820 quae
306 785 409 812 animos
430 786 550 821 gentium
574 785 745 812 barbararum
769 791 932 821 pervaserat.
959 785 1011 812 sani

222 821 423 857 locupletissimi
443 827 468 849 ct
487 823 682 859 religiosissimi
701 823 844 858 diripiendi
868 832 961 850 caussa
986 824 1012 849 in

219 868 264 887 eas
277 868 335 887 oras
350 865 469 887 nostrum
484 861 628 887 exercitum
643 869 702 887 esse
720 861 875 887 adductum.
916 862 951 887 lta
966 869 1014 887 na-

220 898 304 924 tiones
323 897 421 924 multae
439 902 518 933 atque
537 906 648 933 magnae
663 907 730 925 novo
743 899 859 934 quodam
874 903 970 925 terrore
984 906 1014 924 ac

220 939 292 961 metu
314 935 522 962 concitabantur.
564 936 657 962 Noster
678 940 766 963 autem
789 936 935 967 exercitus.
963 936 1012 962 etsi
1034 944 1035 947 ¹

220 972 313 998 urbem
324 980 357 999 ex
367 973 488 1008 Tigranis
499 981 579 1008 regno
589 977 701 1008 ceperat.
718 978 743 999 et
757 973 864 1008 praeliis
879 982 944 1000 usus
958 977 1013 999 erat
1034 995 1035 1002 .

219 1009 358 1040 secundis.
380 1013 466 1036 tamen
485 1011 566 1036 nimia
586 1009 777 1046 longinquitate
793 1010 909 1037 locorum
924 1019 952 1037 ac
966 1011 1013 1036 deh

219 1046 317 1073 siderio
334 1055 444 1074 suorum
462 1048 687 1074 commovebatur.
728 1049 769 1074 24.
792 1048 838 1074 llic
861 1049 912 1074 iam
936 1047 1012 1083 plura
1033 1058 1035 1085 !

209 1083 271 1111 'non
286 1083 383 1111 dicam.
424 1084 483 1111 Fuit
498 1085 568 1111 enim
584 1084 650 1111 illud
666 1090 823 1117 extremum,
840 1090 869 1112 ut
879 1094 912 1112 ex
927 1085 959 1112 iis
975 1085 1014 1111 lo·
1033 1092 1035 1105 ¹

218 1122 257 1147 cis
271 1130 285 1148 a
299 1121 431 1148 militibus
447 1122 543 1149 nostris
558 1122 658 1148 reditus
673 1123 758 1157 magis
773 1127 907 1154 maturus.
930 1131 1012 1158 quam

218 1159 353 1194 processio
368 1158 469 1195 longior
482 1164 662 1194 quaereretur.
704 1160 870 1187 Mithridates
884 1164 973 1186 autem
987 1164 1013 1186 et

218 1204 295 1223 suam
310 1205 418 1223 manum
434 1197 484 1223 iam
499 1197 678 1228 confirmarat,
699 1202 724 1224 et
741 1206 846 1229 eorum.
867 1198 914 1233 qui
933 1206 961 1224 se
980 1206 1013 1223 ex

218 1233 277 1260 eius
295 1242 376 1269 regno
393 1233 566 1269 collegerant,
586 1239 611 1261 et
629 1235 733 1271 magnis
747 1234 900 1261 adventitiis
915 1234 1014 1261 multo-

219 1279 279 1298 rum
298 1280 393 1307 regum
412 1276 437 1298 et
452 1272 588 1298 nationum
602 1272 686 1306 copiis
700 1272 852 1299 iuvabatur.
892 1273 945 1299 Hoc
959 1272 1011 1298 iam

219 1307 272 1335 sere
286 1309 325 1335 sic
339 1308 395 1335 fieri
409 1308 493 1336 solere
507 1310 667 1344 accepimuS.
685 1314 714 1336 ut
727 1318 821 1345 regum
835 1308 945 1336 afflictae
959 1309 1014 1336 sor-

218 1350 297 1372 tunae
320 1345 396 1372 facile
420 1346 564 1373 multorum
588 1355 651 1382 opes
675 1346 792 1374 alliciant
811 1346 844 1373 ad
862 1347 1013 1374 misericor—

217 1382 298 1414 diam,
316 1384 485 1419 maximeque
498 1392 598 1415 eorum.
615 1385 662 1419 qui
676 1389 722 1411 aut
734 1392 810 1420 reges
824 1389 896 1416 sunt,
913 1389 958 1411 aut
971 1385 1013 1411 vi-

218 1424 285 1447 vunt
302 1420 329 1447 in
348 1429 441 1457 regno,
467 1421 538 1456 quod
556 1421 643 1458 regale
662 1422 694 1449 iis
717 1430 813 1448 nomen
837 1430 965 1458 magnum
987 1426 1013 1448 et

217 1462 339 1484 sanctum
363 1466 422 1485 esse
446 1458 576 1485 videatur.
616 1461 658 1486 25.
681 1460 771 1494 Itaque
795 1464 898 1486 tantum
925 1460 1012 1486 victus

217 1494 321 1522 efficere
335 1496 428 1530 potuit,
444 1500 576 1531 quantum
591 1496 733 1523 incolumis
748 1505 896 1532 numquam
911 1501 950 1523 est
964 1505 1012 1523 au-

217 1541 264 1559 sus
285 1537 384 1568 optare.
425 1534 492 1560 Nam
515 1542 600 1569 quum
622 1542 651 1561 se
675 1534 702 1561 in
728 1542 841 1570 regnum
868 1535 1013 1569 recepisset

216 1578 311 1601 suum.
332 1578 383 1597 non
398 1569 449 1597 fuit
462 1579 493 1597 eo
506 1575 659 1602 contentus.
681 1571 754 1607 quod
772 1572 796 1598 ei
815 1576 918 1607 praeter
935 1580 1011 1607 spem

216 1607 358 1639 acciderat.
379 1612 408 1634 ut
421 1607 508 1640 illam.
528 1613 701 1644 posteaquam
716 1608 812 1644 pulsus
827 1614 894 1640 erat.
915 1613 1011 1636 terram

217 1653 346 1680 umquam
360 1645 512 1681 attingeret,
533 1645 622 1672 sedin
636 1647 782 1673 exercitum
802 1651 935 1678 vestrum.
957 1646 1012 1673 cla-

217 1691 277 1709 rum
291 1687 370 1717 atque
383 1683 520 1714 victorem,
536 1683 667 1718 impetum
682 1683 753 1710 fecit.
780 1683 865 1710 Sinite
879 1683 929 1710 1100
943 1683 1009 1715 loco,

216 1719 346 1752 Quirites,
368 1719 449 1755 (sicut
464 1725 555 1755 poetae
568 1720 667 1752 solent,
683 1721 730 1756 qui
744 1729 786 1747 res
800 1721 931 1748 Romanas
946 1721 1012 1747 scri-

217 1756 305 1792 bunt.)
316 1757 457 1791 praeterire
471 1766 513 1784 me
527 1762 643 1784 nostram
657 1758 842 1790 calamitatem,
858 1767 927 1793 quae
941 1763 1012 1785 tanta

217 1793 280 1825 suit.
297 1798 327 1820 ut
339 1802 397 1820 eam
411 1794 444 1820 ad
458 1803 535 1821 aures
550 1795 579 1821 L.
595 1795 701 1822 Luculli
715 1804 768 1822 non
781 1804 815 1822 ex
829 1795 928 1831 praelio
943 1804 1012 1822 nun-

216 1831 279 1863 tius.
295 1831 344 1858 sed
356 1840 390 1858 ex
402 1839 524 1858 sermone
537 1841 628 1859 rumor
641 1832 752 1859 afferret.
792 1834 834 1860 26.
850 1833 898 1859 llic
911 1833 938 1860 in
952 1833 1012 1868 ipso
1032 1845 1034 1862 r

217 1868 263 1895 illo
276 1868 346 1895 malo
358 1869 571 1905 gravissimaque
584 1869 649 1896 belli
666 1869 809 1897 offensione
823 1871 853 1897 L.
868 1871 1009 1902 Lucullus,

216 1906 263 1941 qui
277 1910 365 1933 tamen
379 1906 468 1941 aliqua
482 1915 515 1933 ex
529 1911 603 1942 parte
616 1907 649 1933 iis
660 1907 837 1934 incommodis
847 1907 947 1934 mederi
958 1907 1012 1934 sor-

217 1947 287 1970 tasse
305 1943 449 1978 potuisset,
470 1948 557 1971 vestro
574 1945 651 1970 iussu
670 1949 789 1976 coactus,
814 1945 887 1980 quod
905 1946 1010 1980 imperii

216 1980 384 2007 diuturnitati
398 1980 508 2008 modum
523 1981 694 2008 statuendum
710 1986 798 2009 vetere
816 1982 940 2017 exemplo
959 1991 1011 2018 pu-

217 2018 331 2049 tavistis,
347 2022 448 2053 partem
463 2018 589 2050 militum,
605 2019 652 2054 qui
667 2020 719 2046 iam
731 2019 873 2054 stipendiis
882 2019 1010 2047 conlectis

216 2059 302 2086 erant,
330 2055 447 2086 dimisit.
475 2060 577 2091 partem
604 2055 742 2083 Glabrioni
769 2057 886 2084 tradidit.
926 2057 1010 2084 Multa

216 2097 350 2127 praetereo
363 2092 499 2124 consulto.
522 2093 569 2120 sed
587 2102 616 2120 ea
631 2102 678 2120 vos
691 2094 842 2121 coniectura
856 2095 1007 2129 perspicite.

215 2134 346 2165 quantum
359 2129 428 2156 illud
442 2129 544 2157 bellum
558 2130 657 2157 factum
671 2132 785 2166 putetis,
807 2131 880 2167 quod
898 2133 1010 2159 coniun-

215 2171 279 2203 gant
297 2175 372 2203 reges
390 2168 582 2202 potentissimi,
603 2173 730 2195 renovent
749 2169 860 2205 agitatae
878 2169 1007 2200 nationes,

215 2204 364 2239 suscipiant
380 2205 498 2241 integrae
519 2210 624 2241 gentes,
650 2214 736 2233 novus
758 2207 901 2241 imperator
923 2211 1010 2233 vester

215 2242 340 2276 accipiat,
360 2246 448 2268 vetere
467 2241 546 2277 pulso
563 2243 696 2270 exercitu!
736 2243 771 2270 X.
793 2245 835 2270 27.
858 2244 928 2271 Satis
942 2244 1010 2271 mibi

216 2278 299 2306 multa
317 2279 398 2306 verba
416 2279 511 2306 fecisse
529 2280 631 2312 videor,
652 2289 734 2316 quare
753 2281 802 2308 boc
819 2280 922 2308 bellum
940 2286 1011 2308 esset

215 2325 311 2352 genere
324 2317 384 2351 ipso
398 2318 591 2349 necessarium.
613 2318 797 2354 magnitudine
811 2318 1008 2354 periculosum:

216 2358 307 2385 restat,
330 2359 360 2381 ut
376 2353 409 2380 de
427 2355 585 2389 imperatore
602 2355 635 2382 ad
654 2355 681 2382 id
699 2355 802 2382 bellum
820 2355 963 2392 deligendo
980 2365 1010 2383 ac

216 2391 294 2417 tantis
310 2391 389 2418 rebus
404 2392 579 2426 praeficiendo
593 2392 736 2419 dicendum
750 2401 809 2420 esse
823 2393 954 2420 videatur.

271 2428 385 2460 Utinam,
398 2429 523 2461 Quirites,
537 2430 656 2456 virorum
667 2429 774 2457 fortium
789 2435 869 2466 atque
883 2431 1011 2458 innocen-

217 2464 282 2490 tium
297 2466 400 2499 copiam
415 2471 513 2493 tantam
528 2467 674 2498 haberetis,
695 2472 724 2494 ut
738 2468 802 2494 baec
816 2468 893 2494 vobis
907 2468 1010 2495 delibe-

217 2501 281 2527 ratio
295 2502 412 2529 difficilis
425 2508 508 2534 esset,
529 2513 673 2539 quemnam
687 2505 859 2539 potissimum
874 2505 954 2532 tantis
967 2514 1010 2531 re-

217 2538 268 2564 bus
281 2547 310 2565 ac
324 2543 395 2566 tanto
404 2540 474 2567 bello
484 2541 692 2575 praeficiendum
703 2543 846 2577 putaretis!
861 2543 938 2569 Nunc
947 2551 1010 2569 vero

216 2583 302 2609 quum
319 2576 355 2602 sit
373 2585 442 2603 unus
457 2577 504 2604 Cn.
519 2578 674 2613 Pompeius.
697 2580 745 2614 qui
759 2588 811 2606 non
825 2579 904 2606 modo
916 2588 1010 2606 eorum

217 2612 365 2654 bominum.
381 2614 428 2647 qui
440 2623 510 2641 nunc
520 2621 592 2646 sunt.
608 2616 729 2652 gloriam,
746 2616 793 2643 sed
803 2617 882 2643 etiam
893 2617 1011 2652 antiqui—

217 2653 277 2675 taus
291 2650 445 2676 memoriam
460 2651 556 2678 virtute
569 2653 713 2687 superarit:
739 2662 807 2688 quae
821 2662 863 2680 res
877 2659 925 2685 est.
941 2662 1010 2689 quae
1031 2670 1033 2682 l

215 2686 376 2721 cuiusquam
391 2687 509 2715 animum
524 2689 551 2715 in
565 2689 613 2716 hac
623 2699 717 2717 caussa
728 2690 842 2718 dubium
854 2691 938 2718 faeere
948 2699 1011 2726 pos-

1038 2682 1040 2694 l

943 157 972 183 Τ.
1007 156 1281 183 (IlCEllONlS

1065 226 1117 253 sit?
1136 229 1178 253 28.
1194 227 1249 262 Ego
1262 227 1333 253 enim
1347 227 1386 253 sic
1395 228 1528 259 existimo.
1545 229 1572 255 in
1583 237 1690 255 summo
1700 230 1857 264 imper-aton·

1064 269 1189 298 quattuor
1204 264 1250 290 bas
1265 273 1306 290 res
1321 265 1408 290 inesse
1421 270 1552 300 oportere.
1574 267 1710 293 scientiam
1730 268 1766 293 rei
1785 267 1858 294 mili-

1065 302 1137 331 taris,
1155 302 1289 331 virtutem.
1307 302 1498 333 auctoritatem.
1515 302 1676 329 felicitatem.
1698 304 1764 336 Quis
1775 304 1857 340 igitur

1065 338 1113 364 boc
1133 338 1239 364 bomine
1257 339 1381 365 scientior
1398 347 1526 374 umquam
1547 345 1593 366 aut
1612 340 1661 367 luit
1678 346 1724 367 aut
1737 349 1797 367 esse
1810 341 1858 368 de-

1065 374 1140 401 buit?
1152 376 1199 410 qui
1214 385 1227 401 e
1243 375 1305 402 ludo
1318 381 1397 411 atque
1412 377 1540 411 pueritiae
1553 377 1704 412 disciplina.
1721 378 1791 405 bello
1801 388 1858 406 ms-

1065 413 1150 443 ximo,
1170 417 1249 447 atque
1263 413 1399 439 acerrimis
1414 413 1550 445 hostibus.
1566 415 1599 441 ad
1614 416 1696 450 patris
1709 416 1857 442 exercitum

1064 454 1143 484 atque
1162 450 1188 476 in
1207 450 1317 476 militiae
1335 450 1506 485 disciplinam
1525 451 1659 486 profectus
1676 458 1730 482 01ης
1749 453 1797 488 qui
1811 462 1859 480 ex—

1065 492 1146 513 trema
1165 488 1277 522 pueritia
1297 487 1374 513 miles
1393 488 1420 514 in
1434 489 1551 515 exercitu
1566 488 1617 515 fuit
1629 491 1728 516 summi
1744 490 1858 525 impera-

1065 525 1136 554 toris.
1154 525 1261 551 ineunte
1275 524 1450 551 adolescentis
1466 526 1574 552 maximi
1589 527 1647 561 ipse
1660 528 1792 554 exercitus
1807 528 1858 554 im-

1065 567 1181 596 perator.
1197 562 1244 596 qui
1259 563 1366 597 saepius
1380 571 1442 588 cum
1457 563 1531 589 hoste
1545 563 1671 594 conflixit.
1687 573 1768 599 quam
1781 565 1858 600 quis-

1063 608 1144 634 quam
1163 608 1224 625 cum
1244 600 1352 626 inimico
1373 602 1547 631 concertavit.
1573 601 1649 636 plura
1672 601 1740 628 bella
1762 603 1856 638 gessit.

1064 645 1144 672 quam
1167 637 1247 663 ceteri
1275 636 1408 672 legerunt.
1441 637 1533 672 plures
1559 638 1709 673 provincias
1735 638 1855 667 confecit.

1064 683 1144 709 quam
1160 674 1205 700 alii
1216 675 1439 709 concupiverunt.
1455 675 1533 701 cuius
1543 675 1718 702 adolescentia
1729 676 1761 702 sd
1771 677 1858 703 scien-

1065 713 1127 738 tiam
1143 712 1178 738 rei
1194 712 1317 738 militaris
1331 720 1382 738 non
1396 711 1490 738 alienis
1506 713 1662 748 praeceptis.
1678 713 1724 740 sed
1738 714 1858 740 511151111-

1065 750 1159 784 periis.
1176 758 1227 775 non
1241 749 1433 775 offensionibus
1447 749 1523 780 belli.
1539 750 1587 776 sed
1601 751 1727 781 victoriis.
1744 759 1795 777 non
1809 751 1858 777 sti-

1065 786 1183 821 pendiis.
1208 786 1255 812 sed
1274 786 1419 821 triumphis
1437 791 1477 813 est
1494 787 1607 814 erudita.
1647 787 1724 820 Quod
1741 787 1858 823 denique

1084 833 1150 850 enus
1165 823 1228 850 belli
1243 832 1302 850 esse
1316 828 1414 858 potest.
1435 825 1462 850 in
1481 833 1535 860 quo
1554 825 1630 851 illum
1645 834 1697 852 non
1711 826 1858 852 exercuerit

1064 833 1168 888 ίἷζο111111ε1
1188 861 1368 896 reipublicae?
1393 861 1491 892 Civile.
1515 861 1683 893 Africanum,
1705 861 1859 897 Transalpi-

1066 907 1143 930 num.
1165 899 1352 933 Hispaniense.
1373 899 1487 926 mixtum
1506 908 1539 926 ex
1556 900 1709 926 civitatibus
1728 904 1807 935 atque
1824 908 1859 926 ex

1065 936 1278 963 bellicosissimis
1297 936 1463 967 nationibus.
1491 936 1602 968 servile.
1628 937 1722 963 navale
1744 937 1856 967 bellum.

1065 975 1136 1000 varia
1151 978 1176 1000 et
1189 974 1294 1000 diversa
1308 982 1405 1009 genera
1419 978 1444 1000 et
1461 973 1592 1000 bellorum
1611 979 1637 1001 et
1655 974 1785 1005 hostium.
1805 983 1858 1001 non

1064 1011 1151 1038 solum
1165 1016 1237 1047 gesta
1252 1011 1284 1037 ab
1299 1011 1348 1038 boc
1362 1019 1428 1042 uno.
1447 1011 1494 1037 sed
1508 1012 1587 1038 etiam
1605 1011 1735 1042 confecta,
1755 1011 1857 1038 nullam

1064 1057 1119 1075 rem
1134 1057 1192 1075 esse
1206 1048 1339 1075 declarant
1354 1049 1380 1075 in
1395 1057 1446 1075 usu
1461 1048 1568 1075 militari
1583 1049 1709 1084 positam.
1724 1057 1793 1084 quae
1807 1048 1859 1075 bu-

1063 1087 1106 1113 ius
1121 1087 1170 1113 viri
1185 1086 1323 1112 scientiam
1339 1085 1430 1122 fugere
1444 1086 1538 1121 possit.

1119 1123 1166 1150 XI.
1182 1125 1223 1150 29.
1243 1124 1297 1150 lam
1312 1132 1373 1150 vero
1388 1124 1480 1150 virtuti
1493 1123 1542 1150 Cn.
1557 1123 1676 1158 Pompeii
1689 1131 1758 1158 quae
1772 1127 1859 1158 potest

1064 1169 1111 1196 par
1124 1162 1206 1188 oratio
1219 1160 1352 1187 inveniri?
1365 1160 1436 1193 Quid
1449 1165 1498 1192 est,
1514 1160 1586 1196 quod
1599 1161 1744 1196 quisquam
1758 1165 1804 1187 aut
1816 1160 1858 1187 di-

1063 1207 1147 1234 gnum
1162 1197 1220 1230 illo,
1241 1203 1286 1224 aut
1301 1198 1378 1224 vobis
1392 1206 1492 1225 novum
1506 1203 1552 1224 aut
1564 1199 1691 1233 cuiquam
1706 1198 1857 1224 inauditum

1064 1236 1149 1270 possit
1166 1235 1275 1262 afferre?
1301 1236 1393 1270 Neque
1410 1236 1482 1262 enim
1499 1235 1561 1262 illae
1579 1240 1642 1262 sunt
1660 1235 1731 1262 solae
1745 1236 1858 1262 virtutes

1063 1274 1260 1308 imperatoriae,
1281 1281 1351 1308 quae
1365 1272 1447 1308 vulgo
1460 1273 1660 1303 existimantur.
1683 1272 1757 1299 labor
1769 1273 1797 1299 in
1811 1280 1858 1299 ne-

1063 1311 1147 1346 gotio.
1164 1310 1290 1337 fortitudo
1303 1310 1330 1337 in
1345 1309 1484 1344 periculis.
1500 1310 1633 1336 industria
1646 1310 1674 1336 in
1688 1309 1798 1346 agendo.
1814 1318 1858 1336 ce—

1064 1348 1153 1374 leritas
1167 1348 1195 1374 in
1208 1347 1381 1378 conficiendo,
1397 1347 1540 1374 consilium
1554 1348 1581 1374 in
1595 1346 1773 1382 providendo:
1788 1355 1858 1382 quae

1064 1390 1133 1412 tanta
1152 1389 1215 1412 sunt
1232 1385 1260 1411 in
1279 1385 1329 1412 boc
1347 1393 1412 1416 uno.
1440 1389 1539 1420 quanta
1556 1385 1585 1411 in
1602 1384 1729 1411 omnibus
1746 1383 1859 1420 reliquis

1063 1422 1278 1458 imperatoribus.
1294 1431 1362 1457 quos
1375 1427 1421 1449 aut
1434 1421 1553 1449 vidimus
1567 1426 1612 1448 aut
1625 1421 1790 1453 audivimus,
1805 1429 1859 1448 non

1064 1459 1182 1487 fuerunt.
1223 1462 1264 1487 30.
1286 1460 1372 1486 Testis
1385 1464 1425 1486 est
1439 1459 1521 1491 ltalia,
1537 1468 1617 1494 quam
1633 1458 1678 1486 ille
1691 1459 1751 1494 ipse
1763 1459 1856 1490 victor.

1063 1498 1094 1524 L.
1107 1497 1190 1529 Sulla,
1207 1497 1290 1524 huius
1304 1497 1402 1524 virtute
1415 1501 1442 1524 et
1454 1497 1577 1524 subsidio
1589 1496 1729 1523 confessus
1739 1501 1780 1523 est
1791 1495 1859 1523 libe·-

1063 1539 1156 1562 ratam.
1197 1535 1284 1561 Testis
1297 1539 1338 1561 est
1349 1534 1448 1566 Sicilia,
1463 1543 1545 1570 quam
1558 1533 1652 1561 multis
1666 1533 1787 1569 undique
1800 1533 1859 1560 cin-

1063 1577 1132 1599 ctam
1146 1572 1286 1607 periculis.
1307 1580 1359 1599 non
1373 1576 1470 1598 terrore
1483 1571 1561 1602 belli.
1583 1571 1631 1598 sed
1649 1570 1782 1598 celeritate
1794 1579 1858 1598 0011-

1063 1609 1126 1641 51111,
1143 1609 1297 1644 explicavit.
1337 1609 1424 1636 Testis
1437 1613 1478 1636 est
1490 1608 1587 1639 Africa.
1609 1616 1678 1643 quae
1691 1609 1796 1644 magnis
1809 1616 1859 1643 op-

1063 1655 1154 1682 pressa
1173 1647 1290 1673 hostium
1309 1647 1407 1681 copiis,
1426 1654 1519 1673 eorum
1535 1646 1657 1681 ipsorum
1671 1646 1802 1681 sanguine
1816 1653 1859 1672 re-

1062 1684 1203 1711 dundavit.
1244 1684 1330 1710 Testis
1352 1688 1392 1710 est
1409 1683 1509 1714 Gallia,
1533 1691 1580 1718 per
1601 1691 1683 1718 quam
1705 1682 1858 1718 legionibus

1063 1722 1161 1748 nostris
1178 1721 1206 1748 in
1220 1721 1375 1756 Hispaniam
1393 1721 1443 1747 iter
1457 1720 1595 1748 Gallorum
1613 1721 1792 1747 internecione
1810 1728 1859 1754 pa·

1062 1758 1189 1786 tefactum
1207 1763 1256 1785 est.
1297 1759 1383 1785 Testis
1401 1762 1441 1784 est
1453 1758 1593 1793 Hispania,
1614 1765 1682 1792 quae
1701 1757 1858 1792 saepissime

1062 1796 1194 1831 plurimos
1212 1795 1301 1822 hostes
1318 1795 1351 1822 ab
1369 1795 1419 1822 1100
1432 1800 1570 1830 superatos
1584 1799 1782 1830 prostratosque
1794 1802 1858 1821 0011-

1062 1834 1158 1868 spexit.
1200 1833 1286 1860 Testis
1309 1837 1349 1859 est
1371 1833 1467 1859 iterum
1489 1838 1514 1859 et
1535 1832 1644 1867 saepius
1667 1831 1753 1863 ltalia,
1776 1839 1855 1867 quae.

1061 1879 1147 1906 quum
1165 1870 1257 1897 servili
1277 1869 1347 1897 bello
1365 1875 1446 1897 taetro
1465 1869 1668 1905 periculosoque
1682 1873 1855 1904 premeretur,

1062 1908 1095 1935 ab
1110 1908 1159 1935 boc
1173 1907 1306 1935 auxilium
1319 1907 1428 1934 absente
1442 1907 1584 1942 expetivit:
1609 1906 1682 1942 quod
1696 1905 1797 1933 bellum
1810 1914 1858 1933 ex-

1062 1946 1224 1981 spectatione
1246 1945 1365 1979 Pompeii
1386 1949 1552 1971 attenuatum
1578 1949 1657 1979 atque
1682 1944 1857 1970 imminutum

1062 1988 1111 2014 est.
1127 1983 1244 2009 adventu
1258 1982 1396 2009 sublatum
1409 1990 1440 2008 ac
1453 1981 1602 2017 sepultum.
1632 1983 1674 2008 31.
1689 1981 1781 2008 Testes
1793 1988 1857 2007 vem

1062 2021 1114 2047 iam
1128 2029 1221 2047 omnes
1234 2028 1294 2047 orae
1308 2024 1388 2055 atque
1401 2027 1494 2046 omnes
1507 2023 1611 2046 exterae
1623 2023 1716 2054 gentes
1729 2027 1759 2045 ac
1772 2018 1858 2045 natio-

1061 2067 1122 2089 1105,
1143 2057 1261 2093 denique
1275 2058 1357 2084 maria
1371 2057 1472 2088 omnia,
1492 2065 1579 2092 quum
1592 2057 1731 2087 universa.
1753 2060 1811 2082 111111
1829 2056 1858 2082 111

1061 2095 1178 2131 singulis
1196 2103 1289 2122 omnes
1307 2095 1384 2121 sinus
1401 2099 1481 2129 atque
1495 2098 1598 2129 portus.
1637 2092 1704 2126 Quis
1717 2093 1790 2120 enim
1803 2096 1858 2119 toto

1062 2133 1128 2159 mari
1153 2132 1226 2159 locus
1248 2141 1297 2167 per
1318 2131 1368 2158 bos
1389 2139 1473 2158 annos
1495 2135 1542 2158 3111
1563 2135 1616 2158 13111
1637 2130 1744 2157 firmum
1763 2129 1858 2156 babuit

1062 2169 1240 2205 praesidium.
1262 2174 1292 2196 ut
1305 2174 1379 2196 tutus
1392 2173 1476 2200 esset.
1499 2172 1545 2194 aut
1559 2172 1612 2194 tam
1626 2167 1678 2194 fuit
1690 2167 1811 2198 abditus,
1827 2171 1858 2193 ut

1062 2206 1170 2234 lateret?
1194 2206 1260 2239 Quis
1279 2206 1428 2243 navigavit.
1456 2206 1504 2242 qui
1523 2213 1576 2232 non
1592 2213 1621 2232 se
1638 2209 1684 2231 aut
1701 2204 1793 2231 mortis
1811 2208 1858 2231 3111

1061 2245 1199 2271 servitutis
1213 2243 1332 2279 periculo
1345 2243 1530 2273 committeret.
1545 2251 1631 2278 quum
1642 2246 1688 2268 aut
1698 2241 1795 2272 hieme.
1811 2245 1858 2268 aut

1061 2281 1157 2309 referto
1170 2281 1334 2316 praedonum
1349 2281 1416 2307 mari
1430 2279 1584 2316 navigaret?
1609 2280 1663 2306 1100
1683 2283 1784 2305 1311111111
1799 2278 1856 2305 1101-

1062 2319 1131 2350 lum,
1151 2324 1205 2345 tarn
1219 2324 1310 2354 turpe.
1331 2323 1384 2345 tam
1398 2322 1490 2349 vetus.
1510 2322 1564 2344 tam
1579 2316 1630 2343 late
1643 2316 1762 2343 divisum
1776 2320 1857 2351 atque

1060 2356 1228 2391 dispersum,
1247 2357 1310 2391 quis
1328 2364 1458 2391 umquam
1476 2355 1648 2382 arbitraretur
1664 2358 1710 2380 aut
1723 2353 1756 2379 ab
1769 2353 1857 2380 omni-

1061 2393 1113 2420 bus
1130 2393 1336 2429 imperatoribus
1354 2401 1409 2420 uno
1426 2400 1508 2423 anno.
1528 2396 1574 2418 3111
1591 2391 1718 2417 omnibus
1732 2390 1809 2416 3111115
1821 2389 1855 2416 311

1060 2439 1115 2458 11110
1127 2432 1286 2466 imperatore
1299 2430 1393 2457 confici
1407 2428 1505 2465 posse?
1533 2430 1576 2455 32.
1590 2427 1676 2461 Quam
1690 2427 1855 2463 provinciam

1061 2469 1186 2495 tenuistis
1206 2477 1220 2494 3
1243 2467 1424 2503 praedonibus
1447 2466 1558 2493 liberam
1581 2474 1629 2500 per
1651 2465 1732 2492 hosce
1753 2462 1856 2491 annos?

1060 2505 1133 2540 quod
1147 2505 1259 2541 vectigal
1274 2505 1351 2532 vobis
1365 2509 1452 2531 tutum
1466 2502 1535 2530 fuit?
1551 2511 1633 2538 quem
1646 2502 1749 2529 socium
1762 2501 1856 2528 1101011-

1060 2542 1157 2569 distis‘?
1179 2543 1223 2569 cui
1236 2542 1370 2577 praesidio
1382 2541 1516 2568 classibus
1529 2540 1626 2566 vestris
1640 2538 1748 2566 fuistis?
1772 2546 1855 2574 quam

1061 2579 1159 2606 multas
1173 2580 1334 2606 existimatis
1347 2578 1450 2605 insulas
1463 2586 1523 2604 esse
1536 2576 1672 2604 desertas?>
1688 2585 1770 2611 quam
1782 2574 1856 2602 mul·
1881 2600 1884 2602 .

1061 2622 1100 2643 135
1114 2622 1160 2643 3111
1173 2622 1245 2643 1110111
1259 2616 1363 2643 relictas
1377 2620 1423 2642 3111
1435 2624 1450 2642 3
1468 2614 1648 2649 praedonibus
1665 2617 1755 2648 captas
1773 2613 1854 2640 urbes

1061 2662 1120 2680 esse
1133 2653 1284 2680 sociorum?
1303 2653 1362 2679 xu.
1377 2652 1430 2679 Sed
1442 2652 1510 2687 quid
1523 2660 1572 2687 ego
1581 2651 1728 2687 longinqua
1737 2657 1856 2677 comme-

1061 2690 1152 2718 moro‘?
1177 2691 1239 2717 Fuit
1252 2691 1302 2718 hoc
1315 2689 1464 2726 quondam,
1482 2689 1531 2716 l'uit
1545 2689 1682 2724 proprium
1696 2687 1790 2723 populi
1803 2687 1856 2714 Ro-
