1941 3052
1033 570 1073 596 59.

766 633 798 661 Μ.
835 633 1012 662 TULLII
1048 633 1340 663 CICERONIS

1030 708 1072 730 lx*

515 769 570 817 M.
696 769 1592 819 ANTONIUM

706 862 1100 900 P1111.1ppicA
1143 863 1396 900 TERTIA.

286 1005 363 1026 ARG.
383 1006 429 1026 nnc
447 1005 548 1026 oratione
567 1006 644 1027 Cicero
663 1006 775 1027 collaudat
790 1006 860 1034 primo
876 1006 1027 1031 Octavi-num,

233 1039 271 1067 qui
289 1040 387 1061 Antonin
408 1041 517 1062 restiterit
531 1042 630 1062 exercitu
645 1041 693 1062 sui·
707 1042 814 1069 impensi·
830 1045 955 1069 comparato
966 1043 994 1064 (c.
1007 1045 1026 1062 ¹.

231 1077 276 1101 2.);
296 1075 376 1095 deinde
386 1076 485 1101 legiones
495 1076 597 1097 Martiam
609 1080 631 1097 et
642 1079 754 1101 Quartam,
765 1084 822 1103 quae
831 1077 929 1097 Antonin
940 1077 1026 1101 relicto,

232 1111 374 1131 Octavianum
391 1111 435 1131 nint
451 1114 539 1132 secutae
553 1113 582 1136 (c.
597 1115 642 1137 ³.);
657 1112 752 1139 denique
761 1112 847 1133 Decimi
859 1112 921 1132 Bruti
933 1112 1026 1132 edictum

232 1146 261 1169 (c.
276 1148 295 1166 4.
311 1147 350 1171 5.).
376 1146 419 1166 lam
435 1146 592 1173 impudentiam
608 1148 701 1167 Antonii
717 1151 737 1167 et
748 1147 864 1168 maledieta
875 1151 919 1168 turn
930 1147 952 1167 in
964 1148 1027 1167 Orta-

231 1179 331 1204 =innurn,
348 1184 392 1201 tuni
406 1180 429 1200 in
441 1183 466 1206 Q.
479 1181 606 1202 Ciceronem
617 1181 686 1202 filium
697 1182 792 1207 castigat
802 1184 830 1205 (e.
842 1185 861 1203 0.
872 1184 911 1207 7.).
931 1182 1028 1203 Maxime

230 1221 282 1235 vero
297 1215 396 1240 exnaitnt
411 1217 505 1237 edictum
514 1233 519 1241 ,
530 1224 572 1244 quo
583 1220 681 1238 senatum
693 1224 712 1238 a.
723 1218 744 1238 d.
756 1221 809 1238 vlu.
821 1217 872 1238 Kal.
885 1219 938 1238 Dec.
950 1218 1028 1238 fidene

230 1248 339 1275 iusserat,
360 1253 381 1271 et
400 1251 472 1277 fugam
491 1252 592 1272 minc-ram
613 1253 741 1279 foedamque
761 1253 893 1279 perstringit
912 1253 941 1278 (e.
953 1255 972 1273 8.
987 1254 1026 1278 9.).

230 1285 301 1305 Porro
320 1285 417 1305 tribunis
436 1286 466 1313 pl.
485 1287 569 1312 gratius
586 1287 643 1312 agit,
658 1288 715 1314 quod
731 1288 757 1308 ile
767 1287 881 1309 consulum
893 1290 1027 1314 senatusque

230 1319 342 1346 praesidio
357 1320 486 1345 retulerint,
502 1321 630 1342 acerrimum
644 1322 795 1343 defendendae
805 1322 918 1343 libertatis
930 1322 1026 1343 studium

229 1355 392 1376 commendans:
420 1355 513 1376 Antonii
535 1355 610 1382 turpia
632 1357 733 1378 facinora
751 1360 862 1381 recenset.
882 1357 1026 1384 hortaturque

229 1389 260 1409 cii
266 1396 301 1414 es.
313 1390 369 1411 hunc
380 1394 401 1411 et
412 1391 460 1411 eius
472 1391 552 1411 fratres
563 1392 622 1412 Urbe
633 1395 722 1413 arceant
733 1395 797 1419 etque
808 1391 940 1413 omnimodo
951 1399 1025 1419 perse-

228 1428 335 1450 quantur,
349 1432 410 1446 suam
424 1425 555 1453 promittens
565 1433 663 1454 opernm:
682 1428 709 1448 de
719 1428 786 1448 Bruto
798 1431 876 1451 autern,
888 1427 914 1447 de
925 1426 1026 1448 Octavi·-

229 1466 268 1483 nu,
289 1460 315 1480 ile
334 1460 409 1481 Hirtio
424 1466 447 1482 et
460 1462 535 1482 Pansa
553 1469 610 1482 coss.
626 1461 751 1487 designatis
765 1462 848 1490 optime
862 1469 951 1490 sperare
964 1462 1026 1482 iubet

228 1496 257 1519 (c.
274 1496 370 1521 ¹⁰44.)
398 1496 499 1517 Exeunte
518 1496 620 1517 oratione
629 1497 773 1521 sententiam,
789 1505 851 1524 quam
866 1500 956 1523 rogatus
970 1500 1024 1521 erat.

228 1529 325 1550 lureiiter
335 1530 448 1551 cuncluilit
458 1535 480 1552 et
494 1539 551 1553 cose.
569 1532 698 1557 designatos
709 1532 820 1557 hortatur,
831 1533 884 1553 dent
894 1539 989 1559 opernm,
1000 1535 1026 1552 ut

227 1567 318 1585 senatus
329 1565 379 1585 Kal.
392 1566 438 1587 tan.
450 1569 497 1587 tuto
508 1567 581 1594 possit
591 1567 677 1588 haberi:
696 1570 812 1594 praeterea
821 1568 848 1588 D.
860 1567 958 1591 Brutum,
970 1568 1024 1588 Cae-

227 1606 297 1620 sarem
312 1600 454 1621 octavianum
470 1601 600 1623 laudandos.
611 1602 711 1627 legiones
726 1605 798 1623 autem
808 1602 911 1623 Martiam
922 1605 943 1622 et
954 1603 1025 1626 Quar-

226 1638 270 1655 tam
281 1634 402 1657 honoribus
413 1636 543 1657 afficienda·
553 1636 637 1658 iudicat
648 1638 677 1663 (c.
690 1638 742 1663 Ην).
765 1636 804 1657 Fit
812 1636 837 1658 in
848 1636 964 1658 Ciceronis
975 1643 1024 1657 aen-

226 1669 317 1690 tentiarn
329 1670 351 1691 S.
363 1671 387 1691 C.
407 1670 461 1697 (Dio
472 1671 565 1692 Cassius
576 1673 660 1698 XLV.).

282 1715 302 1742 1.
321 1717 343 1741 l.
357 1711 454 1742 Serius
467 1717 584 1748 omnino,
598 1721 685 1751 patres
696 1717 849 1752 conscripti,
862 1725 944 1752 quam
956 1721 1024 1743 tem—

226 1760 277 1786 pus
298 1752 461 1787 reipublicae
481 1753 645 1787 postulabat,
663 1753 807 1789 aliquando
822 1758 910 1780 tamen
925 1762 1024 1781 convo-

225 1790 393 1816 catisumus:
406 1790 478 1825 quod
485 1790 634 1826 flagitabam
641 1791 767 1827 equidem
773 1791 893 1826 quotidie
903 1801 907 1817 :
920 1792 1023 1826 quippe

224 1834 310 1861 quum
330 1827 432 1853 bellum
454 1827 585 1854 nefarium
605 1832 695 1855 contra
713 1837 771 1855 aras
787 1833 812 1855 et
828 1828 911 1858 socos,
932 1833 1021 1855 contra

224 1864 307 1890 vitam
330 1863 502 1900 fortunasque
523 1870 635 1896 nostras,
657 1865 690 1891 ab
711 1865 819 1892 homine
840 1865 977 1901 profligato
992 1874 1021 1892 ac

224 1900 328 1935 perdito
347 1910 399 1928 non
420 1903 575 1937 comparari,
598 1902 645 1929 sed
660 1903 716 1939 geri
732 1903 785 1929 iam
797 1902 926 1929 viderem.
966 1903 1022 1929 Ex-

224 1942 378 1973 spectantur
398 1939 532 1966 Kalendae
547 1940 661 1970 Ianuar..
678 1948 745 1975 quas
757 1948 809 1966 nou
820 1944 956 1975 exspectat
965 1941 1021 1967 An-

224 1976 321 2007 tonius.
345 1976 392 2010 qui
413 1977 440 2003 in
456 1977 619 2011 provinciam
636 1978 665 2003 D.
682 1977 766 2008 Bruti,
779 1978 879 2004 summi
890 1978 1020 2013 etsingu—

225 2011 287 2038 laris
309 2013 367 2044 vin',
390 2022 451 2040 cum
468 2015 585 2041 exercitu
600 2015 731 2049 impetum
748 2014 833 2041 tacere
842 2019 963 2047 conatum
986 2023 1020 2042 ex

222 2058 276 2084 qua
296 2058 324 2077 se
343 2051 504 2077 instructum
527 2055 553 2078 et
574 2056 694 2086 paratum
715 2051 748 2078 ad
762 2052 859 2079 Urbem
876 2057 1019 2079 venturum

222 2095 282 2113 esse
303 2088 449 2114 minitatur.
480 2090 504 2114 2.
526 2087 599 2121 Quae
619 2094 659 2115 est
679 2090 763 2125 igitur
778 2090 954 2124 exspectatio,
973 2094 1019 2116 aut

222 2132 291 2159 quae
312 2124 354 2151 vel
371 2126 476 2152 minimi
487 2125 580 2153 dilatio
591 2126 737 2161 temporis?
765 2126 934 2162 Quamquam
946 2127 1018 2153 enim

221 2161 321 2189 adsunt
340 2162 474 2189 Kalendae
494 2164 558 2194 Ian.¹
581 2168 669 2190 tamen
689 2164 771 2190 breve
785 2168 893 2199 tempus
908 2164 1017 2200 longum

221 2203 263 2225 est
282 2199 429 2234 imparatis.
469 2201 530 2227 Dies
550 2201 621 2227 enim
638 2201 711 2227 affert
725 2201 766 2227 vel
778 2201 841 2228 hora
853 2201 952 2236 potius,
966 2202 1017 2228 nisi

222 2237 362 2271 provisum
383 2242 432 2269 est,
455 2246 566 2273 magnas
582 2247 662 2273 saepe
676 2238 776 2265 clades.
816 2238 911 2265 Certus
928 2243 1016 2265 autem

219 2273 278 2300 dies
305 2283 357 2301 non
381 2279 411 2301 ut
430 2276 566 2307 sacrificii,
589 2276 628 2302 sic
647 2276 753 2302 consilii
773 2277 922 2311 exspectari
941 2276 1016 2303 solet.

219 2310 296 2343 Quod
303 2312 325 2337 si
337 2315 382 2338 aut
393 2311 526 2339 Kalendae
532 2313 586 2339 Ian.
600 2312 715 2340 fuissent
725 2321 756 2340 eo
766 2313 818 2345 die,
832 2321 887 2348 quo
897 2314 1016 2348 primum

219 2356 253 2375 ex
263 2348 333 2375 Urbe
348 2348 561 2384 fugitAutouius,
570 2354 616 2377 aut
625 2350 674 2377 hae
685 2354 1014 2385 nonessentexspectatae,

219 2384 321 2412 bellum
345 2387 399 2412 iam
423 2386 529 2414 nullum
549 2387 720 2414 haberemus.
760 2387 923 2414 Auctoritate
943 2389 1015 2415 enim

219 2427 328 2449 senatus
348 2432 536 2460 consensuque
556 2424 650 2459 populi
669 2425 782 2452 Romani
802 2424 879 2451 facile
898 2425 1015 2452 hominis

219 2460 332 2486 amentis
352 2460 527 2496 fregissemus
544 2462 693 2488 audaciam.
732 2461 810 2494 Quod
823 2462 928 2489 confido
938 2462 1016 2497 equi-

219 2495 280 2521 dem
299 2497 422 2525 consules
441 2498 605 2535 designatos,
623 2498 737 2526 simulac
751 2500 935 2535 magistratum
947 2500 1015 2526 inie—

219 2533 281 2562 rint,
293 2541 352 2560 esse
364 2534 487 2562 facturos.
524 2535 593 2563 Sunt
602 2536 674 2563 enim
685 2536 786 2570 optimo
797 2537 894 2568 animo,
907 2545 1014 2563 summo

218 2569 340 2601 consilio.
363 2571 494 2607 singulari
514 2573 663 2600 concordia.
703 2573 760 2599 Mea
774 2578 864 2600 autem
880 2573 1014 2600 festinatio

220 2614 272 2632 non
285 2607 409 2634 victoriae
420 2608 508 2636 solum
518 2610 596 2637 avida
607 2615 656 2641 est,
669 2609 717 2637 sed
726 2610 806 2636 etiam
817 2610 969 2638 celeritatis.

274 2645 298 2669 3.
320 2643 378 2676 Quo
398 2646 469 2672 enim
485 2655 571 2682 usque
584 2652 688 2674 tantum
701 2646 813 2678 bellum,
826 2652 880 2674 tam
893 2647 1010 2679 crudele.

220 2684 273 2708 tam
294 2680 426 2709 nefarium
446 2684 558 2718 privatis
574 2684 694 2713 consiliis
709 2684 932 2721 propulsabitur?
964 2693 1013 2713 cur

1080 1017 1131 1035 non
1148 1017 1228 1044 quam
1245 1010 1362 1044 primum
1379 1009 1484 1044 publica
1500 1008 1601 1035 accedit
1616 1008 1775 1036 auctoritas?
1799 1009 1830 1035 Il.
1843 1009 1872 1036 C.

1080 1046 1174 1072 Caesar
1194 1046 1360 1077 adolescens,
1379 1055 1461 1081 paene
1477 1047 1565 1081 potius
1582 1055 1660 1081 puer,
1678 1046 1828 1073 incredibili
1845 1055 1874 1073 ac

1079 1083 1170 1110 divina
1187 1084 1303 1118 quadam
1319 1089 1406 1110 mente
1422 1089 1501 1118 atque
1518 1085 1627 1115 virtute,
1641 1089 1707 1114 tum.
1721 1093 1805 1118 quum
1817 1092 1875 1110 ma-

1080 1121 1151 1147 xime
1164 1121 1236 1147 furor
1246 1121 1348 1147 arderet
1358 1122 1474 1152 Antonii,
1487 1129 1626 1156 quumque
1637 1122 1695 1148 eius
1707 1130 1720 1147 a
1731 1121 1875 1148 Brundisio

1079 1157 1196 1184 crudelis
1211 1163 1236 1184 et
1251 1157 1360 1193 pestifer
1375 1158 1476 1185 reditus
1492 1159 1641 1189 timeretur,
1656 1167 1703 1185 uec
1715 1158 1874 1193 postulanti-

1079 1195 1131 1221 bus
1154 1203 1201 1221 nec
1220 1195 1413 1230 cogitantibus,
1437 1204 1469 1222 ne
1489 1196 1643 1231 optantibus
1663 1196 1773 1231 quidem
1795 1195 1873 1222 nobis

1078 1232 1151 1267 (quia
1164 1233 1220 1259 lieri
1232 1242 1283 1259 non
1290 1241 1368 1268 posse
1375 1233 1718 1268 videbaturflirmissimum
1725 1234 1872 1260 exercitum

1079 1278 1112 1296 ex
1135 1270 1235 1296 invicto
1253 1278 1350 1306 genere
1366 1275 1550 1297 veteranorum
1566 1271 1682 1297 miiitum
1697 1271 1871 1305 comparavit,

1078 1308 1324 1343 patrimoniumque
1342 1316 1422 1334 suum
1438 1307 1545 1334 effudit:
1567 1316 1732 1343 quamquam
1747 1316 1798 1334 non
1809 1316 1872 1334 sum

1078 1353 1145 1371 usus
1160 1353 1191 1371 eo
1207 1345 1300 1376 verbo,
1313 1354 1368 1380 quo
1382 1345 1473 1371 debui.
1514 1345 1571 1371 Non
1587 1346 1658 1372 enim
1671 1345 1771 1376 ess'udit.
1785 1345 1832 1372 sed
1844 1345 1872 1372 iu

1078 1381 1164 1408 salute
1180 1382 1343 1417 reipublicae
1358 1382 1507 1409 collocavit.
1530 1382 1871 1418 4.Cuiquamquamgratia

1077 1419 1169 1446 referri
1194 1424 1265 1446 tanta
1286 1428 1337 1446 non
1358 1424 1456 1455 potest,
1479 1425 1577 1455 quauta
1597 1419 1723 1446 debetur:
1750 1419 1872 1446 habenda

1077 1461 1165 1484 tamen
1180 1461 1250 1483 tanta
1265 1462 1318 1488 est,
1336 1462 1462 1492 quantam
1477 1457 1622 1483 maximam
1637 1458 1719 1484 animi
1734 1458 1816 1484 nostri
1828 1465 1872 1483 ca-

1077 1502 1140 1529 pere
1151 1499 1272 1529 possunt.
1312 1494 1378 1527 Quis
1389 1495 1460 1521 euim
1472 1499 1512 1521 est
1524 1499 1575 1521 tam
1585 1495 1694 1530 ignarus
1706 1503 1804 1525 rerum,
1817 1499 1871 1520 tam

1077 1531 1145 1558 nihil
1160 1531 1193 1558 de
1203 1531 1341 1567 republica
1352 1532 1482 1567 cogitans,
1494 1533 1542 1567 qui
1554 1531 1604 1558 boc
1616 1540 1667 1558 non
1679 1531 1824 1568 intelligat:
1847 1531 1871 1557 si

1077 1569 1113 1595 M,
1125 1569 1257 1596 Antonius
1269 1578 1282 1595 a
1293 1569 1436 1596 Brundisio
1447 1577 1508 1596 cum
1520 1570 1554 1596 iis
1563 1570 1648 1604 copiis
1656 1590 1662 1601 ,
1675 1577 1742 1604 quas
1753 1577 1782 1595 se
1793 1568 1871 1595 habi-

1076 1610 1168 1632 turum
1183 1606 1306 1642 putabat,
1320 1607 1439 1638 Romam,
1453 1611 1483 1633 ut
1493 1606 1653 1638 minabatur,
1666 1606 1756 1633 venire
1767 1606 1871 1641 potuis-

1076 1648 1129 1674 set,
1156 1643 1262 1670 nullum
1287 1652 1373 1679 genus
1397 1652 1460 1670 eum
1479 1643 1644 1670 crudelitatis
1665 1644 1869 1678 praeteriturum

1076 1679 1179 1707 fuisse?
1197 1681 1299 1715 quippe
1314 1681 1362 1716 qui
1378 1681 1405 1707 in
1421 1680 1535 1715 hospitis
1546 1681 1622 1707 tectis
1633 1680 1769 1707 Brundisii
1781 1679 1870 1707 fortis-

1075 1718 1158 1744 simos
1169 1718 1240 1744 viros
1251 1718 1421 1753 optimosque
1431 1718 1504 1744 cives
1515 1717 1631 1753 iugulari
1643 1718 1736 1744 iussit:
1752 1726 1868 1752 quorum

1075 1759 1134 1781 ante
1144 1755 1226 1790 pedes
1237 1755 1296 1781 eius
1308 1755 1478 1781 morientium
1485 1755 1616 1791 sanguine
1626 1763 1655 1781 os
1663 1755 1753 1781 uxoris
1765 1763 1869 1790 resper-

1075 1800 1136 1818 sum
1157 1800 1217 1818 esse
1237 1792 1383 1819 constabat.
1423 1792 1477 1818 Hac
1499 1791 1544 1818 ille
1564 1791 1719 1818 crudelitate
1734 1792 1866 1823 imbutus,

1073 1837 1159 1864 quum
1171 1829 1255 1856 multo
1266 1829 1343 1856 bonis
1355 1829 1481 1856 omnibus
1493 1830 1595 1856 veniret
1604 1830 1706 1860 iratior,
1720 1837 1802 1864 quam
1813 1829 1868 1856 illis

1074 1866 1172 1897 fuerat,
1189 1875 1258 1901 quos
1269 1866 1425 1893 trucidarat:
1447 1867 1491 1893 cui
1503 1866 1609 1893 taudem
1621 1871 1754 1897 nostrum,
1768 1871 1813 1893 aut
1823 1867 1867 1893 cui

1072 1904 1182 1931 omniuo
1197 1905 1266 1931 bono
1280 1903 1459 1939 pepercisset?
1477 1905 1502 1931 5.
1519 1903 1576 1936 Qua
1588 1908 1662 1939 peste
1673 1903 1867 1938 rempublicam

1072 1942 1176 1976 privato
1196 1941 1308 1968 consilio
1327 1941 1386 1976 (nec
1406 1942 1478 1968 enim
1499 1941 1555 1968 fieri
1571 1941 1658 1976 potuit
1672 1940 1757 1977 aliter)
1771 1941 1868 1968 Caesar

1073 1978 1204 2005 liberavit.
1243 1978 1294 2011 Qui
1305 1979 1359 2005 nisi
1369 1979 1397 2005 in
1408 1978 1458 2005 hac
1468 1978 1606 2014 republica
1616 1982 1785 2009 natus'esset,
1797 1987 1868 2005 rem-

1071 2016 1208 2051 publicam
1219 2015 1432 2043 scelereAntonii
1438 2015 1540 2043 nullam
1547 2016 1717 2042 haberemus.
1739 2015 1784 2043 Sic
1793 2016 1866 2042 euim

1071 2053 1217 2088 perspicio,
1243 2054 1283 2080 sic
1307 2053 1410 2084 iudico.
1437 2053 1490 2080 nisi
1514 2062 1586 2080 uuus
1611 2052 1766 2080 adolescens
1790 2052 1866 2080 illius

1070 2090 1184 2117 furentis
1196 2091 1314 2126 impetus
1321 2111 1327 2122 ,
1340 2090 1597 2126 crudelissimosque
1607 2095 1717 2117 conatus
1727 2090 1867 2117 cohibuis-

1070 2132 1123 2159 set,
1145 2128 1340 2163 rempublicam
1360 2127 1482 2155 funditus
1497 2128 1665 2155 interituram
1681 2127 1775 2154 fuisse.
1815 2127 1866 2155 Cui

1069 2165 1180 2201 quidem
1201 2165 1330 2192 hodierno
1349 2165 1405 2196 die,
1423 2170 1512 2200 patres
1521 2165 1677 2200 conscripti,
1690 2164 1771 2199 (nunc
1792 2165 1865 2191 enim

1069 2203 1188 2238 primum
1205 2204 1241 2229 ita
1257 2203 1443 2233 convenimus.
1457 2207 1487 2229 ut
1496 2202 1571 2229 illius
1582 2201 1711 2229 beneficio
1721 2209 1864 2236 possemus

1069 2248 1111 2271 ea,
1129 2248 1198 2275 quae
1212 2241 1382 2271 sentiremus,
1396 2239 1479 2267 libere
1489 2239 1598 2274 dicere,)
1612 2238 1753 2266 tribuenda
1763 2243 1804 2265 est
1814 2247 1864 2266 au-

1069 2277 1189 2308 ctoritas,
1210 2282 1241 2304 ut
1254 2276 1449 2312 rempublicam
1464 2286 1517 2304 non
1532 2276 1611 2303 modo
1625 2285 1641 2302 a
1654 2284 1684 2302 se
1697 2280 1861 2311 susceptam,

1068 2314 1117 2341 sed
1127 2315 1207 2340 etiam
1218 2323 1231 2341 a
1243 2315 1320 2341 nobis
1331 2314 1543 2341 commendatam
1555 2314 1640 2348 possit
1649 2312 1801 2339 defendere.

1122 2352 1166 2378 m.
1188 2353 1212 2378 6.
1229 2352 1283 2378 Nec
1294 2360 1356 2378 vero
1369 2352 1403 2378 de
1419 2351 1522 2388 legione
1532 2351 1624 2377 Martia
1634 2350 1772 2385 (quoniam
1784 2350 1864 2386 longo

1068 2388 1208 2416 intervallo
1223 2388 1298 2424 loqui
1313 2388 1390 2415 nobis
1406 2388 1439 2415 de
1450 2387 1587 2424 republica
1598 2387 1669 2422 licet)
1679 2387 1754 2414 sileri
1765 2392 1861 2423 potest.

1067 2425 1133 2458 Quis
1149 2427 1221 2453 enim
1235 2435 1307 2453 unus
1321 2426 1425 2457 fortior,
1438 2427 1500 2461 quis
1511 2425 1620 2452 amicior
1629 2433 1759 2459 umquam
1770 2426 1863 2460 reipu-

1066 2463 1152 2490 blicae
1167 2463 1231 2494 tuit,
1248 2472 1330 2498 quam
1346 2463 1415 2499 legio
1425 2463 1516 2489 Martia
1528 2461 1672 2489 universa?
1690 2461 1764 2494 Quae
1775 2470 1862 2497 quum

1066 2500 1168 2527 hostem
1181 2501 1274 2535 populi
1284 2501 1437 2527 RomaniM.
1445 2500 1590 2526 Antonium
1600 2499 1758 2531 iudicasset,
1771 2507 1861 2526 comes

1065 2546 1125 2564 esse
1135 2538 1194 2564 eius
1205 2538 1336 2564 amentiae
1352 2537 1451 2564 noluit:
1472 2536 1582 2571 reliquit
1596 2536 1744 2563 consulem.
1783 2535 1862 2569 Quod

1064 2574 1182 2609 profecto
1202 2584 1254 2601 non
1271 2574 1390 2605 fecisset,
1405 2574 1429 2600 si
1443 2582 1505 2600 eum
1520 2573 1659 2600 consulem
1673 2573 1857 2604 iudicavisset.

1064 2620 1146 2646 quem
1161 2611 1229 2638 nihil
1245 2611 1319 2639 aliud
1336 2619 1426 2647 agere,
1443 2610 1512 2638 nihil
1527 2610 1615 2637 moliri
1630 2611 1683 2637 nisi
1698 2610 1806 2637 caedem
1821 2610 1860 2636 ci-

1065 2649 1141 2676 vium
1161 2653 1241 2684 atque
1265 2649 1403 2675 interitum
1427 2648 1544 2674 civitatis
1569 2647 1679 2674 videret.
1718 2647 1807 2682 Atque
1827 2655 1859 2674 ea

1065 2685 1135 2722 legio
1145 2685 1264 2714 consedit
1274 2685 1366 2714 Albae.
1407 2684 1493 2718 Quam
1503 2685 1591 2721 potuit
1601 2685 1695 2713 urbem
1705 2684 1803 2721 eligere
1812 2687 1859 2712 aut
