<?xml version="1.0" encoding="UTF-8"?>
<!DOCTYPE html PUBLIC "-//W3C//DTD XHTML 1.0 Transitional//EN"
    "http://www.w3.org/TR/xhtml1/DTD/xhtml1-transitional.dtd">
<html xmlns="http://www.w3.org/1999/xhtml" xml:lang="en" lang="en">
 <head>
  <title>
</title>
<meta http-equiv="Content-Type" content="text/html;charset=utf-8" />
  <meta name='ocr-system' content='tesseract 3.04.00' />
  <meta name='ocr-capabilities' content='ocr_page ocr_carea ocr_par ocr_line ocrx_word'/>
</head>
<body>
  <div class='ocr_page' id='page_1' title='image "./operaomniaunovol00ciceuoft_0443.png"; bbox 0 0 1941 3052; ppageno 0'>
   <div class='ocr_carea' id='block_1_1' title="bbox 0 1018 20 3052">
    <p class='ocr_par' dir='ltr' id='par_1_1' title="bbox 0 1018 20 3052">
     <span class='ocr_line' id='line_1_1' title="bbox 0 1018 20 3052; baseline 0 0"><span class='ocrx_word' id='word_1_1' title='bbox 0 1018 20 3052; x_wconf 95' lang='lat' dir='ltr'> </span> 
     </span>
    </p>
   </div>
   <div class='ocr_carea' id='block_1_2' title="bbox 398 151 636 179">
    <p class='ocr_par' dir='ltr' id='par_1_2' title="bbox 398 151 636 179">
     <span class='ocr_line' id='line_1_2' title="bbox 398 151 636 179; baseline 0 -1"><span class='ocrx_word' id='word_1_2' title='bbox 398 151 584 179; x_wconf 85' lang='lat' dir='ltr'>ORATIO</span> <span class='ocrx_word' id='word_1_3' title='bbox 616 152 636 178; x_wconf 91' lang='lat'>1.</span> 
     </span>
    </p>
   </div>
   <div class='ocr_carea' id='block_1_3' title="bbox 76 223 879 2737">
    <p class='ocr_par' dir='ltr' id='par_1_3' title="bbox 76 223 878 1839">
     <span class='ocr_line' id='line_1_3' title="bbox 78 223 876 258; baseline -0.004 -7"><span class='ocrx_word' id='word_1_4' title='bbox 78 229 104 252; x_wconf 86' lang='lat' dir='ltr'>et</span> <span class='ocrx_word' id='word_1_5' title='bbox 114 224 166 251; x_wconf 84' lang='lat' dir='ltr'>iam</span> <span class='ocrx_word' id='word_1_6' title='bbox 179 224 226 251; x_wconf 87' lang='lat' dir='ltr'>tibi</span> <span class='ocrx_word' id='word_1_7' title='bbox 238 223 285 250; x_wconf 90' lang='lat' dir='ltr'>diu</span> <span class='ocrx_word' id='word_1_8' title='bbox 296 223 427 255; x_wconf 89' lang='lat' dir='ltr'>debitum,</span> <span class='ocrx_word' id='word_1_9' title='bbox 441 223 559 255; x_wconf 76' lang='lat' dir='ltr'>dubitas,</span> <span class='ocrx_word' id='word_1_10' title='bbox 572 232 687 258; x_wconf 88' lang='lat' dir='ltr'>quorum</span> <span class='ocrx_word' id='word_1_11' title='bbox 699 227 802 249; x_wconf 79' lang='lat' dir='ltr'><strong>mentes</strong></span> <span class='ocrx_word' id='word_1_12' title='bbox 814 231 876 248; x_wconf 88' lang='lat' dir='ltr'>sen-</span> 
     </span>
     <span class='ocr_line' id='line_1_4' title="bbox 78 260 876 297; baseline -0.004 -8"><span class='ocrx_word' id='word_1_13' title='bbox 78 270 181 297; x_wconf 87' lang='lat' dir='ltr'>susque</span> <span class='ocrx_word' id='word_1_14' title='bbox 193 261 326 292; x_wconf 75' lang='lat' dir='ltr'>vulneras,</span> <span class='ocrx_word' id='word_1_15' title='bbox 336 269 428 287; x_wconf 90' lang='lat' dir='ltr'>eorum</span> <span class='ocrx_word' id='word_1_16' title='bbox 440 265 578 296; x_wconf 89' lang='lat' dir='ltr'>aspectum</span> <span class='ocrx_word' id='word_1_17' title='bbox 590 261 823 296; x_wconf 80' lang='lat' dir='ltr'>praesentiamque</span> <span class='ocrx_word' id='word_1_18' title='bbox 835 260 876 286; x_wconf 91' lang='lat' dir='ltr'>vi-</span> 
     </span>
     <span class='ocr_line' id='line_1_5' title="bbox 78 298 876 334; baseline -0.003 -8"><span class='ocrx_word' id='word_1_19' title='bbox 78 299 151 327; x_wconf 81' lang='lat' dir='ltr'>tare‘?</span> <span class='ocrx_word' id='word_1_20' title='bbox 162 299 190 326; x_wconf 90' lang='lat' dir='ltr'>Si</span> <span class='ocrx_word' id='word_1_21' title='bbox 202 303 226 325; x_wconf 90' lang='lat' dir='ltr'>te</span> <span class='ocrx_word' id='word_1_22' title='bbox 238 303 360 334; x_wconf 87' lang='lat' dir='ltr'>parentes</span> <span class='ocrx_word' id='word_1_23' title='bbox 372 299 497 325; x_wconf 76' lang='lat' dir='ltr'>timerent</span> <span class='ocrx_word' id='word_1_24' title='bbox 508 303 587 334; x_wconf 87' lang='lat' dir='ltr'>atque</span> <span class='ocrx_word' id='word_1_25' title='bbox 598 298 720 325; x_wconf 86' lang='lat' dir='ltr'>odissent</span> <span class='ocrx_word' id='word_1_26' title='bbox 731 298 778 329; x_wconf 89' lang='lat' dir='ltr'>tui,</span> <span class='ocrx_word' id='word_1_27' title='bbox 788 306 876 332; x_wconf 89' lang='lat' dir='ltr'>neque</span> 
     </span>
     <span class='ocr_line' id='line_1_6' title="bbox 79 336 876 371; baseline -0.003 -8"><span class='ocrx_word' id='word_1_28' title='bbox 79 346 123 364; x_wconf 87' lang='lat' dir='ltr'>eos</span> <span class='ocrx_word' id='word_1_29' title='bbox 137 336 190 363; x_wconf 88' lang='lat' dir='ltr'>ulla</span> <span class='ocrx_word' id='word_1_30' title='bbox 201 337 301 363; x_wconf 87' lang='lat' dir='ltr'>ratione</span> <span class='ocrx_word' id='word_1_31' title='bbox 313 336 417 371; x_wconf 87' lang='lat' dir='ltr'>placare</span> <span class='ocrx_word' id='word_1_32' title='bbox 428 344 535 370; x_wconf 79' lang='lat' dir='ltr'>posses,</span> <span class='ocrx_word' id='word_1_33' title='bbox 560 340 589 362; x_wconf 92' lang='lat' dir='ltr'>ut</span> <span class='ocrx_word' id='word_1_34' title='bbox 603 336 711 371; x_wconf 79' lang='lat' dir='ltr'>opinor,</span> <span class='ocrx_word' id='word_1_35' title='bbox 734 336 767 362; x_wconf 90' lang='lat' dir='ltr'>ab</span> <span class='ocrx_word' id='word_1_36' title='bbox 783 344 876 362; x_wconf 90' lang='lat' dir='ltr'>eorum</span> 
     </span>
     <span class='ocr_line' id='line_1_7' title="bbox 78 373 877 409; baseline -0.004 -8"><span class='ocrx_word' id='word_1_37' title='bbox 78 374 164 402; x_wconf 87' lang='lat' dir='ltr'>oculis</span> <span class='ocrx_word' id='word_1_38' title='bbox 176 374 267 409; x_wconf 86' lang='lat' dir='ltr'>aliquo</span> <span class='ocrx_word' id='word_1_39' title='bbox 277 373 450 400; x_wconf 85' lang='lat' dir='ltr'>concederes:</span> <span class='ocrx_word' id='word_1_40' title='bbox 474 382 546 400; x_wconf 87' lang='lat' dir='ltr'>nunc</span> <span class='ocrx_word' id='word_1_41' title='bbox 562 378 586 400; x_wconf 90' lang='lat' dir='ltr'>te</span> <span class='ocrx_word' id='word_1_42' title='bbox 602 374 700 409; x_wconf 88' lang='lat' dir='ltr'>patria,</span> <span class='ocrx_word' id='word_1_43' title='bbox 722 382 792 408; x_wconf 87' lang='lat' dir='ltr'>quae</span> <span class='ocrx_word' id='word_1_44' title='bbox 803 381 877 398; x_wconf 91' lang='lat' dir='ltr'>com-</span> 
     </span>
     <span class='ocr_line' id='line_1_8' title="bbox 79 411 876 446; baseline -0.004 -8"><span class='ocrx_word' id='word_1_45' title='bbox 79 412 170 439; x_wconf 89' lang='lat' dir='ltr'>munis</span> <span class='ocrx_word' id='word_1_46' title='bbox 181 416 222 438; x_wconf 87' lang='lat' dir='ltr'>est</span> <span class='ocrx_word' id='word_1_47' title='bbox 232 412 352 438; x_wconf 88' lang='lat' dir='ltr'>omnium</span> <span class='ocrx_word' id='word_1_48' title='bbox 365 416 486 437; x_wconf 89' lang='lat' dir='ltr'>nostrum</span> <span class='ocrx_word' id='word_1_49' title='bbox 500 420 608 446; x_wconf 89' lang='lat' dir='ltr'>parens,</span> <span class='ocrx_word' id='word_1_50' title='bbox 622 411 678 437; x_wconf 92' lang='lat' dir='ltr'>odit</span> <span class='ocrx_word' id='word_1_51' title='bbox 688 419 718 437; x_wconf 89' lang='lat' dir='ltr'>ac</span> <span class='ocrx_word' id='word_1_52' title='bbox 729 411 837 441; x_wconf 85' lang='lat' dir='ltr'>metuit,</span> <span class='ocrx_word' id='word_1_53' title='bbox 851 414 876 436; x_wconf 91' lang='lat' dir='ltr'>et</span> 
     </span>
     <span class='ocr_line' id='line_1_9' title="bbox 78 448 874 484; baseline -0.004 -8"><span class='ocrx_word' id='word_1_54' title='bbox 78 450 181 477; x_wconf 85' lang='lat' dir='ltr'>iamdiu</span> <span class='ocrx_word' id='word_1_55' title='bbox 193 454 217 475; x_wconf 89' lang='lat' dir='ltr'>te</span> <span class='ocrx_word' id='word_1_56' title='bbox 229 449 296 476; x_wconf 90' lang='lat' dir='ltr'>nihil</span> <span class='ocrx_word' id='word_1_57' title='bbox 309 449 409 475; x_wconf 88' lang='lat' dir='ltr'>iudicat</span> <span class='ocrx_word' id='word_1_58' title='bbox 424 449 475 475; x_wconf 91' lang='lat' dir='ltr'>nisi</span> <span class='ocrx_word' id='word_1_59' title='bbox 487 449 519 475; x_wconf 84' lang='lat' dir='ltr'>de</span> <span class='ocrx_word' id='word_1_60' title='bbox 531 449 673 484; x_wconf 89' lang='lat' dir='ltr'>parricidio</span> <span class='ocrx_word' id='word_1_61' title='bbox 685 457 734 474; x_wconf 90' lang='lat' dir='ltr'>suo</span> <span class='ocrx_word' id='word_1_62' title='bbox 749 448 874 483; x_wconf 82' lang='lat' dir='ltr'>cogitare.</span> 
     </span>
     <span class='ocr_line' id='line_1_10' title="bbox 79 484 877 521; baseline -0.004 -8"><span class='ocrx_word' id='word_1_63' title='bbox 79 487 165 514; x_wconf 86' lang='lat' dir='ltr'>Huius</span> <span class='ocrx_word' id='word_1_64' title='bbox 187 491 215 513; x_wconf 90' lang='lat' dir='ltr'>tu</span> <span class='ocrx_word' id='word_1_65' title='bbox 236 495 324 521; x_wconf 86' lang='lat' dir='ltr'>neque</span> <span class='ocrx_word' id='word_1_66' title='bbox 339 487 522 513; x_wconf 86' lang='lat' dir='ltr'>auctoritatem</span> <span class='ocrx_word' id='word_1_67' title='bbox 539 487 677 517; x_wconf 80' lang='lat' dir='ltr'>verebere,</span> <span class='ocrx_word' id='word_1_68' title='bbox 701 494 788 520; x_wconf 90' lang='lat' dir='ltr'>neque</span> <span class='ocrx_word' id='word_1_69' title='bbox 804 484 877 511; x_wconf 90' lang='lat' dir='ltr'>iudi-</span> 
     </span>
     <span class='ocr_line' id='line_1_11' title="bbox 78 522 877 559; baseline -0.004 -8"><span class='ocrx_word' id='word_1_70' title='bbox 78 525 151 551; x_wconf 87' lang='lat' dir='ltr'>cium</span> <span class='ocrx_word' id='word_1_71' title='bbox 166 533 292 559; x_wconf 82' lang='lat' dir='ltr'>sequere,</span> <span class='ocrx_word' id='word_1_72' title='bbox 316 533 404 559; x_wconf 88' lang='lat' dir='ltr'>neque</span> <span class='ocrx_word' id='word_1_73' title='bbox 416 525 470 550; x_wconf 92' lang='lat' dir='ltr'>vim</span> <span class='ocrx_word' id='word_1_74' title='bbox 483 523 675 559; x_wconf 71' lang='lat' dir='ltr'>pertimesces?</span> <span class='ocrx_word' id='word_1_75' title='bbox 697 525 736 549; x_wconf 78' lang='grc'>18.</span> <span class='ocrx_word' id='word_1_76' title='bbox 753 522 826 555; x_wconf 83' lang='lat' dir='ltr'>Quae</span> <span class='ocrx_word' id='word_1_77' title='bbox 838 527 877 548; x_wconf 91' lang='lat' dir='ltr'>te-</span> 
     </span>
     <span class='ocr_line' id='line_1_12' title="bbox 79 560 877 597; baseline -0.004 -9"><span class='ocrx_word' id='word_1_78' title='bbox 79 571 154 593; x_wconf 79' lang='lat' dir='ltr'>cum,</span> <span class='ocrx_word' id='word_1_79' title='bbox 173 562 299 593; x_wconf 81' lang='lat' dir='ltr'>Catilina.</span> <span class='ocrx_word' id='word_1_80' title='bbox 318 563 357 588; x_wconf 87' lang='lat' dir='ltr'>sic</span> <span class='ocrx_word' id='word_1_81' title='bbox 368 562 435 597; x_wconf 78' lang='lat' dir='ltr'>agit,</span> <span class='ocrx_word' id='word_1_82' title='bbox 453 566 479 588; x_wconf 90' lang='lat' dir='ltr'>et</span> <span class='ocrx_word' id='word_1_83' title='bbox 489 561 687 597; x_wconf 89' lang='lat' dir='ltr'>quodammodo</span> <span class='ocrx_word' id='word_1_84' title='bbox 698 561 776 586; x_wconf 88' lang='lat' dir='ltr'>tacita</span> <span class='ocrx_word' id='word_1_85' title='bbox 789 560 877 594; x_wconf 89' lang='lat' dir='ltr'>loqui—</span> 
     </span>
     <span class='ocr_line' id='line_1_13' title="bbox 79 597 877 634; baseline -0.005 -8"><span class='ocrx_word' id='word_1_86' title='bbox 79 605 135 627; x_wconf 86' lang='lat' dir='ltr'>tur:</span> <span class='ocrx_word' id='word_1_87' title='bbox 158 599 270 626; x_wconf 92' lang='lat' dir='ltr'>Nullum</span> <span class='ocrx_word' id='word_1_88' title='bbox 286 599 388 634; x_wconf 80' lang='lat' dir='ltr'>aliquot</span> <span class='ocrx_word' id='word_1_89' title='bbox 403 600 456 625; x_wconf 87' lang='lat' dir='ltr'>iam</span> <span class='ocrx_word' id='word_1_90' title='bbox 471 600 548 625; x_wconf 90' lang='lat' dir='ltr'>annis</span> <span class='ocrx_word' id='word_1_91' title='bbox 565 599 669 625; x_wconf 84' lang='lat' dir='ltr'>facinus</span> <span class='ocrx_word' id='word_1_92' title='bbox 685 598 800 628; x_wconf 83' lang='lat' dir='ltr'>exstitit,</span> <span class='ocrx_word' id='word_1_93' title='bbox 824 597 877 623; x_wconf 87' lang='lat' dir='ltr'>nisi</span> 
     </span>
     <span class='ocr_line' id='line_1_14' title="bbox 79 635 876 673; baseline -0.005 -9"><span class='ocrx_word' id='word_1_94' title='bbox 79 646 127 673; x_wconf 86' lang='lat' dir='ltr'>per</span> <span class='ocrx_word' id='word_1_95' title='bbox 142 641 180 664; x_wconf 85' lang='lat' dir='ltr'>te:</span> <span class='ocrx_word' id='word_1_96' title='bbox 204 637 310 664; x_wconf 89' lang='lat' dir='ltr'>nullum</span> <span class='ocrx_word' id='word_1_97' title='bbox 326 636 456 672; x_wconf 83' lang='lat' dir='ltr'>flagitium</span> <span class='ocrx_word' id='word_1_98' title='bbox 472 637 530 663; x_wconf 87' lang='lat' dir='ltr'>sine</span> <span class='ocrx_word' id='word_1_99' title='bbox 545 640 583 663; x_wconf 87' lang='lat' dir='ltr'>te:</span> <span class='ocrx_word' id='word_1_100' title='bbox 606 636 655 662; x_wconf 90' lang='lat' dir='ltr'>tibi</span> <span class='ocrx_word' id='word_1_101' title='bbox 671 636 718 662; x_wconf 94' lang='lat' dir='ltr'>uni</span> <span class='ocrx_word' id='word_1_102' title='bbox 730 635 876 661; x_wconf 88' lang='lat' dir='ltr'>multorum</span> 
     </span>
     <span class='ocr_line' id='line_1_15' title="bbox 79 672 877 708; baseline -0.005 -6"><span class='ocrx_word' id='word_1_103' title='bbox 79 675 180 702; x_wconf 90' lang='lat' dir='ltr'>civium</span> <span class='ocrx_word' id='word_1_104' title='bbox 198 683 288 706; x_wconf 83' lang='lat' dir='ltr'>neces,</span> <span class='ocrx_word' id='word_1_105' title='bbox 312 675 360 701; x_wconf 88' lang='lat' dir='ltr'>tibi</span> <span class='ocrx_word' id='word_1_106' title='bbox 376 675 481 701; x_wconf 82' lang='lat' dir='ltr'>vexatio</span> <span class='ocrx_word' id='word_1_107' title='bbox 497 674 665 708; x_wconf 80' lang='lat' dir='ltr'>direptioque</span> <span class='ocrx_word' id='word_1_108' title='bbox 680 673 813 699; x_wconf 88' lang='lat' dir='ltr'>sociorum</span> <span class='ocrx_word' id='word_1_109' title='bbox 826 672 877 698; x_wconf 91' lang='lat' dir='ltr'>im-</span> 
     </span>
     <span class='ocr_line' id='line_1_16' title="bbox 80 709 878 748; baseline -0.005 -9"><span class='ocrx_word' id='word_1_110' title='bbox 80 713 173 748; x_wconf 88' lang='lat' dir='ltr'>punita</span> <span class='ocrx_word' id='word_1_111' title='bbox 185 712 235 738; x_wconf 89' lang='lat' dir='ltr'>fuit</span> <span class='ocrx_word' id='word_1_112' title='bbox 246 721 275 739; x_wconf 92' lang='lat' dir='ltr'>ac</span> <span class='ocrx_word' id='word_1_113' title='bbox 287 712 383 738; x_wconf 88' lang='lat' dir='ltr'>libera:</span> <span class='ocrx_word' id='word_1_114' title='bbox 403 716 431 738; x_wconf 89' lang='lat' dir='ltr'>tu</span> <span class='ocrx_word' id='word_1_115' title='bbox 444 721 495 738; x_wconf 91' lang='lat' dir='ltr'>non</span> <span class='ocrx_word' id='word_1_116' title='bbox 507 711 595 738; x_wconf 88' lang='lat' dir='ltr'>solum</span> <span class='ocrx_word' id='word_1_117' title='bbox 607 711 640 737; x_wconf 90' lang='lat' dir='ltr'>ad</span> <span class='ocrx_word' id='word_1_118' title='bbox 652 710 827 746; x_wconf 78' lang='lat' dir='ltr'>negligendas</span> <span class='ocrx_word' id='word_1_119' title='bbox 840 709 878 735; x_wconf 88' lang='lat' dir='ltr'>le-</span> 
     </span>
     <span class='ocr_line' id='line_1_17' title="bbox 79 748 878 786; baseline -0.004 -10"><span class='ocrx_word' id='word_1_120' title='bbox 79 759 125 786; x_wconf 70' lang='lat' dir='ltr'>ges</span> <span class='ocrx_word' id='word_1_121' title='bbox 141 759 171 776; x_wconf 94' lang='lat' dir='ltr'>ac</span> <span class='ocrx_word' id='word_1_122' title='bbox 186 750 370 784; x_wconf 87' lang='lat' dir='ltr'>quaestiones,</span> <span class='ocrx_word' id='word_1_123' title='bbox 393 758 488 775; x_wconf 90' lang='lat' dir='ltr'>verum</span> <span class='ocrx_word' id='word_1_124' title='bbox 504 749 583 775; x_wconf 89' lang='lat' dir='ltr'>etiam</span> <span class='ocrx_word' id='word_1_125' title='bbox 600 749 632 775; x_wconf 89' lang='lat' dir='ltr'>ad</span> <span class='ocrx_word' id='word_1_126' title='bbox 648 748 804 775; x_wconf 85' lang='lat' dir='ltr'>evertendas</span> <span class='ocrx_word' id='word_1_127' title='bbox 816 756 878 782; x_wconf 87' lang='lat' dir='ltr'>per-</span> 
     </span>
     <span class='ocr_line' id='line_1_18' title="bbox 80 784 878 823; baseline -0.005 -9"><span class='ocrx_word' id='word_1_128' title='bbox 80 787 288 823; x_wconf 79' lang='lat' dir='ltr'>fringendasque</span> <span class='ocrx_word' id='word_1_129' title='bbox 300 787 418 813; x_wconf 88' lang='lat' dir='ltr'>valuisti.</span> <span class='ocrx_word' id='word_1_130' title='bbox 441 786 583 821; x_wconf 81' lang='lat' dir='ltr'>Superiora</span> <span class='ocrx_word' id='word_1_131' title='bbox 595 787 649 818; x_wconf 91' lang='lat' dir='ltr'>illa,</span> <span class='ocrx_word' id='word_1_132' title='bbox 663 794 827 821; x_wconf 85' lang='lat' dir='ltr'>quamquam</span> <span class='ocrx_word' id='word_1_133' title='bbox 839 784 878 810; x_wconf 82' lang='lat' dir='ltr'>fe—</span> 
     </span>
     <span class='ocr_line' id='line_1_19' title="bbox 80 823 877 859; baseline -0.004 -8"><span class='ocrx_word' id='word_1_134' title='bbox 80 825 160 852; x_wconf 90' lang='lat' dir='ltr'>renda</span> <span class='ocrx_word' id='word_1_135' title='bbox 172 833 224 851; x_wconf 89' lang='lat' dir='ltr'>non</span> <span class='ocrx_word' id='word_1_136' title='bbox 236 824 358 855; x_wconf 84' lang='lat' dir='ltr'>fuerunt,</span> <span class='ocrx_word' id='word_1_137' title='bbox 377 829 479 856; x_wconf 89' lang='lat' dir='ltr'>tamen,</span> <span class='ocrx_word' id='word_1_138' title='bbox 498 829 526 850; x_wconf 92' lang='lat' dir='ltr'>ut</span> <span class='ocrx_word' id='word_1_139' title='bbox 538 825 625 859; x_wconf 88' lang='lat' dir='ltr'>potui,</span> <span class='ocrx_word' id='word_1_140' title='bbox 644 823 708 850; x_wconf 90' lang='lat' dir='ltr'>tuli:</span> <span class='ocrx_word' id='word_1_141' title='bbox 731 832 803 849; x_wconf 84' lang='lat' dir='ltr'>nune</span> <span class='ocrx_word' id='word_1_142' title='bbox 816 831 877 848; x_wconf 89' lang='lat' dir='ltr'>vero</span> 
     </span>
     <span class='ocr_line' id='line_1_20' title="bbox 79 860 878 897; baseline -0.003 -9"><span class='ocrx_word' id='word_1_143' title='bbox 79 872 121 889; x_wconf 90' lang='lat' dir='ltr'>me</span> <span class='ocrx_word' id='word_1_144' title='bbox 133 867 212 889; x_wconf 89' lang='lat' dir='ltr'>totam</span> <span class='ocrx_word' id='word_1_145' title='bbox 224 871 283 888; x_wconf 89' lang='lat' dir='ltr'>esse</span> <span class='ocrx_word' id='word_1_146' title='bbox 294 863 321 888; x_wconf 94' lang='lat' dir='ltr'>in</span> <span class='ocrx_word' id='word_1_147' title='bbox 334 866 406 888; x_wconf 87' lang='lat' dir='ltr'>metu</span> <span class='ocrx_word' id='word_1_148' title='bbox 418 867 526 897; x_wconf 88' lang='lat' dir='ltr'>propter</span> <span class='ocrx_word' id='word_1_149' title='bbox 537 866 562 888; x_wconf 88' lang='lat' dir='ltr'>te</span> <span class='ocrx_word' id='word_1_150' title='bbox 574 871 674 888; x_wconf 90' lang='lat' dir='ltr'>unum:</span> <span class='ocrx_word' id='word_1_151' title='bbox 687 860 823 896; x_wconf 88' lang='lat' dir='ltr'>quidquid</span> <span class='ocrx_word' id='word_1_152' title='bbox 836 860 878 886; x_wconf 93' lang='lat' dir='ltr'>in-</span> 
     </span>
     <span class='ocr_line' id='line_1_21' title="bbox 79 899 876 935; baseline -0.005 -8"><span class='ocrx_word' id='word_1_153' title='bbox 79 900 221 935; x_wconf 80' lang='lat' dir='ltr'>crepuerit,</span> <span class='ocrx_word' id='word_1_154' title='bbox 235 899 377 927; x_wconf 84' lang='lat' dir='ltr'>Catilinam</span> <span class='ocrx_word' id='word_1_155' title='bbox 390 900 491 926; x_wconf 86' lang='lat' dir='ltr'>timeri:</span> <span class='ocrx_word' id='word_1_156' title='bbox 515 899 621 926; x_wconf 91' lang='lat' dir='ltr'>nullum</span> <span class='ocrx_word' id='word_1_157' title='bbox 635 899 721 925; x_wconf 88' lang='lat' dir='ltr'>videri</span> <span class='ocrx_word' id='word_1_158' title='bbox 732 903 821 925; x_wconf 88' lang='lat' dir='ltr'>contra</span> <span class='ocrx_word' id='word_1_159' title='bbox 834 906 876 923; x_wconf 89' lang='lat' dir='ltr'>me</span> 
     </span>
     <span class='ocr_line' id='line_1_22' title="bbox 78 936 874 972; baseline -0.004 -8"><span class='ocrx_word' id='word_1_160' title='bbox 78 937 221 964; x_wconf 87' lang='lat' dir='ltr'>consilium</span> <span class='ocrx_word' id='word_1_161' title='bbox 237 937 300 964; x_wconf 91' lang='lat' dir='ltr'>iniri</span> <span class='ocrx_word' id='word_1_162' title='bbox 317 945 408 972; x_wconf 78' lang='lat' dir='ltr'>posse,</span> <span class='ocrx_word' id='word_1_163' title='bbox 432 937 504 972; x_wconf 90' lang='lat' dir='ltr'>quod</span> <span class='ocrx_word' id='word_1_164' title='bbox 519 946 533 963; x_wconf 88' lang='lat' dir='ltr'>a</span> <span class='ocrx_word' id='word_1_165' title='bbox 549 942 594 964; x_wconf 91' lang='lat' dir='ltr'>tuo</span> <span class='ocrx_word' id='word_1_166' title='bbox 610 936 709 963; x_wconf 87' lang='lat' dir='ltr'>scelere</span> <span class='ocrx_word' id='word_1_167' title='bbox 725 936 874 966; x_wconf 83' lang='lat' dir='ltr'>abhorreat,</span> 
     </span>
     <span class='ocr_line' id='line_1_23' title="bbox 79 973 876 1008; baseline -0.003 -7"><span class='ocrx_word' id='word_1_168' title='bbox 79 984 131 1002; x_wconf 90' lang='lat' dir='ltr'>non</span> <span class='ocrx_word' id='word_1_169' title='bbox 147 980 188 1001; x_wconf 88' lang='lat' dir='ltr'>est</span> <span class='ocrx_word' id='word_1_170' title='bbox 203 975 354 1002; x_wconf 81' lang='lat' dir='ltr'>serendum.</span> <span class='ocrx_word' id='word_1_171' title='bbox 394 974 574 1007; x_wconf 87' lang='lat' dir='ltr'>Quamobrem</span> <span class='ocrx_word' id='word_1_172' title='bbox 590 974 698 1001; x_wconf 85' lang='lat' dir='ltr'>discede</span> <span class='ocrx_word' id='word_1_173' title='bbox 713 978 792 1008; x_wconf 89' lang='lat' dir='ltr'>atque</span> <span class='ocrx_word' id='word_1_174' title='bbox 804 973 876 999; x_wconf 91' lang='lat' dir='ltr'>hunc</span> 
     </span>
     <span class='ocr_line' id='line_1_24' title="bbox 79 1011 876 1048; baseline -0.004 -9"><span class='ocrx_word' id='word_1_175' title='bbox 79 1013 145 1039; x_wconf 84' lang='lat' dir='ltr'>milii</span> <span class='ocrx_word' id='word_1_176' title='bbox 157 1013 279 1039; x_wconf 86' lang='lat' dir='ltr'>timorem</span> <span class='ocrx_word' id='word_1_177' title='bbox 291 1013 377 1048; x_wconf 84' lang='lat' dir='ltr'>eripe:</span> <span class='ocrx_word' id='word_1_178' title='bbox 400 1013 422 1038; x_wconf 90' lang='lat' dir='ltr'>si</span> <span class='ocrx_word' id='word_1_179' title='bbox 439 1017 479 1039; x_wconf 88' lang='lat' dir='ltr'>est</span> <span class='ocrx_word' id='word_1_180' title='bbox 494 1021 589 1044; x_wconf 85' lang='lat' dir='ltr'>verus,</span> <span class='ocrx_word' id='word_1_181' title='bbox 612 1021 645 1038; x_wconf 91' lang='lat' dir='ltr'>ne</span> <span class='ocrx_word' id='word_1_182' title='bbox 660 1012 809 1047; x_wconf 67' lang='lat' dir='ltr'>opprimar,</span> <span class='ocrx_word' id='word_1_183' title='bbox 833 1011 876 1036; x_wconf 87' lang='lat' dir='ltr'>sin</span> 
     </span>
     <span class='ocr_line' id='line_1_25' title="bbox 79 1049 875 1085; baseline -0.003 -8"><span class='ocrx_word' id='word_1_184' title='bbox 79 1050 172 1082; x_wconf 79' lang='lat' dir='ltr'>falsus,</span> <span class='ocrx_word' id='word_1_185' title='bbox 186 1055 215 1077; x_wconf 89' lang='lat' dir='ltr'>ut</span> <span class='ocrx_word' id='word_1_186' title='bbox 227 1050 333 1077; x_wconf 86' lang='lat' dir='ltr'>tandem</span> <span class='ocrx_word' id='word_1_187' title='bbox 346 1050 491 1085; x_wconf 88' lang='lat' dir='ltr'>aliquando</span> <span class='ocrx_word' id='word_1_188' title='bbox 503 1051 595 1076; x_wconf 83' lang='lat' dir='ltr'>timere</span> <span class='ocrx_word' id='word_1_189' title='bbox 606 1050 738 1076; x_wconf 82' lang='lat' dir='ltr'>desinam.</span> <span class='ocrx_word' id='word_1_190' title='bbox 755 1049 822 1076; x_wconf 83' lang='lat' dir='ltr'>V111.</span> <span class='ocrx_word' id='word_1_191' title='bbox 837 1050 875 1074; x_wconf 86' lang='lat' dir='ltr'>l9.</span> 
     </span>
     <span class='ocr_line' id='line_1_26' title="bbox 78 1087 877 1123; baseline -0.003 -9"><span class='ocrx_word' id='word_1_192' title='bbox 78 1089 146 1114; x_wconf 86' lang='lat' dir='ltr'>Haec</span> <span class='ocrx_word' id='word_1_193' title='bbox 157 1088 180 1114; x_wconf 89' lang='lat' dir='ltr'>si</span> <span class='ocrx_word' id='word_1_194' title='bbox 192 1093 294 1120; x_wconf 90' lang='lat' dir='ltr'>tecum,</span> <span class='ocrx_word' id='word_1_195' title='bbox 312 1092 342 1114; x_wconf 91' lang='lat' dir='ltr'>ut</span> <span class='ocrx_word' id='word_1_196' title='bbox 352 1088 424 1119; x_wconf 82' lang='lat' dir='ltr'>dixi,</span> <span class='ocrx_word' id='word_1_197' title='bbox 443 1089 525 1123; x_wconf 89' lang='lat' dir='ltr'>patria</span> <span class='ocrx_word' id='word_1_198' title='bbox 539 1088 675 1123; x_wconf 89' lang='lat' dir='ltr'>loquatur,</span> <span class='ocrx_word' id='word_1_199' title='bbox 690 1096 778 1113; x_wconf 90' lang='lat' dir='ltr'>nonne</span> <span class='ocrx_word' id='word_1_200' title='bbox 789 1087 877 1121; x_wconf 90' lang='lat' dir='ltr'>impe-</span> 
     </span>
     <span class='ocr_line' id='line_1_27' title="bbox 78 1122 877 1160; baseline -0.003 -8"><span class='ocrx_word' id='word_1_201' title='bbox 78 1131 145 1152; x_wconf 86' lang='lat' dir='ltr'>trare</span> <span class='ocrx_word' id='word_1_202' title='bbox 156 1126 264 1157; x_wconf 86' lang='lat' dir='ltr'>debeat,</span> <span class='ocrx_word' id='word_1_203' title='bbox 277 1126 382 1152; x_wconf 87' lang='lat' dir='ltr'>etiamsi</span> <span class='ocrx_word' id='word_1_204' title='bbox 395 1126 448 1152; x_wconf 92' lang='lat' dir='ltr'>vim</span> <span class='ocrx_word' id='word_1_205' title='bbox 461 1125 588 1152; x_wconf 86' lang='lat' dir='ltr'>adbibere</span> <span class='ocrx_word' id='word_1_206' title='bbox 600 1134 651 1151; x_wconf 93' lang='lat' dir='ltr'>non</span> <span class='ocrx_word' id='word_1_207' title='bbox 664 1124 768 1160; x_wconf 70' lang='lat' dir='ltr'>possit?</span> <span class='ocrx_word' id='word_1_208' title='bbox 787 1122 877 1156; x_wconf 78' lang='lat' dir='ltr'>Quid‘?</span> 
     </span>
     <span class='ocr_line' id='line_1_28' title="bbox 77 1161 877 1198; baseline -0.004 -8"><span class='ocrx_word' id='word_1_209' title='bbox 77 1163 150 1198; x_wconf 89' lang='lat' dir='ltr'>quod</span> <span class='ocrx_word' id='word_1_210' title='bbox 162 1168 190 1190; x_wconf 91' lang='lat' dir='ltr'>tu</span> <span class='ocrx_word' id='word_1_211' title='bbox 202 1168 226 1190; x_wconf 90' lang='lat' dir='ltr'>te</span> <span class='ocrx_word' id='word_1_212' title='bbox 237 1164 296 1198; x_wconf 90' lang='lat' dir='ltr'>ipse</span> <span class='ocrx_word' id='word_1_213' title='bbox 307 1163 335 1190; x_wconf 92' lang='lat' dir='ltr'>in</span> <span class='ocrx_word' id='word_1_214' title='bbox 346 1163 496 1190; x_wconf 89' lang='lat' dir='ltr'>custodiam</span> <span class='ocrx_word' id='word_1_215' title='bbox 508 1162 624 1189; x_wconf 69' lang='lat' dir='ltr'>dedisti?</span> <span class='ocrx_word' id='word_1_216' title='bbox 638 1161 724 1197; x_wconf 76' lang='lat' dir='ltr'>quid?</span> <span class='ocrx_word' id='word_1_217' title='bbox 739 1162 821 1197; x_wconf 91' lang='lat' dir='ltr'>quod,</span> <span class='ocrx_word' id='word_1_218' title='bbox 837 1162 877 1187; x_wconf 91' lang='lat' dir='ltr'>vi-</span> 
     </span>
     <span class='ocr_line' id='line_1_29' title="bbox 78 1199 877 1236; baseline -0.003 -9"><span class='ocrx_word' id='word_1_219' title='bbox 78 1201 172 1228; x_wconf 88' lang='lat' dir='ltr'>tandae</span> <span class='ocrx_word' id='word_1_220' title='bbox 187 1201 351 1236; x_wconf 83' lang='lat' dir='ltr'>suspicionis</span> <span class='ocrx_word' id='word_1_221' title='bbox 367 1210 475 1232; x_wconf 77' lang='lat' dir='ltr'>caussa,</span> <span class='ocrx_word' id='word_1_222' title='bbox 494 1201 565 1236; x_wconf 90' lang='lat' dir='ltr'>apud</span> <span class='ocrx_word' id='word_1_223' title='bbox 578 1199 636 1227; x_wconf 56' lang='lat' dir='ltr'>Ml*</span> <span class='ocrx_word' id='word_1_224' title='bbox 648 1200 781 1235; x_wconf 89' lang='lat' dir='ltr'>Lepidum</span> <span class='ocrx_word' id='word_1_225' title='bbox 793 1204 817 1226; x_wconf 91' lang='lat' dir='ltr'>te</span> <span class='ocrx_word' id='word_1_226' title='bbox 829 1199 877 1225; x_wconf 88' lang='lat' dir='ltr'>ha-</span> 
     </span>
     <span class='ocr_line' id='line_1_30' title="bbox 78 1237 876 1273; baseline -0.003 -8"><span class='ocrx_word' id='word_1_227' title='bbox 78 1239 162 1265; x_wconf 88' lang='lat' dir='ltr'>bitare</span> <span class='ocrx_word' id='word_1_228' title='bbox 173 1238 241 1265; x_wconf 93' lang='lat' dir='ltr'>velle</span> <span class='ocrx_word' id='word_1_229' title='bbox 252 1237 365 1265; x_wconf 76' lang='lat' dir='ltr'>dixisti?</span> <span class='ocrx_word' id='word_1_230' title='bbox 385 1247 398 1265; x_wconf 86' lang='lat' dir='ltr'>a</span> <span class='ocrx_word' id='word_1_231' title='bbox 410 1247 464 1273; x_wconf 91' lang='lat' dir='ltr'>quo</span> <span class='ocrx_word' id='word_1_232' title='bbox 475 1247 526 1265; x_wconf 93' lang='lat' dir='ltr'>non</span> <span class='ocrx_word' id='word_1_233' title='bbox 539 1243 675 1273; x_wconf 89' lang='lat' dir='ltr'>receptus,</span> <span class='ocrx_word' id='word_1_234' title='bbox 694 1238 773 1264; x_wconf 86' lang='lat' dir='ltr'>etiam</span> <span class='ocrx_word' id='word_1_235' title='bbox 789 1237 822 1263; x_wconf 90' lang='lat' dir='ltr'>ad</span> <span class='ocrx_word' id='word_1_236' title='bbox 834 1245 876 1263; x_wconf 91' lang='lat' dir='ltr'>me</span> 
     </span>
     <span class='ocr_line' id='line_1_31' title="bbox 78 1276 874 1311; baseline -0.003 -9"><span class='ocrx_word' id='word_1_237' title='bbox 78 1277 169 1303; x_wconf 90' lang='lat' dir='ltr'>venire</span> <span class='ocrx_word' id='word_1_238' title='bbox 180 1284 263 1302; x_wconf 88' lang='lat' dir='ltr'>ausus</span> <span class='ocrx_word' id='word_1_239' title='bbox 276 1284 317 1308; x_wconf 87' lang='lat' dir='ltr'>es,</span> <span class='ocrx_word' id='word_1_240' title='bbox 335 1280 429 1311; x_wconf 90' lang='lat' dir='ltr'>atque,</span> <span class='ocrx_word' id='word_1_241' title='bbox 447 1280 477 1302; x_wconf 95' lang='lat' dir='ltr'>ut</span> <span class='ocrx_word' id='word_1_242' title='bbox 492 1276 564 1302; x_wconf 90' lang='lat' dir='ltr'>domi</span> <span class='ocrx_word' id='word_1_243' title='bbox 577 1285 651 1302; x_wconf 90' lang='lat' dir='ltr'>meae</span> <span class='ocrx_word' id='word_1_244' title='bbox 663 1280 687 1302; x_wconf 90' lang='lat' dir='ltr'>te</span> <span class='ocrx_word' id='word_1_245' title='bbox 699 1284 874 1306; x_wconf 86' lang='lat' dir='ltr'>asservarem,</span> 
     </span>
     <span class='ocr_line' id='line_1_32' title="bbox 78 1313 874 1349; baseline -0.003 -9"><span class='ocrx_word' id='word_1_246' title='bbox 78 1314 186 1349; x_wconf 82' lang='lat' dir='ltr'>rogasti.</span> <span class='ocrx_word' id='word_1_247' title='bbox 218 1313 307 1345; x_wconf 90' lang='lat' dir='ltr'>Quum</span> <span class='ocrx_word' id='word_1_248' title='bbox 324 1322 338 1339; x_wconf 91' lang='lat' dir='ltr'>a</span> <span class='ocrx_word' id='word_1_249' title='bbox 354 1322 396 1340; x_wconf 89' lang='lat' dir='ltr'>me</span> <span class='ocrx_word' id='word_1_250' title='bbox 411 1322 520 1349; x_wconf 88' lang='lat' dir='ltr'>quoque</span> <span class='ocrx_word' id='word_1_251' title='bbox 536 1314 563 1340; x_wconf 92' lang='lat' dir='ltr'>id</span> <span class='ocrx_word' id='word_1_252' title='bbox 579 1322 739 1348; x_wconf 89' lang='lat' dir='ltr'>responsum</span> <span class='ocrx_word' id='word_1_253' title='bbox 756 1313 874 1343; x_wconf 82' lang='lat' dir='ltr'>tulisses,</span> 
     </span>
     <span class='ocr_line' id='line_1_33' title="bbox 78 1350 877 1386; baseline -0.001 -9"><span class='ocrx_word' id='word_1_254' title='bbox 78 1360 120 1378; x_wconf 91' lang='lat' dir='ltr'>me</span> <span class='ocrx_word' id='word_1_255' title='bbox 137 1350 212 1378; x_wconf 89' lang='lat' dir='ltr'>nullo</span> <span class='ocrx_word' id='word_1_256' title='bbox 228 1351 307 1378; x_wconf 91' lang='lat' dir='ltr'>modo</span> <span class='ocrx_word' id='word_1_257' title='bbox 323 1360 401 1386; x_wconf 88' lang='lat' dir='ltr'>posse</span> <span class='ocrx_word' id='word_1_258' title='bbox 417 1351 514 1377; x_wconf 86' lang='lat' dir='ltr'>iisdem</span> <span class='ocrx_word' id='word_1_259' title='bbox 532 1352 679 1386; x_wconf 89' lang='lat' dir='ltr'>parietibus</span> <span class='ocrx_word' id='word_1_260' title='bbox 696 1355 753 1377; x_wconf 88' lang='lat' dir='ltr'>tuto</span> <span class='ocrx_word' id='word_1_261' title='bbox 768 1359 827 1376; x_wconf 90' lang='lat' dir='ltr'>esse</span> <span class='ocrx_word' id='word_1_262' title='bbox 838 1354 877 1376; x_wconf 93' lang='lat' dir='ltr'>te-</span> 
     </span>
     <span class='ocr_line' id='line_1_34' title="bbox 77 1388 877 1424; baseline -0.001 -9"><span class='ocrx_word' id='word_1_263' title='bbox 77 1397 149 1420; x_wconf 91' lang='lat' dir='ltr'>cum,</span> <span class='ocrx_word' id='word_1_264' title='bbox 163 1389 210 1424; x_wconf 91' lang='lat' dir='ltr'>qui</span> <span class='ocrx_word' id='word_1_265' title='bbox 222 1397 319 1424; x_wconf 83' lang='lat' dir='ltr'>magno</span> <span class='ocrx_word' id='word_1_266' title='bbox 330 1389 357 1415; x_wconf 91' lang='lat' dir='ltr'>in</span> <span class='ocrx_word' id='word_1_267' title='bbox 369 1389 489 1424; x_wconf 91' lang='lat' dir='ltr'>periculo</span> <span class='ocrx_word' id='word_1_268' title='bbox 500 1398 597 1420; x_wconf 82' lang='lat' dir='ltr'>essem,</span> <span class='ocrx_word' id='word_1_269' title='bbox 611 1389 683 1424; x_wconf 91' lang='lat' dir='ltr'>quod</span> <span class='ocrx_word' id='word_1_270' title='bbox 695 1388 791 1414; x_wconf 90' lang='lat' dir='ltr'>iisdem</span> <span class='ocrx_word' id='word_1_271' title='bbox 803 1396 877 1414; x_wconf 83' lang='lat' dir='ltr'>moe-</span> 
     </span>
     <span class='ocr_line' id='line_1_35' title="bbox 78 1425 877 1461; baseline -0.001 -8"><span class='ocrx_word' id='word_1_272' title='bbox 78 1426 159 1453; x_wconf 89' lang='lat' dir='ltr'>nibus</span> <span class='ocrx_word' id='word_1_273' title='bbox 175 1426 386 1458; x_wconf 79' lang='lat' dir='ltr'>contineremur,</span> <span class='ocrx_word' id='word_1_274' title='bbox 404 1426 436 1453; x_wconf 87' lang='lat' dir='ltr'>ad</span> <span class='ocrx_word' id='word_1_275' title='bbox 448 1425 479 1459; x_wconf 87' lang='lat' dir='ltr'>Q.</span> <span class='ocrx_word' id='word_1_276' title='bbox 493 1426 630 1453; x_wconf 86' lang='lat' dir='ltr'>Metellum</span> <span class='ocrx_word' id='word_1_277' title='bbox 642 1431 788 1461; x_wconf 85' lang='lat' dir='ltr'>praetorem</span> <span class='ocrx_word' id='word_1_278' title='bbox 801 1426 877 1452; x_wconf 88' lang='lat' dir='ltr'>veni-</span> 
     </span>
     <span class='ocr_line' id='line_1_36' title="bbox 77 1463 878 1499; baseline -0.001 -9"><span class='ocrx_word' id='word_1_279' title='bbox 77 1465 123 1490; x_wconf 90' lang='lat' dir='ltr'>sti.</span> <span class='ocrx_word' id='word_1_280' title='bbox 145 1463 167 1490; x_wconf 82' lang='lat' dir='ltr'>A</span> <span class='ocrx_word' id='word_1_281' title='bbox 178 1473 232 1499; x_wconf 91' lang='lat' dir='ltr'>quo</span> <span class='ocrx_word' id='word_1_282' title='bbox 244 1464 415 1499; x_wconf 88' lang='lat' dir='ltr'>repudiatus,</span> <span class='ocrx_word' id='word_1_283' title='bbox 429 1464 462 1491; x_wconf 88' lang='lat' dir='ltr'>ad</span> <span class='ocrx_word' id='word_1_284' title='bbox 474 1464 592 1491; x_wconf 89' lang='lat' dir='ltr'>sodalem</span> <span class='ocrx_word' id='word_1_285' title='bbox 605 1469 691 1495; x_wconf 84' lang='lat' dir='ltr'>tuum,</span> <span class='ocrx_word' id='word_1_286' title='bbox 705 1465 795 1490; x_wconf 89' lang='lat' dir='ltr'>virum</span> <span class='ocrx_word' id='word_1_287' title='bbox 807 1464 878 1498; x_wconf 90' lang='lat' dir='ltr'>opti-</span> 
     </span>
     <span class='ocr_line' id='line_1_37' title="bbox 77 1500 877 1538; baseline -0.001 -10"><span class='ocrx_word' id='word_1_288' title='bbox 77 1510 162 1532; x_wconf 86' lang='lat' dir='ltr'>mum.</span> <span class='ocrx_word' id='word_1_289' title='bbox 177 1502 210 1528; x_wconf 91' lang='lat' dir='ltr'>M.</span> <span class='ocrx_word' id='word_1_290' title='bbox 224 1501 380 1528; x_wconf 85' lang='lat' dir='ltr'>Marcellum</span> <span class='ocrx_word' id='word_1_291' title='bbox 392 1502 563 1538; x_wconf 76' lang='lat' dir='ltr'>demigrasti:</span> <span class='ocrx_word' id='word_1_292' title='bbox 581 1511 663 1537; x_wconf 87' lang='lat' dir='ltr'>quem</span> <span class='ocrx_word' id='word_1_293' title='bbox 675 1506 703 1528; x_wconf 90' lang='lat' dir='ltr'>tu</span> <span class='ocrx_word' id='word_1_294' title='bbox 716 1500 841 1527; x_wconf 89' lang='lat' dir='ltr'>videlicet</span> <span class='ocrx_word' id='word_1_295' title='bbox 852 1504 877 1527; x_wconf 88' lang='lat' dir='ltr'>et</span> 
     </span>
     <span class='ocr_line' id='line_1_38' title="bbox 77 1539 878 1576; baseline -0.001 -11"><span class='ocrx_word' id='word_1_296' title='bbox 77 1539 110 1566; x_wconf 89' lang='lat' dir='ltr'>ad</span> <span class='ocrx_word' id='word_1_297' title='bbox 125 1539 333 1566; x_wconf 89' lang='lat' dir='ltr'>custodiendum</span> <span class='ocrx_word' id='word_1_298' title='bbox 345 1544 369 1566; x_wconf 88' lang='lat' dir='ltr'>te</span> <span class='ocrx_word' id='word_1_299' title='bbox 380 1539 621 1576; x_wconf 80' lang='lat' dir='ltr'>diligentissimum</span> <span class='ocrx_word' id='word_1_300' title='bbox 630 1560 636 1570; x_wconf 85' lang='lat'>,</span> <span class='ocrx_word' id='word_1_301' title='bbox 654 1544 680 1566; x_wconf 89' lang='lat' dir='ltr'>et</span> <span class='ocrx_word' id='word_1_302' title='bbox 690 1539 722 1565; x_wconf 92' lang='lat' dir='ltr'>ad</span> <span class='ocrx_word' id='word_1_303' title='bbox 735 1540 878 1573; x_wconf 85' lang='lat' dir='ltr'>suspican-</span> 
     </span>
     <span class='ocr_line' id='line_1_39' title="bbox 76 1576 876 1613; baseline -0.001 -10"><span class='ocrx_word' id='word_1_304' title='bbox 76 1577 143 1603; x_wconf 92' lang='lat' dir='ltr'>dum</span> <span class='ocrx_word' id='word_1_305' title='bbox 159 1577 379 1613; x_wconf 83' lang='lat' dir='ltr'>sagacissimum,</span> <span class='ocrx_word' id='word_1_306' title='bbox 403 1581 428 1604; x_wconf 90' lang='lat' dir='ltr'>et</span> <span class='ocrx_word' id='word_1_307' title='bbox 443 1577 476 1603; x_wconf 90' lang='lat' dir='ltr'>ad</span> <span class='ocrx_word' id='word_1_308' title='bbox 492 1577 686 1603; x_wconf 89' lang='lat' dir='ltr'>vindicandum</span> <span class='ocrx_word' id='word_1_309' title='bbox 699 1576 876 1603; x_wconf 83' lang='lat' dir='ltr'>fortissimum</span> 
     </span>
     <span class='ocr_line' id='line_1_40' title="bbox 77 1614 877 1651; baseline -0.003 -10"><span class='ocrx_word' id='word_1_310' title='bbox 77 1614 132 1641; x_wconf 78' lang='lat' dir='ltr'>fore</span> <span class='ocrx_word' id='word_1_311' title='bbox 144 1615 254 1650; x_wconf 87' lang='lat' dir='ltr'>putasti.</span> <span class='ocrx_word' id='word_1_312' title='bbox 294 1614 347 1641; x_wconf 89' lang='lat' dir='ltr'>Sed</span> <span class='ocrx_word' id='word_1_313' title='bbox 358 1623 439 1649; x_wconf 86' lang='lat' dir='ltr'>quam</span> <span class='ocrx_word' id='word_1_314' title='bbox 453 1615 530 1651; x_wconf 77' lang='lat' dir='ltr'>longe</span> <span class='ocrx_word' id='word_1_315' title='bbox 542 1615 648 1641; x_wconf 88' lang='lat' dir='ltr'>videtur</span> <span class='ocrx_word' id='word_1_316' title='bbox 659 1624 672 1640; x_wconf 89' lang='lat' dir='ltr'>a</span> <span class='ocrx_word' id='word_1_317' title='bbox 684 1623 786 1640; x_wconf 88' lang='lat' dir='ltr'>carcere</span> <span class='ocrx_word' id='word_1_318' title='bbox 798 1619 877 1649; x_wconf 88' lang='lat' dir='ltr'>atque</span> 
     </span>
     <span class='ocr_line' id='line_1_41' title="bbox 77 1652 877 1687; baseline -0.001 -9"><span class='ocrx_word' id='word_1_319' title='bbox 77 1661 92 1679; x_wconf 85' lang='lat' dir='ltr'>a</span> <span class='ocrx_word' id='word_1_320' title='bbox 103 1652 220 1679; x_wconf 90' lang='lat' dir='ltr'>vinculis</span> <span class='ocrx_word' id='word_1_321' title='bbox 232 1652 326 1678; x_wconf 90' lang='lat' dir='ltr'>abesse</span> <span class='ocrx_word' id='word_1_322' title='bbox 337 1652 447 1684; x_wconf 89' lang='lat' dir='ltr'>debere,</span> <span class='ocrx_word' id='word_1_323' title='bbox 465 1653 513 1687; x_wconf 93' lang='lat' dir='ltr'>qui</span> <span class='ocrx_word' id='word_1_324' title='bbox 530 1661 558 1678; x_wconf 87' lang='lat' dir='ltr'>se</span> <span class='ocrx_word' id='word_1_325' title='bbox 569 1653 627 1687; x_wconf 86' lang='lat' dir='ltr'>ipse</span> <span class='ocrx_word' id='word_1_326' title='bbox 639 1652 691 1678; x_wconf 88' lang='lat' dir='ltr'>iam</span> <span class='ocrx_word' id='word_1_327' title='bbox 703 1652 817 1687; x_wconf 74' lang='lat' dir='ltr'>dignum</span> <span class='ocrx_word' id='word_1_328' title='bbox 829 1660 877 1678; x_wconf 80' lang='lat' dir='ltr'>eu-</span> 
     </span>
     <span class='ocr_line' id='line_1_42' title="bbox 77 1689 878 1725; baseline -0.001 -9"><span class='ocrx_word' id='word_1_329' title='bbox 77 1689 161 1717; x_wconf 77' lang='lat' dir='ltr'>stodia</span> <span class='ocrx_word' id='word_1_330' title='bbox 173 1689 316 1717; x_wconf 76' lang='lat' dir='ltr'>iudicarit?</span> <span class='ocrx_word' id='word_1_331' title='bbox 330 1691 372 1717; x_wconf 79' lang='lat'>20.</span> <span class='ocrx_word' id='word_1_332' title='bbox 384 1689 457 1722; x_wconf 86' lang='lat' dir='ltr'>Quae</span> <span class='ocrx_word' id='word_1_333' title='bbox 468 1699 554 1725; x_wconf 90' lang='lat' dir='ltr'>quum</span> <span class='ocrx_word' id='word_1_334' title='bbox 566 1690 601 1716; x_wconf 88' lang='lat' dir='ltr'>ita</span> <span class='ocrx_word' id='word_1_335' title='bbox 613 1690 675 1721; x_wconf 85' lang='lat' dir='ltr'>sint,</span> <span class='ocrx_word' id='word_1_336' title='bbox 690 1690 811 1721; x_wconf 86' lang='lat' dir='ltr'>Catilina,</span> <span class='ocrx_word' id='word_1_337' title='bbox 825 1689 878 1715; x_wconf 86' lang='lat' dir='ltr'>du-</span> 
     </span>
     <span class='ocr_line' id='line_1_43' title="bbox 77 1727 878 1763; baseline -0.001 -9"><span class='ocrx_word' id='word_1_338' title='bbox 77 1727 160 1759; x_wconf 79' lang='lat' dir='ltr'>bitas,</span> <span class='ocrx_word' id='word_1_339' title='bbox 183 1728 207 1754; x_wconf 91' lang='lat' dir='ltr'>si</span> <span class='ocrx_word' id='word_1_340' title='bbox 223 1728 306 1754; x_wconf 89' lang='lat' dir='ltr'>emori</span> <span class='ocrx_word' id='word_1_341' title='bbox 321 1736 407 1763; x_wconf 87' lang='lat' dir='ltr'>aequo</span> <span class='ocrx_word' id='word_1_342' title='bbox 423 1728 513 1754; x_wconf 92' lang='lat' dir='ltr'>animo</span> <span class='ocrx_word' id='word_1_343' title='bbox 529 1737 581 1754; x_wconf 90' lang='lat' dir='ltr'>non</span> <span class='ocrx_word' id='word_1_344' title='bbox 594 1732 681 1762; x_wconf 83' lang='lat' dir='ltr'>potes,</span> <span class='ocrx_word' id='word_1_345' title='bbox 705 1727 778 1754; x_wconf 87' lang='lat' dir='ltr'>abire</span> <span class='ocrx_word' id='word_1_346' title='bbox 789 1728 816 1754; x_wconf 91' lang='lat' dir='ltr'>in</span> <span class='ocrx_word' id='word_1_347' title='bbox 828 1727 878 1753; x_wconf 88' lang='lat' dir='ltr'>ali-</span> 
     </span>
     <span class='ocr_line' id='line_1_44' title="bbox 77 1765 876 1800; baseline -0.001 -8"><span class='ocrx_word' id='word_1_348' title='bbox 77 1773 145 1800; x_wconf 85' lang='lat' dir='ltr'>quas</span> <span class='ocrx_word' id='word_1_349' title='bbox 160 1769 256 1796; x_wconf 86' lang='lat' dir='ltr'>terras,</span> <span class='ocrx_word' id='word_1_350' title='bbox 280 1769 306 1791; x_wconf 89' lang='lat' dir='ltr'>et</span> <span class='ocrx_word' id='word_1_351' title='bbox 321 1765 403 1792; x_wconf 90' lang='lat' dir='ltr'>vitam</span> <span class='ocrx_word' id='word_1_352' title='bbox 421 1765 512 1796; x_wconf 89' lang='lat' dir='ltr'>istam,</span> <span class='ocrx_word' id='word_1_353' title='bbox 536 1765 630 1792; x_wconf 91' lang='lat' dir='ltr'>multis</span> <span class='ocrx_word' id='word_1_354' title='bbox 642 1765 785 1800; x_wconf 87' lang='lat' dir='ltr'>suppliciis</span> <span class='ocrx_word' id='word_1_355' title='bbox 797 1765 876 1791; x_wconf 86' lang='lat' dir='ltr'>iustis</span> 
     </span>
     <span class='ocr_line' id='line_1_45' title="bbox 77 1802 826 1839; baseline 0 -10"><span class='ocrx_word' id='word_1_356' title='bbox 77 1802 230 1838; x_wconf 89' lang='lat' dir='ltr'>debitisque</span> <span class='ocrx_word' id='word_1_357' title='bbox 241 1807 368 1838; x_wconf 88' lang='lat' dir='ltr'>ereptam,</span> <span class='ocrx_word' id='word_1_358' title='bbox 384 1802 462 1839; x_wconf 81' lang='lat' dir='ltr'>fugae</span> <span class='ocrx_word' id='word_1_359' title='bbox 473 1803 669 1838; x_wconf 87' lang='lat' dir='ltr'>solitudinique</span> <span class='ocrx_word' id='word_1_360' title='bbox 681 1802 826 1829; x_wconf 67' lang='lat' dir='ltr'>mandare?</span> 
     </span>
    </p>

    <p class='ocr_par' dir='ltr' id='par_1_4' title="bbox 77 1840 879 2737">
     <span class='ocr_line' id='line_1_46' title="bbox 132 1840 874 1875; baseline 0 -8"><span class='ocrx_word' id='word_1_361' title='bbox 132 1840 224 1872; x_wconf 84' lang='lat' dir='ltr'>Refer,</span> <span class='ocrx_word' id='word_1_362' title='bbox 246 1841 353 1875; x_wconf 84' lang='lat' dir='ltr'>inquis,</span> <span class='ocrx_word' id='word_1_363' title='bbox 371 1840 404 1867; x_wconf 88' lang='lat' dir='ltr'>ad</span> <span class='ocrx_word' id='word_1_364' title='bbox 416 1845 552 1867; x_wconf 85' lang='lat' dir='ltr'>senatum:</span> <span class='ocrx_word' id='word_1_365' title='bbox 576 1841 603 1867; x_wconf 91' lang='lat' dir='ltr'>id</span> <span class='ocrx_word' id='word_1_366' title='bbox 615 1841 687 1867; x_wconf 91' lang='lat' dir='ltr'>enim</span> <span class='ocrx_word' id='word_1_367' title='bbox 704 1840 824 1875; x_wconf 86' lang='lat' dir='ltr'>postulas</span> <span class='ocrx_word' id='word_1_368' title='bbox 841 1845 874 1871; x_wconf 87' lang='lat' dir='ltr'>et,</span> 
     </span>
     <span class='ocr_line' id='line_1_47' title="bbox 77 1877 874 1912; baseline 0 -8"><span class='ocrx_word' id='word_1_369' title='bbox 77 1878 102 1905; x_wconf 85' lang='lat' dir='ltr'>si</span> <span class='ocrx_word' id='word_1_370' title='bbox 112 1877 156 1904; x_wconf 88' lang='lat' dir='ltr'>hic</span> <span class='ocrx_word' id='word_1_371' title='bbox 166 1878 231 1905; x_wconf 90' lang='lat' dir='ltr'>ordo</span> <span class='ocrx_word' id='word_1_372' title='bbox 242 1877 345 1912; x_wconf 83' lang='lat' dir='ltr'>placere</span> <span class='ocrx_word' id='word_1_373' title='bbox 356 1878 409 1905; x_wconf 89' lang='lat' dir='ltr'>sibi</span> <span class='ocrx_word' id='word_1_374' title='bbox 421 1878 580 1909; x_wconf 89' lang='lat' dir='ltr'>decreverit,</span> <span class='ocrx_word' id='word_1_375' title='bbox 600 1882 624 1904; x_wconf 89' lang='lat' dir='ltr'>te</span> <span class='ocrx_word' id='word_1_376' title='bbox 639 1879 678 1904; x_wconf 90' lang='lat' dir='ltr'>ire</span> <span class='ocrx_word' id='word_1_377' title='bbox 693 1879 720 1904; x_wconf 93' lang='lat' dir='ltr'>in</span> <span class='ocrx_word' id='word_1_378' title='bbox 737 1878 874 1908; x_wconf 82' lang='lat' dir='ltr'>exsilium,</span> 
     </span>
     <span class='ocr_line' id='line_1_48' title="bbox 77 1915 877 1951; baseline 0 -9"><span class='ocrx_word' id='word_1_379' title='bbox 77 1915 324 1950; x_wconf 80' lang='lat' dir='ltr'>obtemperaturum</span> <span class='ocrx_word' id='word_1_380' title='bbox 337 1920 361 1942; x_wconf 85' lang='lat' dir='ltr'>te</span> <span class='ocrx_word' id='word_1_381' title='bbox 372 1924 432 1942; x_wconf 87' lang='lat' dir='ltr'>esse</span> <span class='ocrx_word' id='word_1_382' title='bbox 443 1916 522 1942; x_wconf 84' lang='lat' dir='ltr'>dicis.</span> <span class='ocrx_word' id='word_1_383' title='bbox 554 1916 612 1942; x_wconf 92' lang='lat' dir='ltr'>Non</span> <span class='ocrx_word' id='word_1_384' title='bbox 625 1915 750 1947; x_wconf 84' lang='lat' dir='ltr'>reseram,</span> <span class='ocrx_word' id='word_1_385' title='bbox 765 1916 792 1942; x_wconf 90' lang='lat' dir='ltr'>id</span> <span class='ocrx_word' id='word_1_386' title='bbox 804 1916 877 1951; x_wconf 86' lang='lat' dir='ltr'>quod</span> 
     </span>
     <span class='ocr_line' id='line_1_49' title="bbox 78 1953 878 1985; baseline 0 -6"><span class='ocrx_word' id='word_1_387' title='bbox 78 1953 202 1980; x_wconf 85' lang='lat' dir='ltr'>abhorret</span> <span class='ocrx_word' id='word_1_388' title='bbox 212 1961 226 1979; x_wconf 82' lang='lat' dir='ltr'>a</span> <span class='ocrx_word' id='word_1_389' title='bbox 238 1953 305 1979; x_wconf 90' lang='lat' dir='ltr'>meis</span> <span class='ocrx_word' id='word_1_390' title='bbox 318 1953 453 1985; x_wconf 88' lang='lat' dir='ltr'>moribus,</span> <span class='ocrx_word' id='word_1_391' title='bbox 471 1957 496 1979; x_wconf 86' lang='lat' dir='ltr'>et</span> <span class='ocrx_word' id='word_1_392' title='bbox 508 1958 595 1979; x_wconf 90' lang='lat' dir='ltr'>tamen</span> <span class='ocrx_word' id='word_1_393' title='bbox 608 1953 702 1979; x_wconf 80' lang='lat' dir='ltr'>faciam</span> <span class='ocrx_word' id='word_1_394' title='bbox 711 1974 717 1984; x_wconf 97' lang='lat'>,</span> <span class='ocrx_word' id='word_1_395' title='bbox 736 1958 765 1979; x_wconf 89' lang='lat' dir='ltr'>ut</span> <span class='ocrx_word' id='word_1_396' title='bbox 777 1953 878 1980; x_wconf 85' lang='lat' dir='ltr'>intelli-</span> 
     </span>
     <span class='ocr_line' id='line_1_50' title="bbox 77 1990 877 2026; baseline 0.001 -10"><span class='ocrx_word' id='word_1_397' title='bbox 77 1998 134 2026; x_wconf 83' lang='lat' dir='ltr'>gas,</span> <span class='ocrx_word' id='word_1_398' title='bbox 148 1990 214 2024; x_wconf 90' lang='lat' dir='ltr'>quid</span> <span class='ocrx_word' id='word_1_399' title='bbox 227 1990 254 2016; x_wconf 83' lang='grc'>111</span> <span class='ocrx_word' id='word_1_400' title='bbox 266 1990 298 2016; x_wconf 88' lang='lat' dir='ltr'>de</span> <span class='ocrx_word' id='word_1_401' title='bbox 310 1994 334 2016; x_wconf 89' lang='lat' dir='ltr'>te</span> <span class='ocrx_word' id='word_1_402' title='bbox 346 1991 471 2017; x_wconf 86' lang='lat' dir='ltr'>sentiant.</span> <span class='ocrx_word' id='word_1_403' title='bbox 503 1990 636 2025; x_wconf 81' lang='lat' dir='ltr'>Egredere</span> <span class='ocrx_word' id='word_1_404' title='bbox 647 1999 680 2017; x_wconf 87' lang='lat' dir='ltr'>ex</span> <span class='ocrx_word' id='word_1_405' title='bbox 692 1991 770 2022; x_wconf 86' lang='lat' dir='ltr'>Urbe,</span> <span class='ocrx_word' id='word_1_406' title='bbox 785 1991 877 2017; x_wconf 89' lang='lat' dir='ltr'>Catili-</span> 
     </span>
     <span class='ocr_line' id='line_1_51' title="bbox 79 2027 877 2062; baseline 0.001 -9"><span class='ocrx_word' id='word_1_407' title='bbox 79 2036 125 2054; x_wconf 90' lang='lat' dir='ltr'>na:</span> <span class='ocrx_word' id='word_1_408' title='bbox 150 2027 231 2053; x_wconf 86' lang='lat' dir='ltr'>libera</span> <span class='ocrx_word' id='word_1_409' title='bbox 247 2027 442 2062; x_wconf 86' lang='lat' dir='ltr'>rempublicam</span> <span class='ocrx_word' id='word_1_410' title='bbox 459 2032 546 2054; x_wconf 88' lang='lat' dir='ltr'>metu:</span> <span class='ocrx_word' id='word_1_411' title='bbox 570 2028 597 2054; x_wconf 92' lang='lat' dir='ltr'>in</span> <span class='ocrx_word' id='word_1_412' title='bbox 613 2028 750 2059; x_wconf 84' lang='lat' dir='ltr'>exsilium,</span> <span class='ocrx_word' id='word_1_413' title='bbox 774 2029 797 2054; x_wconf 89' lang='lat' dir='ltr'>si</span> <span class='ocrx_word' id='word_1_414' title='bbox 811 2029 877 2055; x_wconf 78' lang='lat' dir='ltr'>lianc</span> 
     </span>
     <span class='ocr_line' id='line_1_52' title="bbox 80 2064 877 2100; baseline 0.001 -10"><span class='ocrx_word' id='word_1_415' title='bbox 80 2073 171 2091; x_wconf 90' lang='lat' dir='ltr'>vocem</span> <span class='ocrx_word' id='word_1_416' title='bbox 184 2069 332 2099; x_wconf 79' lang='lat' dir='ltr'>exspectas.</span> <span class='ocrx_word' id='word_1_417' title='bbox 347 2065 524 2100; x_wconf 78' lang='lat' dir='ltr'>proficiscere.</span> <span class='ocrx_word' id='word_1_418' title='bbox 546 2064 616 2097; x_wconf 91' lang='lat' dir='ltr'>Quid</span> <span class='ocrx_word' id='word_1_419' title='bbox 628 2069 677 2096; x_wconf 86' lang='lat' dir='ltr'>est,</span> <span class='ocrx_word' id='word_1_420' title='bbox 692 2065 823 2092; x_wconf 79' lang='lat' dir='ltr'>Catilina‘?</span> <span class='ocrx_word' id='word_1_421' title='bbox 834 2075 877 2092; x_wconf 89' lang='lat' dir='ltr'>ec-</span> 
     </span>
     <span class='ocr_line' id='line_1_53' title="bbox 78 2101 878 2137; baseline 0.001 -9"><span class='ocrx_word' id='word_1_422' title='bbox 78 2102 145 2137; x_wconf 89' lang='lat' dir='ltr'>quid</span> <span class='ocrx_word' id='word_1_423' title='bbox 157 2101 290 2128; x_wconf 71' lang='lat' dir='ltr'>attendis?</span> <span class='ocrx_word' id='word_1_424' title='bbox 301 2102 397 2137; x_wconf 88' lang='lat' dir='ltr'>ecquid</span> <span class='ocrx_word' id='word_1_425' title='bbox 410 2102 600 2129; x_wconf 79' lang='lat' dir='ltr'>animadvertis</span> <span class='ocrx_word' id='word_1_426' title='bbox 613 2103 708 2129; x_wconf 88' lang='lat' dir='ltr'>borum</span> <span class='ocrx_word' id='word_1_427' title='bbox 720 2102 878 2129; x_wconf 65' lang='lat' dir='ltr'>silentium?</span> 
     </span>
     <span class='ocr_line' id='line_1_54' title="bbox 77 2139 879 2175; baseline 0.001 -9"><span class='ocrx_word' id='word_1_428' title='bbox 77 2140 232 2171; x_wconf 85' lang='lat' dir='ltr'>Patiuntur,</span> <span class='ocrx_word' id='word_1_429' title='bbox 255 2143 349 2166; x_wconf 83' lang='lat' dir='ltr'>tacent.</span> <span class='ocrx_word' id='word_1_430' title='bbox 389 2139 460 2172; x_wconf 89' lang='lat' dir='ltr'>Quid</span> <span class='ocrx_word' id='word_1_431' title='bbox 481 2144 621 2175; x_wconf 84' lang='lat' dir='ltr'>exspectas</span> <span class='ocrx_word' id='word_1_432' title='bbox 637 2140 817 2166; x_wconf 87' lang='lat' dir='ltr'>auctoritatem</span> <span class='ocrx_word' id='word_1_433' title='bbox 841 2140 879 2167; x_wconf 92' lang='lat' dir='ltr'>lo-</span> 
     </span>
     <span class='ocr_line' id='line_1_55' title="bbox 78 2176 879 2213; baseline 0 -9"><span class='ocrx_word' id='word_1_434' title='bbox 78 2177 234 2213; x_wconf 85' lang='lat' dir='ltr'>quentium,</span> <span class='ocrx_word' id='word_1_435' title='bbox 258 2185 373 2212; x_wconf 90' lang='lat' dir='ltr'>quorum</span> <span class='ocrx_word' id='word_1_436' title='bbox 391 2176 555 2203; x_wconf 90' lang='lat' dir='ltr'>voluntatem</span> <span class='ocrx_word' id='word_1_437' title='bbox 572 2178 711 2204; x_wconf 89' lang='lat' dir='ltr'>tacitorum</span> <span class='ocrx_word' id='word_1_438' title='bbox 729 2178 879 2212; x_wconf 70' lang='lat' dir='ltr'>perspicis?</span> 
     </span>
     <span class='ocr_line' id='line_1_56' title="bbox 79 2214 875 2249; baseline 0 -8"><span class='ocrx_word' id='word_1_439' title='bbox 79 2216 121 2242; x_wconf 73' lang='lat'>21.</span> <span class='ocrx_word' id='word_1_440' title='bbox 138 2214 172 2241; x_wconf 83' lang='lat' dir='ltr'>At</span> <span class='ocrx_word' id='word_1_441' title='bbox 182 2215 205 2241; x_wconf 87' lang='lat' dir='ltr'>si</span> <span class='ocrx_word' id='word_1_442' title='bbox 218 2214 267 2241; x_wconf 87' lang='lat' dir='ltr'>boc</span> <span class='ocrx_word' id='word_1_443' title='bbox 278 2214 349 2240; x_wconf 90' lang='lat' dir='ltr'>idem</span> <span class='ocrx_word' id='word_1_444' title='bbox 362 2214 425 2240; x_wconf 85' lang='lat' dir='ltr'>huic</span> <span class='ocrx_word' id='word_1_445' title='bbox 436 2214 596 2241; x_wconf 86' lang='lat' dir='ltr'>adolescenti</span> <span class='ocrx_word' id='word_1_446' title='bbox 609 2215 719 2249; x_wconf 84' lang='lat' dir='ltr'>optimo,</span> <span class='ocrx_word' id='word_1_447' title='bbox 734 2216 762 2241; x_wconf 81' lang='lat' dir='ltr'>P.</span> <span class='ocrx_word' id='word_1_448' title='bbox 775 2215 875 2246; x_wconf 86' lang='lat' dir='ltr'>Sextio,</span> 
     </span>
     <span class='ocr_line' id='line_1_57' title="bbox 79 2251 877 2283; baseline 0 -4"><span class='ocrx_word' id='word_1_449' title='bbox 79 2253 103 2279; x_wconf 88' lang='lat' dir='ltr'>si</span> <span class='ocrx_word' id='word_1_450' title='bbox 119 2251 266 2279; x_wconf 79' lang='lat' dir='ltr'>fortissimo</span> <span class='ocrx_word' id='word_1_451' title='bbox 282 2252 347 2282; x_wconf 87' lang='lat' dir='ltr'>viro,</span> <span class='ocrx_word' id='word_1_452' title='bbox 365 2252 401 2278; x_wconf 91' lang='lat' dir='ltr'>M.</span> <span class='ocrx_word' id='word_1_453' title='bbox 419 2251 555 2283; x_wconf 84' lang='lat' dir='ltr'>Marcello,</span> <span class='ocrx_word' id='word_1_454' title='bbox 573 2252 717 2279; x_wconf 83' lang='lat' dir='ltr'>dixissem:</span> <span class='ocrx_word' id='word_1_455' title='bbox 741 2253 794 2279; x_wconf 89' lang='lat' dir='ltr'>iam</span> <span class='ocrx_word' id='word_1_456' title='bbox 811 2253 877 2279; x_wconf 83' lang='lat' dir='ltr'>milii</span> 
     </span>
     <span class='ocr_line' id='line_1_58' title="bbox 79 2289 877 2324; baseline 0 -8"><span class='ocrx_word' id='word_1_457' title='bbox 79 2289 196 2321; x_wconf 89' lang='lat' dir='ltr'>consuli,</span> <span class='ocrx_word' id='word_1_458' title='bbox 215 2289 264 2316; x_wconf 90' lang='lat' dir='ltr'>hoc</span> <span class='ocrx_word' id='word_1_459' title='bbox 276 2290 335 2324; x_wconf 86' lang='lat' dir='ltr'>ipso</span> <span class='ocrx_word' id='word_1_460' title='bbox 346 2290 372 2315; x_wconf 93' lang='lat' dir='ltr'>in</span> <span class='ocrx_word' id='word_1_461' title='bbox 386 2289 498 2324; x_wconf 87' lang='lat' dir='ltr'>templo,</span> <span class='ocrx_word' id='word_1_462' title='bbox 516 2290 574 2316; x_wconf 88' lang='lat' dir='ltr'>iure</span> <span class='ocrx_word' id='word_1_463' title='bbox 589 2290 690 2324; x_wconf 89' lang='lat' dir='ltr'>optimo</span> <span class='ocrx_word' id='word_1_464' title='bbox 701 2295 810 2316; x_wconf 83' lang='lat' dir='ltr'>senatus</span> <span class='ocrx_word' id='word_1_465' title='bbox 822 2291 877 2316; x_wconf 91' lang='lat' dir='ltr'>vim</span> 
     </span>
     <span class='ocr_line' id='line_1_59' title="bbox 80 2327 877 2363; baseline 0 -9"><span class='ocrx_word' id='word_1_466' title='bbox 80 2331 105 2354; x_wconf 84' lang='lat' dir='ltr'>et</span> <span class='ocrx_word' id='word_1_467' title='bbox 125 2335 221 2354; x_wconf 87' lang='lat' dir='ltr'>manus</span> <span class='ocrx_word' id='word_1_468' title='bbox 243 2327 388 2353; x_wconf 87' lang='lat' dir='ltr'>intulisset.</span> <span class='ocrx_word' id='word_1_469' title='bbox 421 2327 456 2353; x_wconf 86' lang='lat' dir='ltr'>De</span> <span class='ocrx_word' id='word_1_470' title='bbox 477 2331 502 2353; x_wconf 84' lang='lat' dir='ltr'>te</span> <span class='ocrx_word' id='word_1_471' title='bbox 517 2331 619 2358; x_wconf 86' lang='lat' dir='ltr'>autem,</span> <span class='ocrx_word' id='word_1_472' title='bbox 642 2327 769 2359; x_wconf 85' lang='lat' dir='ltr'>Catilina,</span> <span class='ocrx_word' id='word_1_473' title='bbox 791 2337 877 2363; x_wconf 89' lang='lat' dir='ltr'>quum</span> 
     </span>
     <span class='ocr_line' id='line_1_60' title="bbox 79 2364 875 2400; baseline 0 -9"><span class='ocrx_word' id='word_1_474' title='bbox 79 2365 237 2400; x_wconf 84' lang='lat' dir='ltr'>quiescunt,</span> <span class='ocrx_word' id='word_1_475' title='bbox 265 2364 391 2399; x_wconf 87' lang='lat' dir='ltr'>probant:</span> <span class='ocrx_word' id='word_1_476' title='bbox 423 2373 509 2399; x_wconf 92' lang='lat' dir='ltr'>quum</span> <span class='ocrx_word' id='word_1_477' title='bbox 536 2365 687 2399; x_wconf 83' lang='lat' dir='ltr'>patiuntur,</span> <span class='ocrx_word' id='word_1_478' title='bbox 715 2364 875 2391; x_wconf 85' lang='lat' dir='ltr'>decernunt:</span> 
     </span>
     <span class='ocr_line' id='line_1_61' title="bbox 79 2401 878 2438; baseline -0.001 -9"><span class='ocrx_word' id='word_1_479' title='bbox 79 2410 164 2438; x_wconf 90' lang='lat' dir='ltr'>quum</span> <span class='ocrx_word' id='word_1_480' title='bbox 176 2406 275 2433; x_wconf 82' lang='lat' dir='ltr'>tacent,</span> <span class='ocrx_word' id='word_1_481' title='bbox 289 2401 418 2428; x_wconf 85' lang='lat' dir='ltr'>clamant:</span> <span class='ocrx_word' id='word_1_482' title='bbox 442 2410 529 2436; x_wconf 83' lang='lat' dir='ltr'>neque</span> <span class='ocrx_word' id='word_1_483' title='bbox 543 2402 569 2428; x_wconf 88' lang='grc'>111</span> <span class='ocrx_word' id='word_1_484' title='bbox 581 2401 683 2432; x_wconf 84' lang='lat' dir='ltr'>solum,</span> <span class='ocrx_word' id='word_1_485' title='bbox 700 2410 816 2437; x_wconf 88' lang='lat' dir='ltr'>quorum</span> <span class='ocrx_word' id='word_1_486' title='bbox 830 2403 878 2428; x_wconf 90' lang='lat' dir='ltr'>tibi</span> 
     </span>
     <span class='ocr_line' id='line_1_62' title="bbox 80 2439 878 2470; baseline -0.001 -4"><span class='ocrx_word' id='word_1_487' title='bbox 80 2439 222 2466; x_wconf 78' lang='lat' dir='ltr'>auctoritas</span> <span class='ocrx_word' id='word_1_488' title='bbox 233 2443 274 2465; x_wconf 86' lang='lat' dir='ltr'>est</span> <span class='ocrx_word' id='word_1_489' title='bbox 286 2439 411 2465; x_wconf 88' lang='lat' dir='ltr'>videlicet</span> <span class='ocrx_word' id='word_1_490' title='bbox 421 2447 489 2470; x_wconf 82' lang='lat' dir='ltr'>cara,</span> <span class='ocrx_word' id='word_1_491' title='bbox 504 2440 556 2465; x_wconf 86' lang='lat' dir='ltr'>vita</span> <span class='ocrx_word' id='word_1_492' title='bbox 570 2439 715 2470; x_wconf 86' lang='lat' dir='ltr'>vilissima,</span> <span class='ocrx_word' id='word_1_493' title='bbox 739 2439 786 2466; x_wconf 87' lang='lat' dir='ltr'>sed</span> <span class='ocrx_word' id='word_1_494' title='bbox 798 2440 878 2465; x_wconf 88' lang='lat' dir='ltr'>etiam</span> 
     </span>
     <span class='ocr_line' id='line_1_63' title="bbox 80 2476 879 2512; baseline -0.001 -9"><span class='ocrx_word' id='word_1_495' title='bbox 80 2476 120 2504; x_wconf 88' lang='lat' dir='ltr'>illi</span> <span class='ocrx_word' id='word_1_496' title='bbox 131 2476 363 2512; x_wconf 81' lang='lat' dir='ltr'>equitesRomani,</span> <span class='ocrx_word' id='word_1_497' title='bbox 373 2476 555 2503; x_wconf 81' lang='lat' dir='ltr'>honestissimi</span> <span class='ocrx_word' id='word_1_498' title='bbox 568 2481 647 2511; x_wconf 85' lang='lat' dir='ltr'>atque</span> <span class='ocrx_word' id='word_1_499' title='bbox 658 2477 752 2511; x_wconf 90' lang='lat' dir='ltr'>optimi</span> <span class='ocrx_word' id='word_1_500' title='bbox 765 2477 826 2507; x_wconf 83' lang='lat' dir='ltr'>viri,</span> <span class='ocrx_word' id='word_1_501' title='bbox 835 2485 879 2503; x_wconf 82' lang='lat' dir='ltr'>ce-</span> 
     </span>
     <span class='ocr_line' id='line_1_64' title="bbox 81 2513 875 2549; baseline -0.003 -8"><span class='ocrx_word' id='word_1_502' title='bbox 81 2514 184 2549; x_wconf 87' lang='lat' dir='ltr'>terique</span> <span class='ocrx_word' id='word_1_503' title='bbox 205 2513 345 2541; x_wconf 82' lang='lat' dir='ltr'>fortissimi</span> <span class='ocrx_word' id='word_1_504' title='bbox 366 2515 453 2546; x_wconf 81' lang='lat' dir='ltr'>cives,</span> <span class='ocrx_word' id='word_1_505' title='bbox 480 2515 527 2548; x_wconf 88' lang='lat' dir='ltr'>qui</span> <span class='ocrx_word' id='word_1_506' title='bbox 548 2514 723 2540; x_wconf 76' lang='lat' dir='ltr'>circumstant</span> <span class='ocrx_word' id='word_1_507' title='bbox 743 2518 875 2545; x_wconf 75' lang='lat' dir='ltr'>senatum,</span> 
     </span>
     <span class='ocr_line' id='line_1_65' title="bbox 80 2551 879 2587; baseline -0.001 -9"><span class='ocrx_word' id='word_1_508' title='bbox 80 2559 196 2587; x_wconf 91' lang='lat' dir='ltr'>quorum</span> <span class='ocrx_word' id='word_1_509' title='bbox 208 2556 236 2578; x_wconf 89' lang='lat' dir='ltr'>tu</span> <span class='ocrx_word' id='word_1_510' title='bbox 247 2556 272 2578; x_wconf 90' lang='lat' dir='ltr'>et</span> <span class='ocrx_word' id='word_1_511' title='bbox 285 2551 461 2587; x_wconf 75' lang='lat' dir='ltr'>frequentiam</span> <span class='ocrx_word' id='word_1_512' title='bbox 474 2551 564 2577; x_wconf 85' lang='lat' dir='ltr'>videre</span> <span class='ocrx_word' id='word_1_513' title='bbox 581 2556 607 2577; x_wconf 85' lang='lat' dir='ltr'>et</span> <span class='ocrx_word' id='word_1_514' title='bbox 622 2551 710 2577; x_wconf 84' lang='lat' dir='ltr'>studia</span> <span class='ocrx_word' id='word_1_515' title='bbox 728 2551 879 2586; x_wconf 75' lang='lat' dir='ltr'>perspicere</span> 
     </span>
     <span class='ocr_line' id='line_1_66' title="bbox 81 2589 879 2624; baseline -0.003 -8"><span class='ocrx_word' id='word_1_516' title='bbox 81 2592 106 2616; x_wconf 86' lang='lat' dir='ltr'>et</span> <span class='ocrx_word' id='word_1_517' title='bbox 117 2597 194 2616; x_wconf 87' lang='lat' dir='ltr'>voces</span> <span class='ocrx_word' id='word_1_518' title='bbox 215 2589 306 2624; x_wconf 88' lang='lat' dir='ltr'>paullo</span> <span class='ocrx_word' id='word_1_519' title='bbox 326 2593 386 2616; x_wconf 82' lang='lat' dir='ltr'>ante</span> <span class='ocrx_word' id='word_1_520' title='bbox 402 2589 529 2616; x_wconf 81' lang='lat' dir='ltr'>exaudire</span> <span class='ocrx_word' id='word_1_521' title='bbox 546 2589 669 2624; x_wconf 80' lang='lat' dir='ltr'>potuisti:</span> <span class='ocrx_word' id='word_1_522' title='bbox 692 2597 807 2624; x_wconf 89' lang='lat' dir='ltr'>quorum</span> <span class='ocrx_word' id='word_1_523' title='bbox 829 2597 879 2623; x_wconf 75' lang='lat' dir='ltr'>ego</span> 
     </span>
     <span class='ocr_line' id='line_1_67' title="bbox 81 2625 879 2654; baseline -0.003 -1"><span class='ocrx_word' id='word_1_524' title='bbox 81 2625 128 2654; x_wconf 88' lang='lat' dir='ltr'>vix</span> <span class='ocrx_word' id='word_1_525' title='bbox 138 2626 186 2653; x_wconf 87' lang='lat' dir='ltr'>abs</span> <span class='ocrx_word' id='word_1_526' title='bbox 198 2631 223 2653; x_wconf 83' lang='lat' dir='ltr'>te</span> <span class='ocrx_word' id='word_1_527' title='bbox 234 2626 335 2653; x_wconf 87' lang='lat' dir='ltr'>iamdiu</span> <span class='ocrx_word' id='word_1_528' title='bbox 348 2635 445 2653; x_wconf 84' lang='lat' dir='ltr'>manus</span> <span class='ocrx_word' id='word_1_529' title='bbox 457 2635 486 2653; x_wconf 86' lang='lat' dir='ltr'>ac</span> <span class='ocrx_word' id='word_1_530' title='bbox 499 2626 547 2653; x_wconf 87' lang='lat' dir='ltr'>tela</span> <span class='ocrx_word' id='word_1_531' title='bbox 559 2626 696 2653; x_wconf 76' lang='lat' dir='ltr'>contineo:</span> <span class='ocrx_word' id='word_1_532' title='bbox 720 2626 827 2652; x_wconf 81' lang='lat' dir='ltr'>eosdem</span> <span class='ocrx_word' id='word_1_533' title='bbox 841 2625 879 2652; x_wconf 71' lang='grc'>111-</span> 
     </span>
     <span class='ocr_line' id='line_1_68' title="bbox 81 2663 879 2699; baseline -0.001 -9"><span class='ocrx_word' id='word_1_534' title='bbox 81 2663 132 2690; x_wconf 85' lang='lat' dir='ltr'>cile</span> <span class='ocrx_word' id='word_1_535' title='bbox 143 2663 283 2696; x_wconf 77' lang='lat' dir='ltr'>adducam,</span> <span class='ocrx_word' id='word_1_536' title='bbox 298 2668 325 2690; x_wconf 90' lang='lat' dir='ltr'>ut</span> <span class='ocrx_word' id='word_1_537' title='bbox 337 2668 361 2690; x_wconf 91' lang='lat' dir='ltr'>te</span> <span class='ocrx_word' id='word_1_538' title='bbox 374 2664 524 2699; x_wconf 80' lang='lat' dir='ltr'>liaec‚quae</span> <span class='ocrx_word' id='word_1_539' title='bbox 536 2663 694 2698; x_wconf 86' lang='lat' dir='ltr'>iampridem</span> <span class='ocrx_word' id='word_1_540' title='bbox 708 2668 810 2689; x_wconf 86' lang='lat' dir='ltr'>vastare</span> <span class='ocrx_word' id='word_1_541' title='bbox 821 2668 879 2689; x_wconf 83' lang='lat' dir='ltr'>stu-</span> 
     </span>
     <span class='ocr_line' id='line_1_69' title="bbox 81 2700 809 2737; baseline -0.003 -8"><span class='ocrx_word' id='word_1_542' title='bbox 81 2700 137 2734; x_wconf 84' lang='lat' dir='ltr'>des,</span> <span class='ocrx_word' id='word_1_543' title='bbox 151 2701 346 2737; x_wconf 86' lang='lat' dir='ltr'>relinquentem</span> <span class='ocrx_word' id='word_1_544' title='bbox 359 2710 446 2737; x_wconf 82' lang='lat' dir='ltr'>usquo</span> <span class='ocrx_word' id='word_1_545' title='bbox 457 2701 489 2728; x_wconf 89' lang='lat' dir='ltr'>ad</span> <span class='ocrx_word' id='word_1_546' title='bbox 501 2706 590 2737; x_wconf 80' lang='lat' dir='ltr'>portas</span> <span class='ocrx_word' id='word_1_547' title='bbox 603 2705 809 2736; x_wconf 87' lang='lat' dir='ltr'>prosequantur.</span> 
     </span>
    </p>
   </div>
   <div class='ocr_carea' id='block_1_4' title="bbox 670 150 1109 178">
    <p class='ocr_par' dir='ltr' id='par_1_5' title="bbox 670 150 1109 178">
     <span class='ocr_line' id='line_1_70' title="bbox 670 150 1109 178; baseline -0.005 0"><span class='ocrx_word' id='word_1_548' title='bbox 670 152 718 178; x_wconf 94' lang='lat' dir='ltr'>IN</span> <span class='ocrx_word' id='word_1_549' title='bbox 751 152 781 178; x_wconf 95' lang='lat' dir='ltr'>L.</span> <span class='ocrx_word' id='word_1_550' title='bbox 816 150 1109 178; x_wconf 78' lang='lat' dir='ltr'>CATILINAM.</span> 
     </span>
    </p>
   </div>
   <div class='ocr_carea' id='block_1_5' title="bbox 896 222 901 2717">
    <p class='ocr_par' dir='ltr' id='par_1_6' title="bbox 896 222 901 2717">
     <span class='ocr_line' id='line_1_71' title="bbox 896 222 901 2717; baseline 0 0"><span class='ocrx_word' id='word_1_551' title='bbox 896 222 901 2717; x_wconf 95' lang='lat' dir='ltr'> </span> 
     </span>
    </p>
   </div>
   <div class='ocr_carea' id='block_1_6' title="bbox 904 234 909 2725">
    <p class='ocr_par' dir='ltr' id='par_1_7' title="bbox 904 234 909 2725">
     <span class='ocr_line' id='line_1_72' title="bbox 904 234 909 2725; baseline 0 0"><span class='ocrx_word' id='word_1_552' title='bbox 904 234 909 2725; x_wconf 95' lang='lat' dir='ltr'> </span> 
     </span>
    </p>
   </div>
   <div class='ocr_carea' id='block_1_7' title="bbox 1144 149 1722 177">
    <p class='ocr_par' dir='ltr' id='par_1_8' title="bbox 1144 149 1722 177">
     <span class='ocr_line' id='line_1_73' title="bbox 1144 149 1722 177; baseline -0.002 0"><span class='ocrx_word' id='word_1_553' title='bbox 1144 149 1242 177; x_wconf 74' lang='lat' dir='ltr'>CAP.</span> <span class='ocrx_word' id='word_1_554' title='bbox 1276 151 1407 176; x_wconf 76' lang='grc'>4-11,</span> <span class='ocrx_word' id='word_1_555' title='bbox 1674 152 1722 176; x_wconf 71' lang='lat'>4¹9</span> 
     </span>
    </p>
   </div>
   <div class='ocr_carea' id='block_1_8' title="bbox 927 220 1726 406">
    <p class='ocr_par' dir='ltr' id='par_1_9' title="bbox 927 220 1726 406">
     <span class='ocr_line' id='line_1_74' title="bbox 982 220 1724 256; baseline -0.003 -7"><span class='ocrx_word' id='word_1_556' title='bbox 982 222 1029 248; x_wconf 72' lang='lat' dir='ltr'>IX.</span> <span class='ocrx_word' id='word_1_557' title='bbox 1047 223 1089 249; x_wconf 68' lang='lat'>22.</span> <span class='ocrx_word' id='word_1_558' title='bbox 1111 220 1281 256; x_wconf 83' lang='lat' dir='ltr'>Quamquam</span> <span class='ocrx_word' id='word_1_559' title='bbox 1296 220 1363 255; x_wconf 91' lang='lat' dir='ltr'>quid</span> <span class='ocrx_word' id='word_1_560' title='bbox 1380 220 1492 255; x_wconf 71' lang='lat' dir='ltr'>loquor?</span> <span class='ocrx_word' id='word_1_561' title='bbox 1511 221 1547 246; x_wconf 89' lang='lat' dir='ltr'>Te</span> <span class='ocrx_word' id='word_1_562' title='bbox 1563 225 1592 247; x_wconf 91' lang='lat' dir='ltr'>ut</span> <span class='ocrx_word' id='word_1_563' title='bbox 1607 221 1662 247; x_wconf 90' lang='lat' dir='ltr'>ulla</span> <span class='ocrx_word' id='word_1_564' title='bbox 1682 230 1724 247; x_wconf 87' lang='lat' dir='ltr'>res</span> 
     </span>
     <span class='ocr_line' id='line_1_75' title="bbox 928 257 1725 295; baseline -0.001 -10"><span class='ocrx_word' id='word_1_565' title='bbox 928 258 1049 295; x_wconf 67' lang='lat' dir='ltr'>frangat?</span> <span class='ocrx_word' id='word_1_566' title='bbox 1070 263 1097 285; x_wconf 88' lang='lat' dir='ltr'>tu</span> <span class='ocrx_word' id='word_1_567' title='bbox 1110 263 1138 285; x_wconf 88' lang='lat' dir='ltr'>ut</span> <span class='ocrx_word' id='word_1_568' title='bbox 1150 267 1280 293; x_wconf 88' lang='lat' dir='ltr'>umquam</span> <span class='ocrx_word' id='word_1_569' title='bbox 1297 263 1321 284; x_wconf 89' lang='lat' dir='ltr'>te</span> <span class='ocrx_word' id='word_1_570' title='bbox 1336 257 1472 293; x_wconf 72' lang='lat' dir='ltr'>corrigas‘.&gt;</span> <span class='ocrx_word' id='word_1_571' title='bbox 1492 262 1520 284; x_wconf 86' lang='lat' dir='ltr'>tu</span> <span class='ocrx_word' id='word_1_572' title='bbox 1537 263 1565 285; x_wconf 90' lang='lat' dir='ltr'>ut</span> <span class='ocrx_word' id='word_1_573' title='bbox 1581 258 1665 285; x_wconf 90' lang='lat' dir='ltr'>ullam</span> <span class='ocrx_word' id='word_1_574' title='bbox 1681 258 1725 284; x_wconf 85' lang='lat' dir='ltr'>fu-</span> 
     </span>
     <span class='ocr_line' id='line_1_76' title="bbox 927 295 1724 332; baseline 0 -10"><span class='ocrx_word' id='word_1_575' title='bbox 927 306 988 332; x_wconf 74' lang='lat' dir='ltr'>gam</span> <span class='ocrx_word' id='word_1_576' title='bbox 1001 295 1147 323; x_wconf 69' lang='lat' dir='ltr'>meditere?</span> <span class='ocrx_word' id='word_1_577' title='bbox 1162 301 1189 322; x_wconf 89' lang='lat' dir='ltr'>tu</span> <span class='ocrx_word' id='word_1_578' title='bbox 1202 301 1231 322; x_wconf 91' lang='lat' dir='ltr'>ut</span> <span class='ocrx_word' id='word_1_579' title='bbox 1242 295 1329 322; x_wconf 91' lang='lat' dir='ltr'>ullum</span> <span class='ocrx_word' id='word_1_580' title='bbox 1340 296 1467 322; x_wconf 83' lang='lat' dir='ltr'>exsilium</span> <span class='ocrx_word' id='word_1_581' title='bbox 1478 295 1598 331; x_wconf 69' lang='lat' dir='ltr'>cogites?</span> <span class='ocrx_word' id='word_1_582' title='bbox 1617 296 1724 322; x_wconf 86' lang='lat' dir='ltr'>Utinam</span> 
     </span>
     <span class='ocr_line' id='line_1_77' title="bbox 929 333 1726 360; baseline -0.001 0"><span class='ocrx_word' id='word_1_583' title='bbox 929 334 977 360; x_wconf 88' lang='lat' dir='ltr'>tibi</span> <span class='ocrx_word' id='word_1_584' title='bbox 995 334 1073 360; x_wconf 88' lang='lat' dir='ltr'>istam</span> <span class='ocrx_word' id='word_1_585' title='bbox 1090 338 1206 360; x_wconf 90' lang='lat' dir='ltr'>mentem</span> <span class='ocrx_word' id='word_1_586' title='bbox 1222 333 1260 360; x_wconf 88' lang='lat' dir='ltr'>dii</span> <span class='ocrx_word' id='word_1_587' title='bbox 1276 333 1439 360; x_wconf 86' lang='lat' dir='ltr'>immortales</span> <span class='ocrx_word' id='word_1_588' title='bbox 1451 333 1543 359; x_wconf 86' lang='lat' dir='ltr'>duint!</span> <span class='ocrx_word' id='word_1_589' title='bbox 1566 334 1673 360; x_wconf 88' lang='lat' dir='ltr'>tametsi</span> <span class='ocrx_word' id='word_1_590' title='bbox 1684 334 1726 359; x_wconf 78' lang='lat' dir='ltr'>vi-</span> 
     </span>
     <span class='ocr_line' id='line_1_78' title="bbox 928 370 1725 406; baseline -0.003 -8"><span class='ocrx_word' id='word_1_591' title='bbox 928 372 990 403; x_wconf 88' lang='lat' dir='ltr'>deo,</span> <span class='ocrx_word' id='word_1_592' title='bbox 1009 372 1032 398; x_wconf 93' lang='lat' dir='ltr'>si</span> <span class='ocrx_word' id='word_1_593' title='bbox 1049 380 1106 397; x_wconf 87' lang='lat' dir='ltr'>mea</span> <span class='ocrx_word' id='word_1_594' title='bbox 1123 380 1187 398; x_wconf 89' lang='lat' dir='ltr'>voce</span> <span class='ocrx_word' id='word_1_595' title='bbox 1203 372 1359 406; x_wconf 89' lang='lat' dir='ltr'>perterritus</span> <span class='ocrx_word' id='word_1_596' title='bbox 1375 371 1413 397; x_wconf 87' lang='lat' dir='ltr'>ire</span> <span class='ocrx_word' id='word_1_597' title='bbox 1425 371 1452 397; x_wconf 92' lang='lat' dir='ltr'>in</span> <span class='ocrx_word' id='word_1_598' title='bbox 1463 370 1590 397; x_wconf 84' lang='lat' dir='ltr'>exsilium</span> <span class='ocrx_word' id='word_1_599' title='bbox 1603 371 1725 398; x_wconf 90' lang='lat' dir='ltr'>animum</span> 
     </span>
    </p>
   </div>
   <div class='ocr_carea' id='block_1_9' title="bbox 904 408 1727 481">
    <p class='ocr_par' dir='ltr' id='par_1_10' title="bbox 904 408 1727 481">
     <span class='ocr_line' id='line_1_79' title="bbox 904 408 1724 443; baseline 0 -8"><span class='ocrx_word' id='word_1_600' title='bbox 904 424 905 430; x_wconf 66' lang='lat'>.</span> <span class='ocrx_word' id='word_1_601' title='bbox 928 409 1082 440; x_wconf 84' lang='lat' dir='ltr'>induxeris,</span> <span class='ocrx_word' id='word_1_602' title='bbox 1100 413 1199 443; x_wconf 90' lang='lat' dir='ltr'>quanta</span> <span class='ocrx_word' id='word_1_603' title='bbox 1211 413 1354 443; x_wconf 84' lang='lat' dir='ltr'>tempestas</span> <span class='ocrx_word' id='word_1_604' title='bbox 1365 408 1482 435; x_wconf 89' lang='lat' dir='ltr'>invidiae</span> <span class='ocrx_word' id='word_1_605' title='bbox 1494 409 1584 440; x_wconf 84' lang='lat' dir='ltr'>nobis,</span> <span class='ocrx_word' id='word_1_606' title='bbox 1598 409 1621 435; x_wconf 89' lang='lat' dir='ltr'>si</span> <span class='ocrx_word' id='word_1_607' title='bbox 1633 409 1724 435; x_wconf 88' lang='lat' dir='ltr'>minus</span> 
     </span>
     <span class='ocr_line' id='line_1_80' title="bbox 904 446 1727 481; baseline 0 -9"><span class='ocrx_word' id='word_1_608' title='bbox 904 456 906 460; x_wconf 65' lang='lat'><em>⁴</em></span> <span class='ocrx_word' id='word_1_609' title='bbox 928 448 955 473; x_wconf 90' lang='lat' dir='ltr'>in</span> <span class='ocrx_word' id='word_1_610' title='bbox 973 455 1099 481; x_wconf 88' lang='lat' dir='ltr'>praesens</span> <span class='ocrx_word' id='word_1_611' title='bbox 1116 451 1236 481; x_wconf 88' lang='lat' dir='ltr'>tempus,</span> <span class='ocrx_word' id='word_1_612' title='bbox 1260 446 1357 472; x_wconf 85' lang='lat' dir='ltr'>recenti</span> <span class='ocrx_word' id='word_1_613' title='bbox 1374 447 1501 473; x_wconf 87' lang='lat' dir='ltr'>memoria</span> <span class='ocrx_word' id='word_1_614' title='bbox 1517 446 1649 472; x_wconf 90' lang='lat' dir='ltr'>scelerum</span> <span class='ocrx_word' id='word_1_615' title='bbox 1666 451 1727 472; x_wconf 88' lang='lat' dir='ltr'>tuo-</span> 
     </span>
    </p>
   </div>
   <div class='ocr_carea' id='block_1_10' title="bbox 929 484 1727 518">
    <p class='ocr_par' dir='ltr' id='par_1_11' title="bbox 929 484 1727 518">
     <span class='ocr_line' id='line_1_81' title="bbox 929 484 1727 518; baseline 0 -8"><span class='ocrx_word' id='word_1_616' title='bbox 929 493 998 515; x_wconf 83' lang='lat' dir='ltr'>rum,</span> <span class='ocrx_word' id='word_1_617' title='bbox 1013 489 1038 510; x_wconf 88' lang='lat' dir='ltr'>at</span> <span class='ocrx_word' id='word_1_618' title='bbox 1050 485 1077 510; x_wconf 93' lang='lat' dir='ltr'>in</span> <span class='ocrx_word' id='word_1_619' title='bbox 1090 485 1270 518; x_wconf 84' lang='lat' dir='ltr'>posteritatem</span> <span class='ocrx_word' id='word_1_620' title='bbox 1282 484 1444 518; x_wconf 84' lang='lat' dir='ltr'>impendeat.</span> <span class='ocrx_word' id='word_1_621' title='bbox 1472 484 1525 510; x_wconf 88' lang='lat' dir='ltr'>Sed</span> <span class='ocrx_word' id='word_1_622' title='bbox 1536 488 1577 510; x_wconf 90' lang='lat' dir='ltr'>est</span> <span class='ocrx_word' id='word_1_623' title='bbox 1588 484 1655 510; x_wconf 85' lang='lat' dir='ltr'>mibi</span> <span class='ocrx_word' id='word_1_624' title='bbox 1667 488 1727 510; x_wconf 85' lang='lat' dir='ltr'>tan-</span> 
     </span>
    </p>
   </div>
   <div class='ocr_carea' id='block_1_11' title="bbox 904 521 1726 556">
    <p class='ocr_par' dir='ltr' id='par_1_12' title="bbox 904 521 1726 556">
     <span class='ocr_line' id='line_1_82' title="bbox 904 521 1726 556; baseline 0 -9"><span class='ocrx_word' id='word_1_625' title='bbox 904 528 906 533; x_wconf 77' lang='lat'><em>&#39;</em></span> <span class='ocrx_word' id='word_1_626' title='bbox 930 522 961 553; x_wconf 81' lang='lat' dir='ltr'>ti,</span> <span class='ocrx_word' id='word_1_627' title='bbox 975 521 1122 547; x_wconf 90' lang='lat' dir='ltr'>dummodo</span> <span class='ocrx_word' id='word_1_628' title='bbox 1134 522 1183 547; x_wconf 90' lang='lat' dir='ltr'>ista</span> <span class='ocrx_word' id='word_1_629' title='bbox 1195 522 1296 556; x_wconf 85' lang='lat' dir='ltr'>privata</span> <span class='ocrx_word' id='word_1_630' title='bbox 1308 522 1343 547; x_wconf 90' lang='lat' dir='ltr'>sit</span> <span class='ocrx_word' id='word_1_631' title='bbox 1353 521 1489 547; x_wconf 85' lang='lat' dir='ltr'>calamitas</span> <span class='ocrx_word' id='word_1_632' title='bbox 1501 527 1526 548; x_wconf 87' lang='lat' dir='ltr'>et</span> <span class='ocrx_word' id='word_1_633' title='bbox 1538 531 1550 547; x_wconf 88' lang='lat' dir='ltr'>a</span> <span class='ocrx_word' id='word_1_634' title='bbox 1562 521 1726 556; x_wconf 89' lang='lat' dir='ltr'>reipublicae</span> 
     </span>
    </p>
   </div>
   <div class='ocr_carea' id='block_1_12' title="bbox 929 559 1726 594">
    <p class='ocr_par' dir='ltr' id='par_1_13' title="bbox 929 559 1726 594">
     <span class='ocr_line' id='line_1_83' title="bbox 929 559 1726 594; baseline 0.001 -10"><span class='ocrx_word' id='word_1_635' title='bbox 929 559 1055 594; x_wconf 88' lang='lat' dir='ltr'>periculis</span> <span class='ocrx_word' id='word_1_636' title='bbox 1067 560 1233 594; x_wconf 79' lang='lat' dir='ltr'>seiungatur.</span> <span class='ocrx_word' id='word_1_637' title='bbox 1264 559 1314 584; x_wconf 88' lang='lat' dir='ltr'>Sed</span> <span class='ocrx_word' id='word_1_638' title='bbox 1327 563 1354 584; x_wconf 85' lang='lat' dir='ltr'>tu</span> <span class='ocrx_word' id='word_1_639' title='bbox 1367 564 1396 585; x_wconf 92' lang='lat' dir='ltr'>ut</span> <span class='ocrx_word' id='word_1_640' title='bbox 1409 559 1480 585; x_wconf 84' lang='lat' dir='ltr'>vitiis</span> <span class='ocrx_word' id='word_1_641' title='bbox 1494 560 1546 585; x_wconf 90' lang='lat' dir='ltr'>tuis</span> <span class='ocrx_word' id='word_1_642' title='bbox 1558 568 1726 585; x_wconf 87' lang='lat' dir='ltr'>commovea-</span> 
     </span>
    </p>
   </div>
   <div class='ocr_carea' id='block_1_13' title="bbox 904 596 1727 632">
    <p class='ocr_par' dir='ltr' id='par_1_14' title="bbox 904 596 1727 632">
     <span class='ocr_line' id='line_1_84' title="bbox 904 596 1727 632; baseline 0 -10"><span class='ocrx_word' id='word_1_643' title='bbox 904 597 906 603; x_wconf 75' lang='grc'>’</span> <span class='ocrx_word' id='word_1_644' title='bbox 929 605 969 627; x_wconf 87' lang='lat' dir='ltr'>re,</span> <span class='ocrx_word' id='word_1_645' title='bbox 988 601 1017 622; x_wconf 88' lang='lat' dir='ltr'>ut</span> <span class='ocrx_word' id='word_1_646' title='bbox 1030 596 1119 632; x_wconf 80' lang='lat' dir='ltr'>legum</span> <span class='ocrx_word' id='word_1_647' title='bbox 1132 605 1231 630; x_wconf 88' lang='lat' dir='ltr'>poenas</span> <span class='ocrx_word' id='word_1_648' title='bbox 1242 597 1428 631; x_wconf 78' lang='lat' dir='ltr'>pertimescas,</span> <span class='ocrx_word' id='word_1_649' title='bbox 1447 601 1475 623; x_wconf 91' lang='lat' dir='ltr'>ut</span> <span class='ocrx_word' id='word_1_650' title='bbox 1492 597 1658 631; x_wconf 73' lang='lat' dir='ltr'>temporibus</span> <span class='ocrx_word' id='word_1_651' title='bbox 1674 597 1727 622; x_wconf 84' lang='lat' dir='ltr'>rei-</span> 
     </span>
    </p>
   </div>
   <div class='ocr_carea' id='block_1_14' title="bbox 927 633 1731 2736">
    <p class='ocr_par' dir='ltr' id='par_1_15' title="bbox 927 633 1731 2399">
     <span class='ocr_line' id='line_1_85' title="bbox 929 633 1726 669; baseline 0 -9"><span class='ocrx_word' id='word_1_652' title='bbox 929 634 1052 669; x_wconf 83' lang='lat' dir='ltr'>publicae</span> <span class='ocrx_word' id='word_1_653' title='bbox 1063 634 1151 664; x_wconf 89' lang='lat' dir='ltr'>cedas,</span> <span class='ocrx_word' id='word_1_654' title='bbox 1166 642 1217 659; x_wconf 93' lang='lat' dir='ltr'>non</span> <span class='ocrx_word' id='word_1_655' title='bbox 1229 639 1269 660; x_wconf 89' lang='lat' dir='ltr'>est</span> <span class='ocrx_word' id='word_1_656' title='bbox 1280 633 1481 668; x_wconf 86' lang='lat' dir='ltr'>postulandum.</span> <span class='ocrx_word' id='word_1_657' title='bbox 1514 635 1606 669; x_wconf 85' lang='lat' dir='ltr'>Neque</span> <span class='ocrx_word' id='word_1_658' title='bbox 1618 634 1690 660; x_wconf 90' lang='lat' dir='ltr'>enim</span> <span class='ocrx_word' id='word_1_659' title='bbox 1703 634 1726 659; x_wconf 83' lang='lat' dir='ltr'>is</span> 
     </span>
     <span class='ocr_line' id='line_1_86' title="bbox 929 671 1724 706; baseline 0 -9"><span class='ocrx_word' id='word_1_660' title='bbox 929 680 970 702; x_wconf 85' lang='lat' dir='ltr'>es,</span> <span class='ocrx_word' id='word_1_661' title='bbox 989 671 1115 702; x_wconf 88' lang='lat' dir='ltr'>Catilina,</span> <span class='ocrx_word' id='word_1_662' title='bbox 1134 676 1163 697; x_wconf 88' lang='lat' dir='ltr'>ut</span> <span class='ocrx_word' id='word_1_663' title='bbox 1178 675 1202 697; x_wconf 88' lang='lat' dir='ltr'>te</span> <span class='ocrx_word' id='word_1_664' title='bbox 1218 676 1264 697; x_wconf 90' lang='lat' dir='ltr'>aut</span> <span class='ocrx_word' id='word_1_665' title='bbox 1278 671 1365 706; x_wconf 85' lang='lat' dir='ltr'>pudor</span> <span class='ocrx_word' id='word_1_666' title='bbox 1381 680 1510 706; x_wconf 88' lang='lat' dir='ltr'>umquam</span> <span class='ocrx_word' id='word_1_667' title='bbox 1522 681 1535 697; x_wconf 89' lang='lat' dir='ltr'>a</span> <span class='ocrx_word' id='word_1_668' title='bbox 1548 671 1724 706; x_wconf 88' lang='lat' dir='ltr'>turpitudine,</span> 
     </span>
     <span class='ocr_line' id='line_1_87' title="bbox 928 708 1724 743; baseline 0 -9"><span class='ocrx_word' id='word_1_669' title='bbox 928 713 974 735; x_wconf 89' lang='lat' dir='ltr'>aut</span> <span class='ocrx_word' id='word_1_670' title='bbox 985 713 1073 734; x_wconf 88' lang='lat' dir='ltr'>metus</span> <span class='ocrx_word' id='word_1_671' title='bbox 1085 718 1098 734; x_wconf 90' lang='lat' dir='ltr'>a</span> <span class='ocrx_word' id='word_1_672' title='bbox 1111 708 1237 743; x_wconf 89' lang='lat' dir='ltr'>periculo,</span> <span class='ocrx_word' id='word_1_673' title='bbox 1252 713 1297 735; x_wconf 91' lang='lat' dir='ltr'>aut</span> <span class='ocrx_word' id='word_1_674' title='bbox 1309 709 1374 734; x_wconf 88' lang='lat' dir='ltr'>ratio</span> <span class='ocrx_word' id='word_1_675' title='bbox 1385 718 1398 734; x_wconf 89' lang='lat' dir='ltr'>a</span> <span class='ocrx_word' id='word_1_676' title='bbox 1412 708 1499 735; x_wconf 83' lang='lat' dir='ltr'>surore</span> <span class='ocrx_word' id='word_1_677' title='bbox 1512 710 1650 736; x_wconf 80' lang='lat' dir='ltr'>revocarit.</span> <span class='ocrx_word' id='word_1_678' title='bbox 1682 711 1724 735; x_wconf 72' lang='lat'>23.</span> 
     </span>
     <span class='ocr_line' id='line_1_88' title="bbox 928 746 1726 781; baseline 0 -9"><span class='ocrx_word' id='word_1_679' title='bbox 928 746 1122 778; x_wconf 85' lang='lat' dir='ltr'>Quamobrem,</span> <span class='ocrx_word' id='word_1_680' title='bbox 1140 750 1170 772; x_wconf 90' lang='lat' dir='ltr'>ut</span> <span class='ocrx_word' id='word_1_681' title='bbox 1185 755 1265 781; x_wconf 83' lang='lat' dir='ltr'>saepe</span> <span class='ocrx_word' id='word_1_682' title='bbox 1280 746 1333 771; x_wconf 91' lang='lat' dir='ltr'>iam</span> <span class='ocrx_word' id='word_1_683' title='bbox 1350 746 1420 776; x_wconf 81' lang='lat' dir='ltr'>dixi.</span> <span class='ocrx_word' id='word_1_684' title='bbox 1439 747 1619 780; x_wconf 74' lang='lat' dir='ltr'>proficiscere:</span> <span class='ocrx_word' id='word_1_685' title='bbox 1643 755 1684 776; x_wconf 82' lang='lat' dir='ltr'>ac,</span> <span class='ocrx_word' id='word_1_686' title='bbox 1703 747 1726 772; x_wconf 91' lang='lat' dir='ltr'>si</span> 
     </span>
     <span class='ocr_line' id='line_1_89' title="bbox 929 783 1723 818; baseline 0 -9"><span class='ocrx_word' id='word_1_687' title='bbox 929 784 995 810; x_wconf 82' lang='lat' dir='ltr'>mihi</span> <span class='ocrx_word' id='word_1_688' title='bbox 1008 784 1125 814; x_wconf 88' lang='lat' dir='ltr'>inimico,</span> <span class='ocrx_word' id='word_1_689' title='bbox 1140 788 1169 809; x_wconf 91' lang='lat' dir='ltr'>ut</span> <span class='ocrx_word' id='word_1_690' title='bbox 1180 783 1330 818; x_wconf 87' lang='lat' dir='ltr'>praedicas,</span> <span class='ocrx_word' id='word_1_691' title='bbox 1345 788 1390 810; x_wconf 91' lang='lat' dir='ltr'>tuo</span> <span class='ocrx_word' id='word_1_692' title='bbox 1401 783 1513 810; x_wconf 75' lang='lat' dir='ltr'>conflare</span> <span class='ocrx_word' id='word_1_693' title='bbox 1527 784 1566 810; x_wconf 88' lang='lat' dir='ltr'>vis</span> <span class='ocrx_word' id='word_1_694' title='bbox 1583 784 1723 814; x_wconf 85' lang='lat' dir='ltr'>invidiam,</span> 
     </span>
     <span class='ocr_line' id='line_1_90' title="bbox 928 820 1727 856; baseline 0 -9"><span class='ocrx_word' id='word_1_695' title='bbox 928 826 998 847; x_wconf 89' lang='lat' dir='ltr'>recta</span> <span class='ocrx_word' id='word_1_696' title='bbox 1014 829 1094 856; x_wconf 82' lang='lat' dir='ltr'>perge</span> <span class='ocrx_word' id='word_1_697' title='bbox 1110 822 1137 847; x_wconf 92' lang='lat' dir='ltr'>in</span> <span class='ocrx_word' id='word_1_698' title='bbox 1154 821 1292 847; x_wconf 81' lang='lat' dir='ltr'>exsilium.</span> <span class='ocrx_word' id='word_1_699' title='bbox 1332 821 1384 847; x_wconf 87' lang='lat' dir='ltr'>Vix</span> <span class='ocrx_word' id='word_1_700' title='bbox 1395 820 1478 847; x_wconf 86' lang='lat' dir='ltr'>feram</span> <span class='ocrx_word' id='word_1_701' title='bbox 1490 830 1627 847; x_wconf 83' lang='lat' dir='ltr'>sermones</span> <span class='ocrx_word' id='word_1_702' title='bbox 1639 821 1727 847; x_wconf 89' lang='lat' dir='ltr'>homi-</span> 
     </span>
     <span class='ocr_line' id='line_1_91' title="bbox 928 858 1726 889; baseline 0 -5"><span class='ocrx_word' id='word_1_703' title='bbox 928 867 1007 889; x_wconf 89' lang='lat' dir='ltr'>num,</span> <span class='ocrx_word' id='word_1_704' title='bbox 1031 859 1054 884; x_wconf 93' lang='lat' dir='ltr'>si</span> <span class='ocrx_word' id='word_1_705' title='bbox 1071 858 1097 884; x_wconf 92' lang='lat' dir='ltr'>id</span> <span class='ocrx_word' id='word_1_706' title='bbox 1114 858 1222 885; x_wconf 83' lang='lat' dir='ltr'>seceris:</span> <span class='ocrx_word' id='word_1_707' title='bbox 1246 859 1294 885; x_wconf 82' lang='lat' dir='ltr'>vix</span> <span class='ocrx_word' id='word_1_708' title='bbox 1310 858 1406 885; x_wconf 89' lang='lat' dir='ltr'>molem</span> <span class='ocrx_word' id='word_1_709' title='bbox 1418 859 1498 885; x_wconf 85' lang='lat' dir='ltr'>istius</span> <span class='ocrx_word' id='word_1_710' title='bbox 1510 859 1640 889; x_wconf 86' lang='lat' dir='ltr'>invidiae,</span> <span class='ocrx_word' id='word_1_711' title='bbox 1664 859 1726 884; x_wconf 90' lang='lat' dir='ltr'>siin</span> 
     </span>
     <span class='ocr_line' id='line_1_92' title="bbox 928 896 1726 927; baseline -0.001 -5"><span class='ocrx_word' id='word_1_712' title='bbox 928 896 1055 922; x_wconf 82' lang='lat' dir='ltr'>exsilium</span> <span class='ocrx_word' id='word_1_713' title='bbox 1068 896 1130 922; x_wconf 86' lang='lat' dir='ltr'>ieris</span> <span class='ocrx_word' id='word_1_714' title='bbox 1142 897 1219 922; x_wconf 90' lang='lat' dir='ltr'>iussu</span> <span class='ocrx_word' id='word_1_715' title='bbox 1231 896 1363 927; x_wconf 90' lang='lat' dir='ltr'>consulis,</span> <span class='ocrx_word' id='word_1_716' title='bbox 1387 896 1536 923; x_wconf 83' lang='lat' dir='ltr'>sustinebo.</span> <span class='ocrx_word' id='word_1_717' title='bbox 1577 896 1625 922; x_wconf 87' lang='lat' dir='ltr'>Sin</span> <span class='ocrx_word' id='word_1_718' title='bbox 1637 900 1726 922; x_wconf 87' lang='lat' dir='ltr'>autem</span> 
     </span>
     <span class='ocr_line' id='line_1_93' title="bbox 928 933 1728 969; baseline -0.001 -9"><span class='ocrx_word' id='word_1_719' title='bbox 928 934 1028 960; x_wconf 86' lang='lat' dir='ltr'>servire</span> <span class='ocrx_word' id='word_1_720' title='bbox 1040 942 1113 960; x_wconf 86' lang='lat' dir='ltr'>meae</span> <span class='ocrx_word' id='word_1_721' title='bbox 1126 933 1198 960; x_wconf 85' lang='lat' dir='ltr'>laudi</span> <span class='ocrx_word' id='word_1_722' title='bbox 1210 938 1234 960; x_wconf 89' lang='lat' dir='ltr'>et</span> <span class='ocrx_word' id='word_1_723' title='bbox 1244 934 1344 969; x_wconf 80' lang='lat' dir='ltr'>gloriae</span> <span class='ocrx_word' id='word_1_724' title='bbox 1356 935 1451 965; x_wconf 89' lang='lat' dir='ltr'>mavis,</span> <span class='ocrx_word' id='word_1_725' title='bbox 1465 933 1590 969; x_wconf 76' lang='lat' dir='ltr'>egredere</span> <span class='ocrx_word' id='word_1_726' title='bbox 1602 942 1664 960; x_wconf 90' lang='lat' dir='ltr'>cum</span> <span class='ocrx_word' id='word_1_727' title='bbox 1677 934 1728 959; x_wconf 85' lang='grc'>1111-</span> 
     </span>
     <span class='ocr_line' id='line_1_94' title="bbox 928 971 1724 1006; baseline -0.001 -9"><span class='ocrx_word' id='word_1_728' title='bbox 928 976 1041 1006; x_wconf 89' lang='lat' dir='ltr'>portuna</span> <span class='ocrx_word' id='word_1_729' title='bbox 1057 971 1246 998; x_wconf 88' lang='lat' dir='ltr'>sceleratorum</span> <span class='ocrx_word' id='word_1_730' title='bbox 1267 980 1362 998; x_wconf 85' lang='lat' dir='ltr'>manu:</span> <span class='ocrx_word' id='word_1_731' title='bbox 1385 971 1476 998; x_wconf 75' lang='lat' dir='ltr'>confer</span> <span class='ocrx_word' id='word_1_732' title='bbox 1492 976 1516 998; x_wconf 89' lang='lat' dir='ltr'>te</span> <span class='ocrx_word' id='word_1_733' title='bbox 1532 972 1565 998; x_wconf 89' lang='lat' dir='ltr'>ad</span> <span class='ocrx_word' id='word_1_734' title='bbox 1580 971 1724 997; x_wconf 81' lang='lat' dir='ltr'>Manlium:</span> 
     </span>
     <span class='ocr_line' id='line_1_95' title="bbox 927 1008 1728 1044; baseline -0.001 -9"><span class='ocrx_word' id='word_1_735' title='bbox 927 1009 1029 1036; x_wconf 89' lang='lat' dir='ltr'>concita</span> <span class='ocrx_word' id='word_1_736' title='bbox 1046 1009 1163 1044; x_wconf 89' lang='lat' dir='ltr'>perditos</span> <span class='ocrx_word' id='word_1_737' title='bbox 1178 1010 1266 1035; x_wconf 87' lang='lat' dir='ltr'>cives:</span> <span class='ocrx_word' id='word_1_738' title='bbox 1288 1018 1396 1036; x_wconf 88' lang='lat' dir='ltr'>secerne</span> <span class='ocrx_word' id='word_1_739' title='bbox 1412 1014 1437 1035; x_wconf 88' lang='lat' dir='ltr'>te</span> <span class='ocrx_word' id='word_1_740' title='bbox 1452 1018 1467 1036; x_wconf 88' lang='lat' dir='ltr'>a</span> <span class='ocrx_word' id='word_1_741' title='bbox 1482 1010 1573 1036; x_wconf 91' lang='lat' dir='ltr'>bonis:</span> <span class='ocrx_word' id='word_1_742' title='bbox 1597 1008 1666 1035; x_wconf 81' lang='lat' dir='ltr'>infer</span> <span class='ocrx_word' id='word_1_743' title='bbox 1681 1017 1728 1043; x_wconf 90' lang='lat' dir='ltr'>pa-</span> 
     </span>
     <span class='ocr_line' id='line_1_96' title="bbox 929 1046 1728 1082; baseline -0.001 -9"><span class='ocrx_word' id='word_1_744' title='bbox 929 1048 993 1073; x_wconf 85' lang='lat' dir='ltr'>triae</span> <span class='ocrx_word' id='word_1_745' title='bbox 1009 1046 1125 1079; x_wconf 76' lang='lat' dir='ltr'>bellum3</span> <span class='ocrx_word' id='word_1_746' title='bbox 1148 1046 1254 1073; x_wconf 83' lang='lat' dir='ltr'>exsulta</span> <span class='ocrx_word' id='word_1_747' title='bbox 1269 1047 1352 1082; x_wconf 90' lang='lat' dir='ltr'>impio</span> <span class='ocrx_word' id='word_1_748' title='bbox 1368 1047 1518 1078; x_wconf 88' lang='lat' dir='ltr'>latrocinio,</span> <span class='ocrx_word' id='word_1_749' title='bbox 1542 1052 1572 1074; x_wconf 92' lang='lat' dir='ltr'>ut</span> <span class='ocrx_word' id='word_1_750' title='bbox 1587 1056 1600 1073; x_wconf 90' lang='lat' dir='ltr'>a</span> <span class='ocrx_word' id='word_1_751' title='bbox 1617 1055 1659 1072; x_wconf 89' lang='lat' dir='ltr'>me</span> <span class='ocrx_word' id='word_1_752' title='bbox 1675 1055 1728 1072; x_wconf 89' lang='lat' dir='ltr'>non</span> 
     </span>
     <span class='ocr_line' id='line_1_97' title="bbox 928 1084 1727 1116; baseline -0.001 -6"><span class='ocrx_word' id='word_1_753' title='bbox 928 1085 1028 1111; x_wconf 87' lang='lat' dir='ltr'>eiectus</span> <span class='ocrx_word' id='word_1_754' title='bbox 1040 1084 1073 1110; x_wconf 90' lang='lat' dir='ltr'>ad</span> <span class='ocrx_word' id='word_1_755' title='bbox 1084 1084 1198 1116; x_wconf 82' lang='lat' dir='ltr'>alienOS,</span> <span class='ocrx_word' id='word_1_756' title='bbox 1216 1084 1264 1111; x_wconf 84' lang='lat' dir='ltr'>sed</span> <span class='ocrx_word' id='word_1_757' title='bbox 1279 1085 1408 1111; x_wconf 85' lang='lat' dir='ltr'>invitatus</span> <span class='ocrx_word' id='word_1_758' title='bbox 1420 1085 1453 1111; x_wconf 92' lang='lat' dir='ltr'>ad</span> <span class='ocrx_word' id='word_1_759' title='bbox 1464 1090 1523 1112; x_wconf 87' lang='lat' dir='ltr'>tuos</span> <span class='ocrx_word' id='word_1_760' title='bbox 1535 1085 1588 1111; x_wconf 88' lang='lat' dir='ltr'>isse</span> <span class='ocrx_word' id='word_1_761' title='bbox 1600 1084 1727 1111; x_wconf 83' lang='lat' dir='ltr'>videaris.</span> 
     </span>
     <span class='ocr_line' id='line_1_98' title="bbox 928 1122 1728 1158; baseline -0.001 -10"><span class='ocrx_word' id='word_1_762' title='bbox 928 1123 971 1149; x_wconf 73' lang='lat'>24.</span> <span class='ocrx_word' id='word_1_763' title='bbox 988 1122 1157 1157; x_wconf 86' lang='lat' dir='ltr'>Quamquam</span> <span class='ocrx_word' id='word_1_764' title='bbox 1168 1122 1236 1157; x_wconf 90' lang='lat' dir='ltr'>quid</span> <span class='ocrx_word' id='word_1_765' title='bbox 1247 1131 1295 1158; x_wconf 81' lang='lat' dir='ltr'>ego</span> <span class='ocrx_word' id='word_1_766' title='bbox 1308 1126 1331 1149; x_wconf 89' lang='lat' dir='ltr'>te</span> <span class='ocrx_word' id='word_1_767' title='bbox 1343 1123 1469 1154; x_wconf 83' lang='lat' dir='ltr'>invitem,</span> <span class='ocrx_word' id='word_1_768' title='bbox 1488 1132 1501 1149; x_wconf 92' lang='lat' dir='ltr'>a</span> <span class='ocrx_word' id='word_1_769' title='bbox 1513 1123 1631 1158; x_wconf 89' lang='lat' dir='ltr'>quoiam</span> <span class='ocrx_word' id='word_1_770' title='bbox 1644 1122 1728 1148; x_wconf 86' lang='lat' dir='ltr'>sciam</span> 
     </span>
     <span class='ocr_line' id='line_1_99' title="bbox 928 1159 1729 1195; baseline -0.001 -9"><span class='ocrx_word' id='word_1_771' title='bbox 928 1168 987 1186; x_wconf 87' lang='lat' dir='ltr'>esse</span> <span class='ocrx_word' id='word_1_772' title='bbox 999 1160 1173 1194; x_wconf 89' lang='lat' dir='ltr'>praemissos,</span> <span class='ocrx_word' id='word_1_773' title='bbox 1195 1161 1242 1195; x_wconf 91' lang='lat' dir='ltr'>qui</span> <span class='ocrx_word' id='word_1_774' title='bbox 1254 1160 1302 1186; x_wconf 87' lang='lat' dir='ltr'>tibi</span> <span class='ocrx_word' id='word_1_775' title='bbox 1313 1160 1346 1186; x_wconf 89' lang='lat' dir='ltr'>ad</span> <span class='ocrx_word' id='word_1_776' title='bbox 1359 1159 1445 1187; x_wconf 79' lang='lat' dir='ltr'>sorum</span> <span class='ocrx_word' id='word_1_777' title='bbox 1457 1160 1598 1187; x_wconf 81' lang='lat' dir='ltr'>Aurelium</span> <span class='ocrx_word' id='word_1_778' title='bbox 1610 1163 1729 1194; x_wconf 89' lang='lat' dir='ltr'>praesto-</span> 
     </span>
     <span class='ocr_line' id='line_1_100' title="bbox 930 1197 1729 1232; baseline -0.003 -8"><span class='ocrx_word' id='word_1_779' title='bbox 930 1197 1046 1224; x_wconf 87' lang='lat' dir='ltr'>larentur</span> <span class='ocrx_word' id='word_1_780' title='bbox 1058 1197 1169 1224; x_wconf 64' lang='lat' dir='ltr'>armati?</span> <span class='ocrx_word' id='word_1_781' title='bbox 1180 1197 1242 1224; x_wconf 63' lang='lat' dir='ltr'>cui*</span> <span class='ocrx_word' id='word_1_782' title='bbox 1254 1198 1337 1224; x_wconf 87' lang='lat' dir='ltr'>sciam</span> <span class='ocrx_word' id='word_1_783' title='bbox 1350 1203 1453 1232; x_wconf 87' lang='lat' dir='ltr'>pactam</span> <span class='ocrx_word' id='word_1_784' title='bbox 1465 1203 1491 1225; x_wconf 88' lang='lat' dir='ltr'>et</span> <span class='ocrx_word' id='word_1_785' title='bbox 1502 1198 1673 1225; x_wconf 83' lang='lat' dir='ltr'>constitutam</span> <span class='ocrx_word' id='word_1_786' title='bbox 1686 1205 1729 1222; x_wconf 87' lang='lat' dir='ltr'>es-</span> 
     </span>
     <span class='ocr_line' id='line_1_101' title="bbox 928 1234 1729 1271; baseline -0.001 -10"><span class='ocrx_word' id='word_1_787' title='bbox 928 1244 957 1262; x_wconf 90' lang='lat' dir='ltr'>se</span> <span class='ocrx_word' id='word_1_788' title='bbox 972 1244 1034 1262; x_wconf 92' lang='lat' dir='ltr'>cum</span> <span class='ocrx_word' id='word_1_789' title='bbox 1046 1235 1144 1261; x_wconf 89' lang='lat' dir='ltr'>Manlio</span> <span class='ocrx_word' id='word_1_790' title='bbox 1159 1234 1250 1261; x_wconf 80' lang='lat' dir='ltr'>diem‘?</span> <span class='ocrx_word' id='word_1_791' title='bbox 1270 1244 1284 1261; x_wconf 90' lang='lat' dir='ltr'>a</span> <span class='ocrx_word' id='word_1_792' title='bbox 1300 1244 1354 1270; x_wconf 92' lang='lat' dir='ltr'>quo</span> <span class='ocrx_word' id='word_1_793' title='bbox 1370 1237 1449 1263; x_wconf 86' lang='lat' dir='ltr'>etiam</span> <span class='ocrx_word' id='word_1_794' title='bbox 1466 1235 1585 1271; x_wconf 87' lang='lat' dir='ltr'>aquilam</span> <span class='ocrx_word' id='word_1_795' title='bbox 1600 1234 1675 1261; x_wconf 87' lang='lat' dir='ltr'>illam</span> <span class='ocrx_word' id='word_1_796' title='bbox 1687 1243 1729 1260; x_wconf 92' lang='lat' dir='ltr'>ar-</span> 
     </span>
     <span class='ocr_line' id='line_1_102' title="bbox 927 1273 1729 1309; baseline -0.002 -10"><span class='ocrx_word' id='word_1_797' title='bbox 927 1277 1064 1308; x_wconf 78' lang='lat' dir='ltr'>genteam,</span> <span class='ocrx_word' id='word_1_798' title='bbox 1082 1281 1163 1308; x_wconf 88' lang='lat' dir='ltr'>quam</span> <span class='ocrx_word' id='word_1_799' title='bbox 1175 1273 1224 1299; x_wconf 86' lang='lat' dir='ltr'>tibi</span> <span class='ocrx_word' id='word_1_800' title='bbox 1236 1282 1265 1299; x_wconf 90' lang='lat' dir='ltr'>ac</span> <span class='ocrx_word' id='word_1_801' title='bbox 1276 1274 1330 1299; x_wconf 90' lang='lat' dir='ltr'>tuis</span> <span class='ocrx_word' id='word_1_802' title='bbox 1342 1274 1469 1300; x_wconf 85' lang='lat' dir='ltr'>omnibus</span> <span class='ocrx_word' id='word_1_803' title='bbox 1481 1274 1659 1309; x_wconf 81' lang='lat' dir='ltr'>perniciosam</span> <span class='ocrx_word' id='word_1_804' title='bbox 1670 1280 1729 1298; x_wconf 85' lang='lat' dir='ltr'>esse</span> 
     </span>
     <span class='ocr_line' id='line_1_103' title="bbox 928 1310 1728 1342; baseline -0.003 -5"><span class='ocrx_word' id='word_1_805' title='bbox 928 1311 1033 1337; x_wconf 90' lang='lat' dir='ltr'>conlido</span> <span class='ocrx_word' id='word_1_806' title='bbox 1044 1316 1068 1337; x_wconf 91' lang='lat' dir='ltr'>et</span> <span class='ocrx_word' id='word_1_807' title='bbox 1080 1310 1214 1336; x_wconf 80' lang='lat' dir='ltr'>funestam</span> <span class='ocrx_word' id='word_1_808' title='bbox 1226 1310 1354 1342; x_wconf 80' lang='lat' dir='ltr'>suturam,</span> <span class='ocrx_word' id='word_1_809' title='bbox 1368 1312 1411 1338; x_wconf 91' lang='lat' dir='ltr'>cui</span> <span class='ocrx_word' id='word_1_810' title='bbox 1423 1311 1496 1338; x_wconf 88' lang='lat' dir='ltr'>domi</span> <span class='ocrx_word' id='word_1_811' title='bbox 1509 1316 1569 1338; x_wconf 87' lang='lat' dir='ltr'>tuae</span> <span class='ocrx_word' id='word_1_812' title='bbox 1581 1310 1728 1337; x_wconf 86' lang='lat' dir='ltr'>sacrarium</span> 
     </span>
     <span class='ocr_line' id='line_1_104' title="bbox 928 1348 1729 1382; baseline -0.001 -8"><span class='ocrx_word' id='word_1_813' title='bbox 928 1348 1060 1374; x_wconf 90' lang='lat' dir='ltr'>scelerum</span> <span class='ocrx_word' id='word_1_814' title='bbox 1077 1353 1184 1374; x_wconf 89' lang='lat' dir='ltr'>tuorum</span> <span class='ocrx_word' id='word_1_815' title='bbox 1201 1350 1377 1375; x_wconf 89' lang='lat' dir='ltr'>constitutum</span> <span class='ocrx_word' id='word_1_816' title='bbox 1393 1349 1457 1380; x_wconf 86' lang='lat' dir='ltr'>fuit,</span> <span class='ocrx_word' id='word_1_817' title='bbox 1480 1349 1562 1375; x_wconf 86' lang='lat' dir='ltr'>sciam</span> <span class='ocrx_word' id='word_1_818' title='bbox 1578 1356 1637 1374; x_wconf 89' lang='lat' dir='ltr'>esse</span> <span class='ocrx_word' id='word_1_819' title='bbox 1652 1356 1729 1382; x_wconf 87' lang='lat' dir='ltr'>prae-</span> 
     </span>
     <span class='ocr_line' id='line_1_105' title="bbox 929 1386 1729 1421; baseline -0.003 -9"><span class='ocrx_word' id='word_1_820' title='bbox 929 1386 1058 1412; x_wconf 68' lang='lat' dir='ltr'>missam?</span> <span class='ocrx_word' id='word_1_821' title='bbox 1079 1386 1118 1412; x_wconf 90' lang='lat' dir='ltr'>Tu</span> <span class='ocrx_word' id='word_1_822' title='bbox 1131 1390 1160 1411; x_wconf 87' lang='lat' dir='ltr'>ut</span> <span class='ocrx_word' id='word_1_823' title='bbox 1172 1386 1216 1412; x_wconf 88' lang='lat' dir='ltr'>illa</span> <span class='ocrx_word' id='word_1_824' title='bbox 1228 1386 1331 1413; x_wconf 84' lang='lat' dir='ltr'>diutius</span> <span class='ocrx_word' id='word_1_825' title='bbox 1343 1395 1431 1413; x_wconf 87' lang='lat' dir='ltr'>carere</span> <span class='ocrx_word' id='word_1_826' title='bbox 1444 1387 1539 1421; x_wconf 83' lang='lat' dir='ltr'>possis,</span> <span class='ocrx_word' id='word_1_827' title='bbox 1553 1394 1635 1421; x_wconf 89' lang='lat' dir='ltr'>quam</span> <span class='ocrx_word' id='word_1_828' title='bbox 1648 1393 1729 1411; x_wconf 90' lang='lat' dir='ltr'>vene-</span> 
     </span>
     <span class='ocr_line' id='line_1_106' title="bbox 929 1422 1730 1459; baseline -0.001 -10"><span class='ocrx_word' id='word_1_829' title='bbox 929 1424 995 1455; x_wconf 85' lang='lat' dir='ltr'>rari,</span> <span class='ocrx_word' id='word_1_830' title='bbox 1013 1423 1045 1449; x_wconf 90' lang='lat' dir='ltr'>ad</span> <span class='ocrx_word' id='word_1_831' title='bbox 1057 1423 1165 1449; x_wconf 88' lang='lat' dir='ltr'>caedem</span> <span class='ocrx_word' id='word_1_832' title='bbox 1178 1425 1362 1459; x_wconf 81' lang='lat' dir='ltr'>proficiscens,</span> <span class='ocrx_word' id='word_1_833' title='bbox 1380 1424 1504 1451; x_wconf 82' lang='lat' dir='ltr'>solebas‘?</span> <span class='ocrx_word' id='word_1_834' title='bbox 1524 1433 1537 1450; x_wconf 88' lang='lat' dir='ltr'>a</span> <span class='ocrx_word' id='word_1_835' title='bbox 1549 1424 1628 1450; x_wconf 90' lang='lat' dir='ltr'>cuius</span> <span class='ocrx_word' id='word_1_836' title='bbox 1639 1422 1730 1448; x_wconf 90' lang='lat' dir='ltr'>altari-</span> 
     </span>
     <span class='ocr_line' id='line_1_107' title="bbox 929 1461 1729 1497; baseline -0.001 -10"><span class='ocrx_word' id='word_1_837' title='bbox 929 1461 981 1487; x_wconf 88' lang='lat' dir='ltr'>bus</span> <span class='ocrx_word' id='word_1_838' title='bbox 996 1469 1075 1495; x_wconf 87' lang='lat' dir='ltr'>saepe</span> <span class='ocrx_word' id='word_1_839' title='bbox 1091 1461 1169 1487; x_wconf 86' lang='lat' dir='ltr'>istam</span> <span class='ocrx_word' id='word_1_840' title='bbox 1186 1462 1297 1497; x_wconf 87' lang='lat' dir='ltr'>impiam</span> <span class='ocrx_word' id='word_1_841' title='bbox 1313 1462 1448 1489; x_wconf 87' lang='lat' dir='ltr'>dexteram</span> <span class='ocrx_word' id='word_1_842' title='bbox 1465 1461 1498 1487; x_wconf 87' lang='lat' dir='ltr'>ad</span> <span class='ocrx_word' id='word_1_843' title='bbox 1514 1470 1605 1487; x_wconf 84' lang='lat' dir='ltr'>necem</span> <span class='ocrx_word' id='word_1_844' title='bbox 1626 1461 1729 1486; x_wconf 83' lang='lat' dir='ltr'>civium</span> 
     </span>
     <span class='ocr_line' id='line_1_108' title="bbox 930 1498 1729 1534; baseline -0.003 -9"><span class='ocrx_word' id='word_1_845' title='bbox 930 1498 1075 1526; x_wconf 80' lang='lat' dir='ltr'>tratulisti‘?</span> <span class='ocrx_word' id='word_1_846' title='bbox 1114 1498 1148 1524; x_wconf 83' lang='grc' dir='ltr'>Χ.</span> <span class='ocrx_word' id='word_1_847' title='bbox 1171 1501 1213 1527; x_wconf 65' lang='lat'>⁶25,</span> <span class='ocrx_word' id='word_1_848' title='bbox 1241 1500 1294 1526; x_wconf 87' lang='lat' dir='ltr'>lbis</span> <span class='ocrx_word' id='word_1_849' title='bbox 1316 1499 1422 1526; x_wconf 87' lang='lat' dir='ltr'>tandem</span> <span class='ocrx_word' id='word_1_850' title='bbox 1444 1499 1602 1534; x_wconf 82' lang='lat' dir='ltr'>aliquando,</span> <span class='ocrx_word' id='word_1_851' title='bbox 1628 1507 1684 1532; x_wconf 91' lang='lat' dir='ltr'>quo</span> <span class='ocrx_word' id='word_1_852' title='bbox 1705 1502 1729 1523; x_wconf 88' lang='lat' dir='ltr'>te</span> 
     </span>
     <span class='ocr_line' id='line_1_109' title="bbox 930 1536 1729 1572; baseline -0.003 -10"><span class='ocrx_word' id='word_1_853' title='bbox 930 1536 1088 1571; x_wconf 85' lang='lat' dir='ltr'>iampridem</span> <span class='ocrx_word' id='word_1_854' title='bbox 1105 1540 1149 1562; x_wconf 87' lang='lat' dir='ltr'>tua</span> <span class='ocrx_word' id='word_1_855' title='bbox 1167 1538 1216 1564; x_wconf 86' lang='lat' dir='ltr'>ista</span> <span class='ocrx_word' id='word_1_856' title='bbox 1231 1537 1365 1572; x_wconf 84' lang='lat' dir='ltr'>cupiditas</span> <span class='ocrx_word' id='word_1_857' title='bbox 1381 1537 1504 1563; x_wconf 77' lang='lat' dir='ltr'>ell&#39;rcnata</span> <span class='ocrx_word' id='word_1_858' title='bbox 1520 1546 1549 1562; x_wconf 90' lang='lat' dir='ltr'>ac</span> <span class='ocrx_word' id='word_1_859' title='bbox 1566 1536 1666 1562; x_wconf 79' lang='lat' dir='ltr'>furiosa</span> <span class='ocrx_word' id='word_1_860' title='bbox 1688 1544 1729 1560; x_wconf 88' lang='lat' dir='ltr'>ra-</span> 
     </span>
     <span class='ocr_line' id='line_1_110' title="bbox 929 1572 1729 1609; baseline -0.004 -8"><span class='ocrx_word' id='word_1_861' title='bbox 929 1575 1028 1609; x_wconf 89' lang='lat' dir='ltr'>piebat.</span> <span class='ocrx_word' id='word_1_862' title='bbox 1071 1574 1163 1608; x_wconf 87' lang='lat' dir='ltr'>Neque</span> <span class='ocrx_word' id='word_1_863' title='bbox 1175 1576 1246 1601; x_wconf 89' lang='lat' dir='ltr'>enim</span> <span class='ocrx_word' id='word_1_864' title='bbox 1259 1575 1306 1601; x_wconf 90' lang='lat' dir='ltr'>tibi</span> <span class='ocrx_word' id='word_1_865' title='bbox 1320 1575 1383 1601; x_wconf 84' lang='lat' dir='ltr'>baec</span> <span class='ocrx_word' id='word_1_866' title='bbox 1396 1583 1437 1600; x_wconf 85' lang='lat' dir='ltr'>res</span> <span class='ocrx_word' id='word_1_867' title='bbox 1449 1574 1522 1600; x_wconf 77' lang='lat' dir='ltr'>al&#39;l&#39;ert</span> <span class='ocrx_word' id='word_1_868' title='bbox 1534 1573 1667 1603; x_wconf 84' lang='lat' dir='ltr'>dolorem,</span> <span class='ocrx_word' id='word_1_869' title='bbox 1682 1572 1729 1598; x_wconf 89' lang='lat' dir='ltr'>sed</span> 
     </span>
     <span class='ocr_line' id='line_1_111' title="bbox 929 1612 1729 1648; baseline -0.003 -10"><span class='ocrx_word' id='word_1_870' title='bbox 929 1612 1074 1648; x_wconf 86' lang='lat' dir='ltr'>quamdam</span> <span class='ocrx_word' id='word_1_871' title='bbox 1087 1612 1272 1639; x_wconf 78' lang='lat' dir='ltr'>incredibilem</span> <span class='ocrx_word' id='word_1_872' title='bbox 1286 1612 1460 1646; x_wconf 85' lang='lat' dir='ltr'>voluptatem.</span> <span class='ocrx_word' id='word_1_873' title='bbox 1474 1612 1514 1638; x_wconf 71' lang='lat' dir='ltr'>Ad</span> <span class='ocrx_word' id='word_1_874' title='bbox 1525 1612 1592 1637; x_wconf 89' lang='lat' dir='ltr'>banc</span> <span class='ocrx_word' id='word_1_875' title='bbox 1603 1615 1627 1637; x_wconf 90' lang='lat' dir='ltr'>te</span> <span class='ocrx_word' id='word_1_876' title='bbox 1637 1619 1729 1636; x_wconf 88' lang='lat' dir='ltr'>amen-</span> 
     </span>
     <span class='ocr_line' id='line_1_112' title="bbox 930 1649 1730 1685; baseline -0.004 -9"><span class='ocrx_word' id='word_1_877' title='bbox 930 1651 992 1676; x_wconf 87' lang='lat' dir='ltr'>tiam</span> <span class='ocrx_word' id='word_1_878' title='bbox 1005 1654 1097 1676; x_wconf 81' lang='lat' dir='ltr'>natura</span> <span class='ocrx_word' id='word_1_879' title='bbox 1110 1651 1226 1685; x_wconf 86' lang='lat' dir='ltr'>peperit,</span> <span class='ocrx_word' id='word_1_880' title='bbox 1241 1650 1364 1676; x_wconf 83' lang='lat' dir='ltr'>voluntas</span> <span class='ocrx_word' id='word_1_881' title='bbox 1376 1651 1508 1680; x_wconf 81' lang='lat' dir='ltr'>exercuit,</span> <span class='ocrx_word' id='word_1_882' title='bbox 1523 1649 1627 1675; x_wconf 77' lang='lat' dir='ltr'>fortuna</span> <span class='ocrx_word' id='word_1_883' title='bbox 1639 1656 1730 1674; x_wconf 75' lang='lat' dir='ltr'>serva-</span> 
     </span>
     <span class='ocr_line' id='line_1_113' title="bbox 930 1685 1729 1722; baseline -0.005 -8"><span class='ocrx_word' id='word_1_884' title='bbox 930 1688 977 1715; x_wconf 89' lang='lat' dir='ltr'>vit.</span> <span class='ocrx_word' id='word_1_885' title='bbox 1019 1688 1174 1722; x_wconf 86' lang='lat' dir='ltr'>Numquam</span> <span class='ocrx_word' id='word_1_886' title='bbox 1192 1693 1219 1714; x_wconf 91' lang='lat' dir='ltr'>tu</span> <span class='ocrx_word' id='word_1_887' title='bbox 1237 1697 1287 1714; x_wconf 93' lang='lat' dir='ltr'>non</span> <span class='ocrx_word' id='word_1_888' title='bbox 1304 1687 1383 1714; x_wconf 91' lang='lat' dir='ltr'>modo</span> <span class='ocrx_word' id='word_1_889' title='bbox 1397 1688 1496 1717; x_wconf 92' lang='lat' dir='ltr'>otium,</span> <span class='ocrx_word' id='word_1_890' title='bbox 1514 1686 1561 1712; x_wconf 85' lang='lat' dir='ltr'>sed</span> <span class='ocrx_word' id='word_1_891' title='bbox 1578 1695 1610 1712; x_wconf 93' lang='lat' dir='ltr'>ne</span> <span class='ocrx_word' id='word_1_892' title='bbox 1626 1685 1729 1712; x_wconf 89' lang='lat' dir='ltr'>bellum</span> 
     </span>
     <span class='ocr_line' id='line_1_114' title="bbox 929 1725 1730 1761; baseline -0.005 -9"><span class='ocrx_word' id='word_1_893' title='bbox 929 1725 1050 1761; x_wconf 86' lang='lat' dir='ltr'>quidem,</span> <span class='ocrx_word' id='word_1_894' title='bbox 1065 1726 1115 1752; x_wconf 86' lang='lat' dir='ltr'>nisi</span> <span class='ocrx_word' id='word_1_895' title='bbox 1128 1725 1260 1752; x_wconf 76' lang='lat' dir='ltr'>nefarium</span> <span class='ocrx_word' id='word_1_896' title='bbox 1273 1725 1433 1760; x_wconf 82' lang='lat' dir='ltr'>concupisti.</span> <span class='ocrx_word' id='word_1_897' title='bbox 1474 1725 1573 1751; x_wconf 87' lang='lat' dir='ltr'>Nactus</span> <span class='ocrx_word' id='word_1_898' title='bbox 1585 1733 1613 1750; x_wconf 85' lang='lat' dir='ltr'>es</span> <span class='ocrx_word' id='word_1_899' title='bbox 1625 1732 1657 1749; x_wconf 87' lang='lat' dir='ltr'>ex</span> <span class='ocrx_word' id='word_1_900' title='bbox 1669 1732 1730 1757; x_wconf 76' lang='lat' dir='ltr'>per-</span> 
     </span>
     <span class='ocr_line' id='line_1_115' title="bbox 929 1761 1729 1798; baseline -0.005 -9"><span class='ocrx_word' id='word_1_901' title='bbox 929 1764 992 1789; x_wconf 89' lang='lat' dir='ltr'>ditis</span> <span class='ocrx_word' id='word_1_902' title='bbox 1009 1767 1089 1798; x_wconf 83' lang='lat' dir='ltr'>atquc</span> <span class='ocrx_word' id='word_1_903' title='bbox 1105 1764 1138 1790; x_wconf 86' lang='lat' dir='ltr'>ab</span> <span class='ocrx_word' id='word_1_904' title='bbox 1153 1764 1225 1789; x_wconf 91' lang='lat' dir='ltr'>omni</span> <span class='ocrx_word' id='word_1_905' title='bbox 1243 1772 1293 1789; x_wconf 93' lang='lat' dir='ltr'>non</span> <span class='ocrx_word' id='word_1_906' title='bbox 1311 1763 1388 1789; x_wconf 84' lang='lat' dir='ltr'>modo</span> <span class='ocrx_word' id='word_1_907' title='bbox 1400 1762 1518 1792; x_wconf 82' lang='lat' dir='ltr'>fortuna.</span> <span class='ocrx_word' id='word_1_908' title='bbox 1543 1761 1729 1788; x_wconf 76' lang='lat' dir='ltr'>verumetiam</span> 
     </span>
     <span class='ocr_line' id='line_1_116' title="bbox 929 1798 1730 1836; baseline -0.006 -9"><span class='ocrx_word' id='word_1_909' title='bbox 929 1810 976 1836; x_wconf 88' lang='lat' dir='ltr'>spe</span> <span class='ocrx_word' id='word_1_910' title='bbox 988 1800 1122 1827; x_wconf 82' lang='lat' dir='ltr'>derelictis</span> <span class='ocrx_word' id='word_1_911' title='bbox 1134 1800 1272 1828; x_wconf 82' lang='lat' dir='ltr'>contlatam</span> <span class='ocrx_word' id='word_1_912' title='bbox 1286 1800 1468 1835; x_wconf 87' lang='lat' dir='ltr'>improborum</span> <span class='ocrx_word' id='word_1_913' title='bbox 1481 1808 1600 1825; x_wconf 86' lang='lat' dir='ltr'>manum.</span> <span class='ocrx_word' id='word_1_914' title='bbox 1627 1800 1668 1824; x_wconf 58' lang='grc' dir='ltr'>ΕΘ.</span> <span class='ocrx_word' id='word_1_915' title='bbox 1684 1798 1730 1823; x_wconf 75' lang='lat' dir='ltr'>llic.</span> 
     </span>
     <span class='ocr_line' id='line_1_117' title="bbox 930 1835 1731 1874; baseline -0.006 -9"><span class='ocrx_word' id='word_1_916' title='bbox 930 1844 956 1866; x_wconf 90' lang='lat' dir='ltr'>tu</span> <span class='ocrx_word' id='word_1_917' title='bbox 969 1847 1022 1874; x_wconf 87' lang='lat' dir='ltr'>qua</span> <span class='ocrx_word' id='word_1_918' title='bbox 1036 1838 1132 1865; x_wconf 86' lang='lat' dir='ltr'>laetitia</span> <span class='ocrx_word' id='word_1_919' title='bbox 1146 1837 1300 1874; x_wconf 70' lang='lat' dir='ltr'>persruere‘?</span> <span class='ocrx_word' id='word_1_920' title='bbox 1320 1838 1422 1873; x_wconf 88' lang='lat' dir='ltr'>quihus</span> <span class='ocrx_word' id='word_1_921' title='bbox 1437 1837 1545 1873; x_wconf 72' lang='lat' dir='ltr'>gaudiis</span> <span class='ocrx_word' id='word_1_922' title='bbox 1562 1835 1731 1863; x_wconf 66' lang='lat' dir='ltr'>exsultabis?</span> 
     </span>
     <span class='ocr_line' id='line_1_118' title="bbox 928 1875 1730 1912; baseline -0.005 -9"><span class='ocrx_word' id='word_1_923' title='bbox 928 1881 1028 1912; x_wconf 83' lang='lat' dir='ltr'>quanta</span> <span class='ocrx_word' id='word_1_924' title='bbox 1040 1877 1066 1903; x_wconf 93' lang='lat' dir='ltr'>in</span> <span class='ocrx_word' id='word_1_925' title='bbox 1079 1877 1216 1912; x_wconf 87' lang='lat' dir='ltr'>voluptate</span> <span class='ocrx_word' id='word_1_926' title='bbox 1229 1876 1400 1906; x_wconf 82' lang='lat' dir='ltr'>bacchabere,</span> <span class='ocrx_word' id='word_1_927' title='bbox 1414 1884 1500 1910; x_wconf 91' lang='lat' dir='ltr'>quum</span> <span class='ocrx_word' id='word_1_928' title='bbox 1512 1875 1539 1901; x_wconf 93' lang='lat' dir='ltr'>in</span> <span class='ocrx_word' id='word_1_929' title='bbox 1552 1879 1623 1900; x_wconf 87' lang='lat' dir='ltr'>tanto</span> <span class='ocrx_word' id='word_1_930' title='bbox 1635 1882 1730 1899; x_wconf 85' lang='lat' dir='ltr'>nume-</span> 
     </span>
     <span class='ocr_line' id='line_1_119' title="bbox 929 1913 1727 1949; baseline -0.006 -8"><span class='ocrx_word' id='word_1_931' title='bbox 929 1924 957 1941; x_wconf 92' lang='lat' dir='ltr'>ro</span> <span class='ocrx_word' id='word_1_932' title='bbox 978 1919 1084 1941; x_wconf 88' lang='lat' dir='ltr'>tuorum</span> <span class='ocrx_word' id='word_1_933' title='bbox 1108 1923 1194 1949; x_wconf 87' lang='lat' dir='ltr'>neque</span> <span class='ocrx_word' id='word_1_934' title='bbox 1216 1914 1309 1940; x_wconf 83' lang='lat' dir='ltr'>audies</span> <span class='ocrx_word' id='word_1_935' title='bbox 1330 1914 1419 1939; x_wconf 83' lang='lat' dir='ltr'>virum</span> <span class='ocrx_word' id='word_1_936' title='bbox 1435 1913 1536 1939; x_wconf 92' lang='lat' dir='ltr'>bonum</span> <span class='ocrx_word' id='word_1_937' title='bbox 1552 1919 1727 1946; x_wconf 81' lang='lat' dir='ltr'>quemquam.</span> 
     </span>
     <span class='ocr_line' id='line_1_120' title="bbox 929 1948 1729 1987; baseline -0.008 -8"><span class='ocrx_word' id='word_1_938' title='bbox 929 1961 1016 1987; x_wconf 83' lang='lat' dir='ltr'>neque</span> <span class='ocrx_word' id='word_1_939' title='bbox 1034 1952 1158 1978; x_wconf 66' lang='lat' dir='ltr'>videbis-⁸?</span> <span class='ocrx_word' id='word_1_940' title='bbox 1188 1951 1228 1978; x_wconf 74' lang='lat' dir='ltr'>Ad</span> <span class='ocrx_word' id='word_1_941' title='bbox 1245 1951 1326 1977; x_wconf 87' lang='lat' dir='ltr'>buius</span> <span class='ocrx_word' id='word_1_942' title='bbox 1344 1952 1412 1977; x_wconf 87' lang='lat' dir='ltr'>vitae</span> <span class='ocrx_word' id='word_1_943' title='bbox 1424 1950 1545 1976; x_wconf 89' lang='lat' dir='ltr'>studium</span> <span class='ocrx_word' id='word_1_944' title='bbox 1559 1949 1676 1975; x_wconf 82' lang='lat' dir='ltr'>meditati</span> <span class='ocrx_word' id='word_1_945' title='bbox 1690 1948 1729 1973; x_wconf 93' lang='lat' dir='ltr'>illi</span> 
     </span>
     <span class='ocr_line' id='line_1_121' title="bbox 929 1985 1730 2024; baseline -0.006 -8"><span class='ocrx_word' id='word_1_946' title='bbox 929 1995 1000 2021; x_wconf 84' lang='lat' dir='ltr'>sunt,</span> <span class='ocrx_word' id='word_1_947' title='bbox 1014 1990 1061 2024; x_wconf 86' lang='lat' dir='ltr'>qui</span> <span class='ocrx_word' id='word_1_948' title='bbox 1075 1989 1206 2020; x_wconf 78' lang='lat' dir='ltr'>seruntur,</span> <span class='ocrx_word' id='word_1_949' title='bbox 1217 1989 1320 2015; x_wconf 85' lang='lat' dir='ltr'>labores</span> <span class='ocrx_word' id='word_1_950' title='bbox 1332 1989 1386 2014; x_wconf 90' lang='lat' dir='ltr'>tui:</span> <span class='ocrx_word' id='word_1_951' title='bbox 1401 1989 1485 2014; x_wconf 82' lang='lat' dir='ltr'>iacere</span> <span class='ocrx_word' id='word_1_952' title='bbox 1498 1988 1573 2013; x_wconf 82' lang='grc'>11111111</span> <span class='ocrx_word' id='word_1_953' title='bbox 1587 1996 1638 2013; x_wconf 84' lang='grc'>11011</span> <span class='ocrx_word' id='word_1_954' title='bbox 1652 1985 1730 2012; x_wconf 83' lang='lat' dir='ltr'>niodo</span> 
     </span>
     <span class='ocr_line' id='line_1_122' title="bbox 929 2023 1731 2061; baseline -0.007 -7"><span class='ocrx_word' id='word_1_955' title='bbox 929 2027 961 2054; x_wconf 91' lang='lat' dir='ltr'>ad</span> <span class='ocrx_word' id='word_1_956' title='bbox 973 2027 1153 2053; x_wconf 86' lang='lat' dir='ltr'>obsidendum</span> <span class='ocrx_word' id='word_1_957' title='bbox 1165 2032 1305 2061; x_wconf 77' lang='lat' dir='ltr'>stuprum,</span> <span class='ocrx_word' id='word_1_958' title='bbox 1324 2035 1417 2052; x_wconf 80' lang='lat' dir='ltr'>verum</span> <span class='ocrx_word' id='word_1_959' title='bbox 1430 2026 1508 2051; x_wconf 81' lang='lat' dir='ltr'>etiam</span> <span class='ocrx_word' id='word_1_960' title='bbox 1522 2025 1553 2051; x_wconf 90' lang='lat' dir='ltr'>ad</span> <span class='ocrx_word' id='word_1_961' title='bbox 1567 2024 1670 2050; x_wconf 77' lang='lat' dir='ltr'>facinus</span> <span class='ocrx_word' id='word_1_962' title='bbox 1682 2023 1731 2049; x_wconf 85' lang='lat' dir='ltr'>ob-</span> 
     </span>
     <span class='ocr_line' id='line_1_123' title="bbox 929 2063 1730 2099; baseline -0.006 -8"><span class='ocrx_word' id='word_1_963' title='bbox 929 2065 1063 2091; x_wconf 86' lang='lat' dir='ltr'>eundum:</span> <span class='ocrx_word' id='word_1_964' title='bbox 1088 2064 1200 2099; x_wconf 73' lang='lat' dir='ltr'>vigilare</span> <span class='ocrx_word' id='word_1_965' title='bbox 1217 2073 1267 2090; x_wconf 91' lang='lat' dir='ltr'>non</span> <span class='ocrx_word' id='word_1_966' title='bbox 1283 2063 1372 2089; x_wconf 87' lang='lat' dir='ltr'>solum</span> <span class='ocrx_word' id='word_1_967' title='bbox 1385 2063 1556 2089; x_wconf 78' lang='lat' dir='ltr'>insidiantem</span> <span class='ocrx_word' id='word_1_968' title='bbox 1568 2070 1662 2087; x_wconf 83' lang='lat' dir='ltr'>somno</span> <span class='ocrx_word' id='word_1_969' title='bbox 1674 2070 1730 2086; x_wconf 86' lang='lat' dir='ltr'>ma-</span> 
     </span>
     <span class='ocr_line' id='line_1_124' title="bbox 929 2098 1729 2133; baseline -0.008 -4"><span class='ocrx_word' id='word_1_970' title='bbox 929 2103 1054 2133; x_wconf 83' lang='lat' dir='ltr'>ritorum,</span> <span class='ocrx_word' id='word_1_971' title='bbox 1072 2111 1166 2128; x_wconf 80' lang='lat' dir='ltr'>verum</span> <span class='ocrx_word' id='word_1_972' title='bbox 1182 2103 1261 2128; x_wconf 89' lang='lat' dir='ltr'>etiam</span> <span class='ocrx_word' id='word_1_973' title='bbox 1279 2101 1355 2127; x_wconf 81' lang='lat' dir='ltr'>bonis</span> <span class='ocrx_word' id='word_1_974' title='bbox 1367 2101 1526 2127; x_wconf 78' lang='lat' dir='ltr'>occisorum.</span> <span class='ocrx_word' id='word_1_975' title='bbox 1568 2099 1664 2129; x_wconf 79' lang='lat' dir='ltr'>llabes,</span> <span class='ocrx_word' id='word_1_976' title='bbox 1683 2098 1729 2124; x_wconf 88' lang='lat' dir='ltr'>ubi</span> 
     </span>
     <span class='ocr_line' id='line_1_125' title="bbox 929 2135 1730 2174; baseline -0.006 -8"><span class='ocrx_word' id='word_1_977' title='bbox 929 2144 1046 2166; x_wconf 82' lang='lat' dir='ltr'>ostentes</span> <span class='ocrx_word' id='word_1_978' title='bbox 1059 2139 1131 2165; x_wconf 88' lang='lat' dir='ltr'>illam</span> <span class='ocrx_word' id='word_1_979' title='bbox 1145 2139 1305 2174; x_wconf 83' lang='lat' dir='ltr'>praeclaram</span> <span class='ocrx_word' id='word_1_980' title='bbox 1320 2144 1391 2165; x_wconf 86' lang='lat' dir='ltr'>tuam</span> <span class='ocrx_word' id='word_1_981' title='bbox 1405 2138 1558 2172; x_wconf 83' lang='lat' dir='ltr'>patientiam</span> <span class='ocrx_word' id='word_1_982' title='bbox 1572 2136 1663 2166; x_wconf 80' lang='lat' dir='ltr'>samis,</span> <span class='ocrx_word' id='word_1_983' title='bbox 1683 2135 1730 2161; x_wconf 81' lang='lat' dir='ltr'>sri-</span> 
     </span>
     <span class='ocr_line' id='line_1_126' title="bbox 929 2175 1730 2213; baseline -0.007 -9"><span class='ocrx_word' id='word_1_984' title='bbox 929 2178 1009 2213; x_wconf 66' lang='grc'>30115,</span> <span class='ocrx_word' id='word_1_985' title='bbox 1025 2177 1129 2211; x_wconf 86' lang='lat' dir='ltr'>inopiae</span> <span class='ocrx_word' id='word_1_986' title='bbox 1141 2185 1230 2203; x_wconf 88' lang='lat' dir='ltr'>rerum</span> <span class='ocrx_word' id='word_1_987' title='bbox 1242 2176 1377 2205; x_wconf 79' lang='lat' dir='ltr'>omnium;</span> <span class='ocrx_word' id='word_1_988' title='bbox 1391 2175 1491 2210; x_wconf 78' lang='lat' dir='ltr'>quibus</span> <span class='ocrx_word' id='word_1_989' title='bbox 1505 2180 1527 2200; x_wconf 84' lang='lat' dir='ltr'>te</span> <span class='ocrx_word' id='word_1_990' title='bbox 1541 2175 1613 2200; x_wconf 73' lang='lat' dir='ltr'>brevi</span> <span class='ocrx_word' id='word_1_991' title='bbox 1627 2178 1730 2207; x_wconf 73' lang='lat' dir='ltr'>tempo—</span> 
     </span>
     <span class='ocr_line' id='line_1_127' title="bbox 930 2211 1727 2246; baseline -0.008 -5"><span class='ocrx_word' id='word_1_992' title='bbox 930 2224 957 2241; x_wconf 86' lang='lat' dir='ltr'>re</span> <span class='ocrx_word' id='word_1_993' title='bbox 967 2214 1118 2241; x_wconf 86' lang='lat' dir='ltr'>consectum</span> <span class='ocrx_word' id='word_1_994' title='bbox 1130 2222 1189 2240; x_wconf 87' lang='lat' dir='ltr'>esse</span> <span class='ocrx_word' id='word_1_995' title='bbox 1204 2214 1313 2239; x_wconf 81' lang='lat' dir='ltr'>senties.</span> <span class='ocrx_word' id='word_1_996' title='bbox 1355 2214 1396 2238; x_wconf 70' lang='lat'>27.</span> <span class='ocrx_word' id='word_1_997' title='bbox 1414 2213 1528 2238; x_wconf 83' lang='lat' dir='ltr'>Tantum</span> <span class='ocrx_word' id='word_1_998' title='bbox 1546 2211 1644 2246; x_wconf 73' lang='lat' dir='ltr'>profeci</span> <span class='ocrx_word' id='word_1_999' title='bbox 1661 2216 1727 2238; x_wconf 84' lang='lat' dir='ltr'>tum.</span> 
     </span>
     <span class='ocr_line' id='line_1_128' title="bbox 929 2249 1726 2287; baseline -0.005 -9"><span class='ocrx_word' id='word_1_1000' title='bbox 929 2261 1015 2287; x_wconf 92' lang='lat' dir='ltr'>quum</span> <span class='ocrx_word' id='word_1_1001' title='bbox 1033 2257 1057 2278; x_wconf 90' lang='lat' dir='ltr'>te</span> <span class='ocrx_word' id='word_1_1002' title='bbox 1072 2261 1086 2277; x_wconf 92' lang='lat' dir='ltr'>a</span> <span class='ocrx_word' id='word_1_1003' title='bbox 1102 2251 1243 2277; x_wconf 78' lang='lat' dir='ltr'>consulatu</span> <span class='ocrx_word' id='word_1_1004' title='bbox 1261 2250 1361 2285; x_wconf 75' lang='lat' dir='ltr'>repuli,</span> <span class='ocrx_word' id='word_1_1005' title='bbox 1386 2254 1414 2275; x_wconf 93' lang='lat' dir='ltr'>ut</span> <span class='ocrx_word' id='word_1_1006' title='bbox 1425 2249 1501 2275; x_wconf 81' lang='lat' dir='ltr'>exsul</span> <span class='ocrx_word' id='word_1_1007' title='bbox 1516 2250 1604 2283; x_wconf 82' lang='lat' dir='ltr'>potius</span> <span class='ocrx_word' id='word_1_1008' title='bbox 1618 2253 1726 2274; x_wconf 74' lang='lat' dir='ltr'>tentare.</span> 
     </span>
     <span class='ocr_line' id='line_1_129' title="bbox 930 2287 1729 2324; baseline -0.008 -9"><span class='ocrx_word' id='word_1_1009' title='bbox 930 2298 1011 2324; x_wconf 81' lang='lat' dir='ltr'>quam</span> <span class='ocrx_word' id='word_1_1010' title='bbox 1032 2289 1126 2315; x_wconf 85' lang='lat' dir='ltr'>consul</span> <span class='ocrx_word' id='word_1_1011' title='bbox 1149 2296 1244 2314; x_wconf 73' lang='lat' dir='ltr'>vexare</span> <span class='ocrx_word' id='word_1_1012' title='bbox 1260 2287 1454 2322; x_wconf 79' lang='lat' dir='ltr'>rempublicam</span> <span class='ocrx_word' id='word_1_1013' title='bbox 1471 2295 1577 2321; x_wconf 76' lang='lat' dir='ltr'>posses:</span> <span class='ocrx_word' id='word_1_1014' title='bbox 1601 2291 1680 2319; x_wconf 75' lang='lat' dir='ltr'>atque</span> <span class='ocrx_word' id='word_1_1015' title='bbox 1701 2290 1729 2310; x_wconf 95' lang='lat' dir='ltr'>ut</span> 
     </span>
     <span class='ocr_line' id='line_1_130' title="bbox 931 2323 1727 2361; baseline -0.008 -8"><span class='ocrx_word' id='word_1_1016' title='bbox 931 2327 966 2357; x_wconf 78' lang='lat' dir='ltr'>id,</span> <span class='ocrx_word' id='word_1_1017' title='bbox 980 2326 1052 2361; x_wconf 88' lang='lat' dir='ltr'>quod</span> <span class='ocrx_word' id='word_1_1018' title='bbox 1064 2330 1135 2352; x_wconf 81' lang='lat' dir='ltr'>essct</span> <span class='ocrx_word' id='word_1_1019' title='bbox 1146 2326 1193 2351; x_wconf 85' lang='lat' dir='ltr'>abs</span> <span class='ocrx_word' id='word_1_1020' title='bbox 1205 2330 1229 2351; x_wconf 76' lang='lat' dir='ltr'>te</span> <span class='ocrx_word' id='word_1_1021' title='bbox 1241 2324 1366 2351; x_wconf 80' lang='lat' dir='ltr'>scelerate</span> <span class='ocrx_word' id='word_1_1022' title='bbox 1378 2329 1545 2358; x_wconf 75' lang='lat' dir='ltr'>susceptum.</span> <span class='ocrx_word' id='word_1_1023' title='bbox 1562 2323 1727 2349; x_wconf 74' lang='lat' dir='ltr'>latrocinium</span> 
     </span>
     <span class='ocr_line' id='line_1_131' title="bbox 931 2362 1442 2399; baseline -0.006 -10"><span class='ocrx_word' id='word_1_1024' title='bbox 931 2365 1028 2399; x_wconf 84' lang='lat' dir='ltr'>potius,</span> <span class='ocrx_word' id='word_1_1025' title='bbox 1042 2372 1123 2397; x_wconf 89' lang='lat' dir='ltr'>quam</span> <span class='ocrx_word' id='word_1_1026' title='bbox 1137 2362 1238 2389; x_wconf 77' lang='lat' dir='ltr'>bellum</span> <span class='ocrx_word' id='word_1_1027' title='bbox 1252 2363 1442 2388; x_wconf 79' lang='lat' dir='ltr'>nominaretur.</span> 
     </span>
    </p>

    <p class='ocr_par' dir='ltr' id='par_1_16' title="bbox 929 2396 1728 2736">
     <span class='ocr_line' id='line_1_132' title="bbox 986 2396 1727 2433; baseline -0.007 -7"><span class='ocrx_word' id='word_1_1028' title='bbox 986 2401 1032 2427; x_wconf 78' lang='lat' dir='ltr'>xi.</span> <span class='ocrx_word' id='word_1_1029' title='bbox 1056 2401 1140 2430; x_wconf 76' lang='lat' dir='ltr'>Nunc,</span> <span class='ocrx_word' id='word_1_1030' title='bbox 1165 2404 1193 2425; x_wconf 94' lang='lat' dir='ltr'>ut</span> <span class='ocrx_word' id='word_1_1031' title='bbox 1208 2409 1221 2425; x_wconf 89' lang='lat' dir='ltr'>a</span> <span class='ocrx_word' id='word_1_1032' title='bbox 1235 2408 1285 2428; x_wconf 80' lang='lat' dir='ltr'>uie,</span> <span class='ocrx_word' id='word_1_1033' title='bbox 1309 2404 1396 2433; x_wconf 81' lang='lat' dir='ltr'>patres</span> <span class='ocrx_word' id='word_1_1034' title='bbox 1407 2398 1559 2432; x_wconf 77' lang='lat' dir='ltr'>conscripti,</span> <span class='ocrx_word' id='word_1_1035' title='bbox 1583 2396 1727 2431; x_wconf 86' lang='lat' dir='ltr'>quamdam</span> 
     </span>
     <span class='ocr_line' id='line_1_133' title="bbox 931 2433 1728 2473; baseline -0.006 -9"><span class='ocrx_word' id='word_1_1036' title='bbox 931 2447 1012 2473; x_wconf 87' lang='lat' dir='ltr'>prope</span> <span class='ocrx_word' id='word_1_1037' title='bbox 1029 2438 1126 2464; x_wconf 84' lang='lat' dir='ltr'>iustam</span> <span class='ocrx_word' id='word_1_1038' title='bbox 1145 2438 1243 2472; x_wconf 75' lang='lat' dir='ltr'>patriae</span> <span class='ocrx_word' id='word_1_1039' title='bbox 1259 2436 1454 2471; x_wconf 78' lang='lat' dir='ltr'>querimoniam</span> <span class='ocrx_word' id='word_1_1040' title='bbox 1467 2435 1582 2461; x_wconf 72' lang='lat' dir='ltr'>detester</span> <span class='ocrx_word' id='word_1_1041' title='bbox 1593 2443 1622 2459; x_wconf 72' lang='lat' dir='ltr'>ac</span> <span class='ocrx_word' id='word_1_1042' title='bbox 1633 2433 1728 2468; x_wconf 74' lang='lat' dir='ltr'>depre-</span> 
     </span>
     <span class='ocr_line' id='line_1_134' title="bbox 930 2472 1726 2510; baseline -0.009 -8"><span class='ocrx_word' id='word_1_1043' title='bbox 930 2485 987 2502; x_wconf 85' lang='lat' dir='ltr'>cer:</span> <span class='ocrx_word' id='word_1_1044' title='bbox 1012 2475 1153 2510; x_wconf 80' lang='lat' dir='ltr'>percipite,</span> <span class='ocrx_word' id='word_1_1045' title='bbox 1166 2483 1280 2509; x_wconf 80' lang='lat' dir='ltr'>quaeso,</span> <span class='ocrx_word' id='word_1_1046' title='bbox 1293 2473 1448 2509; x_wconf 67' lang='lat' dir='ltr'>diligenter,</span> <span class='ocrx_word' id='word_1_1047' title='bbox 1463 2482 1531 2507; x_wconf 85' lang='lat' dir='ltr'>quae</span> <span class='ocrx_word' id='word_1_1048' title='bbox 1543 2472 1643 2500; x_wconf 72' lang='lat' dir='ltr'>‹lii-am,</span> <span class='ocrx_word' id='word_1_1049' title='bbox 1662 2476 1686 2496; x_wconf 73' lang='lat' dir='ltr'>ct</span> <span class='ocrx_word' id='word_1_1050' title='bbox 1698 2480 1726 2496; x_wconf 71' lang='lat' dir='ltr'>en</span> 
     </span>
     <span class='ocr_line' id='line_1_135' title="bbox 931 2509 1728 2548; baseline -0.008 -9"><span class='ocrx_word' id='word_1_1051' title='bbox 931 2513 1038 2548; x_wconf 79' lang='lat' dir='ltr'>penitus</span> <span class='ocrx_word' id='word_1_1052' title='bbox 1059 2513 1156 2538; x_wconf 73' lang='lat' dir='ltr'>nniinis</span> <span class='ocrx_word' id='word_1_1053' title='bbox 1179 2512 1274 2537; x_wconf 70' lang='lat' dir='ltr'>vestris</span> <span class='ocrx_word' id='word_1_1054' title='bbox 1295 2511 1486 2545; x_wconf 70' lang='lat' dir='ltr'>mentibusque</span> <span class='ocrx_word' id='word_1_1055' title='bbox 1509 2509 1639 2535; x_wconf 76' lang='lat' dir='ltr'>tumulate.</span> <span class='ocrx_word' id='word_1_1056' title='bbox 1683 2509 1728 2534; x_wconf 75' lang='lat' dir='ltr'>Ei-</span> 
     </span>
     <span class='ocr_line' id='line_1_136' title="bbox 930 2546 1728 2584; baseline -0.006 -8"><span class='ocrx_word' id='word_1_1057' title='bbox 930 2551 1001 2576; x_wconf 87' lang='lat' dir='ltr'>enim</span> <span class='ocrx_word' id='word_1_1058' title='bbox 1011 2571 1016 2581; x_wconf 82' lang='grc'><em>,</em></span> <span class='ocrx_word' id='word_1_1059' title='bbox 1029 2550 1052 2576; x_wconf 78' lang='lat' dir='ltr'>si</span> <span class='ocrx_word' id='word_1_1060' title='bbox 1065 2559 1169 2576; x_wconf 77' lang='lat' dir='ltr'>mecum</span> <span class='ocrx_word' id='word_1_1061' title='bbox 1184 2550 1265 2584; x_wconf 82' lang='lat' dir='ltr'>patria</span> <span class='ocrx_word' id='word_1_1062' title='bbox 1275 2569 1280 2579; x_wconf 90' lang='lat'>,</span> <span class='ocrx_word' id='word_1_1063' title='bbox 1298 2556 1366 2583; x_wconf 82' lang='lat' dir='ltr'>quae</span> <span class='ocrx_word' id='word_1_1064' title='bbox 1379 2548 1445 2574; x_wconf 89' lang='lat' dir='ltr'>mibi</span> <span class='ocrx_word' id='word_1_1065' title='bbox 1458 2548 1511 2573; x_wconf 74' lang='lat' dir='ltr'>vita</span> <span class='ocrx_word' id='word_1_1066' title='bbox 1524 2555 1580 2573; x_wconf 75' lang='lat' dir='ltr'>mea</span> <span class='ocrx_word' id='word_1_1067' title='bbox 1593 2546 1677 2572; x_wconf 89' lang='lat' dir='ltr'>multo</span> <span class='ocrx_word' id='word_1_1068' title='bbox 1689 2551 1728 2571; x_wconf 76' lang='lat' dir='ltr'>est</span> 
     </span>
     <span class='ocr_line' id='line_1_137' title="bbox 929 2583 1728 2619; baseline -0.008 -5"><span class='ocrx_word' id='word_1_1069' title='bbox 929 2588 1026 2618; x_wconf 79' lang='lat' dir='ltr'>carior,</span> <span class='ocrx_word' id='word_1_1070' title='bbox 1049 2587 1071 2613; x_wconf 79' lang='lat' dir='ltr'>si</span> <span class='ocrx_word' id='word_1_1071' title='bbox 1084 2592 1177 2613; x_wconf 78' lang='lat' dir='ltr'>cuneta</span> <span class='ocrx_word' id='word_1_1072' title='bbox 1191 2586 1272 2616; x_wconf 83' lang='lat' dir='ltr'>ltalia,</span> <span class='ocrx_word' id='word_1_1073' title='bbox 1286 2586 1308 2611; x_wconf 80' lang='lat' dir='ltr'>si</span> <span class='ocrx_word' id='word_1_1074' title='bbox 1321 2586 1408 2611; x_wconf 84' lang='lat' dir='ltr'>omnis</span> <span class='ocrx_word' id='word_1_1075' title='bbox 1420 2584 1572 2619; x_wconf 76' lang='lat' dir='ltr'>respublica</span> <span class='ocrx_word' id='word_1_1076' title='bbox 1584 2584 1622 2610; x_wconf 77' lang='lat' dir='ltr'>sic</span> <span class='ocrx_word' id='word_1_1077' title='bbox 1636 2583 1728 2618; x_wconf 88' lang='lat' dir='ltr'>loqua—</span> 
     </span>
     <span class='ocr_line' id='line_1_138' title="bbox 931 2621 1726 2659; baseline -0.008 -8"><span class='ocrx_word' id='word_1_1078' title='bbox 931 2630 986 2652; x_wconf 87' lang='lat' dir='ltr'>tur:</span> <span class='ocrx_word' id='word_1_1079' title='bbox 1011 2625 1046 2651; x_wconf 83' lang='lat' dir='ltr'>M.</span> <span class='ocrx_word' id='word_1_1080' title='bbox 1059 2624 1144 2654; x_wconf 87' lang='lat' dir='ltr'>Tulli,</span> <span class='ocrx_word' id='word_1_1081' title='bbox 1162 2624 1228 2659; x_wconf 91' lang='lat' dir='ltr'>quid</span> <span class='ocrx_word' id='word_1_1082' title='bbox 1241 2623 1316 2657; x_wconf 63' lang='lat' dir='ltr'>agis?</span> <span class='ocrx_word' id='word_1_1083' title='bbox 1335 2624 1410 2649; x_wconf 86' lang='lat' dir='ltr'>Tune</span> <span class='ocrx_word' id='word_1_1084' title='bbox 1421 2631 1497 2654; x_wconf 82' lang='lat' dir='ltr'>cnm,</span> <span class='ocrx_word' id='word_1_1085' title='bbox 1515 2630 1596 2656; x_wconf 84' lang='lat' dir='ltr'>quem</span> <span class='ocrx_word' id='word_1_1086' title='bbox 1609 2630 1668 2647; x_wconf 74' lang='lat' dir='ltr'>esse</span> <span class='ocrx_word' id='word_1_1087' title='bbox 1681 2621 1726 2646; x_wconf 84' lang='lat' dir='ltr'>bo-</span> 
     </span>
     <span class='ocr_line' id='line_1_139' title="bbox 930 2658 1724 2697; baseline -0.008 -8"><span class='ocrx_word' id='word_1_1088' title='bbox 930 2667 998 2689; x_wconf 81' lang='lat' dir='ltr'>stem</span> <span class='ocrx_word' id='word_1_1089' title='bbox 1018 2663 1185 2697; x_wconf 81' lang='lat' dir='ltr'>comperisti,</span> <span class='ocrx_word' id='word_1_1090' title='bbox 1208 2669 1288 2695; x_wconf 82' lang='lat' dir='ltr'>quem</span> <span class='ocrx_word' id='word_1_1091' title='bbox 1309 2660 1404 2686; x_wconf 81' lang='lat' dir='ltr'>ducem</span> <span class='ocrx_word' id='word_1_1092' title='bbox 1421 2659 1485 2686; x_wconf 81' lang='lat' dir='ltr'>belli</span> <span class='ocrx_word' id='word_1_1093' title='bbox 1502 2659 1623 2686; x_wconf 77' lang='lat' dir='ltr'>futurum</span> <span class='ocrx_word' id='word_1_1094' title='bbox 1640 2658 1724 2687; x_wconf 66' lang='lat' dir='ltr'>vidos.</span> 
     </span>
     <span class='ocr_line' id='line_1_140' title="bbox 929 2697 1727 2736; baseline -0.008 -9"><span class='ocrx_word' id='word_1_1095' title='bbox 929 2709 1011 2736; x_wconf 90' lang='lat' dir='ltr'>quem</span> <span class='ocrx_word' id='word_1_1096' title='bbox 1027 2699 1175 2735; x_wconf 79' lang='lat' dir='ltr'>exspectari</span> <span class='ocrx_word' id='word_1_1097' title='bbox 1193 2699 1378 2734; x_wconf 80' lang='lat' dir='ltr'>imperatorem</span> <span class='ocrx_word' id='word_1_1098' title='bbox 1391 2699 1418 2725; x_wconf 92' lang='lat' dir='ltr'>in</span> <span class='ocrx_word' id='word_1_1099' title='bbox 1428 2698 1523 2724; x_wconf 85' lang='lat' dir='ltr'>castris</span> <span class='ocrx_word' id='word_1_1100' title='bbox 1535 2697 1653 2723; x_wconf 87' lang='lat' dir='ltr'>hostium</span> <span class='ocrx_word' id='word_1_1101' title='bbox 1666 2704 1727 2722; x_wconf 76' lang='lat' dir='ltr'>sen-</span> 
     </span>
    </p>
   </div>
   <div class='ocr_carea' id='block_1_15' title="bbox 1460 2745 1517 2770">
    <p class='ocr_par' dir='ltr' id='par_1_17' title="bbox 1460 2745 1517 2770">
     <span class='ocr_line' id='line_1_141' title="bbox 1460 2745 1517 2770; baseline 0 0"><span class='ocrx_word' id='word_1_1102' title='bbox 1460 2745 1517 2770; x_wconf 74' lang='lat'>53·</span> 
     </span>
    </p>
   </div>
  </div>
 </body>
</html>
