1941 3052
210 143 256 167 ΠΟ
780 143 818 166 tt.
851 141 885 166 Μ.

205 218 228 239 ιιι
247 217 355 239 connum
374 218 458 238 tunic-n
482 217 560 247 utque
583 211 757 238 ndumlirntio.
793 211 848 237 Non
872 211 994 244 assequi-

205 259 277 281 mur,
294 255 326 279 at,
339 250 403 284 quid
419 250 516 279 ιΙι-ιϊηι,
535 249 665 275 vidi-mun.
702 250 757 274 tot.
772 248 824 273 Nec
837 248 907 273 enim
923 256 993 273 nunc

203 287 236 313 de
251 287 339 316 nobis,
361 287 405 312 sed
425 287 456 312 d«-
477 296 502 312 ri·
520 287 647 312 divimus:
672 286 696 311 in
716 294 769 320 quo
789 289 889 310 tantum
908 285 990 314 abest,

205 329 233 350 ut
252 329 337 350 nostra
357 325 496 352 nnn-mur.
519 329 545 348 ut
565 331 649 357 usque
668 332 698 347 eo
715 322 839 347 difficiles
853 322 992 348 nemorosi

204 362 298 390 simus,
313 366 340 386 ut
356 361 430 386 nobis
443 370 492 387 non
505 359 646 385 annunciat
659 360 714 393 ipse
727 359 929 389 Demosthenem
945 359 992 393 qui
1014 362 1015 382 1

203 408 210 423 ι
225 407 365 432 numquam
383 407 451 423 unus
466 398 563 423 einim-t
577 397 643 422 iuter
656 405 748 422 omnes
768 397 793 422 in
812 396 883 421 omni
897 404 993 429 genere
1014 414 1015 428 ,

203 407 321 464 «licendi,
344 440 428 460 tumen
449 444 498 460 non
518 442 622 468 semper
641 433 732 467 implet
751 442 828 459 aures
851 441 935 463 meas,
959 433 992 459 ita
1014 455 1015 465 ,

204 477 265 498 sunt
280 472 371 497 avidae
386 476 410 497 vt
427 480 534 505 capaces
553 475 578 496 et
596 479 701 504 semper
714 470 816 505 aliquid
832 471 992 496 immensum

205 510 391 543 infinitumque
414 508 572 533 desiderant.
623 507 710 533 XXX.
737 509 793 533 ¹05.
819 507 870 533 Sed
895 512 990 537 tamen,

202 547 327 580 quoniam
343 550 367 570 et
382 545 452 570 Ιιιιιιι·
467 550 493 570 ιιι
508 549 635 571 oratorem
650 554 710 571 cum
725 546 783 571 eius
795 544 993 570 studiosissimo

205 583 351 611 l'nnimene,
368 590 452 616 quum
468 591 540 607 esses
555 582 673 613 Athonis,
691 587 773 608 totum
788 582 993 617 diligentissime

202 620 357 652 cognovisti,
375 628 460 654 neque
474 628 534 645 eum
549 619 661 645 dimittis
675 628 689 645 e
704 619 841 649 manibus,
862 623 887 645 et
906 623 992 645 tamen

203 661 288 682 nostra
303 658 379 682 etiam
397 657 508 686 lectitas,
527 657 600 683 vides
616 657 730 691 profecto
745 657 819 683 illum
835 656 916 682 multa
933 664 992 690 per-

203 693 286 722 ficere,
304 702 350 719 nos
365 694 446 720 multa
461 695 561 725 conari,
585 694 660 721 illum
677 703 762 728 posse,
777 703 823 720 nos
835 693 911 724 velle,
925 702 993 728 quo-

201 739 316 765 cumque
337 731 414 757 modo
432 740 524 757 caussa
540 731 663 766 postulet,
679 731 775 757 dicere.
811 731 862 758 Sed
878 731 922 757 ilie
936 739 992 756 ma-
1013 730 1015 760 ζ

201 776 284 803 gnus;
308 777 367 794 nam
382 773 407 794 ct
421 769 549 795 successit
564 770 620 803 ipse
635 769 739 804 mugnis
753 773 777 795 et
792 768 922 794 maximos
934 776 992 794 ora-

201 809 269 831 tores
288 805 381 831 habuit
399 806 532 840 aequales
566 807 618 832 Nos
633 815 759 841 magnum
778 805 948 835 fecissemus,
968 805 990 830 si

200 841 311 876 quidem
335 843 529 877 potuissemus,
553 852 607 878 quo
629 844 827 874 contendimus,
854 842 991 877 pervenire
1012 847 1014 880 ‚¹

201 879 227 905 in
242 887 270 905 ea
285 879 360 911 urbe,
376 881 403 906 in
418 889 480 915 qua.
497 885 525 906 ut
539 881 574 906 ait
589 881 727 911 Antonius,
744 881 852 906 auditus
863 879 991 914 eloquens
1020 901 1021 906 ,

201 924 278 943 nemo
295 921 359 943 erat.
395 919 451 944 ⁴06.
467 918 546 952 Atqui
566 919 587 944 si
602 918 716 944 Antonio
734 918 845 944 Crassus
863 916 991 951 eloquens
1012 919 1014 927 ’

201 954 276 980 visus
290 963 341 980 non
356 959 395 980 est
409 959 454 981 aut
467 955 518 981 sihi
534 956 598 990 ipse,
616 964 761 990 numquam
774 955 846 981 Cotta
861 955 936 980 visus
949 962 991 980 es·
1012 929 1014 1008 Ι

200 995 248 1021 set,
265 1000 412 1026 numquam
427 992 573 1026 Sulpicius,
591 1001 737 1027 numquam
752 992 917 1018 Hortensius.
944 991 991 1017 Ni-
1019 1009 1021 1024 4

1019 1025 1021 1036 ¹
1043 1029 1132 1054 minus
1147 1033 1233 1054 nostra
1247 1028 1487 1060 commendatione,
1508 1033 1553 1055 tuo
1571 1033 1658 1055 tamen
1672 1030 1778 1056 nomine
1791 1029 1832 1056 di-

200 1027 238 1054 hit
262 1029 332 1055 enim
351 1029 438 1064 ample
457 1029 543 1061 Cotta,
570 1030 635 1056 niliil
656 1030 748 1056 leniter
767 1029 913 1064 Sulpicius,
939 1037 990 1054 non

191 1065 282 1092 ,multa
309 1068 424 1102 graviter
450 1067 614 1093 Hortensius.
662 1067 817 1102 Superiores
847 1066 932 1101 magis
959 1065 990 1091 ad

199 1111 277 1129 omne
290 1112 376 1138 genus
390 1105 457 1138 apti,
474 1104 598 1131 Crassum
618 1104 677 1131 (lico
695 1109 720 1131 et
733 1104 888 1130 Antonium.
922 1103 992 1129 Ieiu-
1012 1101 1014 1132 i

200 1149 246 1166 nas
262 1141 342 1176 igitur
361 1141 442 1168 liuius
460 1141 617 1176 multiplicis
632 1146 657 1168 et
670 1141 844 1176 aequabiliter
861 1141 888 1167 in
903 1140 990 1167 omnia

198 1186 294 1213 genera
310 1178 383 1204 fusae
397 1179 522 1205 orationis
537 1188 613 1205 aures
627 1180 742 1205 civitatis
756 1179 917 1213 accepimus,
933 1186 992 1203 eas·
1012 1147 1013 1220 i

199 1223 251 1250 que
270 1224 317 1242 nos
337 1216 429 1250 primi,
455 1217 619 1251 quicumque
642 1225 748 1243 eramus
770 1220 794 1242 et
815 1215 991 1251 quantulum-
1012 1228 1013 1234 ι

198 1260 315 1287 cumque
328 1253 492 1285 dicebamus,
509 1253 540 1279 ad
557 1254 637 1280 huius
648 1254 753 1290 generis
764 1253 868 1279 dicendi
881 1252 991 1278 audien·
1012 1255 1013 1271 1

198 1289 225 1315 di
240 1290 405 1316 incredibilia
420 1291 508 1317 studia
521 1291 711 1317 convertimus.
747 1292 803 1317 407.
819 1290 931 1322 Quantis
946 1289 990 1315 illa
1012 1293 1013 1326 ξ

198 1326 359 1353 clamoribus
373 1327 562 1354 adolescentuli
577 1328 695 1355 diximus
713 1328 746 1354 de
760 1327 893 1362 supplicio
907 1327 990 1361 parri·
1011 1327 1013 1344 ἰ

198 1363 333 1390 cidaruml
352 1373 421 1399 quae
435 1374 604 1400 nequaquam
619 1367 684 1392 satis
694 1365 861 1392 deferbuisse
872 1369 931 1399 post
941 1363 990 1390 ali—
1011 1384 1013 1398 ,

197 1406 297 1436 quanto
316 1403 413 1428 sentire
431 1403 579 1437 coepimus.
616 1404 683 1435 Quid
701 1406 767 1429 enim
786 1407 837 1429 tam
851 1410 988 1431 commune,

198 1447 274 1471 quam
287 1442 394 1472 spiritus
408 1442 479 1469 vivis,
496 1445 566 1466 terra
579 1443 699 1471 mortuis,
714 1449 785 1466 mare
798 1440 988 1472 fluctuantibus,
1010 1455 1012 1463 ι

198 1477 270 1502 littus
287 1476 391 1503 eiectis?
408 1477 449 1503 lta
467 1480 566 1505 vivunt.
585 1480 645 1503 dum
656 1482 770 1510 possunt,
785 1481 813 1503 ut
826 1479 918 1502 ducere
931 1478 991 1502 ani-

197 1521 263 1539 mam
277 1515 308 1539 de
321 1515 390 1539 caelo
404 1523 454 1540 non
467 1519 574 1548 queant:
589 1517 625 1541 ila
639 1517 793 1545 moriuntur,
808 1519 835 1540 ut
849 1522 935 1540 eorum
949 1521 990 1539 os-

197 1558 226 1576 sa
241 1555 335 1576 terram
350 1559 399 1577 non
413 1556 531 1585 stimant,-
546 1555 582 1578 ita
597 1555 729 1579 iactantur
741 1554 868 1584 fluctibus,
879 1555 907 1577 ue
916 1558 991 1576 uum-

196 1596 274 1621 quam
291 1588 458 1622 alluautur*;
484 1591 521 1615 ita
537 1594 664 1622 postremo
681 1591 832 1619 eiiciantur,
855 1593 883 1614 ut
904 1596 935 1613 ne
956 1589 990 1613 ad

197 1633 263 1651 saxa
278 1627 378 1658 quidem
391 1628 486 1652 mortui
499 1628 687 1660 conquiescant,
703 1630 729 1652 et
741 1634 810 1660 quae
828 1628 988 1660 sequuntur.

197 1661 266 1688 Sunt
283 1663 353 1689 enim
371 1663 459 1690 omnia
482 1664 551 1689 sicut
569 1663 756 1693 adolescentis,
777 1671 828 1689 non
848 1667 900 1688 tam
919 1669 946 1687 re
964 1665 990 1687 et

197 1700 359 1730 maturitate,
379 1709 460 1735 quam
479 1709 526 1735 spe
545 1705 569 1726 et
587 1701 782 1735 exspectatione
797 1699 905 1726 laudati.
929 1700 987 1724 ⁴08.

196 1736 237 1762 Ab
252 1736 300 1762 hac
315 1737 402 1763 indole
417 1737 468 1763 iam
483 1737 527 1764 illa
542 1742 658 1764 matura:
684 1738 757 1763 Uror
770 1739 864 1770 qeneri',
879 1744 989 1762 noverca

196 1775 256 1807 filii,
276 1776 346 1807 filiae
362 1776 455 1807 pellex.
491 1775 544 1812 hice
563 1784 625 1801 vero
642 1775 685 1800 hic
705 1783 776 1800 unus
794 1778 849 1800 erat
865 1773 942 1799 ardor
960 1773 987 1798 in

197 1810 283 1841 nobis.
299 1815 329 1837 ut
343 1811 391 1837 hoe
405 1811 482 1838 modo
496 1812 583 1838 omnia
597 1812 756 1838 diceremus.
788 1812 847 1846 Ipsa
857 1811 928 1837 enim
942 1809 988 1836 illa
1009 1834 1011 1838 .

197 1856 244 1882 pro
261 1849 355 1875 Roscio
379 1848 505 1875 iuvenilis
523 1849 697 1875 redundantia
720 1847 804 1874 multa
823 1848 901 1874 habet
923 1852 989 1873 atte-
1009 1854 1011 1870 ῑ

197 1885 424 1920 nuata,quaedam
439 1886 517 1912 etiam
532 1886 622 1921 paullo
635 1885 772 1912 hilariora:
796 1890 824 1912 ut
838 1894 885 1920 pro
898 1884 985 1914 Avito,

197 1931 244 1957 pro
258 1922 378 1949 Cornelio
391 1923 596 1958 compluresque
610 1923 685 1949 aliae.
721 1923 804 1949 Nemo
817 1923 888 1948 enim
903 1926 988 1949 orator
1008 1925 1011 1953 ζ

197 1965 249 1986 tam
264 1959 347 1986 multa
366 1968 398 1986 ne
415 1961 442 1986 in
457 1960 556 1987 Graeco
573 1960 683 1995 quidem
701 1960 754 1986 otio
771 1960 886 1994 scripsit,
907 1967 986 1994 quam

198 1996 280 2023 multa
294 2001 357 2023 sunt
373 2001 474 2028 nostra,
491 2006 575 2032 eaque
594 1997 661 2024 hanc
680 1998 765 2032 ipsam
781 1997 886 2027 habent,
906 2004 987 2031 quam

196 2034 291 2068 probo,
320 2034 482 2060 varietatem.
525 2034 625 2061 XXXI.
652 2036 708 2060 ⁴09.
730 2034 772 2060 An
794 2042 843 2069 ego
865 2034 985 2063 Homero,

196 2071 294 2102 Ennio,
315 2071 425 2106 reliquis
443 2071 527 2106 poetis
549 2076 575 2098 et
597 2072 712 2098 maxime
734 2071 839 2107 tragicis
861 2071 988 2097 concede-

197 2117 260 2140 rem,
282 2112 311 2134 ut
324 2117 356 2134 ne
370 2109 496 2135 omnibus
510 2108 574 2135 locis
595 2109 686 2135 eadem
701 2109 868 2135 contentione
882 2113 988 2135 uteren-
1008 2117 1010 2134 ,¹

197 2150 240 2171 tur
272 2145 417 2180 crebroque
444 2150 589 2177 mutarent,
619 2154 821 2180 nonnumquam
849 2147 928 2172 etiam
955 2145 987 2171 ad

195 2182 380 2217 quotidianum
398 2191 484 2218 genus
502 2183 631 2210 sermonis
646 2183 812 2209 accederent:
836 2183 895 2217 ipse
909 2191 988 2209 num-
1008 2189 1010 2230 ι

196 2228 276 2254 quam
290 2220 323 2246 ab
337 2220 382 2246 illa
400 2220 526 2246 acerrima
544 2221 709 2247 contentione
727 2219 910 2246 discederem?
935 2220 987 2246 Sed

195 2257 262 2291 quid
284 2262 373 2292 poetas
395 2257 487 2284 divino
508 2258 616 2293 ingenio
634 2257 755 2292 profero?
778 2257 924 2284 Histriones
942 2265 987 2283 eos

196 2294 323 2325 vidimus,
339 2295 439 2329 quibus
453 2294 519 2321 nihil
534 2299 623 2329 posset
636 2295 663 2321 in
677 2303 727 2321 suo
736 2303 832 2330 genere
843 2303 901 2320 esse
911 2302 988 2329 prae-

196 2331 318 2362 stantius,
334 2332 382 2366 qui
397 2341 448 2358 non
462 2331 550 2358 solum
564 2333 591 2358 in
605 2331 795 2358 dissimillimis
809 2333 930 2366 personis
944 2340 986 2358 sa-

197 2368 370 2400 tisfaciebant,
386 2377 470 2404 quum
486 2374 571 2395 tamen
586 2370 613 2395 in
627 2370 685 2395 suis
699 2374 880 2400 versarentur,
900 2369 947 2395 sed
961 2373 987 2395 et

196 2405 351 2431 comoedum
370 2407 397 2432 in
416 2406 557 2442 tragoediis
571 2411 596 2432 et
618 2406 772 2442 tragoedum
796 2407 824 2432 in
841 2406 986 2432 comoediis

196 2441 338 2468 admodum
353 2443 454 2477 placere
468 2443 600 2470 vidimus:
624 2445 681 2470 Ηῡ.
697 2452 746 2479 ego
764 2452 815 2469 non
836 2442 986 2470 elaborem?

196 2478 284 2510 Quum
299 2479 357 2506 dico
370 2488 426 2511 me,
443 2485 476 2511 te,
491 2481 579 2512 Brute,
595 2480 663 2507 dico.
697 2481 764 2506 Nam
778 2481 805 2506 in
819 2489 862 2507 me
875 2480 984 2515 quidem

196 2516 354 2550 iampridem
368 2516 488 2544 effectum
503 2522 551 2549 est,
566 2517 640 2553 quod
653 2517 773 2544 futurum
789 2516 849 2543 fuit.
883 2518 922 2544 Tu
937 2526 986 2544 au-

196 2556 249 2578 tem
271 2553 363 2579 eodem
382 2554 459 2580 modo
476 2563 567 2581 omnes
584 2563 692 2581 caussas
711 2553 792 2590 ages?
810 2559 856 2580 aut
877 2554 985 2589 aliquod

196 2597 350 2616 caussarum
364 2599 449 2626 genus
468 2591 640 2626 repudiabis?
659 2596 704 2618 aut
722 2592 750 2618 in
767 2591 864 2617 iisdem
881 2592 984 2618 caussis

196 2631 354 2661 perpetuum
372 2631 398 2653 et
415 2628 538 2654 eumdem
556 2629 681 2663 spiritum
698 2629 756 2654 sine
769 2627 824 2655 ulla
837 2633 985 2654 commuta-

197 2663 266 2690 tione
283 2663 433 2690 obtinebis?
452 2665 640 2692 Demosthenes
659 2665 782 2700 quidem,
803 2665 880 2692 cuius
899 2674 985 2700 nuper

1011 1483 1012 1488 ¹
1041 1480 1159 1502 teresset.

1010 1513 1013 1522 ’
1040 1521 1092 1548 que
1107 1512 1212 1544 fecerat,
1228 1512 1392 1538 dialecticam
1407 1512 1492 1538 aiebat
1506 1513 1638 1539 eiusmodi
1652 1520 1724 1545 esse;
1745 1521 1830 1548 quum

917 140 945 166 Τ.
978 140 1252 166 (ῚΙΕΕΙΙΟΝΙΞ

1045 211 1112 236 inter
1135 211 1264 242 immines
1282 215 1341 236 tuas
1359 219 1388 235 ae
1406 215 1524 240 tuorum,
1548 210 1630 246 (quod
1648 219 1724 242 eum,
1742 213 1829 242 credo,

1045 248 1166 280 amares.)
1179 255 1263 282 quum
1278 247 1310 272 ad
1325 252 1349 273 to
1363 248 1389 273 in
1404 248 1584 275 Tusculanum
1605 249 1750 279 venissem,
1767 251 1832 276 ima-

1044 285 1133 316 ginem
1153 293 1185 310 ex
1204 292 1262 310 aere
1287 284 1350 314 vidi,
1376 284 1442 311 nihil
1467 285 1559 321 Lysiae
1583 286 1730 312 numilitate
1751 287 1829 316 cedit.

1046 321 1111 347 nihil
1135 322 1247 355 argutiis
1270 326 1296 347 et
1318 322 1440 348 acumine
1466 322 1606 358 Hyperidi.
1633 323 1699 349 nihil
1727 324 1833 351 levitate

1045 358 1168 384 Aeschini
1187 362 1212 384 et
1228 357 1369 392 splendore
1388 359 1538 386 verborum.
1574 362 1630 386 m.
1651 360 1748 386 stultae
1770 366 1833 388 sunt

1044 396 1102 421 eim«
1125 400 1192 421 totae
1213 396 1345 421 orationes
1366 396 1493 426 subtiles,
1518 402 1547 423 ut
1567 402 1656 423 contra
1679 398 1830 432 Leptinem:

1046 432 1142 458 multae
1162 437 1228 458 totae
1246 441 1354 466 grewen,
1378 438 1406 458 ut
1419 433 1548 468 quaedam
1564 434 1630 461 Phili
1654 436 1739 469 picae}
1762 434 1833 461 mul-

1045 475 1084 496 tae
1101 471 1198 500 variae,
1217 475 1244 495 ut
1258 474 1346 496 contra
1361 470 1518 496 Aeschinem
1533 470 1613 497 falsae
1641 473 1784 506 egationis,
1804 477 1833 499 ut

1043 511 1131 533 contra
1150 507 1273 533 eumdem
1294 516 1341 541 pro
1358 515 1451 533 caussa
1469 508 1658 543 Ctesiphontis.
1693 510 1746 535 lam
1765 509 1833 536 illud

1045 544 1171 574 medium,
1185 545 1290 579 quoties
1305 544 1369 574 vult,
1388 545 1480 579 arripit
1497 550 1522 571 et
1539 554 1553 570 a
1571 546 1730 580 gravissimo
1746 546 1833 573 disco-

1043 582 1109 608 dens
1123 590 1153 607 eo
1167 582 1336 616 potissimum
1351 581 1492 608 delabitur.
1527 582 1660 608 Clamores
1675 587 1761 610 tamen
1775 588 1832 610 tum

1044 624 1131 645 movet
1149 624 1174 644 et
1195 624 1250 645 tum
1274 619 1300 645 in
1324 619 1436 645 dicendo
1459 619 1605 654 plurimum
1629 619 1723 651 efficit,
1747 628 1832 655 quum

1043 657 1179 688 gravitatis
1204 656 1267 682 locis
1291 656 1383 682 utitur.
1415 658 1471 682 ΗΞ.
1487 656 1539 682 Sed
1563 657 1596 683 ab
1620 657 1668 683 hoc
1690 665 1833 692 parumper

1013 697 1015 703 “
1043 688 1183 725 abeamus,
1205 693 1423 728 quandoquidem
1443 693 1475 719 de
1488 702 1596 729 genere.
1614 703 1664 720 non
1679 694 1711 720 de
1725 694 1833 721 homine

1043 731 1211 765 quaerimus:
1235 731 1270 757 rei
1286 731 1387 765 potius,
1404 730 1430 756 id
1445 736 1484 757 cst
1497 731 1663 766 eloquentiae
1679 732 1732 757 vim
1747 737 1772 758 et
1786 740 1834 758 na-

1013 767 1015 783 l
1043 772 1127 793 turam
1142 768 1317 802 explicemus.
1344 767 1412 794 Illud
1427 773 1522 798 tamen,
1538 768 1610 803 quod
1625 769 1676 794 iam
1690 773 1749 795 ante
1762 768 1833 795 dixi-

1044 813 1113 835 mus,
1130 805 1343 834 meminerimus.
1361 805 1397 831 nil
1413 814 1460 831 nos
1474 805 1652 841 praecipiendi
1667 814 1760 832 caussa
1774 814 1833 832 esse

1042 842 1158 868 dicturos
1181 847 1260 876 atque
1278 843 1312 868 ita
1336 843 1424 876 potius
1446 848 1563 873 acturos,
1589 848 1618 869 ut
1639 844 1833 870 existimatores

1044 879 1181 905 videamur
1196 879 1277 914 loqui,
1295 887 1345 905 non
1361 880 1488 914 magistri.
1515 880 1543 906 ln
1557 889 1611 915 quo
1625 885 1711 906 tamen
1726 880 1832 916 longius

1044 916 1236 951 progredimur,
1252 916 1325 951 quod
1340 916 1475 947 videmus,
1491 925 1543 943 non
1558 922 1581 943 te
1597 917 1660 944 haec
1673 917 1760 944 solum
1774 926 1833 944 esse

1044 954 1182 984 lecturum,
1199 954 1245 988 qui
1260 962 1288 979 ea
1304 953 1399 985 multo,
1415 962 1496 989 quam
1512 963 1572 984 nos,
1588 955 1635 989 qui
1648 955 1726 989 quasi
1739 954 1833 981 dooere

1044 991 1193 1021 videamur,
1211 991 1307 1016 habeas
1321 991 1433 1019 notiora:
1459 990 1505 1017 sed
1521 991 1591 1018 hunc
1606 991 1713 1023 tibrum,
1729 992 1832 1019 etiamsi

1043 1065 1145 1099 vulgari
1162 1074 1270 1091 necesse
1283 1069 1332 1091 est.

1098 1103 1209 1129 xxxu.
1227 1104 1281 1129 ⁴⁴3.
1293 1102 1358 1128 Esse
1373 1103 1454 1138 igitur
1467 1102 1581 1137 perfecte
1595 1102 1743 1138 eloquentis
1757 1108 1830 1138 puto,

1043 1148 1093 1166 non
1108 1149 1165 1166 eam
1180 1139 1267 1166 solum
1283 1139 1434 1166 facultatem
1449 1139 1553 1170 habere¹
1569 1148 1638 1175 quae
1651 1141 1686 1166 sit
1699 1140 1757 1166 eius
1771 1149 1832 1176 pro-

1018 1188 1020 1196 <
1042 1178 1107 1212 pria,
1122 1177 1180 1203 fuse
1193 1177 1296 1212 lateque
1307 1177 1422 1207 dicendi,
1438 1177 1484 1203 sed
1499 1179 1577 1203 etiam
1592 1178 1706 1204 vicinam
1721 1178 1780 1204 eius
1793 1182 1832 1204 at-

1041 1223 1094 1249 que
1121 1214 1274 1245 finitimam,
1300 1214 1496 1241 dialecticorum
1519 1215 1658 1241 scientiam
1683 1223 1830 1242 assumere.

1041 1252 1209 1287 Quamquam
1228 1252 1300 1278 aliud
1319 1251 1425 1278 videtur
1442 1252 1524 1278 oratio
1537 1260 1608 1283 esse,
1623 1251 1697 1278 aliud
1711 1252 1832 1287 disputa-

1042 1290 1090 1320 tio3
1107 1297 1153 1315 nec
1165 1289 1234 1315 idem
1246 1289 1317 1324 loqui
1329 1298 1396 1321 esse,
1409 1289 1481 1323 quod
1491 1289 1592 1321 dicere,
1604 1293 1717 1315 attamen
1728 1293 1831 1316 utrum-

1040 1335 1092 1361 que
1106 1327 1133 1352 in
1147 1326 1302 1353 disserendo
1316 1331 1365 1352 est.
1404 1326 1562 1361 Disputandi
1580 1327 1645 1352 ratio
1662 1330 1688 1352 et
1706 1326 1830 1361 loquendi

1040 1363 1238 1390 dialecticorum
1253 1365 1300 1394 sit;
1316 1368 1448 1390 oratorum
1460 1368 1548 1389 autem
1559 1363 1664 1390 dicendi
1675 1368 1700 1389 et
1710 1363 1830 1390 ornandi.

1040 1401 1109 1427 Zeno
1130 1401 1239 1435 quidem
1263 1401 1320 1432 ille,
1345 1409 1359 1426 a
1377 1409 1431 1435 quo
1451 1400 1593 1435 disciplina
1611 1400 1759 1427 Stoicorum
1781 1405 1829 1432 oet,

1041 1447 1120 1464 manu
1135 1438 1315 1464 demonstrare
1332 1437 1445 1469 solebat,
1469 1438 1536 1473 quid
1554 1438 1622 1464 inter
1639 1438 1687 1464 has
1704 1442 1773 1464 artes
1790 1439 1832 1465 in-

1199 1475 1265 1501 Nam
1279 1483 1363 1510 quum
1378 1480 1569 1510 compresserat
1584 1475 1682 1510 digitos
1695 1483 1833 1511 pugnum-

1041 1555 1128 1576 autem
1142 1549 1283 1576 diduxerat
1297 1554 1321 1575 et
1336 1558 1443 1575 manum
1458 1549 1622 1580 dilataverat.
1638 1549 1742 1584 palmae
1755 1549 1831 1576 illius

1040 1586 1157 1613 similem
1171 1586 1349 1621 eloquentiam
1364 1595 1423 1613 esse
1436 1586 1549 1612 dicebat.
1582 1587 1638 1613 tit.
1650 1587 1738 1621 Atque
1751 1587 1830 1613 etiam

1040 1629 1099 1650 ante
1116 1623 1188 1650 hunc
1202 1623 1356 1650 Aristoteles
1375 1624 1506 1658 principio
1524 1623 1588 1650 artis
1605 1623 1749 1650 rhetoricae
1766 1623 1831 1650 dicit

1040 1662 1113 1688 illam
1128 1665 1210 1687 artem
1224 1661 1300 1695 quasi
1315 1669 1348 1687 ex
1362 1661 1442 1687 altera
1456 1666 1528 1695 parte
1542 1660 1700 1696 respondere
1711 1660 1831 1688 dialecti·

1039 1708 1092 1730 cae,
1109 1703 1138 1725 ut
1152 1698 1201 1724 hoc
1214 1697 1338 1724 videlicet
1351 1697 1472 1724 differant
1485 1699 1554 1724 inter
1566 1707 1608 1729 se,
1624 1698 1696 1733 quod
1711 1697 1776 1725 haec
1789 1707 1832 1725 ra-

1040 1737 1076 1763 tio
1088 1735 1194 1762 dicendi
1209 1735 1285 1762 latior
1298 1736 1345 1766 sit,
1361 1735 1406 1761 illa
1421 1734 1547 1770 loquendi
1561 1736 1726 1762 contractior.
1765 1735 1831 1762 Volo

1039 1774 1121 1809 igitur
1135 1773 1198 1800 huic
1216 1781 1323 1799 summo
1336 1780 1455 1803 omnem,
1475 1781 1544 1807 quae
1557 1773 1590 1799 ad
1603 1772 1747 1799 dicendum
1762 1772 1829 1799 trahi

1039 1811 1135 1846 possit,
1157 1809 1282 1845 loquendi
1300 1810 1427 1836 rationem
1441 1817 1499 1836 esse
1513 1814 1614 1842 notam;
1637 1818 1706 1845 quae
1720 1809 1830 1844 quidem

1039 1856 1094 1879 res,
1109 1848 1181 1882 quod
1196 1852 1221 1873 te
1235 1847 1276 1873 his
1290 1847 1392 1873 artibus
1405 1847 1540 1873 eruditum
1555 1847 1665 1873 minime
1683 1846 1762 1878 fallit,
1778 1846 1830 1873 du-

1039 1885 1136 1920 plicem
1151 1885 1229 1911 habet
1242 1883 1354 1910 docendi
1369 1884 1449 1910 viam.
1484 1884 1549 1910 Nam
1564 1889 1589 1910 et
1604 1885 1661 1919 ipse
1674 1883 1830 1910 Aristoteles

1039 1921 1145 1949 tradidit
1159 1926 1296 1956 praecepta
1314 1920 1430 1956 plurima
1448 1921 1597 1947 disserendi
1615 1926 1641 1947 et
1657 1925 1761 1956 postea,
1780 1921 1829 1956 qui

1038 1959 1169 1986 dialectici
1198 1959 1337 1989 dicuntur,
1369 1958 1516 1993 spinosiora
1546 1958 1630 1984 multa
1659 1963 1828 1993 pepererunt.

1008 1995 1010 2022 ἶ
1040 1998 1096 2023 115.
1111 1997 1182 2032 Ergo
1199 2004 1261 2022 eum
1279 2003 1386 2026 censeo,
1405 1996 1453 2030 qui
1472 1995 1638 2030 eloquentiae
1657 1995 1735 2022 laude
1747 1995 1830 2022 duca-

1039 2039 1093 2064 tur,
1114 2042 1167 2060 non
1185 2041 1244 2060 esse
1261 2041 1352 2059 earum
1370 2041 1459 2059 rerum
1477 2033 1585 2059 omnino
1597 2032 1705 2063 rudem,
1725 2032 1774 2059 sed
1785 2032 1828 2059 vel

1038 2071 1083 2097 illa
1097 2071 1206 2106 antiqua
1219 2069 1261 2096 vel
1280 2070 1329 2096 hac
1343 2069 1486 2105 Chrysippi
1504 2069 1646 2105 disciplina
1663 2070 1827 2096 institutum.

1032 2102 1145 2134 ”Noverit
1159 2108 1277 2143 primum
1291 2107 1360 2138 vim,
1381 2112 1514 2137 naturam,
1533 2115 1629 2142 genera
1647 2107 1790 2134 verborum
1803 2111 1829 2133 et

1038 2145 1203 2180 simplicium
1217 2149 1241 2171 et
1255 2143 1451 2179 copulatorum;
1466 2144 1562 2171 deinde
1575 2148 1641 2179 quot
1650 2143 1738 2170 modis
1747 2143 1829 2179 quid-

1038 2191 1090 2218 que
1105 2183 1221 2214 dicatum
1243 2190 1297 2217 qua
1311 2182 1410 2208 ratione
1425 2189 1517 2208 verum
1532 2181 1664 2208 falsumne
1677 2181 1712 2207 sit
1724 2180 1829 2207 iudice—

1038 2225 1093 2252 tur,
1115 2219 1182 2254 quid
1200 2218 1330 2245 efficiatur
1347 2227 1362 2245 e
1378 2227 1499 2253 quoque,
1515 2218 1582 2254 quid
1598 2219 1642 2245 cui
1661 2226 1828 2253 consequens

1037 2258 1072 2283 sit
1093 2256 1214 2292 quidque
1236 2256 1411 2287 contrarium;
1433 2263 1573 2291 quumque
1595 2255 1722 2290 ambigue
1743 2254 1827 2282 multa

1037 2294 1171 2324 dicantur,
1193 2293 1328 2329 quomodo
1340 2293 1461 2328 quidque
1474 2301 1565 2320 eorum
1579 2291 1664 2318 dividi
1677 2291 1828 2327 explanari-

1036 2340 1089 2366 que
1103 2335 1228 2366 oporteat.
1250 2331 1318 2356 }Iaec
1329 2330 1440 2356 tenenda
1454 2334 1517 2356 sunt
1528 2329 1638 2361 oratori3
1653 2329 1742 2364 (saepe
1755 2329 1827 2356 enim

1036 2368 1204 2403 occurrunt3)
1225 2367 1273 2394 sed
1294 2368 1358 2402 quia
1381 2376 1429 2393 sua
1452 2371 1546 2402 sponte
1566 2365 1730 2401 squalidiora
1751 2371 1824 2397 sunt,

1036 2405 1206 2432 adhibendus
1224 2405 1273 2431 erit
1290 2405 1318 2431 in
1334 2404 1376 2430 his
1393 2403 1559 2439 explicandis
1576 2402 1687 2438 quidam
1700 2404 1826 2430 orationis

1036 2443 1114 2469 nitor.
1154 2442 1278 2468 XXXIII.
1296 2443 1352 2468 ⁴¹6.
1367 2441 1400 2467 Et
1417 2441 1544 2476 quoniam
1561 2441 1590 2466 in
1603 2440 1742 2472 omnibus,
1757 2448 1826 2475 quae

1035 2481 1135 2506 ratione
1153 2479 1280 2506 docentur
1297 2483 1324 2505 et
1339 2479 1395 2509 via,
1415 2478 1531 2512 primum
1545 2477 1762 2504 constituendum
1775 2481 1823 2508 est,

1035 2517 1102 2552 quid
1120 2516 1240 2552 quidque
1258 2516 1306 2548 sit;
1331 2515 1393 2550 (nisi
1411 2515 1482 2541 enim
1500 2515 1569 2541 inter
1585 2523 1644 2545 eos,
1668 2515 1716 2549 qui
1738 2513 1826 2540 disee-

1035 2559 1117 2588 ptant,
1133 2554 1265 2584 convenit,
1277 2552 1345 2587 quid
1357 2552 1393 2578 sit
1405 2551 1482 2583 illud,
1498 2551 1531 2578 de
1543 2560 1598 2587 quo
1610 2551 1764 2587 ambigitur,
1777 2559 1826 2578 nec

1035 2596 1104 2617 iecte
1113 2591 1209 2617 disseri
1219 2598 1268 2616 nec
1277 2597 1406 2624 umquam
1415 2588 1449 2615 ad
1459 2589 1561 2615 exitum
1571 2589 1705 2624 perveniri
1714 2592 1800 2623 potest
1807 2588 1826 2623 :)

1034 2627 1191 2663 explicanda
1208 2631 1249 2653 est
1265 2634 1344 2661 saepe
1361 2625 1450 2652 verbis
1468 2634 1544 2652 mens
1562 2630 1650 2652 nostra
1667 2625 1700 2652 de
1716 2633 1825 2660 quaque

1034 2673 1071 2697 re,
1083 2669 1162 2700 atque
1172 2663 1306 2690 involutae
1316 2663 1353 2689 rei
1363 2663 1454 2689 notitia
1465 2662 1615 2689 definiendo
1623 2662 1764 2697 aperienda
1773 2667 1821 2693 est,

1934 1765 1941 2115 ‚‘—--.-..--.---—---u

1929 2544 1941 2715 ῬἯἬΕῘΪ-
1931 2507 1941 2525 fl
1931 2432 1941 2489 ,ms
1932 2321 1941 2414 tra.-
1933 2284 1941 2302 ’a
1933 2247 1941 2264 »a
1933 2209 1941 2227 r..
1934 2173 1941 2189 -ι
