1941 3052
528 145 823 174 PHILIPPICA
855 145 923 172 XII.

48 229 106 247 nem
119 220 310 254 suscepissem.
336 219 390 245 Nec
401 219 509 250 mirum,
520 219 550 244 P.
563 217 669 245 Servili.
692 218 756 243 Tuis
768 217 840 243 enim

48 258 195 284 verissimis
205 257 429 293 gravissimisque
441 257 578 282 sententiis
589 256 661 282 omni
673 259 770 281 estnon
781 254 842 281 dico

46 296 184 330 dignitate,
197 294 245 321 sed
255 295 335 320 etiam
347 302 395 328 spe
405 293 499 319 salutis
511 293 640 328 spoliatus
651 292 793 320 Antonius.
815 294 840 318 6.

47 333 86 359 Ad
101 341 163 358 eum
179 336 203 358 te
217 333 256 358 ire
272 331 403 366 legatum,
426 332 487 366 quis
504 339 555 357 non
571 329 729 357 miraretur?
749 330 784 355 De
800 337 842 355 me

47 370 180 404 experior:
203 369 281 395 cuius
292 368 364 394 idem
380 368 536 399 consilium,
554 368 627 403 quod
637 373 727 398 tuum,
745 367 839 397 sentio,

47 416 127 442 quam
140 406 357 441 reprehendatur.
380 407 433 432 Nos
444 405 665 440 reprehendimur
675 404 744 431 soli‘?
753 403 843 436 Quid?

47 446 88 471 vir
103 444 268 470 fortissimus
279 444 362 470 Pansa
379 444 437 470 sine
452 452 545 469 caussa
558 447 609 469 tam
621 447 741 469 accurate
753 441 843 476 paullo

47 486 106 509 ante
123 481 227 508 locutus
242 486 282 507 est
298 480 418 507 tamdiu‘?
447 479 517 512 Quid
532 481 598 515 egit,
622 480 674 506 nisi
689 480 729 505 uti
748 479 842 505 falsam

46 519 204 554 proditionis
221 528 234 545 a
251 528 279 545 se
290 519 472 553 suspicionem
483 517 645 552 depelleret?
665 517 739 543 Unde
753 520 842 542 autem

47 561 87 583 est
98 557 147 583 ista
158 556 295 591 suspicio?
314 557 354 582 Ex
366 556 438 590 pacis
450 555 595 590 patrocinio
605 555 756 589 repentino,
770 553 843 588 quod

47 594 136 621 subito
147 594 273 628 suscepit,
287 594 379 620 eodem
391 597 484 628 captus
496 601 591 623 errore,
606 601 660 627 quo
672 600 730 618 nos.

100 633 126 658 7.
143 631 219 664 Quod
230 632 253 658 si
265 636 303 657 est
314 635 439 661 erratum.
454 635 541 665 patres
552 629 704 663 conscripti,
717 636 764 663 spe
777 627 842 653 falsa

47 674 126 704 atque
142 668 242 695 fallaci:
266 669 406 695 redeamus
421 669 449 694 in
466 668 546 694 viam.
587 666 712 701 Optimus
727 670 768 692 est
782 674 843 699 por-

47 711 91 733 tus
103 707 261 741 poenitenti,
275 706 386 732 mutatio
397 705 512 731 consilii.
553 705 594 731 III.
615 703 686 736 Quid
697 704 782 733 enim,
797 711 844 737 per

46 743 110 770 deos
124 743 300 770 immortales!
324 747 409 778 potest
424 741 588 777 reipublicae
608 741 734 776 prodesse
754 744 842 766 nostra

48 781 162 815 legatio?
181 781 309 808 Prodesse
319 780 398 807 dico‘?
416 779 501 812 Quid,
519 780 542 805 si
558 779 636 805 etiam
649 778 773 805 obfutura
785 776 844 803 est‘?

46 818 196 845 obfutura?
214 818 298 850 Quid,
311 818 334 844 si
345 819 398 844 iam
410 816 518 844 nocuit?
531 816 572 843 An
584 825 631 843 vos
643 816 797 842 acerrimam
810 814 844 841 il-

48 856 100 882 lam
121 861 146 882 et
162 856 335 882 fortissimam
350 854 445 890 populi
460 855 571 880 Romani
588 853 717 880 libertatis
732 861 843 887 recupe-

46 893 143 920 randae
162 894 335 928 cupiditatem
356 901 409 919 non
430 892 600 918 imminutam
623 900 652 918 ac
676 890 842 917 debilitatam

46 931 155 966 putatis,
169 930 299 966 legatione
310 931 382 965 pacis
393 929 502 956 audita‘?
511 929 582 962 Quid
593 929 738 963 municipia
750 935 843 954 cense-

47 968 99 995 tis‘?
118 968 184 1003 quid
203 968 338 994 colonias?
357 967 423 1003 quid
443 972 565 993 cunctam
584 966 704 993 Italiam‘?
724 965 842 992 futuram

46 1005 138 1032 eodem
154 1005 256 1037 studio,
277 1014 332 1041 quo
345 1010 434 1032 contra
449 1013 591 1031 commune
601 1003 756 1031 incendium
767 1012 843 1029 exar—

47 1043 134 1070 serat‘?
153 1043 194 1070 An
205 1052 257 1070 non
271 1047 399 1078 putamus
412 1042 480 1073 fore,
499 1046 528 1068 ut
539 1051 583 1068 eos
596 1042 727 1077 poeniteat
741 1040 844 1076 profes-

46 1089 90 1108 sos
105 1089 177 1112 esse,
195 1085 220 1108 et
236 1089 298 1115 prae
313 1089 341 1107 se
357 1080 452 1107 tulisse
470 1079 562 1106 odium
575 1080 603 1106 in
618 1079 777 1110 Antonium,
795 1078 843 1113 qui

46 1119 173 1154 pecunias
189 1118 300 1153 polliciti
317 1122 392 1149 sunt,
410 1118 457 1153 qui
468 1126 554 1148 arma,
572 1117 619 1152 qui
630 1125 659 1143 se
672 1121 738 1143 totos
750 1120 775 1142 et
786 1116 844 1142 ani-

46 1156 98 1182 mis
113 1160 139 1182 et
154 1156 309 1191 corporibus
319 1156 347 1182 in
359 1155 472 1182 salutem
484 1155 646 1190 reipublicae
657 1152 844 1181 contulerunt?

46 1192 131 1226 Quem
147 1193 180 1220 ad
196 1193 304 1220 modum
322 1198 440 1220 vestrum
457 1193 506 1219 hoc
523 1192 666 1219 consilium
679 1192 767 1226 Capua
783 1199 844 1226 pro-

46 1231 133 1262 babit,
151 1239 221 1265 qnae
237 1231 403 1265 temporibus
419 1231 461 1257 his
472 1231 554 1257 Roma
566 1229 645 1256 altera
657 1229 715 1256 est‘?
734 1229 780 1255 Illa
792 1229 844 1255 im-

47 1269 105 1303 pios
116 1269 189 1294 cives
200 1268 337 1299 iudicavit,
351 1268 436 1299 eiecit,
452 1267 576 1294 exclusit.
598 1267 707 1299 111i,illi‚
721 1267 841 1301 inquam,

46 1306 121 1337 urbi,
138 1305 281 1332 fortissime
292 1306 395 1332 conanti
404 1326 410 1336 ,
432 1314 446 1331 e
458 1305 583 1331 manibus
594 1309 633 1331 est
644 1309 751 1339 ereptus
762 1304 844 1330 Anto-

47 1344 119 1370 nius.
160 1344 184 1369 8.
206 1342 295 1375 Quid‘?
316 1343 450 1378 legionum
468 1347 618 1369 nostrarum
640 1351 735 1368 nervos
757 1349 843 1367 nonne

47 1380 90 1407 his
100 1381 220 1407 consiliis
232 1380 397 1407 incidimus?
415 1380 482 1413 Quis
493 1385 533 1406 est
545 1380 625 1411 enim,
639 1380 687 1415 qui
697 1379 729 1406 ad
741 1378 843 1405 bellum

46 1417 209 1444 inflammato
220 1418 309 1445 animo
320 1417 428 1444 futurus
440 1419 488 1449 sit,
505 1426 552 1452 spe
567 1417 641 1452 pacis
656 1416 762 1444 oblata?
783 1417 843 1451 Ipsa

46 1455 93 1482 illa
105 1456 209 1487 Martia,
226 1455 348 1482 caelestis
364 1460 390 1482 et
403 1455 495 1482 divina
512 1455 593 1491 legio,
612 1455 661 1481 hoc
677 1455 771 1481 nuntio
787 1453 844 1480 lan-

47 1498 156 1529 guescet
170 1497 196 1519 et
216 1493 352 1520 mollietur
365 1497 444 1528 atque
460 1492 527 1519 illud
547 1492 758 1527 pulcherrimum
775 1492 844 1518 Mar-

47 1531 115 1557 tium
131 1539 226 1557 nomen
243 1531 358 1557 amittet:
375 1530 498 1557 excident
511 1530 609 1566 gladii:
626 1529 708 1556 fluent
723 1538 795 1556 arma
810 1529 844 1555 de

47 1568 182 1595 manibus.
223 1567 350 1594 Senatum
364 1568 436 1594 enim
448 1572 552 1598 secuta,
568 1576 621 1594 non
632 1567 804 1594 arbitrabitur
815 1575 844 1593 se

46 1606 162 1642 graviori
181 1605 243 1632 odio
258 1606 286 1632 in
301 1605 446 1632 Antonium
463 1614 521 1632 esse
536 1605 647 1636 debere,
669 1613 749 1640 quam
766 1613 844 1631 sena-

47 1647 114 1670 tum.
148 1642 233 1669 Pudet
244 1643 326 1669 huius
339 1643 459 1678 legu'onis,
473 1642 557 1677 pudet
567 1647 690 1678 quartae,
706 1651 775 1677 quae
787 1641 842 1677 pari

47 1681 145 1707 virtute
160 1685 277 1706 nostram
293 1681 475 1707 auctoritatem
487 1680 615 1715 probans,
639 1689 691 1707 non
707 1685 736 1706 ut
747 1688 845 1706 consu-

48 1716 99 1744 lem
111 1721 136 1744 et
146 1717 332 1753 imperatorem
347 1726 441 1749 suum,
454 1718 502 1744 sed
513 1722 542 1744 ut
553 1718 656 1744 hostem
669 1722 694 1744 et
704 1725 845 1753 oppugna-

47 1758 128 1782 torem
140 1756 253 1790 patriae,
266 1755 376 1790 reliquit
386 1754 547 1782 Antonium:
570 1755 653 1790 pudet
663 1756 757 1790 optimi
769 1763 845 1782 exer-

47 1792 129 1824 citus,
145 1793 194 1828 qui
205 1793 364 1819 coniunctus
375 1797 458 1820 estex
473 1793 594 1820 duobus:
615 1793 663 1828 qui
678 1793 730 1819 iam
748 1793 845 1820 lustra-

48 1833 99 1861 tus.
108 1831 154 1865 qui
167 1830 301 1865 profectus
311 1830 344 1856 ad
351 1831 483 1857 Mutinam
495 1835 549 1858 est:
565 1831 611 1866 qui
624 1832 647 1857 si
659 1831 741 1865 pacis,
755 1831 782 1857 id
794 1836 842 1863 est,

47 1867 149 1894 timoris
161 1867 243 1894 nostri
255 1876 350 1894 nornen
362 1868 506 1900 audiverit,
522 1872 553 1895 ut
567 1877 619 1895 non
631 1868 726 1895 reserat
736 1869 842 1903 pedem,

46 1904 152 1931 insistet
166 1909 246 1931 certe.
285 1904 352 1937 Quis
368 1906 453 1937 enim,
471 1910 612 1932 revocante
626 1910 652 1933 et
667 1907 785 1941 receptui
801 1915 845 1933 ca—

48 1946 126 1968 nente
136 1946 238 1974 senatu,
252 1946 374 1977 properet
384 1942 530 1969 dimicare?
558 1943 602 1969 1v.
624 1945 649 1970 9.
670 1943 742 1976 Quid
755 1949 843 1970 autem

47 1978 98 2005 hoo
107 1979 249 2011 iniustius,
264 1988 346 2014 quam
359 1988 420 2011 nos,
433 1980 611 2007 inscientibus
622 1981 670 2012 iis,
683 1982 730 2016 qui
742 1981 843 2008 bellum

47 2020 157 2053 gerunt,
178 2016 211 2042 de
228 2025 291 2051 pace
305 2017 465 2044 decernere?
486 2026 534 2044 nec
552 2017 640 2044 solum
654 2019 841 2050 inscientibus,

47 2053 95 2080 sed
107 2054 186 2080 etiam
198 2053 309 2080 invitis‘?
318 2054 358 2081 An
370 2054 586 2086 vosA.}lirtium‚
600 2055 844 2090 praeclarissimum

47 2090 199 2123 consulem,
217 2091 246 2118 C.
264 2091 417 2123 Caesarem,
435 2092 545 2119 deorum
562 2092 690 2119 beneficio
705 2098 797 2120 natum
812 2094 844 2120 ad

47 2127 112 2155 haec
128 2133 258 2164 tempora.
275 2137 390 2163 quorum
407 2129 546 2164 epistolas.
566 2139 641 2165 spem
658 2131 783 2157 victoriae
798 2131 846 2157 (iffi

47 2165 190 2197 clarentes,
208 2166 235 2192 in
247 2175 327 2192 nianu
341 2171 428 2198 teneo,
447 2175 538 2201 paceni
551 2167 618 2193 velle
629 2168 762 2194 censetis?
781 2169 846 2195 vin—

48 2211 107 2230 cere
118 2203 157 2230 illi
169 2208 306 2238 expetunt.
322 2204 449 2239 pacisque
459 2201 649 2231 dulcissimum
660 2210 685 2231 et
696 2205 846 2240 pulcherri-

48 2248 122 2267 mum
135 2249 231 2267 nomen
244 2250 294 2268 non
307 2242 435 2276 pactione,
444 2242 492 2268 sed
503 2243 612 2268 victoria
622 2244 843 2278 concupiverunt.

47 2276 136 2310 Quid?
155 2278 270 2305 Gallium
286 2287 340 2314 quo
356 2279 461 2305 tandem
477 2280 568 2306 animo
583 2279 650 2306 hanc
665 2289 720 2310 rem
737 2281 846 2307 auditu-

48 2323 104 2342 rum
120 2315 238 2351 putatis‘?
257 2316 304 2342 Illa
320 2317 391 2342 enim
408 2317 489 2343 huius
505 2316 569 2343 belli
588 2317 776 2352 propulsandi,
798 2318 846 2344 ad-

48 2353 227 2385 ministrandi,
241 2354 392 2380 sustinendi
405 2355 583 2389 principatum
596 2359 675 2381 tenet.
716 2355 802 2382 Gallia
814 2356 843 2381 t).

48 2388 123 2417 Bruti
134 2395 229 2417 nutum
240 2391 340 2426 ipsum.
350 2400 382 2417 ne
393 2391 479 2418 dicam
491 2392 643 2426 imperium,
652 2397 741 2419 secuta
753 2393 843 2423 armiS.

48 2426 122 2459 viris,
136 2428 330 2462 pecunia,belli
341 2429 472 2464 principia
484 2429 611 2455 tii-mavit:
625 2429 717 2456 eadem
729 2430 846 2456 crudeli-

49 2464 97 2491 tati
111 2465 147 2492 M.
165 2465 273 2492 Antonii
288 2475 369 2492 suum
385 2471 468 2493 totum
484 2475 582 2501 corpus
592 2466 702 2493 obiecit:
720 2467 846 2493 exhauri·
874 2493 876 2498 ,

51 2504 107 2534 tur,
119 2506 245 2535 vastatur,
260 2504 355 2530 uritur.
395 2503 495 2531 Omnes
507 2512 592 2539 aequo
602 2504 691 2530 animo
702 2504 765 2531 belli
778 2505 846 2539 pati-

52 2541 95 2565 tur
108 2539 233 2572 iniurias,
251 2541 398 2568 dummodo
413 2541 522 2576 repellat
534 2541 684 2575 periculum
696 2542 843 2568 servitutis.

51 2576 91 2602 10.
112 2576 158 2608 Et,
171 2582 201 2603 ut
211 2579 330 2604 omittam
342 2578 459 2614 reliquas
471 2583 559 2614 partes
571 2578 685 2610 Galliae.
698 2579 770 2614 (nam
782 2583 845 2605 sunt

50 2619 141 2640 omnes
157 2615 255 2650 pares)
269 2615 389 2642 Patavini
400 2616 466 2643 alios
478 2616 663 2646 excluserunt,
680 2616 746 2643 alios
761 2617 845 2643 eiece-

50 2655 120 2681 runt,
133 2651 230 2678 missos
241 2652 274 2679 ab
284 2652 412 2680 Antonio:
435 2654 557 2688 pecunia,
571 2653 712 2684 militibus,
725 2659 759 2684 et,
772 2653 844 2689 quod

52 2688 166 2715 maxime
177 2688 273 2722 deerat,
286 2691 377 2722 armis,
391 2695 494 2718 nostros
504 2691 587 2718 duces
598 2691 768 2719 adiuverunt,
797 2691 845 2718 Fe·
867 2698 868 2707 ¹

965 145 1201 172 CAP.i—7.
1634 145 1682 171 647

892 221 984 243 cerunt
1000 215 1071 242 idem
1085 216 1196 251 reliqui.
1219 216 1266 251 qui
1285 214 1420 250 quondam
1435 215 1462 241 in
1479 214 1570 241 eadem
1591 223 1686 241 caussa

893 258 966 280 erant
981 258 1006 280 et
1022 259 1128 288 propter
1144 253 1290 280 multorum
1309 262 1439 279 annorum
1454 253 1565 278 iniurias
1580 252 1685 278 alienati

893 301 907 318 a
918 296 1011 317 senatu
1024 292 1198 326 putabantur:
1220 299 1288 325 quos
1304 291 1414 316 minime
1429 290 1527 316 mirum
1540 294 1592 319 est,
1614 298 1686 316 com-

894 329 1027 355 municata
1041 338 1103 355 cum
1120 329 1162 354 his
1178 328 1326 363 republica,
1344 327 1435 354 fideles
1451 336 1522 358 esse,
1545 328 1591 362 qui
1608 327 1685 354 etiam

893 371 1015 401 expertes
1027 367 1093 394 eius.
1108 366 1187 392 fidem
1199 374 1275 392 suam
1287 374 1392 400 semper
1403 366 1598 400 praestiterunt.

949 404 980 430 V.
1004 404 1051 429 His
1067 404 1149 438 igitur
1163 403 1290 429 omnibus
1306 403 1442 429 victoriam
1459 402 1630 437 sperantibus
1642 410 1688 436 pa-

893 441 932 467 cis
944 449 1039 467 nomen
1052 441 1200 471 afferemus,
1214 441 1241 467 id
1253 446 1304 470 est.
1322 440 1533 474 desperationem
1547 438 1690 466 victoriae?

896 480 936 504 Μ.
958 478 1042 510 Quid,
1065 479 1087 504 si
1109 486 1141 503 ne
1158 483 1243 512 potest
1257 477 1367 512 quidem
1384 478 1437 503 ulla
1453 486 1511 503 esse
1528 476 1597 512 pax‘?
1616 476 1689 508 Quae

894 516 965 541 enim
977 520 1017 541 est
1028 515 1143 541 conditio
1156 516 1240 549 pacis.
1262 516 1288 541 in
1300 524 1351 549 qua
1364 515 1396 546 ei,
1410 524 1470 541 cum
1483 524 1536 549 quo
1549 522 1638 549 pacem
1651 513 1690 540 fa-

894 553 958 583 cias,
972 553 1038 579 niliil
1051 552 1158 579 concedi
1171 552 1274 587 potest‘?
1289 552 1380 578 Multis
1395 552 1474 578 rebus
1487 562 1499 578 a
1512 553 1588 578 nobis
1599 551 1631 577 ad
1643 560 1690 586 pa-

894 599 952 616 cem
967 591 1095 616 invitatus
1106 590 1238 616 Antonius
1254 590 1355 616 belluni
1371 594 1457 616 tamen
1469 590 1573 615 maluit.
1614 589 1689 615 Missi

895 627 974 663 legati
986 632 1151 663 repugnante
1163 636 1220 653 me.-
1234 627 1282 653 sed
1295 632 1381 653 tamen
1394 627 1480 653 missi.
1515 626 1603 653 Delata
1615 635 1690 652 man-

894 664 968 691 data:
981 674 1032 691 non
1044 665 1138 699 paruit.
1178 665 1367 691 Denuntiatum
1382 670 1434 695 est,
1452 673 1484 690 ne
1496 665 1606 690 Brutum
1617 664 1691 690 obsi-

894 702 980 733 deret,
1003 711 1016 728 a
1032 703 1133 728 Mutina
1150 702 1310 728 discederet:
1333 703 1498 737 oppugnavit
1515 703 1593 727 etiam
1610 701 1691 728 vehe-

895 740 1022 766 mentius.
1061 740 1094 766 Et
1109 739 1141 765 ad
1157 748 1218 765 eum
1236 739 1334 774 legatos
1351 740 1383 765 de
1400 748 1462 774 pace
1474 740 1625 769 mittemus,
1642 739 1691 773 qui

895 777 968 811 pacis
990 777 1098 803 nuntios
1123 776 1292 811 repudiavit?
1321 776 1578 803 Verecundioremne
1602 785 1690 802 coram

895 819 1021 849 putamus
1033 815 1060 840 in
1073 814 1232 849 postulando
1244 814 1310 844 fore,
1328 823 1409 848 quam
1427 814 1506 840 fuerit
1517 819 1586 844 tum,
1604 822 1690 848 quum

894 852 968 878 misit
988 851 1111 878 mandata
1132 852 1165 877 ad
1185 851 1325 877 senatum‘?
1342 852 1423 886 Atqui
1446 856 1501 877 tuni
1523 860 1552 877 ea
1575 851 1689 885 petebat,

894 898 963 924 quae
978 889 1138 915 videbantur
1152 889 1274 924 improba
1288 890 1410 919 omnino,
1436 889 1483 914 sed
1499 893 1585 914 tamen
1601 887 1692 922 aliquo

895 927 973 954 modo
985 935 1063 961 posse
1074 927 1196 953 concedi:
1220 926 1338 953 nondum
1351 931 1405 952 erat
1416 927 1511 952 vestris
1524 931 1575 952 tam
1587 926 1692 961 gravis-

894 965 980 996 simis,
989 969 1097 999 tamque
1108 964 1200 991 multis
1212 964 1319 990 iudiciis
1331 964 1542 999 ignominiisque
1552 964 1675 989 concisus
1685 973 1690 989 :

895 1011 968 1028 nuno
983 1011 1011 1028 ea
1028 1003 1106 1037 petit,
1127 1011 1196 1037 quae
1207 1002 1269 1028 dare
1281 1001 1355 1028 nullo
1369 1001 1447 1028 modo
1463 1009 1621 1036 possumus.
1640 1001 1692 1026 nisi

895 1041 971 1075 prius
987 1039 1114 1066 volumus
1130 1049 1178 1066 nos
1194 1039 1264 1066 bello
1280 1040 1363 1066 victos
1377 1039 1506 1065 confiteri.
1549 1040 1588 1065 42.
1611 1038 1694 1064 Sena-

895 1077 1062 1104 tusconsulta
1077 1077 1143 1103 falsa
1158 1077 1244 1103 delata
1260 1077 1292 1103 ab
1308 1086 1338 1103 eo
1358 1077 1553 1103 iudicavimus:
1578 1084 1641 1102 num
1663 1084 1693 1101 ea

895 1123 957 1142 vera
973 1124 1119 1150 possumus
1133 1114 1270 1141 iudicare?
1289 1115 1373 1150 Leges
1387 1115 1531 1140 statuimus
1542 1122 1588 1148 per
1603 1113 1656 1139 vim
1668 1117 1694 1139 et

895 1157 983 1179 contra
995 1153 1113 1187 auspicia
1127 1152 1205 1184 latas,
1223 1153 1311 1187 iisque
1325 1161 1373 1178 nec
1384 1151 1514 1187 populum
1528 1159 1575 1177 nec
1587 1150 1692 1185 plebem

895 1191 993 1217 teneri:
1017 1199 1083 1216 num
1104 1199 1147 1216 eas
1163 1190 1266 1216 restitui
1283 1198 1361 1224 posse
1377 1188 1510 1216 censetis?
1534 1188 1692 1215 Sestertium

895 1229 994 1263 septies
1009 1228 1108 1254 millies
1124 1228 1252 1254 avertisse
1263 1227 1408 1253 Antonium
1426 1226 1554 1262 pecuniae
1570 1225 1694 1260 publicae

895 1266 1078 1293 iudicavistis:
1092 1274 1156 1292 num
1169 1265 1261 1291 fraude
1273 1265 1368 1299 poterit
1379 1262 1631 1298 carerepeculatus'?
1641 1263 1694 1289 Im-

895 1304 1039 1330 munitates
1051 1303 1083 1329 ab
1095 1311 1134 1334 eo,
1142 1303 1273 1333 civitates.
1282 1302 1436 1332 sacerdotia,
1445 1310 1525 1337 regna
1538 1301 1691 1327 venierunt:

895 1350 960 1368 num
973 1341 1090 1377 figentur
1101 1348 1195 1367 rursus
1206 1348 1252 1366 eae
1263 1339 1377 1370 tabulae,
1386 1348 1453 1374 quas
1466 1348 1512 1365 vos
1524 1338 1637 1364 decretis
1649 1346 1695 1364 ve-

896 1379 958 1405 stris
970 1377 1115 1405 refixistis‘?
1143 1378 1186 1404 VI.
1201 1377 1277 1409 Quod
1288 1378 1311 1403 si
1323 1386 1361 1408 ea,
1375 1385 1444 1411 quae
1454 1376 1632 1406 decrevimus,
1646 1375 1694 1401 ob-

897 1425 981 1447 ruere,
996 1425 1060 1442 num
1072 1415 1151 1442 etiam
1164 1416 1319 1441 memoriam
1332 1423 1420 1440 rerum
1432 1413 1520 1439 delere
1532 1411 1695 1448 possumus?

896 1453 1009 1486 Quando
1019 1453 1090 1479 enim
1102 1453 1276 1479 obliviscetur
1286 1452 1340 1479 ulla
1353 1452 1502 1486 posteritas.
1510 1451 1588 1477 cuius
1595 1450 1695 1476 scelere

896 1492 923 1518 in
945 1491 993 1518 hac
1015 1491 1127 1517 vestitus
1149 1489 1272 1516 foeditate
1289 1488 1438 1516 fuerimus?
1461 1488 1493 1515 Ut
1508 1488 1694 1514 centurionum

898 1529 1010 1565 legionis
1026 1528 1133 1555 Martiae
1148 1528 1283 1554 Brundisii
1300 1526 1426 1562 profusus
1441 1526 1553 1561 sanguis
1573 1525 1692 1551 eluatur:

897 1575 962 1593 num
984 1566 1038 1592 elui
1059 1565 1219 1600 praedicatio
1239 1564 1405 1591 crudelitatis
1426 1562 1539 1598 poterit?
1559 1563 1592 1589 Ut
1607 1562 1694 1588 media

897 1608 1073 1639 praeteream:
1095 1612 1164 1638 quae
1181 1607 1298 1629 vetustas
1317 1602 1390 1628 tollet
1405 1610 1516 1636 operum
1533 1601 1602 1626 circa
1614 1600 1695 1626 Muti-

897 1651 957 1668 nam
970 1645 1050 1668 taetra
1062 1645 1247 1671 monumenta,
1269 1640 1378 1666 sceleris
1395 1639 1492 1665 iudicia
1510 1638 1695 1672 latrociniique

896 1678 1029 1715 vestigia‘.⁷
1045 1680 1083 1705 ⁴3.
1097 1678 1164 1704 lluic
1175 1678 1258 1713 igitur
1268 1678 1421 1712 importuno
1432 1681 1510 1711 atque
1523 1676 1696 1710 impuropar-

896 1717 1008 1748 ricidac,
1030 1715 1097 1751 quid
1112 1715 1257 1746 habemus,
1281 1724 1327 1750 per
1342 1715 1406 1741 deos
1422 1713 1600 1740 immortales!
1622 1711 1696 1747 quod

897 1753 1083 1781 remittamus?
1102 1752 1142 1780 An
1155 1752 1268 1780 Galliam
1280 1753 1401 1779 ultimam
1414 1756 1439 1777 et
1449 1749 1615 1777 exercitum?
1628 1748 1695 1785 quid

896 1796 937 1818 est
947 1791 1034 1822 aliud,
1052 1800 1103 1818 non
1119 1800 1209 1826 paceni
1223 1790 1320 1821 facere,
1339 1789 1385 1816 sed
1396 1789 1501 1815 differre
1512 1786 1634 1814 bellum?
1648 1795 1696 1813 nec

896 1830 984 1856 solum
1001 1837 1146 1864 propagare
1162 1828 1278 1859 bellum,
1301 1827 1348 1854 sed
1363 1826 1508 1853 concedere
1521 1826 1599 1851 etiam
1613 1825 1696 1851 victo-

897 1867 982 1894 riam‘?
1005 1867 1045 1893 An
1062 1867 1106 1892 ille
1124 1875 1175 1893 non
1192 1866 1297 1896 vicerit,
1315 1872 1486 1900 quacumque
1502 1863 1653 1889 conditione
1668 1862 1696 1888 in

898 1905 965 1932 hanc
982 1905 1075 1931 urbem
1091 1912 1153 1930 cum
1168 1904 1226 1930 suis
1242 1902 1360 1929 venerit‘?
1375 1902 1463 1928 Armis
1476 1909 1547 1927 nunc
1557 1900 1646 1927 omnia
1658 1904 1696 1926 te-

896 1951 1006 1969 nemus:
1033 1941 1187 1968 auctoritate
1208 1940 1330 1967 valemus
1351 1940 1514 1974 plurimum:
1542 1938 1640 1964 absunt
1660 1941 1697 1963 tot

897 1980 992 2015 perditi
1004 1980 1091 2011 cives,
1105 1978 1237 2005 nefarium
1249 1978 1333 2004 secuti
1345 1978 1451 2004 ducem.
1493 1976 1592 2002 Tamen
1603 1982 1696 2001 eorum

895 2026 940 2044 ora
960 2025 1165 2051 sermonesque,
1186 2017 1234 2051 qui
1255 2016 1282 2042 in
1299 2016 1368 2043 Urbe
1389 2024 1422 2041 ex
1438 2022 1468 2040 eo
1484 2021 1596 2039 munero
1611 2012 1695 2038 relicti

896 2059 972 2086 sunt,
991 2054 1058 2081 ferre
1071 2063 1122 2080 non
1135 2062 1291 2089 possumus.
1331 2051 1542 2085 QuidcensetiS,
1560 2058 1646 2085 quum
1658 2054 1695 2075 tot

897 2101 950 2119 uno
971 2097 1089 2127 tempore
1110 2090 1273 2126 irruperint?
1293 2099 1340 2117 nos
1361 2098 1432 2116 arma
1449 2088 1632 2123 posuerimus,
1655 2086 1695 2113 illi

897 2129 968 2157 non?
990 2138 1076 2156 nonne
1092 2138 1140 2155 nos
1156 2129 1252 2155 uostris
1267 2127 1388 2154 consiliis
1401 2127 1483 2152 victos
1496 2126 1522 2151 in
1535 2129 1695 2160 perpetuum

898 2166 970 2194 fore‘?
986 2168 1025 2193 tt.
1034 2166 1125 2193 Ponite
1137 2170 1196 2192 ante
1207 2165 1299 2192 oculos
1312 2165 1499 2191 M..›tntonium
1510 2161 1692 2188 consularem:

897 2209 1048 2239 sperantem
1069 2203 1237 2229 consulatum
1260 2203 1371 2228 Lucium
1393 2200 1545 2235 adiungite:
1571 2199 1695 2233 supplete

897 2247 1010 2271 ceteros,
1025 2249 1113 2275 neque
1126 2241 1208 2267 nostri
1220 2239 1321 2266 ordinis
1333 2238 1434 2267 solum.
1449 2238 1562 2264 lioiiurcs
1573 2241 1597 2262 et
1610 2237 1695 2270 impe·

897 2280 935 2306 ria
951 2278 1123 2305 meditantes:
1147 2277 1227 2304 nolite
1240 2285 1272 2303 ne
1282 2277 1392 2302 Tirones
1402 2275 1527 2311 quidem.
1547 2273 1692 2302 Numisios.

897 2322 922 2343 et
938 2315 1064 2343 Mustelas
1081 2315 1190 2341 Seiosve
1205 2319 1382 2340 contemnere.
1423 2314 1490 2339 Cum
1507 2311 1548 2337 liis
1566 2310 1630 2336 saeta
1644 2318 1695 2344 pax

898 2363 950 2380 non
961 2354 1011 2380 erit
1023 2361 1087 2387 pax.
1110 2351 1157 2378 sed
1170 2352 1255 2386 pactio
1266 2351 1414 2377 servitutis.
1457 2350 1485 2375 L.
1502 2349 1620 2377 Pisonis,
1638 2356 1695 2373 am-

874 2406 876 2428 ;
897 2391 1014 2426 piissimi
1026 2390 1090 2420 viri,
1105 2389 1237 2424 praeclara
1250 2397 1300 2415 vox
1309 2409 1315 2418 ,
1328 2397 1341 2413 a
1354 2393 1378 2414 te
1390 2396 1441 2413 aon
1453 2385 1540 2413 solum
1554 2385 1579 2411 in
1593 2385 1642 2411 lior
1652 2394 1695 2410 or-

897 2429 973 2459 dine,
992 2428 1090 2457 Pansa.
1108 2426 1154 2452 sed
1170 2427 1248 2452 etiam
1266 2427 1291 2452 in
1310 2425 1436 2452 concione
1453 2425 1509 2450 iure
1527 2422 1692 2448 laudantest.

898 2467 1078 2492 Excessurum
1094 2473 1123 2490 se
1138 2472 1171 2490 ex
1187 2463 1259 2489 Italia
1275 2463 1356 2492 dixit,
1373 2462 1436 2488 deos
1453 2465 1561 2496 penates
1576 2464 1601 2485 et
1616 2459 1694 2485 sedes

897 2504 995 2538 patrias
1007 2502 1172 2529 relicturum,
1185 2500 1295 2535 si(quod
1307 2500 1344 2526 dii
1356 2508 1432 2526 omen
1445 2498 1587 2524 averterint
1596 2497 1613 2531 .')
1624 2506 1693 2523 rem-

897 2540 1032 2575 publicam
1044 2539 1223 2574 oppressisset
1234 2538 1375 2565 Autonius.
1407 2537 1456 2563 ΥΙΙ.
1472 2537 1511 2562 45.
1528 2535 1631 2566 Quaero
1643 2535 1693 2569 igi-

897 2583 939 2604 tur
950 2587 963 2604 a
976 2582 1009 2608 te,
1019 2578 1047 2604 L.
1055 2577 1123 2607 Piso,
1133 2584 1219 2603 nonne
1229 2583 1385 2610 oppressam
1398 2571 1591 2608 rempublicam
1604 2577 1691 2606 putes,

896 2616 919 2642 si
931 2619 980 2645 tot,
998 2619 1050 2641 tam
1063 2614 1152 2648 impii,
1172 2618 1223 2640 tam
1236 2613 1363 2642 audaces,
1377 2616 1429 2638 tam
1442 2609 1582 2637 facinorosi
1594 2609 1691 2643 recepti

895 2652 967 2679 sint?
977 2652 1049 2685 Quos
1060 2651 1178 2678 noudum
1191 2651 1270 2677 tantis
1282 2649 1432 2686 parricidiis
1442 2647 1634 2675 contaminatos
1647 2647 1692 2672 vix

896 2690 1056 2722 ferebamus,
1071 2689 1118 2717 bos
1131 2697 1201 2716 nuuc
1211 2689 1283 2716 omni
1295 2687 1394 2715 scelere
1405 2691 1555 2722 coopertos,
1569 2683 1692 2711 tolerabi-
