1941 3052
219 147 265 170 ,un
790 149 830 170 214.
865 146 899 170 Μ.
931 146 960 171 Τ.

217 216 309 250 quitur
325 216 411 242 vilitas
428 216 452 241 in
469 215 628 241 vendi-nilis:
655 220 682 240 ut
696 220 740 240 aut
755 214 822 240 nuile
839 214 1007 241 vendendum

219 253 364 287 intelligas.
381 254 403 278 ni
419 253 484 278 lwne
500 252 638 286 provomit.
660 256 704 276 mit
720 251 787 277 inauli:
802 256 937 286 perceptos
954 251 1009 278 [τυ-

217 295 290 319 (Qua,
310 291 332 316 ai
353 295 419 315 nwtu
440 290 498 314 lii-vt
514 289 635 314 vendere,
677 289 754 313 Τοίην
769 293 856 314 antem
872 298 913 314 res
928 289 1009 315 rusti-

217 337 262 353 vno
276 327 406 354 cinsnimli
422 331 496 355 sunt,
515 330 541 350 nt
556 334 599 350 cns
615 334 664 350 non
681 325 745 350 rnlio
760 334 845 359 neque
861 325 946 356 labor,
961 326 1008 352 ned

219 374 259 390 res
275 364 478 392 incertissimam,
501 362 569 387 venti
591 367 813 396 [enipi-statusque
828 363 1007 389 moderentur.

219 402 283 427 llinv
297 409 380 434 (μιιιιιι
397 409 463 425 nnnc
478 399 603 424 decumae
620 399 675 433 1⁰3¹·
690 403 715 424 vt
733 399 882 426 conditione
904 400 1009 426 trolian-

219 444 272 469 [ιιι-ς
289 438 384 463 niu-rm·
399 437 474 462 novis
489 436 618 462 institutis
634 441 739 470 propter
753 446 870 463 annonae
882 438 1008 463 rationem

219 477 394 509 inqu-rmitin·;
423 478 525 499 ematur
540 477 671 507 practerea
688 473 851 499 frumentum
866 475 1009 509 quotannis

219 512 337 546 piil›li1·‹·;
363 515 495 544 postremo
514 511 592 536 etium
612 511 638 536 in
657 510 750 536 cellum
771 511 970 546 magistratibus
985 515 1010 537 et

219 549 311 581 leg-ratis
331 548 488 581 imperetur:
516 547 582 582 quid
601 552 645 573 aut
663 553 792 582 qnantum
813 553 944 582 praetcrea
959 553 1007 579 est,

216 585 287 620 quod
302 589 346 611 aut
362 585 474 610 liberum
490 585 572 619 possit
587 585 683 611 haltere
695 585 739 611 ille
749 590 833 611 amtor
845 594 873 611 ac
883 585 1010 612 dominus

218 624 243 649 in
259 626 384 657 potestate
398 630 508 648 suoruni
525 621 673 653 fructuum,
694 626 739 648 aut
754 623 779 648 in
795 623 862 657 ipsis
878 622 1010 649 fructibus

217 659 352 686 solutum?
372 661 430 685 228.
446 658 521 691 Quod
536 660 558 685 si
575 659 637 685 liaec
649 659 882 692 serunturonmia,
897 661 920 686 si
935 660 1009 686 vobis

218 697 305 731 potius
323 706 352 723 ac
370 696 545 731 reipublicae,
565 705 646 731 quain
665 697 717 723 sibi
736 702 761 723 ct
779 699 836 724 suis
850 697 1007 729 commodis.

216 743 304 768 opera,
320 738 440 769 sumptu,
458 733 546 761 labore
557 733 725 761 deserviunt:
741 735 855 762 etiamne
866 735 930 762 haee
941 744 1009 761 nova

992 146 1265 172 (nebulosis

1060 215 1157 241 dclwnt
1170 215 1253 241 edit-to
1268 221 1292 242 et
1308 217 1417 251 imperia
1432 223 1580 252 praetorum
1600 224 1625 244 ct
1639 220 1746 254 ¹&pronii
1765 220 1846 248 domi-

1061 253 1192 279 nationem
1212 257 1236 278 ot
1256 253 1426 280 Veneriorum
1445 264 1583 281 aeriorum
1603 255 1671 282 furta
1690 258 1852 293 rapinasque

1061 288 1194 323 perferre?
1207 290 1321 316 etiamne
1336 290 1498 317 {ruint-ntum
1514 301 1560 327 pro
1573 299 1662 327 emptu
1676 295 1758 328 gratis
1771 294 1852 321 dare?

1061 326 1174 352 vtiamne
1194 327 1219 353 in
1237 327 1330 353 cellam
1350 337 1434 362 quum
1452 329 1560 363 cupiant
1577 331 1659 365 graiis
1682 331 1757 361 dure,
1783 331 1853 358 ultro

1061 364 1200 397 pecuniam
1219 364 1346 399 grandem
1365 364 1480 391 addere?
1504 367 1616 393 etiamne
1636 367 1699 393 haec
1718 373 1754 394 tot
1771 368 1853 396 delri-

1061 404 1148 426 nienta
1166 405 1245 435 utque
1263 401 1358 427 damna
1375 411 1436 428 curn
1456 404 1580 429 maximis
1595 405 1701 430 iniuriis
1715 410 1852 432 contume-

1062 437 1158 471 liisque
1170 437 1304 472 perferre?
1317 439 1407 473 ltaque
1418 439 1490 469 hat-c.
1507 440 1617 471 iudices,
1633 450 1701 476 quac
1714 442 1767 477 pati
1778 442 1853 470 nullo

1062 474 1139 500 niodo
1162 480 1317 509 potuerunt,
1347 485 1397 502 non
1421 477 1596 511 pertulerunt.
1636 479 1773 506 arationes
1801 484 1852 506 tota

1061 511 1150 537 Sicilia
1169 512 1286 538 ‹lt-sertas
1305 517 1383 548 atque
1397 522 1411 539 a
1425 513 1541 540 dominis
1561 514 1664 542 relictas
1682 524 1741 542 esse
1754 525 1853 552 cogno-

1038 576 1040 581 ,
1061 549 1123 575 stis:
1153 558 1239 584 neque
1252 550 1400 584 quidquam
1416 550 1488 577 aliud
1503 552 1589 586 agitur
1603 551 1652 578 hoc
1665 553 1777 584 iudicio,
1800 554 1852 580 nisi

1038 611 1040 630 1,
1063 590 1090 612 ut
1113 586 1294 621 antiquissimi
1317 588 1381 613 socii
1401 587 1618 623 fidelissimique,
1644 589 1741 621 Siculi,
1765 590 1852 618 coloni

1062 623 1153 657 populi
1174 624 1283 650 ltomani
1305 629 1384 659 atque
1407 630 1534 656 aratores,
1559 630 1643 652 vestra
1666 627 1806 654 severitate
1827 633 1853 655 et

1060 660 1211 696 diligentia,
1233 670 1274 688 mc
1288 661 1355 687 duce
1369 667 1448 698 atque
1461 668 1579 694 auctore.
1600 663 1626 690 in
1640 672 1717 700 agros
1731 669 1811 700 atque
1824 665 1850 692 in

1060 697 1139 724 aedes
1152 707 1215 725 suas
1228 703 1402 726 revertantur.

921 841 1141 857 —fflohtb—

735 1122 1329 1154 ACCUSATIONIS

514 1206 651 1255 IN
761 1207 802 1256 C.
913 1208 954 1256 V

1037 1184 1551 1258 ERREM

830 1315 974 1342 LIBER
1009 1315 1239 1348 QUARTUS

1006 1404 1058 1424 01:

655 1474 681 1512 S
797 1475 812 1513 l
932 1474 962 1513 G

267 1629 285 1648 A
294 1629 345 1649 RG.
375 1629 422 1650 Huc
439 1628 497 1650 libro
514 1629 593 1651 Cicero
612 1638 676 1658 quum
696 1631 741 1652 ulia
759 1631 853 1653 Siciliae
871 1635 1005 1658 ornamenta,

214 1662 302 1690 publica
313 1663 396 1690 pariter
407 1670 431 1685 ac
441 1664 539 1692 privata,
555 1668 600 1686 tum
611 1666 706 1687 maxime
716 1667 804 1687 deorum
819 1667 899 1694 signu,
915 1674 927 1687 n
937 1668 1006 1688 Verre

214 1705 252 1725 per
263 1698 344 1718 furtum
355 1699 442 1724 ulmeta,
459 1702 481 1719 et
491 1699 569 1720 falsam
581 1707 630 1721 esse
639 1701 739 1727 coarguit
749 1702 899 1722 defensionem
911 1702 1006 1723 Horten-

214 1732 251 1757 aii.
263 1736 361 1760 coempta
369 1733 410 1754 illa
421 1741 469 1754 esse
479 1736 640 1756 contendentis.
665 1737 720 1757 Nam
731 1743 801 1763 neque
811 1743 850 1763 per
863 1736 923 1762 leges
938 1736 1006 1758 licere

213 1767 380 1793 magistratibus
390 1768 414 1788 in
424 1769 546 1796 provinciis
556 1770 649 1791 mercari
660 1771 775 1797 quidquam
783 1787 788 1796 ,
800 1775 820 1792 et
832 1778 857 1792 ea
867 1778 916 1792 esse
926 1771 1005 1799 pretia,

212 1806 238 1823 ut
247 1803 304 1823 buna
313 1810 356 1823 non
366 1803 454 1830 possint
464 1811 506 1824 nun
517 1808 579 1831 rapta
589 1805 691 1826 iudicari.

268 1854 288 1880 1.
306 1856 329 1880 l.
351 1850 444 1882 Venio
457 1864 529 1882 nunc
542 1856 576 1883 ad
589 1857 682 1888 istius,
702 1856 928 1892 quemadmodum
948 1857 1006 1892 ipse
1034 1874 1035 1884 i

213 1891 342 1925 appellat,
363 1892 497 1924 studium,
518 1898 547 1920 ut
565 1894 643 1920 amici
661 1894 733 1925 eius,
753 1894 876 1921 morbum
895 1899 921 1921 et
934 1895 1006 1921 insa-

213 1929 294 1959 niam.
311 1933 340 1955 ut
352 1928 444 1960 Siculi,
461 1929 642 1957 latrocinium:
658 1940 715 1967 ego,
731 1940 785 1966 quo
795 1932 903 1958 nomine
913 1931 1006 1967 appel-

213 1964 279 1997 lem,
299 1966 398 1993 nescio.
438 1967 503 1993 Rem
521 1968 597 1994 vobis
617 1977 775 2003 proponam:
804 1977 850 1995 vos
868 1977 926 1995 eam
944 1977 1002 2000 suo,

212 2011 264 2029 non
279 2004 394 2030 nominis
408 2004 523 2038 pondere
538 2005 678 2039 penditote.

211 2078 359 2111 quaeretis,
379 2086 433 2112 quo
450 2079 557 2105 nomine
576 2080 766 2114 appellandum
781 2081 890 2115 putetis.
931 2081 1005 2116 Nego

211 2114 239 2140 in
258 2114 348 2141 Sicilia
367 2119 432 2147 tota,
452 2120 505 2142 tam
525 2116 663 2151 locupleti,
684 2122 736 2144 tam
755 2122 842 2144 vetere
856 2118 1001 2152 provincia,

212 2155 249 2178 tot
266 2151 385 2186 oppidis,
406 2157 443 2179 tot
456 2152 565 2180 familiis
583 2159 637 2181 tam
655 2155 783 2189 copiosis,
804 2155 891 2182 ullum
909 2163 1005 2191 argen-

211 2193 284 2215 teum
299 2197 354 2220 vas,
370 2189 458 2216 ullum
469 2190 636 2218 Corinthium
646 2196 691 2218 aut
701 2192 837 2219 Deliacum
851 2192 945 2223 fuisse,
961 2192 1005 2219 ul-

213 2225 264 2252 lam
277 2235 411 2262 gemmam
425 2232 470 2254 aut
483 2229 659 2264 margaritam,
675 2229 824 2264 quidquam
838 2238 872 2256 ex
884 2238 949 2256 auro
958 2234 1005 2256 aut

211 2263 289 2289 ebore
303 2263 415 2296 factum,
439 2265 548 2300 signum
562 2265 649 2292 ullum
663 2275 788 2298 aeneum,
813 2275 1000 2298 marmoreum,

211 2300 373 2328 eburneum:
402 2310 469 2337 nego
492 2302 574 2329 ullam
596 2304 727 2338 picturam
749 2312 837 2339 neque
855 2305 883 2330 in
901 2303 1000 2336 tabula,

212 2346 297 2372 neque
311 2338 339 2364 in
353 2339 438 2365 textili
451 2339 544 2370 fuisse,
561 2341 627 2375 quin
641 2341 823 2376 conquisierit,
840 2342 1000 2376 inspexerit;

210 2375 283 2408 quod
305 2374 433 2410 placitum
456 2377 503 2408 sit,
529 2377 678 2404 abstulerit.
717 2380 743 2405 2.
765 2379 892 2414 Magnum
910 2378 1003 2405 videor

210 2410 311 2438 dicere:
327 2413 453 2440 attendite
467 2414 555 2445 etiam,
571 2415 798 2449 quemadmodum
812 2415 910 2442 dicam.
943 2415 1002 2442 Non

211 2448 282 2474 enim
295 2449 370 2476 verbi
384 2459 470 2485 neque
480 2451 600 2478 criminis
610 2452 727 2488 augendi
735 2461 830 2479 caussa
841 2452 1002 2487 complector

211 2485 312 2512 onmia:
339 2495 425 2521 quum
443 2487 515 2520 dico,
535 2488 604 2515 nihil
622 2489 705 2516 istum
723 2489 856 2516 eiusmodi
870 2498 959 2516 rerum
973 2489 1001 2515 in

211 2525 263 2547 tota
277 2523 411 2556 provincia
425 2524 580 2559 reliquisse,
596 2526 688 2552 Latine
701 2535 757 2558 me,
773 2527 875 2557 scitote,
892 2535 944 2553 non
957 2535 1002 2553 ac-

210 2559 341 2585 cusatorie
352 2559 435 2595 loqui.
474 2562 561 2589 Etiam
571 2562 691 2598 planius:
707 2563 774 2590 nihil
788 2564 816 2590 in
830 2563 942 2590 aedibus
953 2571 1002 2589 cu-

210 2595 350 2630 iusquam‚
370 2605 403 2623 ne
417 2598 444 2624 in
456 2599 564 2633 oppidis
577 2600 701 2634 quidem;
725 2600 793 2627 nihil
806 2601 835 2627 in
849 2599 914 2627 locis
927 2608 1002 2627 com-

210 2632 353 2664 munibus,
373 2642 406 2660 ne
419 2634 447 2660 in
461 2634 529 2662 fanis
542 2637 666 2671 quidem;
695 2637 763 2664 nihil
781 2637 853 2672 apud
866 2637 998 2669 Siculum,

211 2668 278 2695 nihil
295 2670 367 2704 apud
385 2671 470 2698 civem
488 2672 650 2707 Romanum;
677 2673 794 2710 denique
816 2673 884 2702 nihil
905 2674 998 2706 istum,

718 2005 810 2032 Genus
824 2006 915 2041 ipsum
929 2007 1004 2041 prius
1033 2034 1034 2037 ,

212 2041 372 2075 cognoscite,
387 2041 503 2074 iudices,
519 2041 615 2068 deinde
630 2042 740 2069 fortasse
754 2052 806 2070 non
820 2052 916 2079 magno
926 2052 1005 2078 opere
1033 2069 1034 2077 ,

1033 2099 1034 2102 η
1055 2086 1107 2108 tate
1120 2081 1317 2108 ornatissimus.
1346 2081 1433 2107 Huius
1447 2080 1543 2107 domus
1556 2084 1597 2106 est
1610 2079 1652 2106 vel
1665 2080 1765 2114 optima
1777 2079 1849 2106 Mes-

1032 2162 1033 2165 ’
1055 2156 1222 2190 apertissima
1240 2155 1411 2190 maximeque
1427 2154 1579 2190 hospitalis¹

1032 2268 1033 2294 ἶ
1053 2235 1289 2302 ἓὲῗῗιιιῗιῖιῗῒωεω
1303 2267 1350 2298 sit,
1369 2267 1403 2293 ab
1417 2266 1460 2293 his
1472 2266 1568 2297 rebus,
1586 2265 1688 2300 quibus
1704 2265 1755 2291 iste
1772 2264 1847 2292 dele-

1028 2621 1030 2628 ,
1051 2601 1144 2633 etiam,
1172 2600 1238 2627 dum
1260 2600 1290 2627 in
1310 2600 1394 2627 istum
1418 2599 1526 2634 inquiro

1028 2633 1030 2638 ’
1050 2637 1138 2669 Idem,
1153 2638 1259 2673 opinor,
1275 2636 1371 2664 artifex
1383 2636 1505 2663 eiusdem
1518 2635 1592 2663 modi
1605 2634 1766 2670 Cupidinem
1779 2634 1842 2662 fecit

1079 1476 1110 1514 N
1226 1477 1240 1514 I
1359 1475 1395 1514 S.

1056 1635 1129 1670 quod
1142 1634 1176 1661 ad
1189 1634 1280 1661 oculos
1298 1635 1473 1670 animumque
1490 1634 1627 1666 acciderit,
1647 1642 1735 1669 neque
1751 1634 1850 1669 privati

1057 1681 1144 1707 neque
1158 1672 1260 1706 publici
1273 1680 1361 1707 neque
1374 1672 1478 1707 profani
1491 1680 1579 1707 neque
1592 1671 1661 1698 sacri
1674 1676 1727 1698 tota
1739 1672 1768 1698 in
1781 1670 1850 1698 Sici-

1057 1709 1092 1736 lia
1106 1708 1257 1744 reliquisse.

1113 1748 1138 1773 3.
1160 1746 1234 1773 Unde
1248 1746 1330 1782 igitur
1343 1746 1432 1781 potius
1446 1745 1581 1780 incipiam.
1596 1753 1678 1780 quam
1693 1745 1726 1772 ab
1739 1753 1768 1772 ea
1782 1745 1850 1772 civi—

1057 1788 1123 1814 tate,
1143 1792 1212 1818 quae
1231 1783 1278 1810 tibi
1297 1792 1350 1809 una
1367 1783 1395 1810 in
1413 1791 1502 1809 amore
1520 1788 1599 1818 atque
1617 1783 1645 1809 in
1662 1782 1767 1809 deliciis
1781 1781 1850 1809 fuit?

1057 1825 1102 1847 aut
1116 1829 1149 1847 ex
1161 1829 1216 1855 quo
1229 1821 1318 1855 potius
1333 1828 1456 1851 numero,
1476 1829 1558 1855 quam
1576 1828 1610 1846 ex
1622 1820 1690 1855 ipsis
1705 1819 1850 1846 laudatori·

1056 1858 1109 1885 bus
1127 1857 1199 1884 tuis‘?
1224 1857 1340 1884 Facilius
1358 1857 1430 1884 enim
1452 1857 1641 1892 perspicietur,
1664 1856 1754 1892 qualis
1775 1856 1849 1892 apud

1057 1904 1102 1922 eos
1121 1895 1217 1926 fueris,
1233 1896 1280 1930 qui
1295 1899 1320 1921 te
1333 1894 1459 1925 oderunt,
1475 1896 1523 1929 qui
1537 1898 1675 1925 accusant,
1695 1894 1743 1929 qui
1756 1902 1849 1936 perse*

1034 1927 1035 1937 ¹
1056 1937 1190 1967 quuntur,
1205 1941 1291 1967 quum
1305 1932 1378 1967 apud
1391 1937 1451 1958 tuos
1465 1931 1635 1958 Mamertinos
1648 1931 1785 1958 inveniare
1796 1939 1850 1958 tm-

1056 1970 1216 2004 probissima
1230 1970 1331 1996 ratione
1348 1978 1406 1995 esse
1423 1969 1576 2004 praedatus.
1615 1969 1647 1995 11.
1669 1967 1698 1995 C.
1712 1968 1795 1995 Heius
1808 1973 1850 1995 est

1056 2007 1230 2033 Mamertinus
1247 2006 1350 2042 (omnes
1370 2006 1419 2033 hoc
1432 2006 1512 2037 mihi,
1534 2005 1582 2041 qui
1595 2005 1746 2032 Messanam
1759 2013 1850 2032 acees-

1055 2048 1160 2075 serunt,
1181 2043 1259 2070 facile
1275 2043 1430 2078 concedent)
1443 2043 1569 2070 omnibus
1587 2042 1668 2070 rebus
1680 2043 1708 2069 in
1722 2042 1768 2069 illa
1780 2043 1849 2069 civi-

1055 2127 1148 2150 sanae,
1164 2119 1305 2145 notissima
1317 2118 1427 2153 quidem
1441 2122 1524 2149 certe,
1539 2122 1566 2144 et
1578 2117 1677 2144 nostris
1691 2117 1846 2144 hominibus

1618 2154 1656 2180 Ea
1672 2153 1770 2180 domus
1786 2158 1847 2180 ante

1055 2193 1200 2219 adventum
1214 2193 1293 2219 istius
1307 2193 1346 2219 sic
1358 2197 1449 2219 ornata
1462 2191 1522 2223 suit,
1538 2196 1568 2218 ut
1581 2191 1642 2218 urbi
1654 2199 1763 2226 quoque
1775 2196 1847 2218 esset

1258 2230 1325 2256 Nam
1339 2230 1398 2264 ipsa
1407 2230 1538 2260 Messana,
1553 2236 1623 2264 quae
1635 2228 1690 2254 situ
1703 2227 1846 2255 moenibus

1054 2309 1151 2335 ctatur,
1175 2312 1240 2330 sane
1263 2313 1347 2330 vacua
1368 2309 1449 2339 atque
1469 2303 1540 2330 nuda
1557 2307 1608 2329 est.
1648 2303 1673 2328 4.
1693 2301 1756 2328 Erat
1772 2301 1845 2337 apud

1031 2359 1032 2362 =
1053 2342 1149 2368 Heium
1167 2342 1312 2368 sacrarium
1329 2349 1426 2377 magna
1442 2349 1505 2367 cum
1521 2339 1654 2381 dignitate.
1671 2339 1699 2365 in
1721 2339 1842 2370 aedibus,

1053 2387 1068 2405 a
1086 2378 1233 2405 maioribus
1251 2378 1391 2410 traditum,
1416 2377 1619 2412 perantiquum
1646 2385 1675 2402 m
1695 2384 1750 2411 quo
1767 2376 1845 2412 signa

1053 2415 1233 2450 pulcherrima
1245 2420 1370 2450 quattuor
1382 2422 1490 2441 summo
1501 2413 1624 2444 artificio.
1644 2422 1750 2439 summa
1768 2413 1845 2440 nobi-

1054 2452 1139 2480 litate:
1166 2461 1235 2487 quae
1253 2461 1306 2479 non
1323 2452 1402 2479 modo
1419 2452 1501 2478 istum
1519 2450 1654 2477 hominem
1672 2451 1843 2486 ingeniosum

1029 2496 1031 2502 ⁴
1051 2494 1132 2525 atque
1145 2489 1352 2525 intelligentem,
1372 2497 1466 2515 verum
1479 2488 1559 2514 etiam
1572 2487 1697 2522 quemvis
1711 2491 1840 2518 nostrum,

1051 2535 1120 2561 quos
1136 2527 1188 2553 iste
1204 2527 1300 2553 idiotas
1317 2525 1446 2561 appellat,
1465 2524 1598 2551 delectare
1609 2528 1732 2559 possent:
1757 2532 1842 2551 unum

1051 2563 1193 2599 Cupidinis
1211 2571 1389 2590 marmoreum
1407 2561 1545 2588 Praxiteli:
1564 2576 1602 2582 —-
1614 2561 1742 2588 nimirum
1759 2560 1842 2591 didici

1533 2619 1539 2631 ,
1566 2598 1697 2625 artificum
1722 2598 1840 2626 nomina.

1051 2674 1144 2707 illum,
1163 2675 1212 2710 qui
1225 2678 1266 2702 est
1277 2673 1415 2709 Thespiis,
1437 2677 1544 2708 propter
1560 2681 1642 2708 quem
1656 2671 1787 2707 Thespiae
1799 2672 1842 2698 vi·
