1941 3052
234 156 279 180 tut
802 155 842 180 ⁴2.
876 153 911 179 Μ.

231 226 336 259 generis
357 231 382 251 et
405 226 481 260 quasi
505 224 601 251 sonitem
625 223 713 250 referri
738 227 831 257 potest.
882 223 1019 249 Notionem

1040 223 1043 235 l

1041 239 1042 251 l

231 263 344 298 appello,
360 272 440 298 quam
452 263 542 288 Graeci
558 267 613 287 tum
629 262 736 289 Fri-mm.
752 265 807 286 tum
823 259 959 295 πρόληψιν,
983 259 1019 285 En
1041 272 1043 295 5

231 306 271 326 eat
289 301 365 327 innita
385 305 409 325 vt
428 304 563 334 praerepta
581 299 712 332 citiusque
729 297 844 330 cognitio
856 296 1020 322 enodationis

232 338 364 371 indigena.
406 337 513 363 Formae
536 340 598 361 ruint
621 335 701 367 igitur
723 342 780 364 ene,
805 334 831 360 in
850 342 917 368 quas
935 341 1020 366 genus

231 375 288 400 nin<-
308 375 390 400 ullius
409 373 636 408 praetermissione
654 371 796 402 ‹lividitur;
820 375 849 396 ut
866 371 888 396 si
903 371 964 405 quia
978 370 1021 396 iun

232 413 258 438 in
279 412 372 445 legem,
395 420 502 440 morem,
523 410 681 444 nequitatem
700 408 812 434 dividat.
853 407 960 433 Formas
973 407 1020 442 qui

232 453 306 483 pntnt
321 448 389 474 idom
405 456 472 475 osse.
488 446 559 481 quod
578 450 672 480 parti-s.
688 444 827 471 confundit
838 449 919 470 artem
933 449 967 474 et.
984 444 1022 470 si-

232 485 382 512 militudine
396 484 509 519 «puidam
523 483 704 511 conturbatus,
718 491 768 508 non
783 482 846 508 satis
857 485 942 511 acute.
953 489 1021 516 quae

231 527 294 548 suut
316 521 483 551 s1·‹-‹·rn‹·n‹t.-1.
509 520 660 553 distinguit.
695 522 736 546 32.
757 519 840 553 Saepe
859 519 937 544 etiam
956 517 1022 544 deli-

232 560 308 585 niunt
326 563 350 584 et
368 563 481 584 oratores
501 562 525 584 et
545 562 634 592 poetae
654 566 699 592 per
718 556 881 583 tralationem
901 555 974 581 verbi
988 563 1021 581 ex

231 595 406 622 similitudini¹
425 604 485 621 vum
504 595 619 629 ‹piadam
636 594 776 620 suavitate.
817 593 869 619 Sed
884 602 933 628 ego
946 601 959 618 a
976 600 1022 618 ve-

1041 346 1043 435 l

231 634 291 659 stris
310 632 439 666 exemplis
459 633 508 658 nisi
525 632 671 658 necessario
686 641 736 658 non
752 630 881 657 recedam.
916 629 1022 656 Solebat
1042 642 1044 651 ν

231 671 312 703 igitur
326 669 469 704 Aquillius,
485 669 583 703 collega
598 674 623 695 ct
638 668 774 695 famniliaris
789 677 873 698 meus,
889 676 974 702 quum
989 666 1021 692 de

232 707 364 733 littoribus
386 711 515 740 ageretur,
539 716 606 742 quae
624 707 711 732 omnin
731 705 837 740 publica
855 714 912 730 esse
928 704 1018 734 vultis.

230 744 419 778 quaerentibus
438 745 484 774 iis.
505 744 537 770 ad
559 753 626 779 quos
649 744 674 770 id
695 743 849 778 pertinebat,
869 741 934 777 quid
953 745 1021 767 esset
1042 757 1044 776 2

232 782 319 812 littus,
345 782 378 807 ita
398 782 520 812 delinire,
549 790 600 816 qua
620 781 716 807 fluctus
735 780 876 810 alluderet,
904 779 952 805 hoc
970 782 1018 808 est,

230 819 306 853 quasi
329 819 376 853 qui
399 819 601 845 adolescentiam
621 818 709 844 llorem
729 818 834 847 aetatis,
856 820 1019 842 senectutem

230 865 352 882 occasum
372 857 440 882 vitae
464 856 526 882 velit
544 856 666 886 ‹letinire;
699 855 834 881 tralatione
852 854 923 879 enim
944 858 1021 879 utens

230 893 382 919 discedebat
396 902 409 918 a
421 893 508 919 verbis
520 894 632 928 propriis
644 900 771 919 rerumne
786 892 852 917 suis..
869 891 932 917 Viti.
945 889 1021 922 Quod

231 930 263 956 ad
281 930 447 957 delinitiones
467 931 566 961 attinet,
587 931 727 962 hactenus;
754 929 855 963 reliqua
871 928 1019 954 videamus.
1042 955 1043 958 ¹

287 970 326 994 33.
350 968 488 994 l‘artitionc
502 968 540 994 sic
555 968 683 994 utendum
698 971 745 997 est,
762 966 863 992 nullam
879 970 907 991 ut
920 970 1022 1000 partem
1042 981 1044 986 ›

231 1005 380 1040 relinquas3
398 1006 464 1036 ut‚si
481 1006 570 1040 partiri
585 1005 651 1031 velis
667 1004 920 1034 tutelas‚inscienter
931 1002 1019 1032 facias,

230 1044 253 1069 si
269 1042 349 1068 ullam
365 1044 565 1077 praetermittas
590 1043 623 1069 At
637 1043 658 1068 si
674 1042 876 1076 stipulationum
892 1045 936 1066 aut
951 1039 1022 1066 iudi-

195 1080 199 1088 '
230 1081 331 1106 ciorum
346 1079 472 1106 formulas
491 1081 611 1115 partiare,
633 1089 683 1106 non
703 1084 743 1105 est
760 1079 886 1105 vitiosum
901 1078 927 1103 in
943 1086 969 1103 rc
981 1077 1022 1103 in-

231 1118 302 1143 linita
317 1118 522 1152 praetermittere
536 1117 647 1152 aliquid.
673 1116 749 1148 Quod
762 1116 834 1142 idem
848 1115 875 1141 in
889 1114 1021 1141 divisione

231 1155 356 1181 vitiosum
375 1159 424 1181 est.

229 1201 298 1227 quae
311 1192 409 1227 cuique
422 1193 511 1227 generi
526 1192 715 1223 subiit-tantur,
739 1191 854 1225 partium
868 1189 1022 1215 distributio

229 1238 308 1264 saepe
330 1234 370 1256 est
388 1230 527 1261 infinitior,
552 1235 687 1264 tamquam
710 1228 827 1254 rivorum
850 1236 863 1253 a
887 1226 957 1253 t'onte
975 1225 1022 1252 de-

229 1267 328 1293 ductio.
363 1268 404 1293 312.
427 1268 518 1302 Itaque
540 1267 567 1293 in
585 1267 704 1293 oratoriis
722 1265 837 1295 artibus,
857 1263 1022 1299 quaestionis

229 1313 325 1339 genere
343 1305 486 1339 proposito,
506 1309 570 1339 quot
584 1305 643 1330 eius
659 1303 756 1330 formae
770 1303 832 1332 sint,
848 1301 1023 1337 subiungitur

229 1341 359 1367 absolute.

470 1155 623 1181 Formarum
642 1155 713 1180 enim
727 1158 814 1179 certus
828 1157 868 1178 est
882 1160 1019 1182 numerus,
1042 1178 1043 1182 ,

399 1341 433 1368 At
454 1350 539 1376 quum
561 1341 594 1368 de
616 1340 778 1367 ornamentis
801 1338 944 1365 verborum
961 1347 1023 1364 sen—

230 1379 425 1413 tenum-umque
447 1379 620 1413 praecipitur,
649 1386 717 1413 quae
743 1381 870 1403 vocantur
893 1375 1022 1410 σχήματα,
1044 1382 1045 1387 ’

230 1424 281 1442 non
308 1416 336 1442 tit
357 1416 437 1442 idem.
478 1416 529 1442 Res
550 1416 621 1442 enim
645 1419 684 1441 est
706 1414 846 1446 infinitior3
870 1417 899 1439 ut
922 1421 956 1438 ex
973 1412 1023 1438 hoc

229 1461 337 1488 quoque
360 1453 533 1488 intelligatur,
553 1453 620 1488 quid
639 1452 754 1478 velimus
773 1451 840 1477 inter
854 1450 1022 1485 partitionem

229 1495 254 1516 et
272 1490 431 1516 divisionem
450 1491 586 1517 interesse.
625 1489 794 1524 Quamquam
807 1488 879 1514 enim
895 1486 1023 1514 vocabula

229 1536 310 1562 prope
324 1527 394 1553 idem
406 1527 493 1554 valere
503 1528 670 1558 videbantur,
685 1531 780 1557 tamen.
793 1525 857 1560 quia
867 1533 908 1551 res
919 1524 1024 1551 differe-

229 1565 301 1594 bant,
317 1565 423 1591 nomina
435 1573 523 1592 rerum
538 1565 635 1591 distare
650 1563 800 1591 voluerunt.

284 1603 325 1629 35.
347 1602 431 1628 Multa
449 1603 528 1629 etiam
546 1611 579 1629 ex
592 1602 724 1628 notatione
738 1604 892 1627 sumuntur.
932 1599 969 1625 Ea
983 1602 1023 1625 est

229 1644 331 1670 autem,
355 1648 440 1674 quum
463 1648 497 1666 ex
513 1640 540 1666 vi
559 1639 674 1666 nominis
697 1641 884 1673 argumentum
902 1635 1020 1667 elicitur;

229 1685 310 1712 quam
325 1677 418 1704 Graeci
433 1678 602 1713 ἐιυμολογίαν
621 1679 722 1706 vocant,
736 1675 763 1701 id
777 1673 978 1700 est—verbum
989 1681 1023 1699 ex
1044 1681 1045 1710 J

230 1713 552 1749 verbo—veriloquium:
568 1722 616 1740 nos
626 1718 715 1739 autem
727 1712 870 1738 novitatem
881 1710 956 1737 verbi
970 1718 1022 1736 non

229 1752 294 1777 satis
313 1752 366 1786 apti
386 1751 532 1787 fugientes,
552 1759 638 1787 genus
657 1750 706 1776 hoc
725 1749 884 1776 notationem
903 1747 1023 1782 appella·
1043 1764 1045 1778 ,ι

786 1787 877 1820 Itaque
891 1785 940 1811 hoc
950 1784 1022 1811 idem
1044 1811 1045 1816 ¹

230 1797 300 1819 mus,
316 1789 379 1823 quia
393 1793 456 1814 sunt
467 1788 546 1815 verba
560 1796 649 1814 rerum
660 1791 745 1814 notae.

230 1825 384 1852 Aristoteles
402 1825 534 1860 σύμβολον
552 1825 676 1860 appellat,
696 1823 768 1859 quod
787 1823 878 1849 Latine
896 1826 936 1848 est
950 1827 1020 1848 nota.

230 1862 283 1889 Sed
296 1871 381 1897 quum
393 1862 559 1898 intelligitur,
575 1862 641 1897 quid
655 1861 828 1897 significetur,
845 1860 935 1886 minus
950 1859 1024 1886 labo-

230 1900 343 1926 randum
361 1904 401 1926 est
418 1900 451 1926 de
469 1901 585 1926 nomine.
626 1901 666 1926 36.
692 1898 774 1925 Multa
792 1897 874 1933 igitur
887 1897 914 1923 in
928 1896 1024 1931 dispu-

231 1937 309 1964 tando
328 1938 458 1963 notatione
477 1937 622 1963 eliciuntur
635 1945 668 1963 ex
681 1936 776 1967 verbo3
798 1939 828 1961 ut
841 1942 926 1969 quum
939 1942 1024 1969 quae-

231 1975 306 2005 ritur,
317 1976 501 2007 postli'mim'um
511 1974 578 2009 quid
589 1975 637 2006 sit·,
653 1974 715 2009 (non
726 1973 794 2003 dico,
807 1980 876 2007 quae
885 1972 939 1998 sint
950 1975 1024 2006 post-

231 2012 341 2044 liminii,
372 2020 432 2038 nam
455 2011 484 2038 id
505 2011 609 2038 caderet
627 2012 654 2037 in
671 2011 844 2039 divisionem,
871 2017 941 2043 quae
963 2008 1023 2036 talis

229 2054 282 2075 est:
313 2048 478 2083 postliminio
495 2048 607 2075 redeunt
624 2048 696 2079 haec,
716 2048 805 2077 homo,
826 2046 911 2077 navis,
931 2046 1024 2073 mulus

229 2085 394 2116 clitellarius,
415 2094 510 2121 equus,
531 2094 608 2120 equa.
627 2093 696 2120 quae
715 2085 787 2111 frena
801 2084 918 2118 recipere
931 2083 1024 2119 solet3)

229 2123 277 2149 sed
295 2132 379 2158 quum
394 2124 481 2158 ipsius
494 2123 652 2157 postliminii
665 2123 707 2149 vis
720 2122 859 2157 quaeritur
872 2125 897 2147 et
910 2121 1023 2148 verbum

229 2162 320 2195 ipsum
334 2165 448 2187 notatur.
488 2161 517 2186 In
531 2169 585 2195 quo
598 2160 707 2187 Servius
718 2164 806 2186 noster
816 2158 856 2193 (ut
869 2158 972 2194 opinor)
982 2159 1025 2185 ni—

230 2197 267 2224 hil
286 2202 361 2232 putat
378 2206 436 2224 esse
450 2198 604 2229 notandum.
621 2197 673 2224 nisi
684 2202 755 2230 μυεῖ,-
776 2201 802 2223 et
815 2197 941 2222 liminium
954 2195 1023 2222 illud

229 2235 430 2270 productionem
450 2243 509 2261 esse
526 2235 601 2261 verbi
619 2234 686 2265 vult,
707 2239 737 2260 ut
757 2235 786 2260 in
803 2235 919 2267 finitimo,
939 2235 1024 2267 Ieyiti'-

228 2281 278 2303 mo,
293 2274 414 2299 aeditimo
432 2281 484 2299 non
503 2272 566 2307 plus
579 2280 637 2299 esse
651 2277 748 2302 timum,
768 2278 849 2306 quam
863 2270 891 2296 in
904 2271 1024 2297 meditul-

230 2311 265 2335 Iio
284 2311 398 2336 tullium:
428 2310 470 2336 37.
489 2309 614 2336 Scaevola
627 2313 716 2336 autem
734 2309 764 2334 P.
784 2309 814 2335 F.
829 2308 952 2334 iunctum
965 2315 1024 2334 esse

229 2351 305 2381 putat
322 2346 444 2378 verbum,
464 2351 495 2373 ut
512 2347 547 2373 sit
559 2347 587 2373 in
601 2355 632 2373 eo
645 2351 671 2372 et
682 2350 739 2379 post
752 2349 778 2372 et
791 2347 880 2378 limem
900 2349 938 2376 ut,
954 2353 1024 2380 quae

230 2392 244 2409 a
264 2383 340 2410 nobis
358 2383 470 2410 alienata
488 2389 560 2415 sunt,
579 2392 665 2418 quum
679 2383 713 2409 ad
726 2383 830 2410 hostem
843 2382 1020 2418 pervenerint,

231 2429 263 2446 ex
276 2429 325 2447 suo
338 2425 473 2456 tamquam
489 2421 581 2448 limine
594 2420 716 2452 exierint,
727 2420 790 2446 dein
800 2428 887 2455 quum
897 2419 1024 2446 redierint

230 2462 290 2492 post
307 2458 339 2484 ad
356 2458 427 2484 idem
452 2458 541 2489 limen,
562 2457 726 2493 postliminio
742 2457 854 2483 rediisse
871 2456 1022 2483 videantur.

230 2494 288 2526 Quo
301 2503 396 2530 genere
410 2496 609 2522 etiamMancini
623 2503 717 2521 caussa
730 2494 838 2521 defendi
848 2498 1024 2529 potest,post-

231 2530 335 2558 liminio
348 2532 472 2564 rediisse3
498 2533 618 2559 deditum
633 2541 685 2558 non
699 2540 766 2562 esse,
781 2532 908 2566 quoniam
923 2539 975 2557 non
988 2531 1024 2556 sit

230 2572 366 2603 receptus3
388 2577 449 2595 nam
471 2578 558 2604 neque
571 2569 742 2599 deditionem,
755 2577 842 2603 neque
855 2568 1024 2595 donationem

230 2605 289 2631 sine
307 2606 456 2640 acceptione
467 2606 580 2642 intelligi
594 2614 681 2640 posse.

285 2642 331 2668 ix.
347 2644 388 2668 38.
404 2642 529 2677 Sequitur
539 2644 563 2669 is
577 2643 659 2674 locus,
672 2643 720 2677 qui
730 2647 832 2669 constat
841 2650 876 2668 ex
888 2642 922 2668 iis
932 2641 1022 2673 rebus,

231 2687 299 2713 quae
312 2679 508 2714 quodammodo
518 2679 624 2706 affectae
636 2684 699 2706 sunt
709 2679 788 2706 adid.
804 2679 837 2706 de
846 2687 900 2714 quo
909 2679 1025 2714 ambigi-

1043 1721 1045 1737 l

945 153 976 179 T.
1010 152 1284 179 Ciciznosts

1072 227 1127 253 mr,
1149 230 1229 257 quem
1248 221 1327 248 modo
1344 221 1400 248 dixi
1420 222 1446 248 in
1467 222 1556 257 plures
1575 227 1662 258 partes
1675 222 1860 250 distributum.

1071 260 1154 285 Cuius
1170 260 1273 293 primun
1286 263 1326 284 est
1340 258 1413 285 locun
1426 268 1458 286 ex
1472 261 1665 295 coniugatione.
1677 269 1758 295 quam
1768 261 1860 287 Graeci

1072 297 1196 332 συζυγίαν
1212 301 1312 325 vocant,
1329 296 1458 323 finitimus
1470 298 1604 328 notationi,
1616 297 1649 323 de
1662 306 1715 333 qua
1729 297 1808 324 modo
1820 297 1862 324 ‹ti-

1071 338 1143 359 etum
1163 337 1216 362 est;
1241 338 1269 359 ut
1286 333 1308 359 ni
1323 342 1418 368 aquarn
1434 333 1552 368 pluviam
1566 344 1624 361 eam
1639 334 1718 362 modo
1730 334 1862 369 intellige-

1073 378 1171 400 remus,
1186 379 1268 404 cpiam
1281 370 1358 396 imbri
1372 370 1508 397 collectam
1519 371 1679 402 videremus.
1694 372 1793 398 veniret
1805 371 1863 398 Mu-

1071 408 1139 438 cius,
1147 408 1204 442 qui,
1212 408 1275 442 quia
1286 408 1425 443 coniugata
1438 408 1516 434 verba
1527 414 1615 436 essent
1631 409 1721 444 pluvia
1732 414 1757 435 et
1768 409 1863 444 pluen·

1072 444 1114 473 do,
1135 444 1233 470 diceret
1252 453 1357 471 omnem
1372 453 1468 479 aquam
1483 450 1602 480 oportere
1615 447 1706 475 arceri.
1722 455 1791 481 quae
1803 445 1862 481 plu-

1072 481 1140 508 endo
1157 482 1293 508 crevisset.
1330 483 1370 507 39.
1397 482 1486 513 Quum
1505 488 1593 509 autem
1611 492 1625 509 a
1642 492 1738 517 genere
1751 484 1863 510 ducetur

1072 524 1269 553 argumentum,
1291 528 1341 545 non
1360 519 1409 545 erit
1428 528 1535 545 neeesse
1554 520 1581 546 id
1595 529 1681 555 usque
1698 521 1808 555 acapite
1821 530 1863 547 ar-

1072 565 1184 582 cessere.
1218 556 1301 591 ¹<nepe
1311 557 1390 582 ctiam
1400 557 1464 582 citra
1480 556 1547 587 lieet.
1564 557 1710 584 dummodo
1723 566 1803 592 supra
1817 558 1860 587 sit.

1072 594 1143 628 quod
1162 595 1286 624 sumitur,
1307 603 1387 628 quam
1407 593 1443 624 id,
1459 594 1491 619 ad
1505 594 1578 629 quod
1593 595 1720 624 sumitur.
1742 600 1778 625 ut.
1794 603 1862 630 aqua

1073 630 1163 665 pluvia
1187 630 1281 657 ultimo
1304 639 1400 664 gent-re
1418 640 1446 656 ea
1461 635 1510 661 est.
1529 640 1599 666 quae
1615 632 1648 658 de
1667 632 1740 658 caelo
1753 633 1863 659 veniens

1072 668 1165 694 erescit
1180 668 1273 699 iml›ri;
1295 668 1341 694 sed
1353 669 1473 703 propiore
1489 668 1553 698 loco,
1571 670 1596 695 in
1610 678 1665 704 quo
1677 669 1754 704 quasi
1768 670 1812 696 iuti
1821 678 1863 696 nr-

1071 705 1147 731 cendi
1162 706 1319 736 continetur,
1335 715 1420 740 genus
1434 710 1473 731 est
1487 715 1554 741 aqua
1570 706 1660 740 pluvia
1675 715 1784 738 nocens;
1804 707 1863 733 eius

1071 743 1176 777 generis
1195 742 1303 773 formae,
1325 742 1373 769 loci
1390 743 1462 774 viiio.
1482 748 1507 769 ct
1522 752 1601 769 manu
1617 752 1727 775 noeens;
1749 752 1862 778 quarum

1072 779 1151 805 altera
1174 780 1282 806 iubetur
1303 780 1336 806 ab
1353 780 1451 806 arbitro
1473 782 1599 807 coerceri:
1623 781 1701 807 altera
1721 789 1772 807 non
1787 781 1863 807 iube-

1073 821 1124 842 tur.
1154 818 1194 843 to.
1211 817 1354 843 Commode
1372 818 1449 843 etiam
1470 822 1594 844 tractatur
1613 818 1675 844 haee
1695 823 1863 853 argumenta-

1073 854 1117 884 tio,
1133 862 1201 889 quae
1215 863 1247 880 ex
1261 862 1357 889 genere
1370 855 1587 890 sumitur.quum
1601 864 1633 882 ex
1646 860 1698 881 toto
1707 860 1794 890 partes
1805 864 1865 890 per-

1072 900 1184 926 sequare
1200 891 1248 917 hoc
1267 891 1358 917 modo:
1380 891 1408 917 Si
1426 891 1504 918 dolus
1522 892 1608 918 malus
1623 897 1670 921 est,
1690 901 1775 927 quum
1790 892 1864 919 aliud

1073 929 1167 963 agitur.
1189 928 1262 954 aliud
1280 928 1430 959 simulatur,
1451 938 1605 955 enumerare
1625 929 1698 959 licet.
1717 930 1819 965 quibus
1837 929 1863 956 id

1073 966 1159 992 modis
1174 966 1230 998 fiat3
1253 965 1349 992 deinde
1363 966 1389 992 in
1403 974 1493 992 eorum
1508 966 1623 1001 aliquem
1640 967 1675 997 id,
1683 967 1755 1002 quod
1766 976 1864 1002 arguas

1072 1003 1132 1029 dolo
1152 1003 1221 1029 malo
1235 1002 1343 1033 sactum,
1359 1003 1508 1035 includere3
1530 1004 1602 1038 quod
1615 1012 1701 1040 genus
1715 1005 1864 1040 argumenti

1074 1041 1100 1067 in
1115 1041 1209 1075 primis
1224 1040 1330 1067 firmum
1346 1040 1430 1067 videri
1441 1040 1516 1067 solet.

1128 1078 1162 1104 X.
1179 1079 1219 1104 it.
1239 1077 1392 1104 Similitudo
1410 1079 1545 1113 sequitur;
1566 1086 1635 1113 quae
1654 1078 1703 1105 late
1719 1082 1798 1113 patet,
1817 1078 1864 1104 sed

1071 1115 1220 1142 oratoribus
1237 1120 1263 1141 ct
1281 1115 1448 1150 philosophis
1467 1116 1562 1150 magis,
1582 1124 1662 1150 quam
1683 1116 1768 1142 vobis.
1808 1115 1864 1142 Etsi

1072 1153 1142 1179 enim
1161 1161 1254 1179 omnes
1273 1152 1323 1179 loci
1340 1157 1404 1179 sunt
1421 1153 1540 1179 omnium
1555 1152 1766 1187 disputationum
1777 1152 1810 1179 ad
1823 1161 1866 1179 ar-

1071 1195 1196 1225 gumenta
1219 1189 1426 1224 suppeditanda,
1452 1194 1538 1216 tamen
1561 1190 1621 1216 aliis
1638 1190 1865 1225 disputationibus

1072 1227 1253 1254 abundantius
1271 1232 1422 1257 occurrunt,
1443 1227 1503 1253 aliis
1519 1228 1671 1262 angustius.
1711 1228 1802 1262 ltaque
1818 1235 1866 1263 ge-

1073 1273 1133 1291 nera
1153 1265 1201 1291 tibi
1220 1269 1279 1291 nota
1296 1265 1362 1296 sint3
1386 1265 1431 1291 ubi
1447 1270 1535 1291 autem
1551 1265 1583 1291 iis
1598 1269 1678 1294 utare,
1695 1265 1865 1299 quaestiones

1072 1303 1146 1336 ipsae
1165 1307 1189 1328 te
1207 1302 1398 1328 admonebunt.
1431 1303 1472 1328 42.
1491 1302 1558 1328 Sunt
1577 1302 1648 1328 enim
1662 1301 1863 1332 similitudines,

1073 1348 1141 1374 quae
1163 1348 1196 1365 ex
1218 1339 1342 1374 pluribus
1360 1338 1545 1365 collationibus
1567 1339 1726 1373 perveniunt
1747 1347 1802 1374 quo
1819 1347 1866 1365 vo-

1074 1376 1140 1407 lunt,
1157 1376 1206 1403 hoc
1223 1376 1315 1402 modo:
1346 1375 1373 1402 Si
1391 1381 1461 1402 tutor
1479 1376 1558 1402 tidem
1581 1381 1712 1410 praestare
1735 1375 1822 1406 debet.
1841 1376 1865 1402 si

1073 1414 1171 1445 socius,
1195 1414 1228 1444 si,
1250 1414 1294 1440 cui
1309 1413 1451 1445 mandaris,
1467 1414 1499 1443 si,
1519 1414 1566 1448 qui
1582 1413 1706 1440 fiduciam
1725 1414 1863 1448 acceperit,

1073 1451 1152 1478 debet
1173 1452 1253 1477 etiam
1276 1455 1437 1486 procurator.
1482 1451 1549 1477 Haec
1571 1459 1604 1477 ex
1626 1450 1750 1485 pluribus
1772 1458 1866 1485 perve-

1074 1489 1150 1515 niens
1177 1497 1232 1524 quo
1254 1488 1324 1519 vult,
1349 1488 1498 1523 appellatur
1516 1488 1649 1518 inductio,
1677 1496 1746 1523 quae
1767 1488 1866 1514 Graece

1074 1526 1199 1562 ἐπαγωγή
1218 1526 1377 1556 nominatur,
1397 1534 1450 1560 qua
1469 1525 1617 1560 plurimum
1635 1530 1675 1552 est
1689 1533 1754 1552 usus
1769 1525 1796 1551 in
1809 1533 1865 1551 ser-

1074 1563 1199 1590 monibus
1218 1563 1348 1590 Socrates.
1381 1563 1421 1589 43.
1441 1562 1563 1589 Alterum
1580 1562 1767 1589 similitudinis
1779 1570 1865 1597 genus

1073 1600 1211 1627 collatione
1226 1601 1351 1631 sumitur,
1371 1608 1456 1634 quum
1469 1608 1520 1626 una
1534 1608 1576 1626 res
1589 1600 1646 1630 uni,
1663 1607 1711 1634 par
1724 1600 1779 1634 pari
1793 1608 1867 1626 corn-

1074 1642 1189 1673 paratur,
1198 1637 1248 1664 hoc
1257 1637 1349 1664 modo:
1364 1636 1605 1669 Quemadmodum.
1614 1637 1636 1663 si
1649 1637 1675 1663 in
1687 1636 1752 1662 urbe
1762 1636 1794 1663 de
1805 1636 1867 1663 nni-

1073 1676 1125 1702 bus
1143 1675 1322 1701 controversia
1340 1679 1392 1704 est,
1412 1675 1475 1709 quia
1494 1673 1560 1700 fines
1578 1674 1664 1709 magis
1681 1682 1805 1709 agrorum
1826 1674 1866 1700 vi-

1073 1713 1169 1739 dentur
1181 1720 1249 1743 esse,
1265 1720 1346 1747 quam
1358 1711 1441 1742 urbis,
1457 1710 1556 1737 tinibus
1570 1711 1698 1746 regundis
1709 1711 1815 1747 adigere
1824 1719 1867 1737 ar-

1073 1750 1173 1776 bitrum
1192 1758 1244 1776 non
1258 1750 1354 1784 possis,
1370 1749 1417 1779 sic,
1433 1749 1457 1775 si
1471 1757 1539 1783 aqua
1554 1748 1645 1783 plun'a
1659 1749 1687 1774 in
1701 1748 1766 1774 urbe
1780 1753 1863 1778 nocet,

1072 1787 1199 1822 quoniam
1223 1795 1264 1813 res
1288 1791 1340 1812 tota
1358 1786 1443 1821 magis
1460 1794 1585 1821 agrorum
1595 1790 1644 1816 cst,
1660 1794 1745 1820 aquae
1758 1785 1866 1820 pluviae

1073 1823 1199 1851 arcendae
1210 1823 1316 1859 adigere
1330 1832 1381 1850 non
1396 1823 1484 1858 possis
1497 1823 1636 1849 arbitrum.
1665 1823 1706 1849 44.
1720 1823 1761 1849 Ex
1773 1822 1866 1858 eodem

1073 1860 1259 1888 similitudinis
1279 1860 1335 1887 loco
1352 1861 1431 1886 etiam
1445 1859 1567 1895 exempla
1580 1864 1734 1890 sumuntur,
1747 1864 1775 1886 ut
1789 1859 1867 1887 Cras-

1073 1907 1121 1925 sus
1138 1899 1166 1925 in
1184 1906 1277 1924 caussa
1293 1897 1408 1925 Curiana
1429 1897 1561 1932 exemplis
1583 1896 1708 1932 plurimis
1730 1905 1797 1923 usus
1815 1902 1863 1928 ost.

1073 1944 1155 1972 agens
1168 1935 1202 1962 dc
1216 1944 1255 1966 eo,
1271 1935 1319 1970 qui
1337 1939 1492 1961 testamento
1505 1935 1544 1961 sic
1558 1933 1681 1961 heredem
1695 1934 1863 1965 instituisset.

1074 1978 1112 2004 ut,
1128 1973 1152 1999 si
1166 1972 1238 1999 tilius
1249 1977 1327 1999 natus
1338 1976 1408 1998 esset
1417 1973 1446 1998 in
1455 1971 1546 1998 decem
1558 1971 1696 1998 mensibus
1707 1972 1784 2006 isque
1795 1980 1866 1998 mor-

1074 2015 1137 2037 tuus
1155 2010 1240 2045 prius,
1260 2018 1341 2045 quam
1360 2009 1388 2036 in
1405 2017 1481 2035 suam
1496 2008 1606 2035 tutelam
1625 2009 1749 2039 venisset,
1769 2017 1867 2036 secun-

1074 2047 1125 2074 dus
1147 2047 1225 2074 heres
1243 2046 1416 2073 hereditatem
1433 2046 1572 2073 obtineret.
1616 2045 1688 2078 Quae
1705 2054 1866 2073 commemo-

1074 2085 1140 2112 ratio
1158 2083 1342 2119 exemplorum
1360 2083 1452 2114 valuit,
1472 2091 1557 2118 eaque
1575 2091 1622 2110 vos
1641 2083 1667 2110 in
1681 2082 1866 2118 respondendo

1075 2123 1115 2149 uti
1134 2121 1249 2148 multum
1267 2120 1369 2148 soletis.
1398 2122 1440 2147 45.
1456 2121 1529 2147 Ficta
1541 2121 1620 2146 etiam
1633 2120 1755 2155 exempla
1768 2120 1867 2147 simili-

1074 2159 1176 2186 tudinis
1187 2159 1285 2185 habent
1296 2159 1365 2190 vim3
1387 2157 1435 2184 sed
1444 2166 1474 2184 ea
1484 2158 1594 2184 oratoria
1606 2158 1691 2193 magis
1701 2161 1772 2188 sunt,
1783 2165 1866 2192 quam

1075 2201 1176 2229 vestra;
1197 2203 1362 2231 quamquam
1376 2195 1415 2221 uti
1429 2195 1507 2221 etiam
1522 2203 1569 2221 vos
1579 2194 1678 2225 soletis,
1691 2193 1740 2220 sed
1749 2194 1798 2221 hoc
1808 2203 1866 2221 mo-

1074 2234 1122 2260 do:
1144 2234 1227 2269 Finge
1241 2233 1374 2267 mancipio
1387 2232 1504 2267 aliquem
1518 2231 1624 2258 dedisse
1634 2231 1671 2262 id,
1682 2231 1754 2266 quod
1765 2232 1867 2259 manci-

1074 2271 1119 2306 pio
1132 2271 1188 2297 dari
1203 2279 1255 2297 non
1269 2274 1364 2305 potest.
1398 2270 1469 2296 Num
1482 2269 1580 2296 idcirco
1591 2268 1620 2295 id
1633 2269 1692 2294 eius
1706 2268 1804 2295 factum
1814 2273 1864 2300 est,

1074 2309 1121 2344 qui
1135 2307 1254 2343 accepit?
1273 2312 1318 2333 aut
1332 2315 1396 2333 num
1410 2307 1442 2338 is,
1457 2307 1506 2341 qui
1519 2306 1652 2340 mancipio
1664 2305 1746 2337 dedit.
1761 2305 1796 2332 ob
1807 2314 1866 2332 eam

1074 2354 1130 2372 rem
1149 2354 1178 2372 se
1196 2344 1252 2371 ulta
1269 2353 1297 2371 re
1313 2343 1461 2380 obligavit?
1487 2344 1517 2370 In
1535 2342 1584 2369 boc
1603 2351 1700 2378 genere
1717 2343 1866 2370 oratoribus

1074 2387 1099 2409 et
1113 2381 1280 2418 philosophis
1294 2389 1451 2408 concessum
1465 2385 1513 2411 est,
1532 2384 1563 2406 ut
1575 2385 1648 2406 muta
1661 2380 1740 2406 etiam
1755 2379 1867 2415 loquan-

1074 2424 1126 2451 tur,
1142 2424 1172 2446 ut
1185 2419 1283 2446 mortui
1297 2418 1331 2445 ab
1345 2417 1438 2445 inseris
1450 2417 1607 2447 excitentur,
1623 2421 1653 2443 ut
1666 2416 1778 2452 aliquid,
1793 2416 1866 2452 quod

1075 2457 1132 2483 [ieri
1151 2456 1226 2483 nullo
1242 2455 1323 2482 modo
1339 2455 1432 2490 possit,
1452 2453 1589 2489 augendae
1607 2454 1646 2480 rei
1661 2455 1745 2490 gratia
1762 2453 1866 2481 dicatur

1074 2498 1120 2521 aut
1133 2493 1302 2524 minuendae,
1317 2501 1386 2527 quae
1400 2490 1544 2528 hyperbole
1557 2490 1663 2522 dicitur,
1679 2495 1705 2518 et
1717 2490 1800 2518 multa
1814 2492 1867 2518 mi-

1074 2530 1168 2557 rabilia
1184 2530 1245 2557 alia.
1290 2529 1344 2556 Sed
1366 2528 1442 2555 latior
1462 2532 1502 2554 est
1519 2536 1630 2562 campus
1647 2527 1766 2555 illorum.
1804 2528 1866 2555 Eis-

1074 2568 1136 2594 dem
1147 2572 1236 2594 tamen
1249 2575 1284 2593 ex
1297 2566 1370 2597 locis,
1386 2569 1416 2592 ut
1428 2570 1488 2592 ante
1501 2564 1567 2595 dixi,
1583 2569 1609 2591 et
1619 2565 1647 2591 ιιι
1660 2565 1785 2592 maximis
1798 2570 1824 2592 et
1835 2566 1864 2592 iu

1074 2605 1195 2631 minimis
1207 2602 1409 2639 quaestionibus
1422 2606 1578 2638 argumenta
1590 2602 1734 2628 ducuntur.

1128 2642 1175 2668 xl.
1195 2642 1235 2668 46.
1259 2640 1388 2675 Sequitur
1416 2639 1621 2666 similitudinem
1647 2638 1793 2666 differentia
1815 2640 1863 2672 rei,

1076 2679 1191 2705 maxime
1208 2677 1337 2704 contraria
1351 2677 1494 2712 superiori;
1526 2676 1573 2702 sed
1591 2681 1631 2703 est
1648 2676 1770 2703 eiusdem
1783 2675 1859 2703 dissi-
