1941 3052
896 148 928 172 M.
965 148 993 172 Τ,

246 154 294 177 320
821 151 859 173 253.

243 223 384 248 ivm-entem
404 220 519 254 appello:
549 221 594 244 niu
615 224 638 244 te·
656 219 773 243 ostii-ium
795 223 884 246 tuum,
912 217 1032 242 delutum

241 260 330 291 gem-ri
346 263 370 283 et
385 259 484 283 ιιυιιιιιιι
501 266 605 290 requiro
619 261 643 280 et
659 255 754 286 tl.·;.=·'10.
782 256 834 279 (Zur
850 263 897 287 pro
912 255 970 283 istu.
986 254 1032 287 qui

244 295 347 321 laudem
364 296 542 327 honoremque
558 292 671 317 tunulum
688 296 787 316 vestrae
799 290 971 324 ‹ln-peculatus
983 295 1030 320 est.

243 334 364 367 'niune-⁴⁴!
389 341 436 356 cur
450 340 510 355 euni
525 330 664 354 ‹lu-sensum
680 337 738 353 esne
759 328 817 353 vin?
843 336 890 352 cur
908 336 957 359 ego
975 332 1033 353 tuus

243 376 328 403 paru-s
356 369 489 401 »nini-ipiuss'
518 376 564 391 cur
591 370 666 391 tuum
695 373 794 390 munus
820 365 958 390 stistineo‘!
986 373 1033 389 cur

242 407 273 432 M.
287 406 390 431 'l'ullius
406 406 431 430 l'.
446 404 560 429 Africani
576 407 745 428 monumenta
761 402 885 435 requirit.
903 401 930 427 l'.
943 401 1033 435 Scipio

241 452 315 471 vum,
336 444 381 476 qui
399 442 440 466 illa
460 440 582 469 sustulit,
604 439 741 464 defendit?
771 440 860 470 Quum
877 447 933 464 tuos
947 447 961 463 a
977 447 1032 464 um-

241 481 341 505 ini-ilius
356 479 465 504 traditus
480 478 526 506 sit.
549 481 577 502 ut
591 480 761 501 monumenta
777 476 905 501 maiorum
922 476 955 501 ita
969 484 1032 501 suo-
1052 501 1054 507 ,

241 526 297 542 ruui
313 517 428 549 qui-que
443 513 573 543 dest-udat.
592 518 619 538 ut
633 522 662 538 ea
678 522 709 538 ne
723 514 809 538 ornari
823 512 932 547 quidem
946 513 1032 539 nomi-

240 562 271 579 nc·
286 553 370 578 alieno
384 552 465 577 siunt:
484 556 509 576 tu
526 551 569 576 isti
585 550 684 581 aderis.
707 551 753 584 qui
769 559 819 575 non
835 550 968 576 obstruxit
982 550 1031 575 ali·
1052 574 1053 582 ,

239 599 290 624 qua
305 598 337 615 ex
352 594 422 623 parte
434 592 635 613 monumentum
649 588 675 613 l'.
688 587 829 621 Scipionis.
846 587 894 613 sed
909 586 1030 613 funditus

238 627 336 652 delevit
354 635 383 651 ac
401 625 528 651 sustulit?
566 627 606 650 80.
629 625 757 656 Quisnam
780 625 873 659 igitur.
899 633 946 658 per
967 624 1031 650 deos

239 663 414 689 immortales!
432 663 549 688 tuebitur
562 663 588 688 l’.
602 662 735 696 Scipionis
747 662 900 688 memorium
916 663 1032 688 mortui?

237 701 299 735 quis
315 704 483 726 monumenta
499 704 577 734 atquc
593 700 688 725 indicia
705 700 820 729 virtutis.
837 699 898 725 situ
910 707 938 725 ea
950 699 1031 725 relin-
1050 725 1051 732 ἵ

237 746 303 772 ques·
322 746 351 763 ac
369 737 488 767 deseres,
518 745 604 772 neque
623 736 709 763 solum
730 736 841 771 spoliata
861 736 905 762 illa
921 737 1028 770 patiere,
1050 734 1059 774 l}

237 775 283 800 sed
298 775 375 800 etiam
387 783 476 800 eorum
489 774 658 808 spoliatorem
671 778 875 808 vexatoremque
885 772 1032 800 defendes?
1049 778 1052 816 i

237 812 341 838 Adsunt
355 812 508 847 Segestani,
528 811 638 838 clientes
657 813 708 842 tui.
728 811 791 837 socii
813 811 903 845 populi
920 811 1028 837 ltoiuaui

237 855 316 884 utque
338 849 430 875 amici:
459 849 596 875 certiorem
620 853 644 874 te
667 848 780 879 faciunt.
810 849 838 874 P.
864 847 1027 879 Africanum.

239 887 397 921 Karthagine
411 885 505 917 deleta.
522 885 696 912 simulacrum
709 886 804 912 Dianae
816 886 961 911 maioribus
972 886 1029 911 suis

238 924 400 951 restituisse:
420 923 502 958 idque
516 923 586 958 apud
601 924 773 958 Segestanos,
790 923 849 949 eius
863 923 1029 957 imperatoris

237 962 343 988 nomine
367 961 483 995 positum
506 970 535 987 ac
557 960 708 987 dedicatum
728 960 825 987 fuisse:
855 960 904 986 hoc
923 960 1028 986 Verrem

236 998 436 1025 demoliendum
467 1001 493 1024 et
523 998 712 1032 asportandum
745 1006 896 1032 nomenque
921 998 1030 1024 omnino

236 1036 264 1062 P.
281 1035 413 1070 Scipionis
427 1035 571 1062 delendum
587 1035 789 1070 tollendumque
803 1043 920 1061 curasse.
949 1036 1030 1061 Orant

212 1078 216 1085 ’
236 1078 260 1100 te
273 1078 353 1108 atque
367 1073 513 1104 obsecrant.
530 1077 559 1099 ut
572 1073 624 1099 sibi
636 1072 800 1108 religionem,
815 1073 906 1107 generi
917 1076 962 1098 tuo
973 1071 1030 1098 lau-

235 1110 295 1137 dem
309 1110 477 1146 gloriamque
491 1111 623 1141 restituas,
641 1115 682 1141 ut.
699 1109 770 1144 quod
785 1118 818 1136 ex
833 1109 897 1136 urbe
912 1109 1028 1135 hostium

235 1156 282 1183 per
293 1148 321 1174 P.
334 1147 487 1174 Africanum
502 1148 690 1183 recuperarint,
707 1147 732 1173 id
748 1156 794 1182 per
808 1151 832 1173 te
845 1155 878 1173 ex
890 1146 1030 1181 praedonis

235 1185 314 1211 domo
327 1194 482 1212 conservare
497 1186 609 1220 possint.
650 1185 785 1211 XXXVII.
807 1184 877 1216 Quid
891 1189 937 1210 aut
947 1188 975 1210 tu
987 1184 1029 1210 his

236 1222 395 1257 respondere
408 1223 518 1249 honeste
533 1227 607 1257 potes
621 1227 665 1249 aut
680 1222 718 1248 illi
734 1222 831 1253 lacere.
852 1222 903 1248 nisi
919 1226 948 1248 ut
962 1226 986 1248 te
1000 1230 1029 1248 ac

236 1259 314 1286 fidem
334 1265 406 1286 tuam
421 1260 581 1295 implorent?
602 1260 708 1286 Adsunt
721 1265 746 1286 et
760 1259 911 1294 implorant.
954 1259 1029 1286 Potes

234 1297 395 1324 domesticae
411 1297 498 1324 laudis
511 1297 730 1332 amplitudinem,
747 1297 850 1331 Scipio,
872 1296 953 1329 tueri;
983 1305 1030 1331 po-

234 1339 288 1361 tes:
317 1336 404 1361 omnia
423 1335 450 1361 in
471 1339 495 1361 te
512 1339 588 1366 sunt,
609 1343 677 1370 quae
695 1339 741 1361 aut
754 1333 858 1360 soi-tuna
874 1334 1029 1360 hominibus

234 1376 280 1398 aut
298 1376 389 1398 natura
410 1371 529 1408 largitur.
570 1373 627 1398 Non
647 1380 789 1406 praecerpo
809 1371 925 1398 fructum
947 1370 1027 1398 officii

234 1409 287 1441 tui3
303 1418 354 1436 non
370 1409 482 1436 alienam
497 1410 563 1436 mihi
579 1409 684 1435 laudem
699 1413 807 1444 appeto,
823 1417 875 1435 non
890 1413 930 1435 est
944 1408 1030 1443 pudo-

233 1447 270 1472 ris
286 1447 350 1478 mei.
367 1447 395 1473 P.
411 1446 548 1481 Scipione,
565 1446 751 1473 florentissimo
764 1446 944 1477 adolescente,
967 1447 1029 1472 vivo

233 1488 260 1509 et
289 1483 429 1514 incolumi,
465 1493 507 1510 me
538 1489 762 1520 propugnatorem
795 1488 1028 1510 monumentorum

234 1521 262 1547 P.
279 1520 412 1556 Scipionis
425 1521 647 1556 defensoremque
661 1521 787 1556 profiteri.
828 1523 869 1547 8⁴.
895 1520 980 1553 Quam
994 1520 1028 1547 ob

233 1566 289 1584 rem
307 1559 330 1584 si
349 1559 465 1593 suscipis
483 1558 644 1586 domesticae
663 1558 750 1585 laudis
771 1559 960 1593 patrocinium,
986 1566 1028 1584 me

234 1604 285 1622 non
304 1595 391 1622 solum
409 1596 488 1622 silere
511 1596 544 1622 de
567 1596 663 1623 vestris
688 1596 869 1623 monumentis
886 1595 1025 1630 oportebit,

232 1633 279 1659 sed
294 1633 372 1660 etiam
389 1633 490 1665 laetari.
513 1634 542 1660 P.
557 1633 675 1660 Africani
689 1633 822 1659 eiusmodi
836 1641 894 1659 esse
908 1632 1028 1659 fortunas

234 1671 344 1701 mortui,
364 1675 394 1697 ut
407 1671 466 1697 eius
480 1671 564 1697 honos
579 1671 612 1697 ab
629 1671 677 1702 iis,
697 1671 745 1705 qui
764 1678 797 1697 ex
814 1670 907 1696 eadem
926 1669 1028 1696 familia

232 1707 295 1738 sint.
311 1707 470 1734 defendatur
484 1716 570 1743 neque
584 1707 672 1735 ullum
686 1708 862 1734 adventitium
877 1708 1029 1742 requiratur

233 1744 375 1771 auxilium.
416 1745 463 1771 Sin
481 1746 561 1772 istius
579 1746 694 1772 amicitia
713 1749 738 1771 te
755 1744 897 1780 impediet:
925 1745 948 1770 si
967 1745 1025 1775 hoc,

232 1781 305 1817 quod
318 1782 366 1808 abs
380 1786 404 1808 te
419 1782 536 1817 postulo.
559 1783 649 1809 minus
668 1782 701 1808 ad
718 1781 836 1809 officium
855 1786 931 1808 tuum
947 1782 1029 1816 perti-

233 1827 295 1845 nere
309 1819 482 1846 arbitrabere:
498 1820 640 1846 succedam
654 1828 703 1855 ego
717 1819 834 1846 vicarius
849 1823 894 1846 tuo
908 1820 1025 1852 muneri:

233 1856 378 1891 suscipiam
389 1861 486 1891 partes,
494 1866 562 1892 quas
573 1857 672 1884 alienas
683 1865 742 1883 esse
752 1856 908 1883 arbitrabar.
928 1856 1027 1883 Deinde

232 1893 283 1919 ista
302 1893 434 1928 praeclara
453 1894 577 1921 nobilitas
594 1894 700 1921 desinat
717 1894 807 1929 queri,
830 1893 961 1928 populum
977 1894 1028 1921 110-

233 1938 342 1957 manum
365 1931 519 1958 hominibus
541 1932 617 1958 novis
643 1936 723 1966 atque
748 1931 889 1958 industriis
916 1931 1028 1958 libenter

232 1967 345 1994 honores
360 1968 484 1995 mandare
497 1977 657 2004 semperque
670 1968 820 1995 mandasse.
842 1969 900 1995 Non
912 1973 1028 2004 estque—

232 2004 358 2036 rendum,
375 2006 402 2032 in
416 2014 446 2032 ea
459 2007 577 2038 civitate.
597 2015 666 2042 quae
680 2010 787 2041 propter
800 2006 926 2032 virtutem
940 2006 1028 2033 omni-

232 2042 284 2068 bus
303 2043 455 2069 nationibus
473 2044 599 2078 imperat,
625 2044 750 2070 virtutem
770 2043 918 2078 plurimum
938 2051 1025 2078 posse.

233 2079 274 2106 Sit
286 2079 357 2114 apud
371 2080 437 2106 alios
451 2081 540 2116 imago
553 2081 581 2107 P.
597 2080 728 2107 Africani:
756 2084 884 2107 ornentur
897 2080 942 2106 alii
957 2089 1027 2107 mor-

232 2117 272 2143 tui
287 2117 384 2143 virtute
398 2126 427 2144 ac
441 2119 558 2144 nomine.
598 2118 670 2144 Talis
684 2117 730 2144 ille
743 2118 786 2144 vir
799 2117 863 2149 suit,
883 2118 919 2144 ita
933 2117 966 2144 de
980 2126 1028 2152 po-

233 2153 297 2189 pulo
310 2154 428 2181 Romano
445 2155 556 2181 meritus
574 2159 626 2187 est.
647 2160 677 2181 ut
696 2163 747 2181 non
766 2155 813 2181 uni
828 2154 958 2187 familiae.
979 2155 1027 2181 sed

232 2191 373 2218 universae
398 2192 498 2218 civitati
524 2192 726 2219 commendatus
753 2200 811 2218 esse
836 2192 940 2219 debeat.
979 2192 1027 2219 Est

231 2227 321 2263 aliqua
331 2237 389 2255 mea
400 2237 460 2264 pars
472 2229 566 2261 virilis.
580 2229 652 2264 quod
663 2230 721 2256 eius
731 2230 848 2256 civitatis
857 2238 928 2260 sum.
944 2238 1026 2264 quam

231 2265 277 2292 ille
291 2265 416 2300 amplam,
432 2266 566 2293 illustrem
576 2267 728 2302 claramque
738 2266 867 2299 reddidit3
883 2268 1026 2302 praecipue

230 2302 303 2337 quod
321 2303 349 2329 in
367 2303 410 2330 his
428 2304 530 2331 artibus
548 2313 595 2339 pro
614 2313 672 2330 mea
690 2308 762 2338 parte
781 2312 884 2335 versor,
909 2313 1025 2339 quarum

231 2339 277 2366 ille
290 2341 415 2376 princeps
429 2340 492 2372 ruit.
509 2342 654 2377 aequitate.
674 2341 820 2372 industria,
840 2342 1023 2376 temperantia,

231 2376 385 2404 defensione
404 2379 575 2409 miserorum,
595 2379 656 2405 odio
673 2378 871 2413 improborum:
899 2387 968 2414 quae
981 2387 1026 2405 co-

231 2414 320 2449 gnatio
334 2415 484 2442 studiorum
498 2421 524 2442 et
537 2417 634 2442 artium
652 2415 846 2451 propemodum
864 2424 916 2442 non
934 2416 1025 2442 minus

232 2455 271 2491 est
284 2452 431 2484 coniuncta,
447 2462 528 2488 quam
542 2454 606 2484 ista.
622 2462 674 2488 qua
690 2462 736 2479 vos
751 2452 929 2485 delectamini,
944 2461 1026 2489 gene-

232 2495 268 2512 ris
282 2492 308 2513 et
322 2490 446 2516 nominis.
486 2491 633 2517 XXXVIII.
656 2492 697 2516 82.
718 2490 818 2525 Repeto
835 2490 884 2516 abs
902 2494 939 2521 te.
960 2490 1025 2517 Ver-

233 2531 287 2554 res,
302 2531 505 2553 monumentum
520 2528 548 2554 P.
563 2527 694 2559 Africani3
721 2535 845 2554 caussam
859 2527 1021 2558 Siculorum.

232 2568 313 2595 quam
328 2564 444 2597 suscepi,
460 2564 596 2599 relinquo;
619 2564 752 2591 iudicium
765 2564 798 2590 de
812 2565 934 2599 pecuniis
948 2572 1025 2599 repe-

232 2597 324 2623 tundis
347 2607 379 2624 ne
400 2601 436 2626 sit
457 2601 506 2627 hoc
526 2606 657 2636 tempore;
686 2601 891 2636 Segestanorum
910 2601 1025 2628 iniuriae

232 2634 414 2670 negligantur:
431 2637 503 2663 basis
517 2639 545 2664 P.
557 2638 674 2664 Africani
688 2638 856 2670 restituatur,
872 2647 968 2665 nomen
982 2638 1025 2664 in-

232 2671 295 2698 victi
317 2673 483 2707 imperatoris
505 2675 649 2708 incidatur,
677 2676 786 2711 signum
811 2674 1024 2710 pulcherrimum
1044 2671 1046 2703 Ξ

1029 147 1304 173 utel-:noxis

1087 217 1247 249 Karthagine
1265 221 1372 251 captum
1392 222 1543 252 reponatur.
1585 218 1652 244 llaec
1669 218 1717 245 aba
1731 223 1756 245 te
1770 227 1821 246 non
1835 220 1880 247 Si—

1084 254 1205 279 culorum
1220 254 1356 284 defensor,
1372 263 1424 281 non
1439 260 1501 281 tuus
1515 260 1659 286 aecusator.
1675 265 1725 282 non
1740 256 1879 290 Seue-uni

1086 290 1228 324 famulant.
1245 291 1291 317 sed
1307 292 1338 320 is.
1354 292 1401 326 qui
1418 291 1523 318 laudem
1537 293 1704 328 gloriamque
1718 293 1745 319 Ρ,
1761 290 1878 321 Africani

1086 327 1210 353 tuendam
1233 328 1497 364 conservandamque
1523 330 1650 364 suscepit.
1692 330 1748 357 Non
1777 340 1876 362 vereor.

1085 374 1116 390 ue
1132 365 1180 389 lioc
1193 364 1311 391 otflcmm
1327 374 1416 391 meum
1428 366 1456 392 Ρ.
1468 366 1580 393 Servilio
1591 367 1672 393 iudici
1684 376 1735 393 non
1751 367 1875 402 probem;

1084 402 1131 435 qui
1149 409 1236 436 quum
1255 411 1297 428 res
1315 403 1445 429 maximas
1462 404 1575 438 gesserit
1593 409 1818 439 monumentaque
1837 414 1878 431 re-

1085 447 1144 464 rum
1163 447 1273 465 suarum
1292 448 1377 474 quum
1397 440 1513 466 maxime
1531 443 1674 467 constituat
1691 447 1770 476 atque
1789 442 1816 468 in
1835 442 1878 469 liis

1083 475 1212 506 elaboret.
1230 475 1346 510 profecto
1361 476 1430 503 volet
1444 477 1507 503 haec
1522 486 1573 504 non
1587 478 1674 504 solum
1684 479 1742 505 suis
1753 479 1875 513 poeteris.

1085 521 1177 539 verum
1192 514 1271 539 etiam
1286 514 1412 540 omnihus
1427 514 1492 541 viris
1507 514 1619 541 fortibus
1633 520 1659 542 et
1675 515 1752 542 imnis
1770 516 1877 543 civilius

1083 549 1262 581 defendenda.
1287 560 1339 577 nou
1362 551 1499 585 spolianda
1519 552 1648 586 improbis
1667 552 1778 579 tradere.
1819 553 1876 580 Nou

1083 596 1183 618 vereor,
1200 596 1232 614 ne
1248 588 1305 618 tibi.
1321 588 1352 620 Q.
1369 588 1469 619 Catule,
1485 588 1633 624 displiceat,
1648 590 1727 616 cuius
1741 590 1878 625 amplissi-

1058 643 1059 648 .
1082 633 1156 650 mum
1172 625 1198 651 in
1212 625 1275 651 orbe
1291 630 1418 651 terrarum
1429 625 1663 661 clarissimumque
1674 632 1876 654 monumentum

1081 667 1129 691 est,
1145 670 1226 696 quam
1242 662 1372 697 plurimos
1386 671 1445 689 esse
1458 663 1582 690 custodes
1592 669 1835 695 monumentorum.
1851 670 1878 691 et

1082 704 1175 734 putare
1191 708 1284 726 omnes
1302 699 1386 726 bonos
1404 700 1505 726 alienae
1522 700 1621 736 gloriae
1639 700 1820 728 defensionem
1843 701 1876 728 ad

1081 736 1199 763 osticium
1214 745 1294 763 suum
1311 738 1451 771 pertinere.
1486 739 1527 763 83.
1543 738 1675 773 Equidem
1689 739 1783 764 ceteris
1798 739 1877 765 istius

1082 773 1161 800 l'urtis
1175 779 1253 809 utque
1268 773 1374 810 flagitiis
1388 775 1423 800 ita
1437 783 1557 805 moveor.
1574 780 1604 801 ut
1616 784 1645 801 ea
1660 775 1876 810 reprehendenda

1083 815 1184 837 tantum
1200 816 1305 846 putem:
1323 812 1365 838 hic
1380 820 1442 838 vero
1457 816 1528 838 tanto
1540 812 1629 838 dolore
1643 812 1752 844 allicior.
1769 817 1798 839 ut
1809 813 1875 839 nihil

1082 848 1148 875 milii
1174 849 1326 883 indignum.
1360 848 1426 875 nihil
1460 850 1551 876 minus
1577 849 1716 876 serendum
1743 849 1875 876 videatur.

1058 901 1059 904 =
1082 886 1174 912 Verres
1191 885 1310 913 Africani
1333 887 1512 913 monumentis
1536 886 1645 913 domum
1669 896 1746 913 suam
1769 886 1875 922 plenam

1081 923 1180 958 stupri.
1207 922 1313 957 plenam
1336 922 1442 959 flagitii,
1467 923 1572 958 plenam
1596 924 1733 950 dedecoris
1755 923 1877 951 ornabit?

1083 961 1175 987 Verres
1186 960 1422 995 temperantissimi
1431 961 1648 996 sanctissimique
1656 962 1704 988 viri
1715 970 1876 988 monumen-

1081 1002 1147 1028 tum,
1164 998 1260 1024 Dianae
1275 997 1448 1024 simulacrum
1464 998 1589 1033 virginis.
1613 999 1639 1025 in
1658 1007 1688 1025 ea
1701 998 1780 1025 domo
1794 998 1876 1025 collo-

1081 1035 1161 1065 cabit.
1177 1036 1204 1061 in
1218 1043 1271 1097 qua
1285 1043 1392 1070 semper
1405 1036 1574 1062 meretricum
1586 1035 1767 1070 lenonumque
1778 1034 1875 1072 flagitia

1082 1076 1221 1098 versantur

1135 1109 1264 1136 XXXIX.
1279 1110 1321 1136 at.
1336 1109 1370 1136 At
1382 1109 1432 1137 hoe
1445 1109 1532 1137 solum
1543 1109 1660 1137 Africani
1671 1114 1875 1137 monumentum

1082 1145 1206 1173 violasti?
1231 1146 1320 1179 Quid?
1342 1156 1356 1173 a
1371 1147 1557 1183 Tyndaritanis
1571 1156 1623 1174 non
1636 1147 1757 1174 eiusdem
1772 1147 1877 1182 Scipio-

1081 1184 1123 1211 nis
1141 1183 1270 1211 beneficio
1288 1185 1405 1219 positum
1424 1184 1598 1212 simulacrum
1613 1185 1735 1211 Mercurii
1750 1184 1876 1220 pulcher-

1081 1222 1148 1248 rime
1166 1221 1265 1248 tactum
1283 1221 1437 1248 sustulisti?
1461 1222 1495 1249 At
1511 1221 1752 1257 quemadmodum,
1773 1221 1810 1248 dii
1825 1222 1876 1248 im-

1081 1258 1218 1286 mortales!
1245 1267 1326 1294 quam
1346 1259 1483 1286 audacterl
1509 1268 1591 1294 quam
1611 1259 1766 1286 libidinose!
1793 1267 1875 1294 quam

1081 1296 1264 1331 impudenter!
1292 1296 1414 1323 Audistis
1433 1305 1518 1331 nuper
1531 1296 1618 1323 dicere
1634 1296 1732 1332 legatos
1746 1295 1877 1332 Tyndari-

1082 1339 1168 1365 tanos,
1189 1333 1311 1360 homines
1329 1333 1532 1360 honestissimos
1549 1342 1579 1360 ac
1597 1334 1731 1368 principes
1749 1333 1872 1360 civitatis.

1081 1371 1252 1402 Mercurium,
1268 1371 1315 1406 qui
1330 1371 1412 1397 sacris
1424 1371 1612 1398 anniversariis
1622 1371 1693 1406 apud
1705 1379 1750 1397 eos
1760 1379 1790 1397 ac
1799 1379 1876 1397 sum—

1081 1417 1123 1435 ma
1137 1408 1265 1444 religione
1277 1407 1421 1439 coleretur,
1441 1417 1522 1443 quem
1536 1408 1565 1434 P.
1579 1407 1721 1435 Africanus
1735 1407 1876 1443 Karthagi-

1081 1455 1113 1472 ne
1126 1451 1201 1481 capta
1217 1445 1403 1481 Tyndaritanis
1417 1454 1468 1473 non
1482 1445 1571 1472 solum
1584 1453 1648 1472 suae
1667 1445 1805 1476 victoriae,
1827 1443 1875 1472 sed

1080 1484 1159 1510 etiam
1174 1482 1281 1510 illorum
1297 1482 1357 1509 fidei
1371 1483 1559 1518 societatisque
1573 1487 1777 1510 monumentum
1795 1487 1875 1518 atque

1080 1520 1210 1547 indicium
1224 1520 1355 1551 dedisset.
1372 1520 1454 1547 huius
1468 1521 1508 1552 vi,
1524 1520 1624 1547 scelere
1637 1520 1803 1555 imperioque
1816 1527 1876 1546 esse

1079 1557 1231 1584 sublatum:
1255 1558 1317 1592 qui,
1340 1561 1369 1584 ut
1386 1558 1505 1592 primum
1523 1558 1551 1584 in
1565 1557 1634 1584 illud
1647 1557 1776 1592 oppidum
1791 1557 1873 1586 venit.

1079 1595 1183 1626 statim.
1205 1599 1339 1630 tamquam
1358 1595 1393 1622 ita
1411 1594 1468 1621 fieri
1486 1603 1539 1621 non
1556 1594 1644 1622 solum
1663 1598 1807 1629 oporteret.
1827 1593 1875 1620 sed

1079 1633 1159 1659 etiam
1178 1640 1286 1658 necesse
1304 1636 1387 1664 esset,
1410 1636 1546 1667 tamquam
1564 1631 1614 1659 hoc
1627 1636 1736 1658 senatus
1750 1630 1876 1658 mandas-

1079 1674 1132 1700 set.
1148 1669 1320 1704 populusque
1334 1669 1469 1696 Romanus
1483 1669 1618 1700 iussisset.
1634 1669 1669 1695 ita
1683 1669 1822 1699 continuo.
1837 1669 1876 1695 si·

1079 1715 1163 1743 gnum
1177 1711 1208 1733 ut
1219 1706 1412 1733 demolirentur
1424 1711 1450 1733 et
1463 1707 1612 1733 Messanam
1626 1705 1807 1741 deportarent.
1823 1706 1876 1732 im-

1080 1744 1191 1779 peravit.
1231 1745 1273 1770 85.
1295 1743 1372 1776 Quod
1389 1752 1475 1779 quum
1494 1743 1562 1774 illis.
1587 1744 1635 1779 qui
1658 1743 1780 1775 aderant,
1804 1742 1876 1770 indi·
1895 1757 1898 1762 ·

1079 1790 1177 1817 gnum:
1197 1781 1245 1816 qui
1259 1780 1412 1812 audiebant.
1427 1780 1584 1807 incredibile
1598 1780 1746 1807 videretur:
1769 1788 1821 1807 non
1835 1784 1876 1807 est
1912 1795 1917 1819 Δ»

1079 1819 1112 1845 ab
1130 1819 1194 1849 isto,
1214 1819 1301 1853 primo
1318 1818 1364 1845 illo
1383 1818 1514 1850 adventu,
1535 1822 1745 1853 perseveratum.
1783 1817 1876 1844 Disce-

1079 1856 1146 1882 dens
1160 1855 1267 1882 mandat
1280 1864 1409 1891 proagoro
1423 1855 1547 1890 Sopatro,
1562 1856 1641 1882 cuius
1655 1854 1735 1881 verba
1749 1854 1872 1886 audistis.

1079 1898 1109 1920 ut
1122 1893 1290 1920 demoliatur.
1330 1892 1419 1925 Quum
1439 1897 1584 1924 recusaret.
1604 1892 1776 1919 vehementer
1788 1892 1876 1918 mina-
1905 1908 1908 1910 -

1080 1936 1131 1957 tur.
1173 1931 1205 1957 Et
1218 1931 1307 1956 statim
1321 1938 1355 1957 ex
1368 1930 1415 1957 illo
1428 1929 1527 1965 oppido
1541 1929 1728 1964 proficiscitur.
1760 1929 1875 1965 Proago-
1905 1938 1912 1965 ζ

1080 1977 1125 1994 rus
1139 1967 1218 1994 refert
1232 1976 1287 1994 rem
1301 1967 1335 1994 ad
1348 1972 1486 1994 senatum:
1510 1968 1681 1994 vehementer
1699 1965 1819 2002 undique
1832 1973 1875 1993 rt.h
1908 1982 1913 1998 ,ι

1078 2005 1217 2032 clamatur.
1258 2005 1296 2031 Ne
1314 2004 1412 2031 multa:
1436 2005 1534 2031 iterum
1552 2005 1603 2031 iste
1619 2004 1755 2039 aliquanto
1769 2008 1829 2038 post
1841 2002 1874 2030 ad
1900 2012 1913 2038 ρ

1079 2042 1139 2069 illos
1154 2043 1240 2075 venit;
1260 2042 1364 2077 quaerit
1377 2042 1504 2068 continuo
1516 2041 1549 2068 de
1561 2042 1649 2078 signo.
1688 2040 1875 2076 Respondetur

1079 2080 1112 2111 ei.
1128 2084 1250 2106 senatum
1265 2088 1317 2106 non
1330 2079 1495 2114 permittere:
1511 2087 1623 2114 poenam
1636 2078 1731 2113 capitis
1744 2078 1875 2105 constitu-

1078 2122 1146 2148 tam,
1166 2117 1189 2143 si
1207 2117 1314 2144 iniussu
1333 2121 1442 2143 senatus
1460 2117 1606 2151 quisquam
1619 2116 1764 2151 attigisset:
1791 2113 1873 2142 simul
1907 2127 1914 2151 '.

1078 2154 1172 2190 religio
1185 2158 1417 2181 commemoratur.
1457 2154 1526 2180 Tum
1543 2154 1607 2180 iste:
1631 2152 1717 2185 Quam
1731 2151 1797 2179 mihi
1811 2151 1875 2178 reli-

1077 2192 1185 2228 gionem
1199 2191 1307 2218 narras?
1329 2199 1411 2226 quam
1425 2189 1557 2226 poenam?
1578 2198 1659 2226 quem
1673 2188 1814 2216 senatum?
1832 2189 1875 2216 vi-

1078 2238 1143 2256 vum
1158 2233 1183 2256 te
1197 2237 1249 2255 non
1264 2228 1428 2264 relinquam:
1453 2228 1566 2255 moriere
1579 2227 1676 2263 virgis,
1697 2227 1749 2253 nisi
1763 2227 1873 2262 signum
1903 2255 1905 2257 ¹

1078 2266 1199 2293 traditur.
1240 2265 1351 2300 Sopater
1373 2266 1471 2292 iterum
1493 2264 1559 2292 flens
1581 2264 1615 2291 ad
1631 2268 1754 2290 senatum
1772 2263 1871 2295 desert;
1896 2263 1898 2266 '

1076 2304 1156 2330 istius
1177 2303 1353 2338 cupiditatem
1379 2303 1520 2337 minasque
1545 2301 1719 2328 demonstrat.
1759 2300 1873 2328 Senatus
1894 2311 1895 2317 ¹

1077 2340 1188 2375 Sopatro
1206 2348 1367 2375 responsum
1384 2339 1491 2366 nullum
1509 2339 1567 2370 dat.
1588 2338 1636 2365 sed
1649 2343 1798 2365 commotus
1812 2345 1874 2373 per-
1897 2343 1901 2346 ·

1076 2378 1253 2413 turbatusque
1267 2377 1390 2404 discedit.
1429 2376 1490 2408 Ille.
1505 2377 1633 2411 praetoris
1646 2376 1789 2402 arcessitus
1803 2383 1873 2402 nun-

1077 2415 1125 2447 tio,
1150 2423 1206 2441 rem
1227 2415 1404 2447 demonstran
1428 2418 1507 2449 negat
1527 2412 1584 2440 ullo
1606 2412 1685 2439 modo
1707 2412 1765 2439 fieri
1782 2420 1870 2447 posse.

1075 2452 1133 2479 XL.
1155 2452 1242 2487 Atque
1264 2452 1328 2478 haec
1348 2450 1427 2487 (nihil
1450 2451 1522 2477 enim
1548 2449 1811 2484 praetermittendum
1837 2448 1890 2476 de.

1075 2490 1155 2516 istius
1169 2489 1335 2524 impudentia
1349 2487 1464 2522 videtur)
1475 2487 1623 2523 agebantur
1636 2487 1664 2513 iu
1677 2491 1810 2513 conventu
1823 2494 1872 2521 pa-

1076 2526 1141 2558 lam,
1161 2526 1195 2553 de
1211 2526 1278 2553 sella
1295 2534 1326 2552 ac
1343 2525 1376 2552 de
1390 2524 1446 2551 loco
1459 2525 1604 2559 superiore.
1645 2526 1686 2550 86.
1707 2523 1769 2550 Erat
1783 2523 1869 2549 hiems

1075 2572 1194 2595 summa;
1215 2567 1370 2597 tempestas.
1386 2566 1416 2588 ut
1430 2563 1520 2596 ipsum
1534 2561 1676 2596 Sopatrum
1690 2559 1778 2587 dicere
1791 2559 1869 2587 audi-

1074 2602 1133 2632 stis,
1149 2599 1307 2636 persrigida;
1326 2599 1413 2626 imber
1427 2601 1574 2625 maximus:
1594 2606 1680 2633 quum
1693 2598 1744 2624 iste
1756 2597 1869 2632 imperat

1075 2637 1222 2668 lictoribus,
1239 2642 1268 2664 ut
1280 2637 1421 2672 Sopatrum
1435 2635 1468 2662 de
1481 2636 1597 2670 porticu,
1614 2635 1641 2661 in
1653 2643 1707 2669 qua
1721 2635 1779 2669 ipse
1791 2633 1869 2660 sede-

1075 2675 1134 2706 bat,
1153 2674 1325 2710 praecipitem
1343 2674 1370 2700 in
1389 2672 1476 2700 sorum
1495 2672 1620 2699 deiiciant
1633 2671 1792 2707 nudumque
1805 2678 1867 2698 cen-
