1941 3052
229 119 290 144 118ss
785 115 840 140 ¹28.
876 113 911 139 M.
944 113 975 139 T.

413 187 608 220 (lh-sidrmmur
617 187 726 217 qulinm·
736 185 821 216 clune.)

280 224 340 251 XX.
363 225 403 250 353.
428 226 436 234 ⁹
452 225 459 234 ‘
476 225 484 233 ⁶
503 222 578 247 sut-ile
596 223 620 247 iu
638 222 773 247 civitatem
791 225 913 255 rect-ptus
932 225 1014 251 canen

224 267 330 297 propter
343 261 533 286 humanitati-iu
546 264 625 293 utque
636 258 926 291 ‹tortrimunAen-megi
939 257 1018 283 sarni·
1038 290 1039 295 1

225 295 810 330 burm-³1saviu-usqut·«·0,1u‹·‹›nsiti0rmn
821 296 944 321 oninium
957 303 1018 328 pnr-
1038 310 1039 321 t

224 337 306 370 tim-ps
327 341 351 360 vt
372 335 460 359 iun-ius
482 342 563 367 'int-ue
585 333 659 367 regui
681 337 827 366 putaretur.
868 332 930 358 Erat
945 332 971 359 ὐι
987 341 1018 357 eo
1038 363 1039 367 Ἰ

224 379 355 407 pruvini-m
379 379 484 396 summa
505 375 629 399 comitas.
652 378 757 395 suuima
780 378 806 396 in
827 378 920 395 omnes
943 378 1016 394 cives

222 411 290 444 opisv
304 408 408 437 auxilii,
421 407 600 436 desi-usionis.
619 406 748 441 largiendi
760 407 840 433 etium
853 407 1014 441 benignitas.

223 448 323 480 ltaque,
333 450 436 471 mortuo
444 445 548 474 Marcio,
557 444 761 478 cunctispopuli
773 444 909 479 suffragiis
921 452 966 469 rex
977 448 1017 469 vat

222 483 361 509 cri-atusl..
370 482 546 516 'l'iirqiiiiiiiis:
564 482 602 507 sic
613 482 685 507 enim
697 490 776 507 suum
786 490 881 507 noiueu
893 482 1017 507 exGrae-

221 530 251 545 co
263 520 369 546 nomine
383 518 532 547 iullexerat.
552 523 579 544 ut
592 519 617 544 in
629 519 702 544 omui
713 528 811 553 genere
827 519 908 544 buius
923 518 1015 552 populi

221 556 443 583 cousuetudinem
461 556 596 582 videretur
611 556 740 582 imitatus.

223 595 334 629 imperio
348 594 432 626 legem
446 593 514 622 tuln.
529 594 662 627 principio
672 593 823 627 duplicavit
835 593 910 619 illum
925 594 1017 627 pristi-

221 641 285 658 num
303 636 406 665 patrum
425 639 580 661 nunierum3
599 635 624 656 et
637 632 761 665 antiquos
781 636 868 665 patres
885 631 1015 656 iuniorum

220 669 341 704 gentium
354 668 512 702 appellavit.
527 676 595 702 quos
607 669 708 702 priores
719 669 878 694 sententiam
891 668 1012 699 rogabat,

220 715 234 732 a
246 715 274 732 se
286 707 382 731 ascitos
394 706 539 731 minorum.
574 707 614 731 36.
629 705 727 731 Deinde
739 705 887 740 equitatum
900 695 932 730 ad
945 704 1016 730 buuc

222 752 321 769 morem
333 743 484 773 constituit,
501 743 550 777 qui
566 751 653 777 usque
665 742 753 768 adbuc
763 747 804 768 est
815 747 946 769 retentus:
968 750 1016 768 nec

220 781 306 815 potuit
316 781 476 807 Titiensium
488 785 514 806 et
525 780 737 806 Rhamnensium
749 785 774 806 et
786 780 917 806 Lucerum
930 784 1016 805 niuta-

220 826 248 844 re
258 827 344 852 quum
355 823 464 852 cuperet
475 818 597 848 nomina,
615 817 687 852 quod
702 823 793 844 auctor
807 818 832 843 ei
848 825 952 843 summa
968 825 1017 842 au-

220 865 272 892 gur
287 855 371 889 gloria
383 856 470 881 Attius
482 855 584 880 Navius
600 863 651 880 non
668 859 733 880 erat.
772 855 860 889 Atque
874 855 954 880 etiam
966 855 1017 879 Co-

221 893 335 919 riutliios
351 892 429 918 video
445 891 563 926 publicis
578 893 656 926 equis
672 892 843 927 assignandis
858 897 884 918 et
901 891 1014 921 alendis,

220 930 346 957 orborum
363 935 389 956 et
404 929 547 955 viduarum
565 930 686 959 tributis,
705 929 789 955 fuisse
805 929 942 964 quondam
953 928 1017 954 dili-

220 972 323 1003 geutcS.
364 967 415 992 Sed
431 971 531 997 tamen,
557 966 692 1001 prioribus
703 967 825 1001 equitum
839 966 960 1001 partibus
975 974 1018 991 se-

220 1004 318 1031 cundis
333 1003 446 1034 additis.
466 1011 496 1029 α)
519 1012 548 1029 ac
561 1012 592 1029 rc
605 1003 666 1030 fecit
677 1005 794 1038 equites;
819 1011 1017 1037 numerumque

221 1041 384 1076 duplicavit,
406 1046 548 1076 postquam
569 1041 640 1067 bello
657 1042 766 1076 subegit
783 1042 936 1075 Aequorum
962 1049 1018 1066 ma-
1038 1043 1047 1060 ³¹

220 1087 301 1115 gnam
317 1083 423 1114 gentem
440 1083 464 1105 et
481 1078 594 1105 ferocem
606 1083 631 1104 et
643 1078 723 1104 rebus
738 1078 830 1113 populi
845 1079 953 1104 Romani
967 1079 1018 1103 im·
1038 1093 1040 1099 ι

222 1117 378 1143 minentem.
420 1115 546 1150 Idemque
557 1116 680 1145 Sabinos,
696 1124 780 1150 quum
792 1124 805 1141 a
818 1116 961 1141 moenibus
973 1124 1018 1141 ur-

221 1153 265 1180 bis
277 1153 428 1188 repulisset,
442 1154 562 1187 equitatu
575 1153 643 1179 l'udit
656 1153 779 1187 belloque
791 1153 900 1179 devicit.
930 1153 1017 1187 Atque

221 1190 347 1217 eumdem
365 1191 481 1224 primum
501 1190 576 1215 ludos
593 1191 738 1219 maximos,
760 1191 808 1224 qui
825 1190 936 1216 Romani
952 1189 1017 1215 dicti

221 1232 298 1258 suut,
316 1227 411 1253 secisse
426 1227 594 1261 accepimus:
612 1227 759 1262 aedemque
776 1228 801 1253 in
817 1227 948 1261 Capitolio
962 1227 1017 1253 lovi

221 1266 322 1299 optimo
343 1265 461 1290 maximo
482 1264 552 1290 bello
567 1264 666 1291 Sabino
683 1265 709 1290 in
726 1265 783 1299 ipsa
798 1273 889 1300 pugna
911 1264 1018 1290 vovisse

223 1301 386 1332 faciendam,
410 1306 600 1336 mortuumque
615 1310 687 1333 esse,
710 1310 795 1337 quum
811 1301 1019 1337 duodequadra-

221 1341 295 1375 ginta
308 1340 472 1374 regnavisset
483 1347 577 1365 annos.

278 1376 352 1402 XXI.
375 1377 416 1402 37.
438 1377 506 1402 Tum
526 1376 648 1403 Laelius:
671 1377 749 1402 Nunc
772 1375 800 1402 sit
820 1375 888 1402 illud
911 1376 1018 1403 Catonis

221 1415 334 1444 certiuS,
351 1422 400 1440 nec
415 1414 542 1448 temporis
559 1414 640 1440 unius
657 1422 705 1440 nec
720 1413 837 1440 hominis
849 1421 908 1439 esse
918 1414 1019 1439 consti-

222 1452 351 1478 tutionem
365 1451 401 1477 rei
417 1451 554 1485 publicae:
570 1452 745 1486 perspicuum
761 1456 801 1477 est
815 1451 902 1481 enim,
919 1455 1018 1485 quanta

221 1526 272 1551 sio.
307 1525 359 1551 Sed
371 1526 494 1560 sequitur
506 1526 537 1556 is,
551 1526 598 1560 qui
610 1525 678 1552 mihi
690 1525 797 1552 videtur
807 1534 841 1552 ex
851 1525 979 1551 omnibus
991 1526 1017 1551 in

223 1572 250 1589 re
262 1562 370 1597 publica
383 1563 484 1588 vidisse
496 1562 655 1597 plurimum.

222 1601 288 1626 Nam
302 1605 361 1634 post
371 1608 432 1626 eum
445 1600 556 1626 Servius
566 1600 684 1626 Tullius·
697 1601 800 1635 primus
812 1601 919 1626 iniussu
931 1608 1019 1635 popu-

223 1636 241 1663 li
259 1638 414 1672 regnavisse
430 1637 556 1663 traditur:
573 1646 655 1672 quem
672 1637 760 1664 serunt
771 1646 805 1663 ex
815 1645 891 1663 serva
903 1638 1019 1672 Tarqui-

223 1675 327 1700 niensi*
340 1679 445 1705 natum,
467 1683 552 1709 quum
568 1679 639 1701 esset
653 1683 687 1701 ex
702 1675 819 1710 quodam
835 1675 907 1710 regis
921 1674 1018 1701 cliente

223 1716 378 1746 conceptus.
418 1711 470 1744 Qui
486 1720 570 1746 quum
587 1712 749 1738 famulorum
766 1720 878 1738 numero
889 1712 1018 1738 educatus

223 1748 256 1775 ad
268 1748 362 1783 epulas
373 1750 444 1785 regis
455 1750 604 1780 assisteret,
620 1758 673 1776 non
689 1749 765 1776 latuit
775 1749 892 1776 scintilla
905 1749 1016 1785 ingenii,

223 1794 292 1820 quae
304 1786 356 1812 iam
368 1791 424 1812 tum
438 1786 560 1813 elucebat
571 1787 598 1813 in
611 1795 707 1821 puero:
729 1787 768 1813 sic
783 1791 838 1813 erat
852 1787 879 1812 in
891 1787 965 1813 omni
976 1786 1017 1812 vel

223 1822 311 1849 officio
327 1823 367 1849 vel
383 1832 504 1850 sermone
519 1823 623 1850 sollers.
664 1825 754 1858 Itaque
770 1824 948 1858 Tarquinius,
970 1824 1018 1858 qui

223 1860 368 1886 admodum
385 1869 481 1895 parvos
497 1866 553 1887 tum
570 1861 679 1887 liaberet
699 1861 811 1891 liberos,
832 1861 872 1887 sic
892 1861 1018 1887 Servium

224 1897 362 1932 diligebat,
377 1903 404 1924 ut
416 1899 438 1923 is
449 1898 508 1923 eius
520 1897 602 1934 vulgo
613 1898 756 1924 haberetur
767 1898 852 1924 lilius:
865 1902 945 1933 atque
955 1906 1017 1924 eum

223 1943 330 1960 summo
341 1935 430 1961 studio
439 1935 566 1960 omuibus
578 1936 612 1961 iis
623 1935 739 1966 artibus,
762 1943 830 1970 quas
846 1936 903 1969 ipse
914 1935 1019 1961 didice-

224 1977 276 2001 rat,
298 1971 330 1998 ad
349 1972 591 2006 exquisitissimam
612 1972 835 1998 consuetudinem
856 1973 1018 1999 Graecorum

223 2008 333 2035 erudiit.
373 2010 415 2034 38.
436 2008 488 2034 Sed
505 2017 589 2043 quum
602 2010 764 2044 Tarquinius
781 2009 889 2036 insidiis
904 2010 971 2036 Anci
988 2010 1019 2036 fi-

225 2045 321 2072 liorum
338 2046 485 2075 interisset,
502 2046 681 2081 Serviusque,
699 2053 728 2073 ut
743 2052 802 2073 ante
818 2047 890 2078 dixi.
909 2056 1019 2083 regnare

223 2083 364 2117 coepisset,
379 2091 429 2109 non
442 2084 528 2112 iussu.
544 2083 591 2109 sed
603 2084 738 2110 voluntate
749 2089 829 2118 atque
839 2093 969 2111 concessu
980 2085 1020 2110 ci-
1048 2091 1049 2102 ³

223 2121 314 2153 vium3
328 2120 409 2155 quod,
421 2129 506 2155 quum
519 2121 682 2155 Tarquinius
693 2130 727 2148 ex
738 2121 849 2148 vulnere
860 2130 940 2157 aeger
951 2121 1020 2148 fuis-

224 2166 252 2183 se
264 2162 289 2184 et
300 2158 391 2183 vivere
404 2157 469 2183 salso
480 2157 622 2189 diceretur,
632 2158 676 2184 ille
688 2159 761 2194 regio
772 2163 864 2185 ornatu
878 2160 920 2185 ius
932 2158 1020 2186 dixis-

224 2199 264 2221 set
278 2194 469 2229 obaeratosque
485 2196 597 2229 pecunia
613 2204 661 2221 sua
678 2195 859 2228 liberavisset3
881 2196 1018 2231 multaque

224 2233 348 2258 comitate
359 2241 434 2262 usuS.
452 2233 528 2258 iussu
535 2233 674 2267 Tarquinii
684 2242 712 2259 se
723 2234 766 2260 ius
777 2233 866 2259 dicere
878 2234 1020 2268 probavis-

782 557 859 590 laque
875 561 905 582 ut
919 555 952 581 dc
967 564 1016 581 suo
1037 571 1046 587 ⁴*

697 1564 731 1589 Ita
744 1568 796 1593 est,
815 1563 904 1598 inquit
915 1562 1016 1597 Scipio.
1046 1562 1047 1579 ³

225 2274 276 2301 set3
295 2278 346 2296 non
357 2270 492 2296 commisit
502 2278 530 2296 se
543 2270 677 2304 patribus:
695 2270 757 2302 sed,
771 2271 917 2305 Tarquinio
927 2271 1020 2306 sepul-

226 2311 259 2337 to,
273 2306 402 2342 populum
414 2307 447 2333 de
459 2316 487 2333 se
500 2308 557 2342 ipse
568 2307 716 2340 consuluit3
739 2309 885 2342 iussusque
897 2317 1017 2344 regnare=

227 2343 312 2379 legem
329 2344 361 2370 de
381 2345 495 2379 imperio
515 2353 564 2371 suo
583 2346 713 2371 curiatam
733 2345 803 2372 tulit.
848 2345 881 2372 Et
901 2347 1019 2380 primum

225 2381 397 2431 Etriiscqrum
420 2382 532 2408 iniurias
553 2381 624 2409 bello
645 2387 684 2409 est
703 2382 789 2409 ultus:
811 2391 846 2410 ex
864 2391 919 2418 quo
933 2391 1020 2418 quum

227 2426 269 2444 nia
305 2419 316 2431 ’⁶

413 2456 610 2489 (Desideratum
621 2459 732 2489 paqinae
744 2457 832 2489 dume.)

283 2491 366 2518 XXII.
388 2494 429 2519 39.
452 2493 462 2505 *
474 2493 486 2505 *
498 2493 510 2506 *
522 2496 625 2526 scripsit
637 2496 766 2520 renim-ias
775 2494 905 2527 equitum'
917 2494 1021 2521 duode-

230 2528 326 2562 viginti
342 2537 423 2555 censu
439 2531 566 2556 maximo.
606 2530 707 2556 Deinde
723 2532 845 2565 equitum
861 2540 957 2568 magno
969 2541 1021 2558 nu-

230 2572 302 2590 mero
313 2573 346 2590 ex
357 2567 429 2592 omni
441 2567 534 2602 populi
549 2576 655 2594 summa
670 2573 804 2602 separato,
821 2568 957 2604 reliquum
972 2577 1021 2604 po-

230 2600 324 2635 pulum
336 2601 474 2630 distribuit
485 2605 511 2630 iu
523 2604 940 2641 quinqueclasses‚senioresque
952 2615 966 2632 a
978 2607 1021 2632 iu—

231 2638 352 2664 nioribus
370 2639 475 2667 divisit:
498 2643 648 2677 eosque'ita
666 2642 828 2677 disparavit,
850 2648 879 2670 ut
894 2643 1020 2680 suffragia

1009 112 1285 139 CICERONIS

1070 192 1120 209 non
1134 184 1160 209 in
1178 182 1373 211 multitudinis.
1391 182 1438 209 sod
1455 183 1480 209 in
1497 182 1669 218 locupletium
1682 188 1808 218 potestate
1819 192 1862 211 es-

1069 225 1140 246 sent:
1158 221 1330 254 curavitque.
1352 220 1424 254 quod
1439 229 1545 255 seuiper
1562 222 1587 247 in
1604 230 1630 247 re
1647 221 1754 256 publica
1769 226 1862 248 tenen·

1069 258 1134 283 dum
1146 262 1194 287 eat,
1209 266 1241 283 ne
1253 257 1400 292 plurimum
1414 257 1517 283 valeant
1529 258 1648 292 plurimi.
1675 258 1748 290 Quae
1759 258 1862 285 descri-

1070 296 1124 329 ptio
1135 295 1158 320 si
1174 300 1244 320 esset
1261 296 1363 328 ignota.
1382 295 1458 320 vobis
1473 294 1652 329 explicaretur
1667 304 1680 321 a
1693 305 1744 322 me.
1786 297 1862 323 Nunc

1070 334 1197 358 rationem
1211 331 1308 357 videtis
1319 340 1378 357 esse
1389 331 1478 361 talem.
1487 333 1642 366 utequiturn
1653 333 1789 359 centuriae
1799 341 1861 359 cum

1069 378 1115 395 sex
1128 369 1277 404 suffragiis.
1290 374 1316 395 et
1327 370 1413 403 prima
1424 369 1518 394 classis
1527 389 1532 398 .
1546 369 1634 395 addita
1646 371 1764 396 centuria
1774 392 1779 397 .
1793 379 1862 405 quae

1069 406 1100 432 ad
1122 415 1259 432 summum
1282 415 1360 432 usum
1383 406 1462 432 Urbis
1483 406 1566 432 fabris
1587 408 1709 438 tignariis
1728 413 1768 434 est
1790 408 1860 437 dau.

1068 452 1171 469 mxxu
1193 444 1326 469 centurias
1348 443 1456 469 babeat:
1479 443 1581 478 quibus
1596 452 1630 470 ex
1647 449 1716 470 cent.
1737 450 1863 480 quattuor

1044 500 1046 505 .
1067 481 1197 507 centuriis
1209 482 1255 513 (tot
1265 481 1337 507 enim
1350 480 1468 515 reliquae
1480 482 1564 514 sunt.)
1578 486 1636 507 octo
1651 481 1722 508 solae
1738 483 1760 508 si
1772 491 1862 508 acces-

1044 527 1046 557 J
1068 523 1173 548 serunt,
1195 517 1313 544 conlecta
1329 523 1370 544 est
1385 518 1426 544 vis
1441 518 1534 553 populi
1547 519 1687 545 universa:
1705 519 1863 554 reliquaque

1069 555 1152 582 multo
1169 556 1252 582 maior
1267 554 1411 582 multitudo
1426 564 1474 581 sex
1487 560 1513 581 et
1527 556 1669 591 nonaginta
1681 557 1862 583 centuriarum

1069 601 1155 627 neque
1176 593 1364 619 excluderetur
1384 592 1533 628 suffragiis,
1556 601 1589 619 ne
1609 593 1757 628 superbum
1776 599 1860 626 esset,

1068 640 1116 656 nec
1129 630 1227 656 valeret
1239 631 1329 659 nimis.
1348 638 1380 656 ne
1393 635 1464 656 esset
1476 630 1666 664 periculosum.
1707 632 1747 657 to,
1770 631 1797 657 ln
1809 639 1863 666 quo

1068 669 1147 694 etiam
1169 668 1259 694 verbis
1280 676 1310 693 ac
1331 667 1487 694 nominibus
1510 668 1576 702 ipsis
1598 667 1649 694 fuit
1670 667 1862 704 diligenszqui

1067 714 1152 740 quum
1169 704 1314 740 locupletes
1330 704 1453 731 assiduos
1469 704 1630 739 appellasset
1645 705 1679 731 ab
1693 714 1752 732 aere
1763 705 1861 735 dando.

1068 751 1126 772 cosi.
1150 743 1198 777 qui
1219 747 1264 769 aut
1284 751 1335 768 non
1353 742 1413 777 plus
1435 742 1508 768 mille
1527 742 1706 778 quingentum
1730 743 1799 769 aeris
1818 747 1864 769 aut

1067 780 1176 806 omniuo
1193 780 1260 806 nibil
1279 781 1304 806 in
1320 788 1400 805 suum
1416 788 1527 806 censum
1544 785 1647 814 praeter
1661 785 1742 815 caput
1757 779 1864 806 attulis-

1068 822 1136 846 sent,
1151 817 1306 852 proletarios
1317 817 1478 849 nominavit,
1497 822 1526 843 ut
1536 825 1570 843 ex
1581 817 1615 843 iis
1625 818 1704 852 quasi
1716 816 1818 852 proles.
1836 816 1863 842 id

1068 859 1108 881 est
1118 855 1195 889 quasi
1208 855 1350 889 progenies
1360 855 1486 882 civitatis,
1500 855 1648 888 exspectari
1662 854 1808 880 videretur.
1829 853 1865 880 ll-

1045 919 1047 922 ,
1070 891 1154 918 larum
1166 897 1254 918 autern
1266 900 1314 918 sex
1324 897 1350 917 et
1362 892 1504 927 nonaginta
1515 893 1696 918 centuriarum
1708 893 1734 918 in
1743 899 1865 918 unacen-

1045 927 1047 959 ’ζ
1069 930 1136 955 turia
1150 934 1205 955 turn
1217 929 1328 964 quidem
1341 928 1431 963 plures
1441 929 1634 959 censebantur,
1647 938 1728 964 quam
1741 937 1825 964 paene
1836 928 1864 955 in

1045 974 1047 1001 3
1069 967 1154 1001 prima
1175 967 1259 992 classe
1279 971 1340 992 tota.

1381 967 1416 992 lta
1438 975 1486 992 nec
1507 966 1701 1001 prohibebatur
1717 967 1863 1001 quisquam

1046 1007 1047 1019 ³
1069 1005 1126 1030 iure
1138 1004 1273 1039 suffragii:
1286 1009 1312 1030 et
1322 1005 1345 1029 is
1356 1003 1462 1030 valebat
1473 1004 1499 1030 in
1511 1003 1639 1039 suffragio
1650 1003 1863 1038 plurimum.cu-

222 1489 249 1515 in
262 1488 384 1523 singulos
396 1497 471 1523 reges
484 1497 572 1514 rerum
584 1488 861 1515 bonarumetutilium
874 1488 918 1514 fiat
928 1496 1019 1514 acces·
1039 1481 1047 1502 Ὗ
1069 1468 1278 1498 anuqmssmms
1293 1462 1339 1489 lue
1355 1463 1387 1499 L*
1395 1471 1495 1499 θυι-ἕης
1510 1463 1603 1489 eadem
1620 1462 1693 1490 ”det
1710 1462 1774 1489 [ρκ’

1070 1041 1112 1067 ius
1124 1041 1271 1076 plurimum
1285 1041 1408 1067 intererat
1419 1049 1478 1067 esse
1490 1042 1516 1067 in
1527 1042 1629 1076 optimo
1640 1042 1863 1067 statucivitatem.

1068 1079 1139 1110 Quin
1151 1079 1231 1104 etiam
1243 1079 1373 1109 accensis,
1387 1078 1491 1109 velatis,
1501 1078 1863 1109 liticinibus,cornicinihus.

1068 1115 1220 1150 proletariis
1236 1116 1245 1127 ⁸
1259 1116 1268 1126 “
1282 1116 1293 1128 ‘

1230 1161 1428 1195 (Desiderantur
1437 1164 1548 1195 paginae
1558 1161 1703 1195 quattuor.)

1124 1206 1222 1233 XXIII.
1245 1208 1286 1234 41,
1307 1207 1326 1240 -I-
1340 1206 1414 1233 Statu
1431 1215 1490 1233 esse
1505 1207 1607 1242 optimo
1622 1206 1794 1233 constitutam
1809 1214 1865 1233 rem

1068 1244 1220 1279 publicam,
1243 1252 1312 1280 quae
1333 1252 1366 1270 ex
1387 1243 1474 1270 tribus
1489 1244 1635 1280 generibus
1651 1243 1719 1274 illis,
1741 1243 1825 1279 regali
1840 1248 1867 1270 et

1068 1283 1190 1316 optimati
1202 1286 1227 1308 et
1238 1281 1490 1316 populari,c0nl'usa
1503 1281 1607 1308 modice
1621 1289 1669 1308 nec
1680 1280 1818 1316 puniendo
1829 1281 1866 1308 ir-

1069 1320 1129 1345 ritet
1140 1319 1260 1345 animum
1273 1319 1419 1345 immanem
1429 1327 1460 1345 ac
1471 1318 1568 1346 ferum.
1580 1325 1668 1348 (Nonius
1677 1330 1695 1343 a.
1705 1324 1865 1349 nnoaieump.

1069 1357 1112 1374 342.
1121 1361 1140 1374 e.
1151 1356 1194 1375 Cic.
1205 1356 1218 1374 I.
1229 1356 1256 1374 u.
1265 1356 1290 1374 de
1300 1355 1361 1380 Περ.)

1125 1389 1166 1415 ⁴2.
1181 1388 1209 1401 ”
1218 1388 1229 1400 ⁸
1240 1391 1352 1422 quinque
1362 1393 1385 1414 e!
1396 1389 1535 1424 sexaginta
1546 1389 1624 1415 annis
1635 1389 1779 1423 antiquior.
1792 1388 1866 1424 quod

1069 1430 1125 1452 erat
1139 1433 1238 1452 xxxix.
1256 1430 1316 1452 ante
1337 1426 1452 1460 primam
1468 1425 1657 1462 Olympiadem
1677 1425 1794 1452 condita.
1814 1425 1866 1489 1Et

1069 1508 1122 1535 que
1134 1501 1184 1526 ista
1194 1499 1373 1535 aequabilitas
1385 1505 1464 1535 atque
1476 1500 1526 1527 boc
1537 1500 1636 1536 triplex
1647 1509 1735 1527 rerum
1743 1468 1867 1535 public}-

1046 1550 1047 1559 ι
1070 1546 1129 1564 rum
1141 1546 1227 1573 genus
1240 1537 1347 1564 videtur
1358 1538 1426 1564 mibi
1440 1546 1583 1564 commune
1595 1538 1673 1564 nobis
1683 1546 1746 1564 cum
1757 1537 1868 1573 illispo-

1070 1574 1143 1609 pulis
1155 1574 1249 1601 fuisse.
1289 1574 1341 1601 Sed
1356 1574 1427 1610 quod
1439 1576 1579 1610 proprium
1590 1576 1626 1601 sit
1637 1577 1663 1602 in
1676 1580 1764 1602 nostra
1777 1583 1804 1601 re
1815 1583 1867 1610 pu-

1070 1612 1149 1642 blica,
1163 1621 1217 1647 quo
1228 1612 1296 1638 nihil
1309 1613 1394 1647 possit
1404 1620 1463 1638 esse
1475 1611 1652 1647 praeclarius,
1670 1612 1697 1639 id
1708 1621 1864 1648 persequar,

1070 1650 1093 1675 si
1105 1654 1208 1684 potero,
1224 1649 1367 1680 subtilius,
1385 1649 1457 1684 quod
1468 1650 1519 1676 erit
1529 1649 1677 1681 eiusmodi,
1695 1649 1764 1676 nihil
1775 1654 1805 1676 ut
1815 1648 1866 1676 tale

1070 1686 1125 1712 ulla
1136 1687 1163 1712 in
1176 1695 1202 1713 re
1214 1686 1323 1721 publica
1335 1687 1492 1721 reperiatur.
1520 1687 1590 1712 Haec
1601 1687 1683 1717 enim,
1696 1695 1765 1721 quae
1777 1686 1867 1713 adbuc

1070 1724 1197 1758 exposui,
1220 1724 1256 1750 ita
1271 1724 1354 1750 mixta
1367 1723 1476 1750 suerunt
1485 1728 1511 1750 et
1522 1724 1549 1750 in
1561 1723 1610 1750 hac
1621 1724 1729 1750 civitate
1740 1724 1804 1750 etin
1816 1724 1867 1750 La-

1070 1761 1303 1787 cedaemoniorum
1313 1761 1376 1787 etin
1388 1760 1667 1796 Karthaginiensium,
1682 1766 1711 1787 ut
1721 1765 1867 1796 temperata

1070 1797 1145 1824 nullo
1160 1797 1260 1824 fuerint
1275 1797 1364 1824 modo.
1404 1799 1445 1824 43.
1470 1798 1537 1824 Nam
1554 1798 1582 1824 in
1595 1807 1649 1833 qua
1665 1806 1692 1824 re
1707 1798 1817 1833 publica
1826 1803 1868 1824 est

1070 1843 1142 1861 unus
1161 1834 1261 1870 aliquis
1281 1840 1408 1870 perpetua
1430 1840 1572 1870 potestate,
1599 1836 1757 1870 praesertim
1781 1836 1864 1871 regia,

1070 1873 1196 1907 quamvis
1209 1873 1236 1898 in
1247 1881 1276 1899 ea
1288 1873 1324 1898 sit
1333 1877 1359 1898 et
1369 1877 1487 1903 senatus,
1496 1877 1525 1898 ut
1536 1877 1593 1898 tum
1605 1872 1768 1903 fuitllomae,
1780 1881 1866 1908 quum

1070 1915 1145 1936 erant
1155 1918 1245 1945 reges;
1265 1914 1293 1936 ut
1304 1909 1413 1944 Spartae
1425 1909 1541 1945 Lycurgi
1553 1909 1674 1946 legibus3
1692 1914 1718 1936 et
1731 1914 1761 1937 ut
1770 1911 1807 1937 sit
1816 1909 1868 1939 ali-‚-

1070 1946 1142 1982 quod
1155 1948 1234 1973 etiam
1247 1947 1340 1981 populi
1352 1948 1404 1977 ius,
1418 1951 1446 1973 ut
1458 1946 1509 1973 Iuit
1519 1947 1592 1982 apud
1604 1952 1707 1974 nostros
1718 1955 1808 1983 reges;
1827 1952 1868 1974 ta-

1071 1993 1132 2011 men
1144 1984 1213 2011 illud
1224 1983 1332 2010 excellit
1344 1984 1449 2020 regium
1461 1992 1571 2017 nomen,
1593 1992 1681 2019 neque
1697 1989 1783 2020 potest
1793 1985 1868 2011 eius-

1071 2021 1143 2049 modi
1160 2030 1201 2048 res
1217 2021 1326 2057 publica
1343 2029 1394 2047 non
1409 2029 1523 2057 regnum
1538 2026 1564 2048 et
1579 2030 1638 2048 esse
1653 2027 1679 2048 et
1690 2022 1789 2049 vocari.
1828 2021 1866 2048 Ea

1071 2065 1159 2086 autem
1177 2059 1260 2086 forma
1275 2059 1394 2085 civitatis
1409 2058 1549 2085 mutabilis
1565 2059 1682 2085 maxime
1697 2064 1738 2086 est
1753 2059 1822 2085 hanc
1831 2058 1866 2086 ob

1070 2105 1202 2127 caussam,
1216 2096 1290 2132 quod
1301 2096 1383 2122 unius
1395 2096 1460 2122 vitio
1470 2096 1642 2131 praecipitata
1654 2097 1681 2122 in
1693 2097 1867 2131 perniciosis-

1070 2136 1166 2161 simam
1183 2139 1284 2169 partem
1301 2132 1429 2159 facillime
1444 2132 1554 2160 decidit.
1594 2133 1661 2159 Nam
1676 2134 1766 2168 ipsum
1777 2133 1867 2169 regale

1069 2181 1157 2208 genus
1176 2172 1294 2197 civitatis
1317 2179 1370 2196 non
1385 2170 1464 2197 modo
1480 2179 1532 2196 non
1547 2175 1587 2197 est
1602 2170 1864 2205 reprehendendum,

1071 2209 1118 2236 sed
1140 2208 1212 2235 haud
1229 2209 1286 2235 scio
1301 2215 1334 2233 an
1350 2207 1463 2242 reliquis
1477 2207 1650 2242 simplicibus
1666 2207 1743 2243 longe
1756 2212 1868 2243 antepo-

1071 2246 1204 2278 nendum3
1218 2246 1250 2280 (si
1263 2245 1349 2271 ullum
1360 2245 1501 2279 probarem
1512 2244 1630 2280 simplex
1640 2244 1809 2280 reipublicae
1817 2253 1867 2280 ge-

1072 2293 1123 2310 nus
1131 2284 1148 2319 z)
1159 2283 1207 2309 sed
1219 2284 1267 2313 ita,
1285 2281 1374 2317 quoad
1385 2287 1483 2308 statum
1495 2290 1576 2308 suum
1587 2282 1692 2308 retinet.
1731 2282 1756 2308 1s
1767 2286 1807 2308 est
1817 2291 1866 2308 au-

1072 2327 1124 2348 tem
1143 2326 1242 2351 status,
1269 2325 1298 2346 ut
1321 2319 1402 2346 unius
1422 2324 1551 2354 perpetua
1571 2323 1699 2354 potestate
1718 2323 1745 2344 et
1763 2319 1865 2346 iustitia

1070 2359 1199 2393 omnique
1219 2357 1350 2392 sapientia
1373 2362 1481 2392 regatur
1500 2356 1574 2382 salus
1594 2361 1619 2382 et
1639 2355 1816 2391 aequabilitas
1839 2361 1866 2384 et

1070 2396 1155 2422 otium
1167 2396 1280 2421 civium.
1314 2394 1415 2420 Desunt
1427 2395 1537 2420 omnino
1548 2394 1573 2419 ei
1588 2392 1688 2428 populo
1703 2392 1801 2424 multa,
1817 2394 1866 2428 qui

1071 2433 1123 2459 sub
1139 2441 1200 2468 rege
1215 2437 1268 2461 est.
1286 2432 1313 2457 in
1328 2431 1479 2466 primisque
1496 2430 1618 2461 libertas,
1639 2438 1709 2464 quae
1724 2438 1776 2456 non
1792 2431 1820 2457 in
1834 2439 1866 2457 eo

1071 2475 1119 2501 est,
1133 2475 1163 2496 ut
1174 2471 1244 2496 iusto
1255 2474 1364 2495 utamur
1374 2467 1492 2498 domino,
1505 2467 1552 2494 sed
1563 2471 1593 2493 ut
1603 2466 1676 2493 nullo
1689 2468 1699 2477 ⁸
1711 2467 1723 2478 ’
1735 2468 1746 2478 ⁸

1259 2507 1456 2539 (Desideratum
1462 2507 1574 2538 paginae
1584 2505 1673 2537 duae.)

1127 2543 1224 2570 XXIV.
1246 2544 1287 2569 44.
1309 2542 1321 2555 *
1337 2542 1350 2555 ⁸
1364 2542 1375 2555 ⁴
1391 2543 1482 2577 Itaque
1500 2541 1545 2567 illa
1560 2540 1695 2575 praeclara
1709 2541 1864 2568 constitutio

1073 2581 1179 2607 Romuli
1199 2589 1285 2616 quum
1299 2579 1430 2606 ducentos
1450 2586 1534 2605 annos
1553 2583 1579 2604 et
1598 2578 1696 2613 viginti
1717 2577 1772 2605 fere
1787 2577 1863 2605 firma

1072 2619 1216 2645 mansisset
1225 2634 1262 2638 —
1281 2623 1370 2646 (Nonius
1380 2628 1426 2647 cap.
1435 2623 1461 2642 de
1470 2623 1526 2642 doct.
1536 2622 1607 2646 indag.
1616 2628 1637 2646 p.
1647 2622 1691 2640 526.
1701 2626 1713 2641 e
1722 2622 1767 2642 Cic.
1776 2622 1790 2641 i.
1800 2623 1827 2642 11.
1837 2622 1864 2642 de

1071 2655 1131 2679 Rep.)
