1941 3052
240 130 301 156 llffl
804 127 857 151 121.

235 201 285 225 bus
297 209 354 225 esse
366 199 483 224 ‹lc-roms,

237 238 346 266 bemus,
372 236 472 261 Veienti
494 233 576 263 bello,
599 242 682 267 quum
701 233 774 258 laeua
790 231 909 258 Albanus
925 236 1028 266 praeter

236 274 344 300 ruoilum
360 274 500 301 crevisset,
520 271 655 296 Veientem
671 269 816 304 quomdam
833 268 865 295 ad
880 277 928 295 nos
940 269 1027 295 homi-

237 320 296 338 nem
314 310 430 336 nobilem
448 308 612 343 profugisse,
635 315 752 341 eumque
768 306 886 337 dixisse,
905 315 938 332 ex
955 305 1025 336 fatis,

235 357 302 383 (lirae
316 348 436 373 Veientes
447 345 545 379 scripta
558 344 699 374 baberent,
714 344 791 369 Veios
802 344 861 378 capi
874 351 925 370 non
938 352 1024 378 posse,

235 386 298 411 dum
316 384 387 410 lucus
404 384 425 408 is
441 381 612 408 redundaret:
633 386 671 412 et,
689 381 712 407 ai
730 380 803 407 lacus
817 381 934 406 emissus
951 380 1026 415 lapsu
1047 401 1049 406 .

234 427 259 448 et
269 430 348 447 eursu
361 429 409 446 suo
419 419 451 445 ud
465 428 536 445 mure
548 418 726 454 profluxisset,
736 419 916 452 perniciosum
929 417 1028 452 populu
1047 437 1048 442 .

235 460 362 488 Itomano;
377 458 518 483 sinautem
532 457 566 483 ita
577 460 647 482 esset
658 455 785 486 eductus,
800 460 828 482 ut
838 454 871 481 ad
883 464 954 481 mare
966 463 1027 490 per·
1047 468 1049 472 v

234 497 324 522 venire
337 504 387 521 non
400 499 497 529 posset,
512 498 568 520 tum
580 492 696 519 salutare
708 493 804 519 nostris
817 492 880 518 sore.
922 493 1027 526 Exque

235 533 277 559 illa
294 531 462 558 admirabilis
477 541 490 557 a
507 530 655 557 maioribus
666 530 784 556 Albanae
801 538 885 565 aquae
902 529 968 556 facta
979 529 1027 555 de-

232 570 322 596 ductio
333 574 382 595 est.
422 569 511 601 Quum
528 573 617 595 autem
630 568 750 594 Veientes
767 566 838 593 bello
849 566 913 593 sessi
927 566 1026 602 legatos

232 607 265 633 ad
276 611 398 633 senatum
411 607 561 636 misissent,
578 610 635 632 tun)
650 614 683 631 ex
696 605 738 631 his
749 604 860 639 quidam
870 604 973 630 dixisse
984 603 1027 629 di-

232 646 313 675 citur,
336 652 387 670 non
402 644 492 670 omnia
505 643 582 670 illum
592 641 758 677 transfugam
771 650 867 668 ausum
878 650 937 667 esse
948 650 1027 667 sena-

233 682 270 708 tui
281 681 383 707 dicere:
398 682 424 707 in
438 680 533 707 iisdem
544 681 616 707 enim
629 679 688 706 fatis
700 679 831 714 scriptum
844 679 968 706 Veientes
979 678 1027 704 lia-

233 719 303 749 bere,
314 719 385 747 Fore,
399 723 424 744 ut
436 720 506 745 bret-i
516 728 531 744 tt
541 718 624 745 Gallis
632 718 708 743 lloma
720 722 868 750 caperetur:
879 715 952 751 quod
963 717 1026 751 qui-

231 756 292 782 dem
304 756 433 782 sexennio
445 760 504 790 post
514 755 593 782 Veios
604 759 695 789 captos
707 762 765 780 esse
777 753 876 780 sactum
889 753 1024 780 videmus.

232 793 312 820 XLV.
330 794 386 819 101.
407 792 492 827 Saepe
503 793 584 819 ctiam
595 793 658 819 etin
670 791 779 827 praeliis
791 791 876 818 Fauni
888 790 987 821 auditi,
1001 795 1026 816 et

232 831 258 857 in
280 830 360 856 rebus
380 830 496 857 turbidis
517 829 651 856 veridicae
667 837 746 855 voces
761 837 794 855 ex
809 828 913 855 occulto
928 829 1025 854 missae

231 876 289 894 OSSO
300 867 440 894 diffiintur:
457 868 536 894 CUIUS
546 867 652 903 generis
663 866 717 893 duo
728 865 1026 892 sunlexmustlsexessl-
1046 870 1047 874 ¹

231 905 284 940 pla,
297 904 344 931 scd
357 905 484 931 maxima.
504 905 570 931 Nam
583 913 634 931 non
647 903 730 930 multo
741 908 800 930 ante
812 903 910 930 Urbem
921 907 1024 937 captam

231 941 356 969 exaudita
369 951 421 969 vox
431 947 471 968 est
483 950 497 967 a
510 941 569 968 luco
580 942 687 971 Vestae,
705 941 753 976 qui
764 949 777 966 a
789 940 882 967 Palatii
897 940 986 966 radice
999 940 1025 966 in

231 978 327 1006 novam
343 979 413 1006 viam
429 979 551 1006 devexus
567 984 619 1006 est:
642 979 692 1005 »Ut
708 979 778 1004 muri
793 983 818 1004 et
834 983 922 1012 portae
934 977 1026 1003 resice-

231 1021 334 1048 rentur;
355 1016 474 1044 futurum
490 1025 562 1047 esse,
581 1017 632 1043 nisi
649 1016 788 1050 provisum
802 1020 885 1046 esset,
904 1015 1024 1042 utIIoma

230 1059 397 1089 caperetur.«
436 1053 512 1086 Quod
528 1053 694 1089 neglectum,
712 1061 797 1088 quum
813 1053 902 1079 caveri
914 1057 1022 1087 poterat,

231 1096 290 1126 post
301 1096 435 1126 acceptam
453 1091 526 1117 illam
542 1091 687 1117 maximam
703 1090 806 1116 cladem
823 1090 961 1124 expiatum
973 1094 1023 1116 est.

231 1129 281 1155 Ara
293 1129 365 1155 enim
376 1128 425 1155 Aio
432 1129 572 1163 Loquenti,
585 1136 666 1163 quam
678 1132 780 1162 septam
793 1127 927 1157 videmus,
941 1126 1025 1153 exad-

231 1174 326 1192 versus
341 1174 402 1192 eum
418 1165 506 1192 locum
517 1170 668 1192 consecrata
678 1169 728 1191 est.
768 1164 855 1199 Atque
866 1165 946 1191 etiam
957 1165 1025 1190 scri-

231 1208 306 1238 ptum
317 1212 330 1229 a
343 1202 435 1230 multis
446 1207 495 1233 est,
508 1211 593 1238 quum
606 1207 688 1229 terrae
699 1206 787 1228 motus
799 1201 884 1228 sactus
894 1206 977 1232 esset,
993 1202 1025 1227 Ut

229 1249 273 1267 sue
281 1242 357 1273 plena
371 1243 521 1273 procuratio
531 1242 612 1273 fieret,
629 1248 722 1266 vocem
738 1239 771 1265 ab
787 1238 852 1265 aede
867 1239 976 1265 Iunonis
991 1247 1025 1265 ex

230 1286 289 1303 aree
304 1277 453 1304 exstitisse:
476 1277 600 1312 quocirca
620 1278 747 1303 Iunonem
768 1276 842 1302 illam
864 1276 1024 1311 appellatam

229 1315 370 1341 Monetam.
395 1315 464 1341 Ilaec
477 1315 559 1350 igitur
570 1319 595 1341 et
605 1322 619 1340 a
628 1314 681 1340 diis
693 1314 853 1349 significata,
866 1319 891 1340 et
902 1322 915 1340 a
927 1314 1025 1340 nostris

231 1351 377 1378 maioribus
392 1351 507 1378 iudicata
519 1352 735 1378 contemnimus?

287 1390 342 1415 402.
365 1389 458 1424 Neque
473 1388 561 1416 solum
576 1389 688 1415 deorum
707 1397 785 1415 voces
801 1387 961 1424 Pythagorei
976 1387 1026 1414 ob-

229 1426 435 1457 servitaverunt,
448 1426 496 1453 sed
507 1427 587 1453 etiam
599 1426 753 1457 bominum,
769 1434 839 1461 quae
851 1430 946 1452 vocant
955 1425 1025 1452 omi-

230 1472 272 1489 na.
312 1463 385 1496 Quae
397 1464 510 1490 maiores
525 1464 607 1490 nostri
623 1464 687 1498 quia
703 1462 792 1490 valere
806 1462 965 1493 censebant,
982 1462 1026 1489 id-

228 1501 298 1526 circo
313 1501 440 1527 omnibus
455 1501 536 1527 rebus
551 1500 676 1537 agendiS,
696 1500 769 1532 Quod
783 1502 886 1531 bonum,
901 1503 1023 1533 faustam,

228 1539 292 1571 selim
302 1540 510 1572 fortunatumque
521 1543 596 1569 esset,
612 1537 814 1573 praesabantur:
833 1537 969 1572 rebusque
982 1537 1025 1563 di-

231 1575 314 1605 vinis.
329 1583 397 1610 quae
408 1575 517 1610 publice
529 1575 635 1606 fierent,
649 1580 679 1602 ut
688 1578 803 1608 faverent
815 1576 921 1608 linquis,
938 1575 1025 1609 impe—

229 1612 349 1645 rabatur;
364 1613 446 1648 inque
458 1612 532 1639 feriis
544 1612 718 1648 imperandis,
727 1617 756 1639 ut
767 1614 854 1638 litibus
863 1616 887 1638 et
898 1614 990 1645 iurqiis
999 1620 1026 1637 se

228 1651 392 1676 abstinerent.
433 1651 553 1685 Itemque
564 1651 592 1676 in
604 1649 741 1676 lustranda
752 1648 865 1680 colonia,
878 1649 912 1675 ab
923 1657 963 1680 eo,
976 1648 1024 1683 qui

229 1694 287 1712 eam
298 1686 455 1718 deduceret,
471 1692 498 1714 et
507 1696 593 1722 quum
604 1687 749 1721 imperator
759 1687 918 1717 exercitum,
930 1694 1025 1712 censor

229 1723 360 1758 populum
371 1723 508 1755 lustraret,
526 1724 604 1751 bonis
615 1724 785 1755 nominibus,
803 1724 852 1759 qui
861 1723 962 1750 hostias
973 1723 1025 1749 du-

228 1765 330 1791 cerent,
348 1760 526 1797 eligebantur.
566 1761 644 1794 Quod
658 1761 730 1788 idem
742 1761 769 1788 in
780 1761 885 1788 delectu
899 1759 1024 1787 consules

229 1798 386 1829 observant,
403 1803 432 1826 ut
446 1799 551 1834 primus
566 1798 646 1825 miles
661 1798 706 1825 fiat
720 1798 790 1825 bono
805 1799 924 1824 nomine.
965 1798 1022 1823 103.

228 1835 301 1868 Quae
312 1835 424 1870 quidem
435 1845 449 1862 a
465 1841 491 1862 te
504 1836 558 1863 scis
569 1840 596 1863 et
607 1835 718 1862 consule
733 1840 760 1862 et
775 1836 933 1870 imperatore
947 1842 1025 1860 sum-
1045 1859 1046 1862 ,

229 1881 272 1898 ma
284 1872 413 1908 religione
425 1881 483 1899 esse
494 1877 608 1900 servata.
648 1873 864 1908 Praerogativam
874 1873 955 1898 etiam
967 1879 1025 1897 ma-

230 1909 299 1936 iores
323 1918 401 1936 omen
427 1911 559 1937 iustorum
583 1910 755 1936 comitiorum
783 1917 842 1936 esse
869 1909 1022 1936 voluerunt.

229 1945 322 1972 XLVI.
344 1946 430 1981 Atque
452 1955 501 1983 ego
520 1946 644 1981 exempla
664 1947 786 1973 ominum
802 1951 863 1973 nota
878 1945 1021 1981 proferam.
1044 1957 1046 1976 ,ν

230 1983 259 2009 L.
277 1982 387 2010 Paullus
402 1983 495 2010 consul
511 1984 622 2014 iterum,
641 1992 727 2018 quum
746 1984 784 2014 ei,
801 1983 905 2010 bellum
920 1988 950 2010 ut
960 1991 1023 2009 cum

229 2028 291 2056 rege
303 2021 380 2046 Perse
391 2025 507 2056 gereret,
524 2021 678 2056 obtigisset;
701 2026 731 2047 ut
745 2029 775 2047 ea
787 2021 845 2056 ipsa
857 2021 901 2047 die
912 2021 1022 2047 domum

229 2057 262 2083 ad
274 2065 418 2092 vesperum
429 2058 516 2088 rediit,
531 2057 639 2085 filiolam
652 2067 729 2084 suam
739 2058 855 2084 Tertiam
863 2079 869 2088 ,
885 2067 954 2093 quae
965 2063 1022 2084 tum

229 2099 284 2121 erat
295 2094 440 2121 admodum
456 2104 551 2130 parva,
569 2094 694 2122 osculans
705 2095 894 2122 animadvertit
905 2095 1024 2122 tristicu-

230 2131 293 2158 lam.
335 2132 402 2164 Quid
412 2137 456 2162 est,
468 2133 566 2167 inquit,
578 2142 633 2159 ntea
647 2132 751 2159 Tertia?
765 2135 827 2167 quid
838 2135 920 2159 tristis
929 2132 974 2159 es?
986 2147 1024 2152 —

229 2169 267 2195 Mi
273 2174 356 2202 pater,
370 2170 466 2205 inquit,
477 2170 552 2196 Persa
560 2173 688 2203 periit.—-
698 2170 766 2196 Tum
778 2169 823 2196 ille
835 2171 934 2196 arctius
944 2169 1023 2205 puel-

229 2205 282 2232 lam
293 2205 460 2241 complexus,
473 2208 588 2240 Accipio,
601 2207 701 2242 inquit,
715 2217 771 2234 mea
781 2209 849 2241 filia,
861 2216 946 2234 omen:
967 2212 1023 2234 erat

228 2248 317 2270 autem
329 2248 450 2270 mortuus
461 2244 573 2271 catellus
584 2252 615 2271 eo
626 2245 744 2271 nomine.
769 2245 825 2271 tot.
841 2245 871 2271 1..
884 2244 1019 2275 Flaccum.

228 2279 363 2307 flaminem
369 2281 526 2313 Martialem,
540 2290 589 2317 ego
600 2281 703 2313 audivi,
716 2290 802 2317 quum
812 2281 921 2313 diceret,
930 2282 1022 2309 Caeci-

228 2317 291 2344 liam
298 2317 407 2349 Metelli,
423 2327 508 2353 quum
520 2319 601 2346 vellet
611 2320 709 2346 sororis
720 2328 784 2345 suae
796 2319 878 2345 filiam
890 2320 919 2346 in
930 2320 1023 2346 matri-

228 2356 349 2382 monium
360 2355 502 2387 collocare,
527 2357 616 2384 exisse
627 2356 655 2383 in
666 2356 802 2391 quoddam
813 2356 942 2383 sacellum
952 2357 1023 2383 omi-

228 2393 270 2418 nis
281 2392 404 2428 capiendi
413 2401 522 2420 caussa:
539 2393 612 2428 quod
623 2393 682 2421 fieri
692 2402 764 2420 more
775 2398 896 2420 veterum
907 2393 1019 2420 solebat.

228 2428 317 2460 Quum
329 2431 405 2466 virgo
415 2435 509 2461 staret,
525 2435 551 2457 et
561 2430 676 2458 Caecilia
687 2431 715 2457 in
726 2430 792 2457 sella
803 2431 922 2462 sederet,
932 2439 1021 2466 neque

228 2465 275 2491 diu
287 2466 340 2492 ulla
352 2476 404 2494 vox
414 2468 575 2499 exstitisset,
597 2467 716 2502 puellam
726 2467 898 2504 defatigatam
909 2469 1020 2503 petiisse

228 2510 242 2527 a
254 2507 404 2534 matertera,
420 2509 450 2531 ut
464 2505 518 2531 sibi
531 2505 688 2531 concederet
702 2505 863 2540 paullisper,
882 2506 949 2532 utin
960 2507 1020 2532 eius

228 2538 294 2564 sella
314 2541 504 2574 requiesceret:
527 2541 602 2568 illam
622 2547 712 2569 autem
732 2542 835 2569 dixisse
843 2563 849 2574 ,
870 2544 945 2574 Vero,
965 2552 1020 2569 mea

227 2577 321 2608 puella,
337 2579 382 2603 tibi
393 2581 499 2605 concedo
510 2588 577 2606 meas
586 2582 663 2606 sedes.
696 2578 773 2612 Quod
783 2588 860 2606 omen
873 2588 915 2606 res
925 2588 1020 2607 conse-

228 2616 288 2638 cuta
299 2617 347 2639 est.
387 2614 447 2648 Ipsa
461 2616 534 2642 enim
548 2616 625 2643 breui
641 2621 744 2644 mortua
762 2621 815 2649 est;
839 2618 915 2653 virgo
930 2622 1018 2644 autem

229 2650 334 2684 nupsit,
351 2651 395 2677 cui
406 2651 519 2679 Caecilia
531 2658 613 2688 nupta
624 2653 719 2681 fuerat.
759 2654 829 2681 Haec
838 2663 918 2690 posse
928 2660 1020 2682 conte-

527 198 581 222 100.
603 195 813 230 Qui‹1‘.³‹1u‹›din
825 194 968 221 annalibus
981 194 1028 220 lna·
1046 196 1049 205 “

1047 448 1049 459 r

1051 2022 1054 2057 l

1043 2095 1053 2125 a.

893 125 926 150 M.
962 125 991 150 Τ.
1026 124 1299 151 CICERONIS

1080 196 1134 221 nini
1149 195 1189 221 vel
1201 195 1519 230 etiamrideri,praeclare
1532 196 1665 229 intellipo:
1682 197 1728 223 aed
1741 197 1766 224 id
1780 199 1869 232 ipsum

1079 238 1130 262 est,
1148 232 1212 258 deos
1229 241 1279 258 non
1296 237 1401 267 putare,
1419 242 1487 267 quae
1499 233 1532 259 ab
1545 234 1577 260 iis
1589 230 1789 269 significantur,
1805 245 1870 262 con·

1079 275 1205 295 temnere.

1135 306 1236 332 XLVII.
1266 308 1321 332 105.
1347 306 1417 338 Quid
1442 306 1475 332 dc
1499 308 1648 342 augurabun
1671 308 1780 343 loquar‘?
1799 309 1871 336 Tuae

1079 349 1166 378 partes
1177 348 1253 370 sunt:
1268 348 1353 374 tuum,
1368 344 1487 378 inquam,
1500 346 1680 379 auspiciorum
1693 352 1870 380 patrocinium

1078 381 1158 406 debet
1172 390 1240 406 esse.
1282 381 1341 407 Tibi
1358 382 1427 415 App.
1441 381 1570 408 Claudius
1585 390 1617 408 au
1640 391 1671 408 ur
1684 383 1788 410 consuli
1801 392 1871 410 nun-

1079 418 1163 448 tiavit,
1180 417 1439 444 addubitatosaluns
1450 419 1572 453 augurio,
1581 419 1622 445 bel
1637 428 1681 446 um
1693 420 1870 447 domesticum

1079 456 1152 481 triste
1163 464 1193 481 ac
1205 454 1389 481 turbulentum
1401 455 1468 482 sore:
1482 456 1553 490 quod
1567 457 1871 492 paucispostmensibus

1078 498 1209 522 exortum,
1224 492 1396 527 paucioribus
1407 502 1420 518 a
1434 497 1457 518 te
1467 498 1507 519 est
1517 493 1614 519 diebus
1625 502 1794 529 oppressum.
1820 496 1871 522 Cui

1078 529 1188 564 quidem
1209 531 1305 565 auguri
1327 530 1498 556 vehementer
1517 531 1656 557 assentior.
1695 531 1774 558 Solus
1797 534 1870 559 enim

1079 566 1224 593 multorum
1235 575 1365 593 annorum
1377 568 1513 597 memoria,
1523 576 1574 594 non
1581 567 1740 595 decantandi
1751 571 1869 604 augurii,

1078 604 1125 630 sed
1141 604 1282 631 divinandi
1299 605 1384 631 tenuit
1399 604 1582 639 disciplinam.
1622 606 1707 638 Quem
1726 606 1872 634 irridebant

1077 641 1195 677 collegae
1207 642 1254 672 tui,
1271 650 1388 677 eumque
1401 647 1456 668 turn
1469 642 1600 672 Pisidam,
1613 647 1669 669 tum
1681 644 1810 670 Soranum
1822 653 1871 670 au-

1077 688 1171 714 gurem
1183 688 1242 705 esse
1252 679 1386 705 dicebant.
1427 680 1533 711 Quibus
1545 679 1618 706 nulla
1631 680 1772 707 videbatur
1784 682 1809 707 in
1822 690 1871 707 au-

1088 717 1164 742 ⁷uriis
1180 722 1225 742 aut
1240 717 1371 751 auspiciis
1386 718 1540 751 praesensio
1555 723 1600 744 aut
1617 718 1729 744 scientia
1752 719 1871 745 veritatis

1091 758 1195 782 uturae;
1219 755 1365 788 sapienter,
1383 754 1502 785 aiebant,
1519 754 1551 780 ad
1567 755 1721 789 opinionem
1734 756 1871 790 imperito-

1078 800 1137 817 rum
1149 800 1207 817 csse
1220 792 1293 817 {ictas
1304 791 1457 826 religiones.
1491 791 1567 824 Quod
1581 792 1656 827 longe
1667 801 1745 818 secus
1756 798 1809 819 est:
1824 802 1871 820 nc-

1077 836 1130 863 que
1142 829 1252 855 enimin
1265 829 1417 863 pastoribus
1429 829 1869 865 illis,quibusllomulusprael'uit,

1078 874 1126 892 nec
1142 867 1168 892 in
1185 866 1243 900 ipso
1255 865 1367 892 Romulo
1383 866 1447 892 haec
1463 866 1595 893 calliditas
1607 876 1665 893 esse
1681 869 1779 902 potuit,
1798 873 1826 894 ut
1837 867 1870 894 ad

1077 911 1192 929 errorem
1214 903 1396 930 multitudinis
1417 903 1555 939 religionis
1570 904 1713 930 simulacra
1729 904 1869 940 fingerent.

1077 940 1128 966 Sed
1144 939 1290 967 difficultas
1307 940 1435 976 laborque
1448 941 1571 967 discendi
1587 941 1714 968 disertam
1730 942 1872 978 negligen-

1078 978 1140 1004 tiam
1153 977 1279 1004 reddidit.
1319 978 1422 1004 Malunt
1435 979 1507 1005 enim
1523 978 1668 1010 disserere,
1685 979 1753 1006 nibil
1769 988 1828 1005 esse
1844 981 1870 1006 in

1077 1015 1220 1050 auspiciis,
1238 1023 1333 1050 quam,
1350 1015 1416 1050 quid
1432 1017 1480 1045 sit,
1498 1015 1627 1042 ediscere.
1672 1018 1726 1042 106.
1748 1016 1819 1048 Quid
1831 1021 1871 1044 est

1077 1051 1122 1079 illo
1137 1053 1259 1087 auspicio
1273 1052 1410 1084 divinius,
1427 1053 1499 1088 quod
1515 1053 1586 1088 apud
1604 1059 1627 1080 te
1639 1054 1665 1080 in
1678 1054 1759 1080 Mario
1769 1053 1827 1080 est‘?
1843 1058 1871 1081 ut

1076 1093 1134 1116 utar
1145 1090 1316 1124 potissimum
1328 1094 1352 1116 te
1363 1095 1482 1117 auctore:

1131 1127 1181 1153 Hic
1193 1127 1260 1153 lovis
1270 1128 1375 1153 altisoni
1385 1130 1468 1154 subito
1476 1130 1585 1160 pinnata
1595 1129 1705 1158 satelles,

1131 1165 1233 1190 arboris
1243 1173 1256 1190 e
1266 1169 1357 1190 trunco
1366 1168 1490 1197 serpentis
1500 1168 1589 1191 saucia
1603 1174 1697 1195 morsu,

1129 1203 1223 1235 subiqit
1234 1204 1298 1235 ipsa,
1311 1204 1374 1235 seris
1383 1204 1535 1235 transfiqens
1546 1204 1678 1235 unquibus,
1690 1211 1798 1235 anquem

1131 1241 1308 1265 semianimum
1317 1243 1340 1265 et
1350 1242 1427 1266 varia
1436 1242 1551 1273 graviter
1562 1242 1658 1266 cervice
1669 1242 1809 1266 micantem.

1134 1276 1213 1309 Quem
1226 1284 1253 1303 se
1267 1278 1451 1310 intorquentem
1466 1278 1569 1303 lanians
1579 1281 1712 1311 rostroque
1725 1285 1816 1304 cruen-

1485 1318 1550 1345 tans,
1854 1315 1870 1341 5

1131 1354 1182 1377 iam
1192 1353 1289 1377 satiata
1299 1354 1406 1381 animos,
1419 1354 1471 1377 iam
1480 1353 1559 1377 duroe
1570 1352 1624 1377 utta
1634 1352 1742 1381 dotores.

1129 1390 1219 1415 abiicit
1229 1390 1363 1421 efflantem,
1375 1393 1398 1414 et
1409 1390 1550 1414 laceratum
1560 1390 1652 1422 affligit
1663 1391 1689 1414 in
1700 1390 1777 1419 unda,

1132 1434 1207 1459 seque
1217 1427 1287 1452 obitu
1297 1435 1313 1452 a
1323 1427 1385 1452 solis
1395 1428 1489 1452 nitidos
1499 1428 1621 1452 convertit
1631 1427 1666 1452 ad
1675 1430 1757 1452 ortua.

1130 1463 1204 1489 Hanc
1216 1464 1267 1494 ubi,
1278 1465 1441 1498 praepetibus
1447 1465 1536 1496 pinnis
1547 1464 1670 1496 lapsuque
1680 1465 1812 1493 volantem,

1130 1502 1262 1533 conspexit
1273 1500 1383 1530 Marius,
1394 1502 1476 1527 divini
1486 1502 1598 1526 numini-3
1608 1509 1701 1533 augur,

1130 1540 1266 1571 faustaque
1276 1540 1350 1571 signa
1360 1546 1422 1563 suae
1433 1539 1518 1564 laudis
1528 1539 1673 1571 reditu-sque
1686 1541 1793 1564 notavit.

1131 1574 1250 1601 Partibus
1261 1577 1370 1601 intonuit
1381 1576 1446 1601 caeli
1452 1579 1529 1608 pater
1538 1577 1591 1608 ipse
1600 1576 1722 1601 sinistris.

1131 1611 1175 1638 Sic
1185 1613 1288 1645 aquitae
1299 1613 1398 1638 clarum
1408 1614 1520 1645 firmavit
1531 1612 1646 1645 Iuppiter
1656 1620 1735 1638 omen.

1075 1663 1191 1691 XLVIII.
1208 1666 1264 1692 107.
1286 1665 1373 1700 Atque
1384 1665 1429 1691 ille
1440 1665 1547 1692 Romuli
1559 1670 1706 1701 auguratus
1717 1664 1867 1700 pastoralis,

1075 1710 1129 1729 non
1144 1702 1265 1729 urbanus
1281 1701 1345 1734 fuit3
1366 1710 1414 1728 nec
1429 1702 1507 1728 fictus
1522 1702 1555 1729 ad
1575 1703 1716 1737 opiniones
1731 1703 1870 1737 imperito-

1075 1747 1150 1770 rum,
1166 1739 1214 1765 sed
1229 1748 1243 1765 a
1258 1740 1338 1765 certis
1353 1744 1478 1774 acceptus
1490 1744 1516 1766 et
1531 1740 1644 1774 posteris
1655 1738 1778 1766 traditus.
1818 1740 1870 1766 Ita-

1075 1784 1128 1811 que
1140 1775 1270 1803 Romulus
1281 1784 1381 1812 augur,
1398 1781 1428 1803 ut
1437 1776 1510 1811 apud
1521 1777 1639 1803 Ennium
1650 1782 1704 1807 est.
1716 1785 1779 1803 cum
1791 1776 1870 1804 fratre

1076 1814 1140 1840 item
1151 1821 1262 1849 augure,

1151 1861 1270 1883 curantes
1280 1865 1373 1890 nxayna
1383 1865 1440 1883 cum
1451 1865 1523 1887 cura,
1536 1859 1713 1890 concupientes

1148 1896 1229 1927 regni,
1241 1896 1303 1920 dant
1314 1902 1417 1927 operam
1426 1895 1503 1920 simul
1513 1896 1629 1927 auspicio
1639 1897 1808 1928 auqurioque.

1150 1931 1217 1958 Hinc
1228 1931 1320 1957 Remus
1328 1933 1444 1964 auspicio
1454 1940 1481 1957 se
1490 1933 1592 1958 devovet
1602 1936 1679 1965 atque
1687 1934 1825 1958 secundam

1148 1970 1219 1995 solus
1227 1977 1300 1994 avem
1309 1973 1402 1994 sert-at.
1422 1970 1455 1994 At
1465 1969 1581 1995 Romulu’
1589 1970 1697 2002 pulcher
1707 1971 1733 1995 in
1743 1970 1798 1995 atto

1150 2008 1251 2039 quaerit
1262 2007 1392 2036 Aventino,
1403 2014 1510 2032 ser-mne
1518 2014 1596 2040 yona-⁹
1605 2007 1792 2032 aIeit-otantum.

1151 2043 1296 2073 Certabant,
1307 2045 1395 2069 urbem
1404 2043 1540 2069 Romamne
1546 2043 1679 2070 Remamne
1688 2048 1818 2070 vocarent.

1149 2080 1238 2107 Omnis
1248 2089 1311 2107 cura
1321 2083 1393 2110 viris,
1405 2085 1462 2106 uter
1470 2086 1533 2107 esset
1543 2082 1717 2114 induperator.

1148 2118 1312 2150 Exspectant,
1319 2119 1406 2148 vetuti,
1420 2119 1508 2144 consul
1518 2126 1596 2151 quum
1605 2120 1704 2144 mittere
1712 2119 1813 2151 signum

1148 2156 1208 2185 volt,
1221 2163 1306 2181 omnes
1315 2157 1388 2181 avidi
1397 2159 1511 2188 spectant
1520 2157 1556 2181 ad
1567 2157 1680 2181 carceris
1689 2163 1759 2186 oras,

1147 2200 1224 2226 quam
1235 2200 1294 2218 moa:
1304 2194 1401 2218 emittat
1409 2195 1487 2225 pictis
1496 2201 1509 2218 e
1518 2192 1630 2225 saucibu’
1641 2200 1748 2218 carr-ua:

1146 2232 1185 2256 sic
1195 2231 1360 2262 exspectabat
1370 2231 1488 2262 populus,
1501 2234 1578 2263 atque
1588 2237 1632 2255 ore
1642 2230 1744 2255 timebat

1146 2268 1230 2295 rebus,
1242 2269 1296 2292 utri
1306 2269 1393 2300 mayni
1402 2269 1512 2293 victoria
1521 2269 1555 2293 sit
1565 2268 1628 2292 data
1638 2269 1719 2300 requi.

1148 2304 1248 2330 Interea
1258 2305 1296 2329 sol
1306 2305 1374 2330 albu'
1385 2306 1487 2330 recessit
1499 2306 1526 2329 in
1536 2306 1620 2337 infera
1629 2305 1723 2335 noctis,-

1841 1501 1870 1527 10

1853 2007 1869 2032 5

1076 2193 1132 2218 108.
1840 2193 1867 2218 10

1147 2343 1209 2367 exin
1223 2343 1334 2368 candida
1343 2349 1370 2367 se
1380 2343 1464 2367 radiis
1473 2343 1542 2367 dedit
1552 2343 1605 2367 icta
1613 2343 1685 2374 sor-as
1695 2341 1755 2372 luz,-

1146 2382 1170 2404 et
1179 2380 1257 2404 simut
1266 2387 1300 2404 ea:
1309 2379 1363 2404 alto
1374 2379 1446 2412 lanqe
1452 2379 1628 2412 pulcherrima
1636 2385 1744 2410 praepes

1146 2416 1220 2441 laeva
1229 2416 1325 2441 votavit
1334 2417 1405 2441 aeis:
1416 2416 1493 2441 simut
1501 2422 1597 2441 aureus
1606 2416 1725 2441 exoritur
1732 2415 1781 2440 sot.

1147 2452 1243 2479 Cedunt
1253 2455 1283 2479 de
1294 2454 1364 2478 caelo
1375 2457 1413 2478 ter
1423 2457 1545 2486 quattuor
1555 2459 1663 2484 corpora
1672 2455 1764 2477 sancta

1144 2492 1240 2520 avium,
1251 2491 1414 2523 praepetibus
1422 2498 1476 2516 sese
1481 2490 1646 2522 pulchrisque
1657 2489 1719 2515 locis
1728 2490 1798 2514 dant.

1147 2526 1276 2560 Conspicit
1286 2529 1344 2553 inde
1353 2528 1403 2553 sibi
1412 2528 1474 2552 data
1484 2526 1605 2552 Romulus
1614 2533 1667 2551 esse
1675 2528 1775 2558 priora,

1144 2566 1260 2598 auspicio
1270 2566 1343 2598 requi
1352 2565 1468 2590 stabilita
1476 2571 1581 2590 scamna
1590 2564 1731 2596 solumque.

1125 2617 1221 2644 XLIX.
1245 2619 1301 2644 109.
1323 2617 1377 2644 Sed
1396 2616 1470 2643 unde
1484 2616 1539 2642 huc
1551 2615 1678 2652 degressa
1693 2621 1746 2646 est,
1767 2615 1862 2642 eodem

1069 2654 1160 2683 redeat
1169 2655 1263 2683 oratio.
1299 2654 1328 2681 Si
1339 2654 1408 2681 nihil
1418 2662 1516 2690 queam
1526 2653 1673 2689 disputare,
1685 2652 1863 2689 quamobrem

1838 2378 1866 2403 15

1830 2563 1864 2588 20
