1941 3052
459 139 646 167 ORATIO
678 138 768 166 PRO
801 139 831 165 L.
865 137 1075 165 MURENA.
1111 138 1208 165 CAP.

97 214 140 241 cio
150 217 175 240 et
186 212 347 239 accusationi
358 216 503 238 reservant.
534 210 853 238 XX11.Accediteodem,
867 215 896 236 ut
916 215 925 242 J

98 251 178 278 etiam
198 251 257 285 ipse
276 249 436 276 candidatus
457 254 541 276 totum
557 250 677 275 animum
693 253 773 283 atque
788 257 895 274 omnem
924 251 925 279 ζ

97 297 203 319 curam,
221 295 329 322 operam
343 287 566 323 diligentiamque
577 295 654 313 suam
666 287 693 312 in
705 286 832 321 petitione
844 294 895 311 non

97 326 184 362 possit
194 333 301 360 ponere.
341 324 506 360 Adiungitur
520 324 592 350 enim
607 323 782 350 accusationis
797 324 896 358 cogita-

97 364 147 394 tio,
170 371 222 389 non
238 371 319 398 parva
333 371 389 393 res,
412 362 460 388 sed
481 362 610 388 nimirum
630 361 750 388 omnium
767 361 894 386 maxima,

97 401 226 437 Magnum
237 404 278 426 est
288 400 370 431 enim,
383 403 408 426 te
419 407 572 434 comparare
583 407 622 430 ea,
635 399 736 434 quibus
749 398 836 433 possis
848 398 896 423 ho-

97 439 199 464 minem
210 446 224 464 e
235 437 355 468 civitate,
374 437 531 472 praesertim
543 445 594 463 non
605 437 712 471 inopem
724 444 810 470 neque
822 435 896 461 infir-

98 484 189 507 mum,
211 475 366 501 exturbare:
389 474 436 510 qui
452 478 478 501 et
492 483 540 509 per
555 482 597 505 se,
615 478 641 500 et
656 482 703 508 per
718 482 781 499 suos
797 477 822 499 et
834 481 896 498 vero
917 487 918 508 i

98 513 178 540 etiam
189 521 236 547 per
246 512 347 538 alienos
358 512 525 538 defendatur.
551 511 651 538 Omnes
663 511 734 537 enim
746 510 778 536 ad
790 511 897 545 pericu·
917 512 918 544 i

98 550 122 577 la
134 550 316 585 propulsanda
326 550 521 580 concurrimus,
534 553 560 575 et
570 549 617 584 qui
629 557 680 575 non
693 552 782 582 aperte
793 547 895 573 inimici
917 555 918 559 ¹

98 596 195 614 sumus
203 608 209 618 ,
225 588 305 614 etiam
320 587 494 614 alienissimis
504 587 532 612 in
543 586 638 621 capitis
650 585 777 621 periculis
788 585 896 610 amicis-

98 625 229 652 simorum
240 625 327 652 officia
338 629 364 651 et
374 624 463 651 studia
476 628 653 659 praestamus.
696 624 736 649 46.
749 622 836 654 Quare
847 630 896 657 ego
917 645 918 656 ,

98 666 225 697 expertus
240 667 266 689 et
281 662 389 698 petendi
404 666 430 688 et
443 660 605 688 defendendi
620 665 646 687 et
656 660 799 687 accusandi
812 659 897 686 mole·
917 664 918 667 ’

98 700 178 728 stiam
198 700 238 726 sic
252 699 388 726 intellexi:
410 700 438 725 in
454 698 569 733 petendo
584 698 706 725 studium
723 706 782 723 esse
798 697 896 723 acerri-

98 746 187 769 mum,
203 738 231 764 in
242 737 410 764 defendendo
419 736 552 768 officium,
565 736 593 762 in
605 735 755 762 accusando
767 734 894 761 laborem.

98 776 191 810 ltaque
202 775 240 801 sic
251 779 351 805 statuo,
370 774 426 800 {ieri
438 773 513 800 nullo
524 773 603 800 modo
613 782 706 808 posse,
724 776 754 799 ut
769 772 840 798 idem
853 781 896 798 ac-

97 813 262 839 cusationem
278 817 304 838 et
319 812 474 846 petitionem
489 810 645 838 consulatus
661 810 804 846 diligenter
818 810 896 835 ador-

98 854 142 876 net
157 853 236 885 atque
251 849 376 876 instruat.
416 849 506 875 Unum
520 849 654 875 sustinere
670 848 749 883 pauci
770 851 894 882 possunt,

97 891 244 922 utrumque
255 895 342 913 nemo.
373 887 422 918 Tu,
435 895 521 922 quum
533 891 558 912 te
571 886 604 913 de
614 885 748 912 curriculo
759 885 895 920 petitionis

97 923 253 951 deflexisses
273 925 450 959 animumque
472 923 506 950 ad
528 923 710 950 accusandum
734 922 893 953 tratulisses,

96 962 257 989 existimasti
269 966 294 988 te
305 962 412 997 utrique
424 962 530 997 negotio
540 961 692 988 satisfacere
703 960 800 996 posse?
811 960 897 986 Vehe-

96 1003 200 1026 menter
214 1000 317 1026 errasti.
358 999 424 1032 Quis
440 1000 512 1025 enim
527 999 586 1025 dies
600 998 663 1030 fuit,
681 1002 856 1033 posteaquam
868 997 895 1023 in

95 1038 176 1064 istam
192 1037 334 1064 accusandi
351 1037 580 1064 denuntiationem
596 1037 735 1072 ingressus
750 1044 792 1066 eS,
814 1044 895 1070 quem

95 1079 126 1102 tu
137 1083 189 1102 non
200 1079 285 1101 totum
297 1075 323 1101 in
336 1075 385 1101 ista
396 1075 496 1101 ratione
506 1073 726 1109 consumpseris?
740 1073 837 1099 XXIlI.
847 1073 897 1099 Le—

95 1121 158 1149 gem
177 1112 294 1139 ambitus
314 1111 451 1148 flagitasti,
473 1120 542 1147 quae
557 1112 607 1138 tibi
622 1120 674 1138 non
695 1111 794 1137 deerat.
834 1111 897 1137 Erat

95 1150 168 1176 enim
184 1150 356 1176 severissime
371 1151 469 1185 scripta
480 1149 634 1185 Calpurnia.
676 1149 775 1176 Gestus
787 1153 827 1174 est
837 1157 895 1174 mos

96 1191 122 1214 et
132 1186 263 1214 voluntati
274 1192 300 1214 et
310 1187 434 1223 dignitati
446 1191 516 1214 tuae.
548 1187 599 1213 Sed
611 1191 663 1213 tota
674 1187 720 1213 illa
733 1187 775 1213 lex
786 1195 896 1212 accusa-

95 1225 196 1252 tionem
208 1229 280 1252 tuam
289 1246 295 1256 ,
313 1225 335 1251 si
347 1225 458 1252 haberes
470 1229 606 1251 nocentem
618 1233 707 1256 reum,
731 1224 842 1250 fortasse
854 1233 897 1250 ar—

97 1266 210 1289 masset:
234 1263 355 1297 petitioni
368 1271 430 1289 vero
440 1262 568 1298 refragata
580 1267 630 1289 est.
672 1263 713 1289 47.
737 1262 822 1288 Poena
835 1271 896 1297 gra-

98 1300 155 1326 vior
165 1299 193 1326 in
204 1299 310 1334 plebem
322 1304 367 1326 tua
383 1309 448 1327 voce
462 1299 604 1336 efflagitata
620 1304 672 1326 est:
695 1300 821 1326 commoti
837 1299 896 1325 ani-

96 1337 134 1364 mi
146 1337 313 1370 tenuiorum3
326 1337 454 1364 exsilium
465 1338 493 1364 in
505 1342 626 1364 nostrum
637 1337 773 1364 ordinem:
786 1345 896 1364 conces-

96 1375 132 1401 sit
142 1378 252 1401 senatus
263 1374 437 1409 postulationi
448 1379 522 1407 tuae,
545 1374 593 1401 sed
607 1383 660 1402 non
676 1375 789 1401 libenter
804 1375 896 1401 durio-

95 1420 152 1438 rem
169 1411 290 1438 fortunae
305 1413 441 1439 communi
452 1413 631 1440 conditionem
643 1416 668 1439 te
680 1416 786 1439 auctore
797 1412 896 1438 consti-

95 1450 157 1476 tuit.
180 1449 264 1476 Morbi
275 1451 442 1477 excusationi
454 1459 537 1486 poena
548 1450 637 1476 addita
648 1454 702 1477 est:
720 1449 844 1476 voluntas
856 1449 896 1476 of-

97 1486 170 1513 fensa
187 1487 347 1519 multorum,
368 1488 469 1523 quibus
484 1492 531 1514 aut
544 1492 634 1514 contra
650 1487 812 1515 valetudinis
823 1496 896 1514 com—

95 1524 207 1551 modum
219 1524 394 1552 laborandum
407 1530 460 1557 est,
477 1530 524 1552 aut
537 1525 706 1552 incommodo
718 1525 803 1551 morbi
816 1526 894 1551 etiam

95 1562 175 1588 ceteri
188 1562 257 1589 vitae
268 1561 372 1589 fructus
383 1563 563 1598 relinquendi.
585 1563 656 1595 Quid
667 1562 748 1599 ergo‘?
759 1563 822 1589 baec
833 1563 895 1598 quis

95 1598 176 1626 tulit‘?
196 1600 234 1631 Is,
252 1600 300 1635 qui
316 1601 464 1627 auctoritati
481 1605 605 1632 senatus,
623 1600 754 1627 voluntati
773 1605 832 1627 tuae
848 1609 895 1635 pa-

94 1637 162 1663 ruit:
184 1636 302 1672 denique
317 1637 341 1664 is
357 1637 430 1670 tulit,
453 1639 496 1665 cui
512 1638 623 1665 minime
644 1638 796 1673 proderant.
836 1638 892 1669 Illa,

94 1682 164 1710 quae
175 1682 233 1701 mea
244 1683 350 1702 summa
362 1675 499 1703 voluntate
510 1680 619 1702 senatus
632 1675 758 1711 frequens
770 1675 896 1710 repudia-

95 1712 142 1743 vit,
157 1711 325 1739 mediocriter
335 1712 473 1740 adversata
484 1713 533 1740 tibi
546 1722 605 1740 esse
616 1712 774 1740 existimas?
794 1713 896 1740 Confu-

94 1749 197 1776 sionem
218 1749 407 1786 suffragiorum
427 1750 565 1787 flagitasti,
592 1752 804 1787 prorogationem
828 1751 894 1786 legis

94 1786 233 1819 Maniliae,
250 1788 436 1823 aequationem
450 1789 564 1825 gratiae,
582 1788 735 1825 dignitatis,
753 1788 895 1824 suffragio-

93 1832 165 1851 rum.
196 1824 319 1852 Graviter
330 1825 452 1853 homines
464 1826 568 1853 honesti
579 1831 659 1862 atque
670 1826 698 1853 in
709 1827 767 1852 suis
778 1826 895 1852 civitati-

93 1861 147 1888 bus
159 1866 184 1888 et
195 1862 352 1898 municipiis
362 1864 472 1899 gratiosi
483 1863 612 1895 tulerunt,
623 1873 637 1890 a
649 1863 694 1890 tali
706 1864 763 1890 viro
773 1872 831 1890 esse
843 1872 895 1899 pu-

93 1903 205 1936 gnatum
213 1920 219 1932 ,
233 1904 264 1926 ut
273 1908 365 1927 omnes
376 1905 402 1927 et
412 1901 551 1937 dignitatis
562 1906 588 1928 et
596 1902 696 1938 gratiae
706 1901 806 1937 gradus
818 1901 895 1928 tolle-

95 1940 197 1964 rentur.
238 1937 311 1964 ldem
327 1937 445 1965 edititios
460 1938 566 1965 iudices
580 1947 640 1966 esse
652 1938 776 1971 voluisti,
794 1944 823 1965 ut
834 1939 894 1966 odia

93 1973 197 2000 occulta
207 1975 310 2001 civium
318 1995 324 2006 ,
339 1983 409 2010 quae
421 1976 508 2002 tacitis
521 1985 592 2003 nunc
602 1976 745 2003 discordiis
755 1977 895 2003 continen—

94 2015 151 2042 tur,
174 2011 201 2038 in
223 2011 341 2038 fortunas
361 2014 456 2048 optimi
476 2013 610 2049 cuiusque
630 2018 809 2048 erumperent.
850 2015 891 2040 48.

93 2048 164 2075 Haec
182 2049 272 2075 omnia
294 2049 342 2076 tibi
361 2050 507 2078 accusandi
528 2051 599 2078 viam
613 2051 784 2082 muniebant,
806 2050 894 2086 adipi-

93 2085 186 2113 scendi
197 2086 382 2122 obsepiebant.

150 2123 238 2159 Atque
253 2132 287 2151 ex
303 2125 430 2152 omnibus
446 2125 492 2152 illa
507 2125 584 2162 plaga
599 2130 640 2153 est
655 2126 751 2153 iniecta
771 2126 892 2161 petitioni

93 2165 164 2192 tuae,
178 2169 229 2188 non
243 2165 344 2188 tacente
354 2171 410 2194 me,
427 2163 556 2190 maxima:
579 2163 613 2190 de
623 2173 675 2199 qua
687 2164 721 2190 ab
733 2163 840 2190 homine
851 2164 893 2190 in-

93 2199 283 2234 geniosissimo
295 2203 320 2226 et
330 2200 527 2235 copiosissimo,
536 2201 683 2232 Hortensio,
692 2201 776 2228 multa
787 2201 893 2237 gravis-

94 2236 162 2262 sime
173 2236 243 2263 dicta
254 2241 327 2263 sunt.
367 2238 426 2270 Quo
441 2238 520 2264 etiam
533 2238 599 2264 mihi
610 2238 703 2265 durior
716 2239 788 2265 locus
800 2244 840 2266 est
850 2239 894 2266 di-

93 2273 171 2300 cendi
183 2273 275 2306 datus,
293 2278 336 2306 ut,
353 2283 439 2310 quum
451 2280 511 2301 ante
523 2284 565 2301 mo
576 2280 601 2302 et
613 2275 657 2302 ille
668 2276 795 2308 dixisset,
812 2281 838 2303 et
852 2277 893 2303 vir

93 2319 200 2337 summa
211 2311 341 2348 dignitate
352 2316 378 2339 et
388 2312 527 2348 diligentia
539 2317 563 2339 et
579 2312 701 2340 facultate
717 2314 837 2345 dicendi,
856 2315 890 2341 M.

93 2347 221 2380 Crassus.
239 2357 288 2385 ego
304 2349 330 2376 in
346 2354 466 2376 extremo
481 2358 532 2376 non
544 2355 644 2385 partem
655 2351 773 2386 aliquam
785 2360 891 2387 agerem

93 2393 213 2418 caussae,
231 2387 278 2413 sed
289 2387 323 2413 de
334 2391 385 2414 tota
399 2396 426 2414 re
437 2387 563 2418 dicerem,
580 2387 652 2422 quod
667 2389 733 2415 milii
746 2389 890 2415 videretur.

93 2422 185 2458 ltaque
196 2424 223 2450 in
236 2423 332 2451 iisdem
345 2425 425 2451 rebus
438 2424 491 2451 fere
503 2434 607 2456 versor,
625 2430 663 2456 ct,
679 2426 752 2460 quod
769 2434 890 2460 possum,

92 2459 205 2492 iudices,
217 2469 329 2488 occurro
340 2467 442 2489 vestrae
453 2462 577 2489 satietati.
609 2462 707 2489 XXlV.
728 2463 779 2489 Sed
793 2468 889 2490 tamen.

93 2495 183 2530 Servi,
201 2506 282 2534 quam
299 2504 323 2526 te
334 2500 450 2526 securim
463 2504 540 2535 putas
551 2499 675 2526 iniecisse
688 2501 808 2535 petitioni
821 2505 889 2529 time.

92 2542 178 2570 quum
195 2539 223 2562 tu
241 2536 371 2571 populum
383 2538 531 2564 Romanum
548 2537 574 2564 in
589 2545 650 2563 oum
664 2542 765 2564 metum
777 2538 891 2564 adduxi-

92 2572 136 2604 sti,
149 2576 180 2599 ut
189 2574 399 2608 pertimesceret,
413 2583 446 2601 ne
456 2574 550 2602 consul
562 2574 674 2602 Catilina
687 2576 768 2606 lieret,
785 2575 850 2602 dum
863 2580 890 2602 tu
914 2595 915 2610 3

93 2610 288 2637 accusationem
300 2620 476 2648 comparares,
488 2612 609 2647 deposita
620 2617 699 2647 atque
710 2613 811 2639 abiecta
824 2613 892 2648 peti·
914 2616 915 2651 l

93 2646 183 2673 tione?
216 2649 257 2675 49.
282 2649 387 2677 Etenim
412 2654 437 2677 te
460 2650 598 2685 inquirere
621 2650 761 2681 videbant,
787 2651 890 2677 tristem
914 2668 915 2671 =

93 2683 198 2718 ipsum,
211 2691 326 2714 maestos
336 2688 446 2719 amicos,
458 2687 666 2720 observationes,
681 2688 888 2721 testificationes,
913 2691 915 2717 l

1245 139 1275 165 18
1296 153 1333 158 —-
1353 141 1394 166 26.
1700 143 1744 169 5:37

947 210 1117 237 seductiones
1129 210 1252 241 testium,
1269 210 1448 238 secessionem
1461 210 1676 246 subscriptorum
1689 214 1745 239 ani-

947 248 1162 274 madvertebant:
1183 248 1285 283 quibus
1301 248 1382 274 rebus
1396 253 1466 274 certe
1481 249 1533 283 ipsi
1544 249 1745 276 candidatorum

947 285 1039 311 vultus
1060 286 1227 312 obscuriores
1248 285 1333 312 videri
1353 285 1453 312 solent:
1485 286 1626 312 Catilinam
1646 287 1745 313 interea

947 322 1061 349 alacrem
1072 328 1152 357 atque
1164 323 1272 354 laetum,
1285 323 1415 358 stipatum
1426 323 1506 350 choro
1517 324 1675 355 iuventutis,
1689 326 1745 351 val—

948 360 1030 386 latum
1043 360 1178 386 indicibus
1190 365 1269 395 atque
1281 361 1394 392 sicariis,
1403 359 1524 387 inflatum
1535 370 1621 396 quum
1634 370 1682 396 spe
1694 363 1744 388 mi-

949 397 1035 428 litum,
1049 402 1105 424 tum
1117 398 1233 433 collegae
1246 398 1307 428 mei,
1320 398 1549 433 quemadmodum
1561 399 1666 426 dicebat
1676 400 1743 435 ipse,

947 436 1102 469 promissis,
1120 434 1348 461 circumfluentem
1360 435 1513 462 colonorum
1526 438 1708 463 Arretinorum
1721 443 1746 463 et

948 472 1156 499 Faesulanorum
1178 473 1310 499 exercitu:
1332 482 1413 508 quam
1434 474 1540 500 turbam
1561 474 1746 501 dissimillimo

947 518 981 536 ex
1003 519 1101 546 genere
1127 510 1331 545 distinguebant
1355 510 1478 537 homines
1502 511 1619 546 perculsi
1640 511 1745 538 Sullani

948 548 1074 582 temporis
1086 547 1244 574 calamitate.
1286 548 1381 574 vultus
1397 553 1452 575 erat
1465 550 1552 583 ipsius
1564 549 1660 584 plenus
1673 549 1746 576 furo-

948 585 997 615 ris,
1020 585 1091 611 oculi
1107 585 1228 616 sceleris,
1253 594 1340 611 sermo
1356 587 1533 622 arrogantiae,
1556 588 1595 613 sic
1611 592 1640 613 ut
1656 588 1679 613 ei
1692 588 1744 613 iam

948 622 1102 657 exploratus
1127 627 1152 648 et
1175 622 1248 648 domi
1273 623 1397 649 conditus
1421 624 1576 650 consulatus
1598 625 1743 651 videretur.

947 661 1085 686 Murenam
1096 660 1294 687 contemnebat:
1308 660 1459 695 Sulpicium
1471 667 1650 688 accusatorem
1663 671 1744 689 suum

948 698 1118 727 numerabat,
1140 706 1191 723 non
1207 698 1421 732 competitorem:
1444 699 1467 725 ei
1484 699 1538 725 vim
1555 699 1742 726 denuntiabat:

947 734 1111 769 reipublicae
1123 735 1284 761 minabatur.
1326 735 1410 761 XXV.
1424 737 1466 762 50.
1488 736 1594 768 Quibus
1605 738 1685 764 rebus
1696 738 1746 773 qui

948 773 1026 798 timor
1037 772 1115 798 bonis
1126 772 1253 798 omnibus
1264 772 1379 799 iniectus
1391 773 1437 804 sit,
1454 770 1608 809 quantaque
1620 775 1746 810 despera—

948 810 984 836 tio
997 809 1175 844 reipublicae,
1194 810 1216 836 si
1228 809 1273 836 ille
1285 809 1371 836 factus
1386 816 1469 842 esset,
1488 811 1568 837 nolite
1584 821 1598 838 a
1614 821 1656 838 me
1672 822 1746 839 com-

948 848 1049 874 moneri
1062 847 1144 873 velle:
1159 848 1316 882 vosmetipsi
1330 848 1468 875 vobiscum
1482 850 1667 876 recordamini.
1691 851 1745 876 Me-

948 885 1065 911 ministis
1081 886 1167 915 enim,
1191 894 1277 920 quum
1292 885 1367 912 illius
1383 885 1476 912 nefarii
1491 886 1646 922 gladiatoris
1668 896 1745 914 voces

947 923 1190 957 percrebruissent,
1207 932 1274 958 quas
1286 923 1413 949 habuisse
1425 924 1452 950 in
1463 925 1588 951 concione
1600 925 1744 951 domestica

947 960 1098 991 dicebatur,
1120 969 1206 995 quum
1223 961 1383 987 miserorum
1401 960 1505 988 fidelem
1520 962 1686 989 defensorem
1701 972 1746 989 ne-

947 1003 1036 1034 gasset
1047 998 1163 1024 inveniri
1174 1007 1266 1032 posse,
1284 999 1336 1024 nisi
1348 1007 1423 1030 eum,
1440 1000 1488 1034 qui
1499 1000 1556 1034 ipse
1568 1001 1649 1026 miser
1659 1005 1743 1026 esset:

947 1036 1112 1071 integrorum
1128 1040 1153 1062 et
1170 1036 1363 1062 fortunatorum
1379 1037 1519 1071 promissis
1535 1039 1640 1064 saucios
1656 1043 1681 1064 et
1695 1038 1745 1064 mi-

947 1082 1021 1100 seros
1031 1074 1139 1100 credere
1150 1082 1201 1100 non
1213 1078 1346 1108 oportere:
1369 1082 1462 1109 quare,
1473 1075 1520 1109 qui
1532 1080 1689 1110 consumpta
1705 1084 1747 1102 re-

947 1111 1034 1146 plere,
1048 1116 1137 1146 erepta
1149 1120 1306 1146 recuperare
1318 1111 1425 1143 vellent,
1439 1117 1596 1147 spectarent,
1610 1113 1675 1148 quid
1689 1114 1746 1148 ipse

947 1149 1064 1180 deberet,
1077 1149 1144 1184 quid
1155 1149 1316 1184 possideret,
1330 1150 1395 1184 quid
1407 1150 1531 1177 auderet:
1551 1151 1662 1177 minime
1675 1152 1747 1177 timi-

947 1186 1013 1213 dum
1024 1191 1050 1213 et
1061 1186 1138 1213 valde
1149 1186 1334 1213 calamitosum
1346 1196 1404 1213 esse
1416 1192 1535 1222 oportere
1547 1197 1623 1219 eum,
1641 1189 1688 1223 qui
1704 1197 1747 1214 es-

947 1229 987 1250 set
1000 1224 1107 1251 futurus
1118 1224 1175 1251 dux
1186 1229 1211 1251 et
1222 1224 1337 1260 signifer
1347 1224 1572 1252 calamitosorum.
1585 1241 1622 1246 —-
1633 1227 1675 1252 5¹.
1688 1231 1746 1252 tum

947 1262 1043 1298 igitur,
1059 1263 1100 1288 liis
1112 1262 1192 1288 rebus
1204 1262 1316 1294 auditis,
1330 1263 1492 1289 meministis
1504 1264 1560 1290 fieri
1572 1268 1747 1290 senatuscon-

947 1299 1060 1331 sultum,
1074 1299 1204 1326 referente
1215 1308 1257 1326 me
1265 1321 1271 1331 ,
1285 1309 1317 1326 ne
1328 1305 1433 1335 postero
1444 1301 1486 1327 die
1498 1301 1604 1328 comitia
1616 1301 1747 1328 baberen-

949 1342 998 1368 tur,
1013 1342 1043 1363 ut
1053 1337 1085 1363 de
1098 1338 1140 1363 bis
1153 1338 1234 1363 rebus
1246 1338 1273 1364 in
1284 1342 1377 1364 senatu
1390 1346 1467 1374 agere
1480 1347 1632 1373 possemus,
1655 1340 1747 1374 ltaque

948 1375 1089 1410 postridie,
1104 1374 1237 1410 frequenti
1248 1380 1356 1406 senatu,
1370 1375 1509 1402 Catilinam
1521 1377 1649 1407 excitavi,
1666 1381 1747 1412 atque

947 1421 1009 1439 eum
1021 1412 1054 1438 de
1066 1412 1108 1438 his
1120 1412 1200 1438 rebus
1212 1413 1293 1443 iussi,
1307 1413 1330 1439 si
1341 1413 1407 1448 quid
1420 1413 1513 1444 vellet,
1529 1422 1597 1448 quae
1609 1413 1641 1440 ad
1655 1423 1696 1440 me
1707 1414 1745 1440 al-

949 1450 1014 1476 latae
1026 1454 1124 1481 essent,
1137 1450 1234 1476 dicere.
1275 1450 1362 1485 Atque
1373 1450 1432 1482 ille,
1450 1456 1479 1477 ut
1491 1460 1598 1486 semper
1610 1451 1659 1478 fuit
1670 1460 1747 1486 aper-

949 1488 1084 1519 tissimus,
1099 1496 1150 1513 non
1161 1496 1190 1514 se
1201 1489 1339 1523 purgavit,
1358 1488 1405 1514 sed
1417 1488 1545 1515 indicavit
1556 1494 1635 1524 atque
1646 1489 1745 1516 induit.

948 1525 1016 1551 Tum
1028 1525 1100 1551 enim
1113 1525 1181 1551 dixit
1189 1545 1195 1556 ,
1212 1525 1266 1552 duo
1276 1534 1385 1560 corpora
1396 1534 1454 1552 esse
1465 1526 1642 1561 reipublicae,
1660 1535 1746 1553 unum

947 1562 1049 1594 debile,
1068 1562 1175 1589 infirmo
1189 1563 1289 1598 capite:
1310 1563 1422 1590 alterum
1436 1564 1557 1595 firmum,
1575 1564 1633 1590 sine
1643 1565 1743 1599 capite:

948 1600 1025 1632 huic,
1047 1609 1133 1635 quum
1145 1601 1180 1626 ita
1190 1600 1226 1627 de
1235 1609 1264 1627 se
1275 1601 1400 1628 meritum
1412 1606 1494 1632 esset,
1517 1607 1610 1636 caput,
1632 1610 1661 1628 se
1673 1603 1744 1634 vivo,

948 1647 999 1664 non
1010 1637 1178 1664 defuturum.
1209 1638 1487 1674 Congemuitsenatus
1501 1639 1640 1674 frequenS,
1659 1648 1747 1674 neque

948 1680 1035 1702 tamen
1047 1677 1113 1702 satis
1124 1684 1226 1707 severe,
1240 1684 1288 1711 pro
1298 1677 1335 1702 rei
1347 1676 1515 1712 indignitate,
1527 1676 1655 1704 decrevit.
1678 1678 1745 1703 Nam

947 1714 1044 1748 partim
1056 1713 1116 1740 ideo
1127 1713 1208 1739 fortes
1218 1714 1246 1740 in
1257 1713 1423 1740 decernendo
1435 1723 1487 1741 non
1499 1719 1585 1746 erant,
1604 1715 1666 1750 quia
1679 1714 1746 1741 nihil

947 1751 1088 1782 timebant,
1103 1751 1213 1786 partim,
1231 1752 1295 1786 quia
1312 1752 1454 1778 timebant:
1477 1761 1562 1787 quum
1579 1753 1667 1787 erupit
1679 1761 1692 1778 e
1704 1761 1747 1778 se·

947 1793 1024 1820 natu,
1041 1788 1211 1823 triumphans
1222 1789 1335 1825 gaudio,
1352 1798 1434 1824 quem
1446 1790 1556 1816 omnino
1567 1790 1659 1816 vivum
1673 1789 1747 1816 illinc

946 1826 1019 1852 exire
1035 1835 1087 1853 non
1103 1830 1268 1861 oportuerat:
1291 1827 1448 1862 praesertim
1464 1835 1550 1862 quum
1565 1827 1636 1853 idem
1653 1827 1698 1854 ille
1720 1828 1746 1854 in

946 1863 1039 1890 eodem
1051 1864 1144 1891 ordine
1155 1864 1248 1899 paucis
1259 1863 1355 1891 diebus
1366 1869 1426 1891 ante
1433 1864 1534 1896 Catoni,
1549 1864 1695 1892 fortissimo
1707 1866 1747 1891 vi—

946 1910 983 1933 ro,
996 1901 1128 1928 iudicium
1141 1902 1276 1928 minitanti
1288 1911 1318 1928 ac
1329 1902 1507 1933 denuntianti,
1521 1902 1711 1937 respondisset,
1723 1903 1746 1928 si

945 1939 1018 1974 quod
1029 1943 1100 1966 esset
1111 1940 1138 1966 in
1149 1948 1213 1965 suas
1229 1939 1348 1966 fortunas
1364 1940 1519 1967 incendium
1535 1941 1694 1969 excitatum,
1718 1941 1744 1966 id

945 1985 974 2003 se
985 1986 1037 2003 non
1050 1986 1132 2012 aqua,
1151 1976 1198 2003 sed
1210 1977 1286 2004 ruina
1297 1978 1498 2004 restincturum.
1530 1978 1627 2005 xxw.
1641 1979 1682 2004 52.
1700 1978 1746 2004 llis

946 2018 1002 2040 tum
1016 2015 1097 2041 rebus
1108 2019 1273 2046 commotus.
1291 2019 1316 2042 et
1330 2015 1402 2050 quod
1416 2015 1538 2041 homines
1551 2016 1602 2041 iam
1616 2021 1672 2042 tum
1683 2024 1746 2042 con-

945 2052 1046 2079 iuratos
1061 2061 1124 2078 cum
1133 2052 1232 2087 gladiis
1244 2053 1271 2079 in
1283 2061 1409 2088 campum
1421 2053 1518 2079 deduci
1530 2062 1542 2079 a
1555 2053 1666 2079 Catilina
1678 2054 1745 2079 scie-

946 2089 1021 2121 bam,
1038 2089 1165 2116 descendi
1182 2090 1209 2116 in
1223 2098 1349 2125 campum
1365 2099 1426 2117 cum
1443 2090 1599 2116 firmissimo
1613 2090 1747 2125 praesidio

946 2126 1154 2154 fortissimorum
1166 2128 1285 2154 virorum
1294 2148 1300 2158 ,
1313 2133 1338 2154 et
1348 2136 1409 2154 cum
1422 2127 1467 2154 illa
1481 2128 1528 2154 lata
1542 2128 1696 2163 insignique
1709 2127 1746 2153 lo-

946 2165 1011 2195 rica,
1027 2174 1077 2191 non
1089 2173 1158 2200 quae
1170 2173 1212 2191 me
1223 2169 1334 2201 tegeret,
1353 2165 1460 2200 (etenim
1473 2165 1591 2191 sciebam
1604 2165 1745 2191 Catilinam

946 2211 997 2228 non
1010 2201 1079 2228 latus
1090 2206 1135 2228 aut
1147 2207 1280 2233 ventrem,
1299 2203 1346 2228 sed
1361 2208 1441 2237 caput
1457 2207 1482 2228 ct
1493 2202 1591 2228 collum
1604 2202 1687 2229 solere
1700 2211 1746 2237 pe-

946 2239 1021 2274 tere.)
1032 2248 1125 2266 verum
1138 2244 1167 2265 ut
1178 2248 1271 2266 omnes
1284 2240 1345 2266 boni
1357 2240 1608 2269 auimadverterent,
1617 2245 1744 2274 et,quum

945 2277 972 2302 in
985 2282 1056 2303 metu
1069 2282 1094 2303 ct
1105 2277 1226 2311 periculo
1235 2277 1374 2303 consulem
1389 2277 1518 2307 viden—nt,
1535 2277 1561 2303 id
1572 2277 1644 2312 quod
1656 2282 1695 2303 est
1708 2277 1744 2303 fa-

943 2318 1031 2345 ctum,
1054 2314 1087 2340 ud
1102 2323 1180 2348 opem
1198 2314 1418 2348 praesidiumque
1435 2323 1524 2340 meum
1546 2319 1742 2341 com-urrerem.

946 2352 1036 2386 ltaque
1047 2360 1132 2386 qutun
1146 2356 1184 2382 to,
1200 2351 1292 2381 Servi,
1309 2352 1489 2377 remissiorem
1505 2352 1530 2378 in
1542 2351 1656 2386 petendo
1668 2357 1744 2386 puta-

945 2394 1012 2419 rent,
1021 2388 1163 2415 Catilinam
1174 2393 1200 2414 et
1210 2397 1259 2422 spe
1270 2393 1294 2414 et
1305 2389 1451 2423 cupiditate
1464 2388 1656 2415 inflammatum
1671 2389 1745 2415 vidc—

945 2430 1015 2452 rent:
1037 2434 1144 2455 ouines,
1157 2426 1205 2460 qui
1218 2426 1290 2452 illam
1303 2426 1335 2452 ab
1347 2426 1483 2461 republica
1497 2431 1597 2461 pestem
1611 2426 1745 2461 depellere.

943 2464 1097 2497 cupiebant,
1107 2463 1138 2489 ad
1147 2463 1284 2489 Murenam
1296 2472 1324 2489 se
1336 2464 1424 2489 statim
1437 2464 1617 2490 ‹-0ntutorum.
1639 2466 1679 2490 553.
1689 2464 1744 2490 Ma—

943 2510 994 2535 gna
1011 2505 1052 2526 est
1068 2505 1156 2527 autem
1169 2501 1286 2527 comitiis
1297 2501 1486 2527 consularibus
1498 2502 1635 2536 repentina
1648 2501 1743 2528 volun-

944 2543 1027 2564 tatum
1044 2538 1193 2568 inclinatio,
1211 2539 1365 2573 praesertim
1379 2547 1463 2573 quium
1477 2539 1599 2565 incubuit
1609 2539 1641 2565 ad
1654 2540 1741 2565 virum

943 2576 1043 2601 bonum
1060 2580 1085 2602 et
1101 2575 1194 2602 multis
1209 2576 1269 2602 aliis
1285 2575 1448 2602 adiumentis
1461 2577 1595 2611 petitionis
1607 2583 1740 2603 oritanum.

942 2614 993 2645 Qui
1006 2622 1091 2648 quum
1104 2613 1294 2640 lionestissiuu)
1306 2618 1378 2647 patre
1389 2619 1469 2648 utque
1480 2614 1636 2643 maioribus,
1651 2614 1740 2640 mude-

942 2651 1060 2677 stissima
1077 2650 1269 2681 adolescentia,
1287 2651 1436 2677 clarissima
1455 2651 1599 2687 legatione,
1620 2657 1740 2686 pi·;u=tui·a

942 2688 1050 2723 probata
1063 2689 1089 2714 iu
1102 2689 1172 2719 iure,
1188 2693 1262 2724 grata
1275 2689 1299 2714 in
1313 2697 1437 2720 innitere,
1453 2694 1542 2716 oi‘nata
1555 2690 1580 2716 in
1593 2690 1738 2724 pruvincia,
