1941 3052
207 968 211 975 ’
253 971 377 997 adiuncta
389 975 428 996 est
439 968 590 1004 turpitudo;
605 968 673 994 addo
684 968 772 998 etiam,
785 977 870 1003 quum
883 976 912 994 ea
924 967 989 993 urbe
999 976 1043 993 ca·-

833 81 874 106 77.
907 80 940 105 ,it

262 86 310 110 *itu

256 155 364 181 etot-iani
378 155 523 180 born-rem:
543 152 690 178 maximum
703 155 790 176 auu-m
802 158 846 175 aes
857 149 976 175 atis-num
988 157 1045 175 am·

256 192 439 227 plissimorum
454 191 579 216 virorum.
596 188 666 219 Quid
679 186 804 221 quzmris‘!
814 186 881 212 nibil
895 187 956 212 boni
969 195 1044 220 prae-

256 235 294 255 ter
304 238 436 254 emissam.
472 228 544 258 Quat·
555 234 639 260 qumn
653 224 790 254 vidissem.
803 224 949 258 ‹la-sperans
962 223 1044 249 victo-

257 267 335 296 riam,
359 266 475 300 primum
496 263 571 297 von-pi
592 261 703 287 sumn-r«-
719 270 824 295 pacem,
847 261 926 286 cuius
943 260 1043 286 sueram

255 312 361 337 semper
376 307 478 331 aiu-tor:
495 299 606 329 ‹li-inde,
623 307 708 333 quum
725 298 758 324 ab
775 306 803 323 ca
820 298 950 323 sententia
967 297 1044 323 Pom-
1064 305 1065 311 ¹

256 341 333 374 peius
350 338 426 364 valde
444 337 610 366 abhorreret,
629 335 739 361 suadere
757 335 874 365 institui,
898 339 926 360 ut
943 333 1043 359 bellum

255 378 372 402 (luceret.
396 376 447 401 no«-
461 373 594 400 interdum
607 372 735 407 probabat
745 377 769 398 et
783 372 808 398 in
821 381 849 397 ea
861 372 990 397 sententia
1003 371 1044 396 vi·
1064 370 1065 402 l

254 414 367 439 ‹li-batur
379 412 474 441 tori-,et
485 410 580 437 suisset
592 410 710 439 sortasse,
720 410 771 435 nisi
782 409 897 443 quadam
910 417 1043 443 expugna

253 451 384 484 coepisset
395 449 452 474 suis
465 447 598 474 militibus
609 446 751 473 conlidi-re.
782 446 821 472 Ex
832 455 862 472 eo
874 451 990 480 tempore
1004 446 1044 471 vir

256 487 299 513 ille
314 495 438 512 suminus
455 485 546 511 nullus
559 485 700 518 imperator
711 483 770 510 suit.
811 483 906 518 Signa,
924 483 1008 508 tirone
1019 487 1044 508 et

253 524 395 550 collectitio
406 523 534 552 exercitu,
543 531 604 547 cum
614 521 766 556 legionibus
773 520 969 546 robustissimis
980 528 1044 545 con-

254 561 323 587 tulit.
359 561 461 590 Victus,
476 559 631 594 turpissime
643 558 750 584 amissis
762 558 840 584 etiam
853 558 956 587 castris,
970 556 1043 583 solus
1063 568 1065 578 ι

255 598 332 634 sugit.
373 600 398 623 3.
415 597 489 623 llunc
500 605 550 632 ego
561 596 627 622 mihi
640 595 703 621 belli
715 596 794 621 {inem
807 594 866 625 l'eci,
881 603 928 620 nec
939 595 1041 629 putavi,

252 644 338 670 quum
351 635 447 670 integri
459 642 536 669 pares
547 642 598 660 non
612 633 772 664 fuissemus,
786 632 881 658 fractos
892 632 1043 666 superiores

254 673 317 699 sore.
359 672 475 698 Discessi
489 671 523 698 ab
533 680 564 697 eo
580 670 663 701 bello,
682 671 708 696 in
720 678 774 705 quo
785 669 867 696 autin
880 669 935 695 acie
945 668 1044 695 caden-
1062 680 1064 696 t

252 710 317 736 dum
330 709 389 740 fuit,
403 714 448 736 aut
460 709 486 735 in
499 708 603 743 aliquas
615 707 726 734 insidias
739 706 922 737 incidendum,
936 711 981 732 aut
994 706 1043 731 de-

254 746 417 773 veniendum
433 747 459 772 in
478 746 586 772 victoris
602 753 710 773 manus.
731 749 776 770 aut
791 744 824 770 ad
839 744 932 770 lubam
947 742 1043 770 contu-

254 784 397 820 giendum,
415 788 460 810 aut
471 782 618 817 capiendus
635 787 770 816 tamquam
786 781 882 807 exsilio
898 780 984 811 locus,
998 784 1043 806 aut

252 821 442 848 consciscenda
455 829 524 847 mors
536 819 695 846 voluntaria.
735 818 810 845 Certe
825 818 892 844 nihil
905 818 955 844 l'uit
967 826 1043 853 prae-

254 864 332 889 tcrea,
345 859 368 885 si
382 863 404 885 te
419 858 512 884 victori
525 857 608 883 nolles
626 861 733 883 autnon
745 856 856 882 auderes
867 857 1041 882 committere.

254 897 292 923 Ex
303 896 430 922 omnibus
442 900 529 921 autem
542 895 589 925 iis,
602 902 671 929 quae
681 893 754 924 dixi,
771 893 947 919 incommodis
974 891 1041 919 nibil

253 933 419 960 tolerabilius
433 932 542 962 exsilio,
564 931 719 966 praesertim
736 931 882 957 innocenti:
907 931 953 956 ubi
969 929 1042 956 nulla
1062 933 1064 962 ¹,

254 1017 324 1039 reas,
347 1008 374 1034 in
385 1016 437 1042 qua
450 1006 517 1033 nibil
529 1007 572 1036 sit,
585 1005 657 1040 quod
670 1005 761 1032 videre
773 1006 860 1040 possis
872 1005 930 1031 sine
941 1004 1041 1030 dolore.

252 1046 308 1080 Ego
328 1053 390 1071 cum
412 1044 480 1070 meis
502 1043 535 1078 (si
555 1043 705 1078 quidquam
727 1051 798 1069 nunc
817 1043 978 1077 cuiusquam
995 1041 1043 1076 cst)

252 1084 333 1109 etiam
348 1082 374 1108 in
390 1082 458 1107 meis
473 1089 532 1107 esse
548 1080 640 1106 malui.
681 1080 753 1112 Quae
769 1080 936 1110 acciderunt,
953 1079 1043 1105 omnia
1062 1100 1065 1120 l

252 1119 310 1146 dixi
322 1119 420 1145 futura.
461 1119 485 1145 ά.
499 1118 565 1144 Veni
576 1117 696 1148 domum,
709 1126 760 1143 non
771 1126 826 1152 quo
836 1117 936 1152 optima
948 1117 1043 1142 viven-

252 1156 405 1183 diconditio
416 1160 499 1182 esset:
513 1155 561 1181 sed
573 1159 669 1185 tamen,
678 1155 701 1180 si
713 1159 783 1181 esset
793 1154 883 1189 aliqua
896 1153 978 1180 forma
990 1154 1043 1180 rei-

253 1193 387 1229 publicae,
401 1197 538 1227 tamquam
550 1192 576 1218 in
588 1192 672 1226 patria
684 1196 713 1218 ut
723 1200 824 1222 essem,
837 1192 861 1217 si
873 1191 960 1221 nulla,
975 1196 1043 1217 tam-

251 1239 333 1266 quam
355 1231 382 1256 in
404 1230 510 1256 exsilio.
550 1229 660 1255 Mortem
681 1229 748 1255 mihi
768 1238 816 1255 cur
838 1229 1040 1259 consciscerem,

251 1276 345 1295 caussa
357 1267 430 1293 nulla
442 1268 499 1293 visa
511 1271 563 1298 est,
576 1275 624 1292 cur
633 1271 760 1301 optarem,
774 1266 883 1292 multae.
910 1266 992 1292 Vetus
1003 1270 1043 1292 est

252 1305 338 1336 enim,
354 1307 397 1331 ubi
408 1313 457 1330 non
467 1307 503 1331 sis
513 1306 558 1338 qui
572 1306 664 1337 fueris,
682 1312 732 1330 non
746 1312 797 1330 esse
813 1312 860 1330 cur
874 1305 936 1329 velis
950 1306 1041 1329 vicere.

252 1342 305 1369 Sed
317 1347 405 1369 tamen
416 1349 509 1368 vacare
520 1340 608 1376 culpa,
623 1348 750 1376 magnum
762 1345 802 1367 est
812 1340 951 1367 solatium:
966 1348 1043 1375 prae-

251 1380 343 1406 sertim
354 1387 439 1414 quum
451 1378 564 1405 habeam
575 1378 642 1405 duas
654 1386 704 1409 res,
718 1378 820 1413 quibus
830 1386 872 1404 me
883 1382 1040 1408 sustentem,

251 1418 414 1452 optimarum
434 1417 531 1442 artium
552 1416 692 1442 scientiam
712 1420 738 1442 et
758 1416 938 1442 maximarum
953 1423 1042 1441 rerum

251 1454 377 1490 gloriam:
391 1462 506 1488 quarum
513 1453 593 1479 altera
600 1453 668 1479 mihi
679 1453 742 1479 vivo
748 1461 896 1488 numquam
902 1453 1040 1487 eripietur,

251 1491 332 1518 altera
344 1499 376 1517 ne
387 1495 491 1517 mortuo
502 1490 623 1525 quidem.
663 1492 688 1517 5.
711 1491 779 1517 Haec
793 1490 826 1517 ad
836 1495 861 1517 te
872 1490 969 1524 scripsi
981 1498 1042 1515 ver-

252 1529 345 1555 bosius
360 1532 386 1554 et
399 1528 450 1554 tibi
465 1527 594 1554 molestus
610 1527 662 1558 fui,
685 1527 758 1562 quod
769 1532 794 1554 te
804 1536 890 1562 quum
902 1527 969 1558 mei,
985 1531 1042 1553 tum

252 1565 416 1600 reipublicae
426 1565 539 1600 cognovi
551 1565 777 1591 amantissimum.
798 1565 896 1591 Notum
908 1564 1041 1590 tibiomne

251 1611 342 1630 meum
363 1602 508 1629 consilium
528 1610 586 1628 esse
608 1601 695 1633 volui,
718 1606 748 1628 ut
767 1603 886 1637 primum
900 1602 984 1628 scires
1000 1609 1041 1627 me

251 1648 399 1674 numquam
411 1639 528 1665 voluisse
540 1638 602 1674 plus
611 1647 776 1674 quemquam
787 1647 875 1674 posse,
887 1647 969 1674 quam
980 1639 1042 1664 uni-

251 1685 355 1703 versam
376 1676 585 1711 rempublicam:
608 1680 698 1711 postea
716 1681 805 1703 autem
824 1684 906 1711 quam
926 1675 1041 1702 alicuius

250 1713 329 1748 culpa
341 1718 443 1740 tantum
455 1713 554 1740 valeret
565 1722 650 1745 unus,
667 1718 697 1740 ut
709 1713 805 1740 obsisti
817 1722 868 1740 non
880 1718 982 1748 posset,
999 1721 1041 1738 me

251 1750 369 1777 voluisse
384 1759 491 1785 pacem:
513 1751 613 1777 amisso
628 1751 747 1777 exercitu
764 1755 789 1777 et
804 1758 834 1776 eo
848 1750 930 1781 duce,
948 1750 976 1776 in
987 1758 1041 1784 quo

250 1796 312 1823 spes
325 1787 408 1814 tuerat
419 1796 485 1818 uno,
503 1796 545 1813 me
556 1787 674 1814 voluisse
685 1788 764 1814 etiam
775 1787 888 1822 reliquis
898 1787 1038 1814 omnibus:
1061 1790 1063 1795 ⁴

251 1830 392 1860 postquam
404 1833 456 1851 non
467 1824 685 1859 potuerim,mihi
697 1825 750 1859 ipsi
762 1824 842 1850 finem
855 1824 949 1851 fecisse
961 1824 1038 1850 belli:

252 1870 322 1888 nunc
338 1866 441 1892 autem,
464 1861 487 1887 si
504 1861 569 1888 haec
582 1862 677 1888 civitas
691 1866 744 1892 est,
766 1862 854 1888 civem
870 1870 928 1888 esse
940 1870 994 1893 me,
1017 1861 1040 1887 si
1061 1884 1063 1887 .

251 1907 316 1929 non,
333 1898 455 1925 exsulem
468 1906 526 1924 esse
541 1907 592 1924 non
610 1898 819 1925 incommodiore
836 1898 904 1930 loco,
924 1907 1005 1934 quam
1017 1899 1040 1924 si
1068 1901 1069 1916 ¹

251 1936 374 1962 Rhodum
389 1940 435 1962 aut
445 1935 586 1971 Mitylenas
601 1936 784 1962 contulissem.
826 1938 850 1962 6.
872 1937 941 1962 Haec
952 1941 1039 1962 tecum

249 1982 338 2000 coram
354 1972 513 1999 malueram:
536 1972 583 1998 sed
598 1973 663 2008 quia
675 1973 781 2009 longius
793 1973 885 2004 fiebat,
908 1972 982 2000 volui
994 1981 1040 2007 per

251 2010 350 2037 litteras
361 2010 467 2042 eadem:
482 2014 510 2036 ut
521 2009 643 2041 haberes,
655 2010 722 2045 quid
733 2010 846 2041 diceres,
859 2010 1001 2045 siquando
1013 2011 1039 2036 in
1060 2018 1062 2032 1

249 2048 442 2082 vituperatores
455 2055 527 2073 meos
538 2047 690 2074 incidisses.
711 2047 779 2074 Sunt
788 2048 870 2078 enim,
883 2048 940 2083 qui,
954 2056 1039 2082 quum

250 2093 326 2110 meus
334 2085 456 2111 interitus
467 2083 535 2110 nihil
547 2083 625 2111 fuerit
637 2085 802 2119 reipublicae
813 2084 978 2119 profuturus,
987 2085 1040 2110 cri-
1067 2093 1069 2108 :

249 2122 331 2147 minis
343 2121 399 2148 loco
409 2126 504 2156 putent
514 2130 582 2152 esse,
595 2121 666 2156 quod
678 2123 778 2149 vivam.
806 2122 911 2154 Quibus
923 2130 972 2157 ego
981 2130 1040 2148 cer·
1060 2149 1061 2158 ἵ

249 2164 275 2186 ιο
285 2159 341 2185 scio
352 2167 404 2185 non
415 2158 502 2184 videri
513 2159 578 2185 satis
589 2159 687 2186 multos
698 2160 813 2194 perisse:
827 2160 888 2194 qui,
902 2159 926 2185 si
938 2168 980 2185 me
991 2168 1040 2185 au-

249 2195 365 2226 dissent,
387 2196 512 2230 quamvis
529 2196 621 2230 iniqua
637 2205 710 2231 pace,
733 2196 842 2223 honeste
859 2201 946 2223 tamen
962 2197 1040 2222 vive·
1060 2214 1061 2220 ,

249 2237 320 2260 rent:
334 2233 416 2259 armis
427 2233 498 2259 enim
512 2232 660 2265 inferiores,
672 2242 725 2260 non
736 2242 831 2260 caussa
842 2233 966 2260 fuissent.
989 2234 1040 2260 Ha-
1066 2239 1068 2255 Ι

249 2270 297 2296 bes
321 2269 461 2305 epistolam
487 2270 667 2297 verbosiorem
692 2270 816 2301 fortasse,
842 2279 924 2306 quam
944 2270 1038 2297 velles.

249 2307 326 2339 Quod
343 2307 393 2334 tibi
408 2308 443 2333 ita
459 2307 545 2334 videri
559 2308 673 2342 putabo,
690 2309 744 2334 nisi
759 2308 827 2334 mihi
839 2307 986 2343 longiorem
997 2316 1040 2334 re-

250 2345 367 2371 miseris.
406 2345 476 2380 Ego,
492 2346 529 2376 si,
544 2353 613 2380 quae
624 2345 697 2377 volo,
714 2345 871 2380 expediero,
884 2345 960 2372 brevi
971 2349 1040 2372 tem-

251 2390 312 2416 pore
324 2386 358 2413 te,
371 2387 400 2408 ut
410 2390 497 2416 spero,
510 2382 618 2409 videbo.

303 2450 341 2470 tv.
359 2451 434 2471 ΑΒΘ.
452 2451 477 2472 ln
488 2451 644 2479 Pompeianum
655 2458 679 2472 se
685 2454 801 2472 venturum
812 2451 905 2472 nuntiat

414 2488 443 2510 (ln
453 2488 542 2508 Cuuinno,
553 2489 629 2506 cat-ure
639 2489 672 2506 tll.
682 2489 756 2512 Lepido
767 2495 812 2506 cons·
824 2490 878 2509 708.)

419 2530 454 2556 M.
476 2531 506 2557 T.
527 2531 556 2558 C.
579 2531 608 2558 S.
628 2532 658 2558 D.
680 2531 716 2557 M.
737 2530 868 2558 MARIO.
1059 2553 1061 2564 ,

308 2565 345 2591 Λ,
357 2565 385 2592 d.
398 2574 435 2592 ιΧ.
449 2567 506 2594 Kal.
523 2569 550 2594 in
566 2568 717 2595 Cumanum
732 2568 795 2594 veni
810 2577 871 2594 cum
882 2569 983 2595 Libone
995 2573 1039 2595 tuo

254 2601 295 2627 vel
307 2607 395 2629 nostro
405 2604 503 2637 potius.
539 2606 567 2635 ln
579 2606 771 2640 Pompeianum
782 2606 871 2632 statim
882 2606 978 2641 cogito,
991 2604 1040 2631 sed
1066 2616 1068 2629 τ

973 79 1002 105 Τ.
1033 79 1306 105 thtzttoxts

1070 627 1071 642 1
1094 616 1173 641 etiam
1187 615 1212 641 in
1227 615 1273 644 iis,
1289 623 1357 649 quae
1369 614 1400 640 ad
1414 623 1486 640 meos
1498 615 1639 649 pertinent.

1063 670 1065 675 >
1093 653 1252 687 cogitaram,
1274 660 1447 686 quocumque
1463 652 1578 681 exirem.
1602 660 1706 678 mecum
1722 651 1833 680 ducere,
1857 656 1885 677 ut

1070 811 1071 814 ¹
1094 810 1151 827 mea
1167 800 1299 835 quaedam
1316 800 1364 826 tibi
1381 810 1432 826 non
1450 801 1537 833 ignota
1552 800 1684 826 dubitatio
1698 805 1743 826 aut
1755 799 1884 834 impedire
1916 805 1924 811 ·

1070 877 1071 887 ¹
1093 875 1158 910 quid
1181 875 1248 901 mibi
1269 875 1443 909 sumpserim.

1068 1744 1070 1749 ν
1091 1729 1163 1765 quod
1175 1728 1305 1755 familiam
1316 1728 1391 1754 ducit
1401 1729 1429 1754 in
1441 1728 1498 1754 iure
1509 1727 1599 1758 civili,
1620 1726 1767 1762 singularis
1781 1735 1884 1754 memo-

1062 1779 1063 1786 *
1092 1768 1144 1797 ria,
1165 1774 1272 1792 summa
1286 1766 1408 1792 scientia.

1061 1967 1062 1971 =
1093 1952 1228 1979 bominem
1244 1951 1294 1978 tibi
1309 1952 1344 1977 ita
1361 1951 1434 1977 trado
1448 1950 1482 1977 de
1498 1959 1580 1977 manu
1590 1951 1629 1985 (ut
1639 1950 1724 1984 aiunt)
1734 1950 1761 1976 in
1772 1957 1883 1976 manum
1920 1962 1921 1966 =

1060 1999 1062 2010 ε
1092 1995 1164 2016 tuam
1181 1990 1260 2015 istam
1275 1993 1300 2015 et
1315 1989 1427 2015 victoria
1442 1993 1467 2014 et
1483 1987 1535 2014 fide
1552 1992 1740 2022 praestantem.
1780 1986 1919 2019 Sumusg

1066 2220 1068 2230 ι
1091 2213 1230 2240 exsequendo
1241 2211 1336 2233 consilio
1347 2212 1384 2232 det
1393 2218 1489 2238 operam.

1097 149 1191 175 tar-inm
1212 154 1271 175 unte
1287 154 1311 174 te
1326 150 1474 175 certiorem.
1515 149 1550 176 Te
1565 157 1649 184 quum
1670 157 1776 184 semper
1797 148 1884 175 valere

1095 187 1183 220 cupio.
1197 191 1252 211 tum
1265 191 1343 215 certe,
1355 186 1420 211 dum
1433 186 1476 212 bic
1486 195 1590 212 sumus.
1613 186 1692 212 Vides
1703 188 1785 216 enim,
1797 195 1884 221 quan·
1920 192 1923 194 ’

1096 228 1120 249 to
1132 228 1190 257 post
1203 231 1253 248 tina
1266 223 1349 249 futuri
1360 223 1456 249 simus.
1481 223 1577 255 Quare.
1591 223 1696 258 siquod
1708 224 1883 250 constitutum

1094 269 1156 285 vum
1172 260 1287 294 [unlagra
1305 260 1400 289 babes,
1419 259 1459 286 tac
1474 265 1503 286 ut
1523 261 1549 286 in
1570 260 1652 286 alium
1673 260 1744 286 diem
1765 260 1882 286 differas.

1095 298 1162 322 Cura
1176 297 1270 332 igitur,
1285 302 1313 323 ut
1325 297 1426 327 valeas,
1440 302 1465 323 et
1477 306 1518 323 me
1530 297 1578 324 boc
1590 298 1672 324 biduo
1682 303 1727 324 aut
1737 297 1825 324 triduo
1836 306 1884 324 ex-

1095 339 1194 369 specta.

1149 412 1174 431 V.
1195 412 1210 431 <l
1221 412 1271 431 ΚΩ.
1291 412 1315 431 (“.
1328 411 1457 431 Trou-auim-
1469 411 1560 431 're-u-
1571 410 1645 431 tcm—
1660 411 1749 432 (Ἴωσιν-ἱ
1761 411 1884 432 Gallim·
1924 439 1925 442 Ἴ

1095 452 1182 473 pror-n.
1200 447 1341 466 commend-t.
1371 449 1456 468 ‹nv-mu,
1467 448 1557 468 Dumium,
1569 449 1619 470 App.
1631 449 1711 465 Pulchro
1722 455 1768 466 um.
1780 450 1832 468 ται,

1195 498 1338 525 ClCERO
1358 498 1777 526 S.D.CAESA1111MPER.

1150 542 1173 566 4.
1198 536 1285 570 Vide,
1303 548 1384 574 quam
1397 540 1464 566 mibi
1475 541 1668 574 persuaserim.
1687 545 1710 566 te
1723 548 1764 566 me
1775 548 1834 566 esse
1845 540 1885 566 al·
1919 544 1927 566 ς

1095 583 1190 607 terum.
1204 586 1254 604 non
1268 577 1345 603 modo
1358 578 1383 603 in
1397 577 1438 603 bis
1450 577 1539 607 rebus,
1551 586 1620 612 quae
1631 577 1663 603 ad
1676 586 1717 603 me
1730 578 1828 611 ipsum,
1837 576 1884 603 sed

1679 615 1708 641 C.
1730 614 1883 640 Trebatium
1911 630 1914 639 .

1093 698 1155 715 eum
1186 689 1252 715 meis
1263 689 1390 715 omnibus
1401 688 1512 719 studiis.
1530 689 1668 715 beneflciis
1678 697 1759 723 quam
1770 689 1885 714 ornatis-
1912 711 1913 714 ,

1093 727 1193 753 simum
1205 726 1315 752 domum
1327 726 1491 752 reducerem.
1522 725 1574 752 Sed
1587 731 1760 760 posteaquam
1770 731 1796 751 et
1807 726 1885 751 Pom-

1093 764 1147 799 peii
1167 764 1339 790 commoratio
1357 763 1509 789 diuturnior
1525 768 1593 793 erat,
1616 772 1697 798 quam
1714 768 1844 798 putaram.
1859 767 1885 788 et

1094 837 1283 873 prosectionem
1297 846 1382 863 meam
1395 837 1537 864 videbatur
1547 842 1666 863 autcerte
1679 837 1795 863 tardare:
1811 836 1882 864 vide.

1482 875 1563 909 Coepi
1580 874 1661 903 velle.
1684 883 1713 900 ea
1730 874 1883 900 Trebatium

1093 917 1247 947 exspectare
1258 921 1272 938 a
1285 917 1317 942 te,
1333 921 1402 946 quae
1413 917 1546 946 sperasset
1557 921 1570 938 a
1582 921 1633 937 me.
1675 912 1766 946 Neque
1779 910 1885 937 meber-
1912 934 1917 938 .

1093 949 1152 976 cule
1165 950 1254 976 minus
1265 950 1289 975 ci
1301 949 1404 983 prolixe
1415 949 1447 974 de
1459 954 1502 975 tua
1515 948 1648 975 voluntate
1660 949 1786 983 promisi,
1802 956 1884 982 quam

1093 996 1165 1013 eram
1177 986 1272 1012 solitus
1283 986 1316 1012 de
1329 995 1386 1012 nica
1398 986 1528 1020 polliceri.
1569 987 1593 1012 Ξ.
1615 986 1699 1012 Casus
1716 994 1778 1011 vero
1789 985 1885 1011 mirili-

1093 1033 1141 1051 cus
1152 1024 1262 1059 quidam
1276 1024 1514 1058 intervenit‚quasi
1527 1022 1567 1049 vel
1579 1023 1653 1049 testis
1663 1023 1799 1057 opinionis
1811 1029 1886 1048 meae
1920 1030 1921 1034 ¹

1095 1061 1136 1087 vel
1157 1070 1270 1096 sponsor
1290 1061 1465 1087 humanitatis
1485 1065 1554 1086 tuae.
1595 1060 1661 1086 Nam
1681 1067 1766 1094 quum
1786 1058 1819 1085 de
1835 1058 1885 1085 boc

1095 1100 1153 1133 ipso
1168 1098 1291 1124 Trebatio
1306 1106 1367 1123 cum
1384 1097 1466 1124 Balbo
1484 1102 1573 1123 nostro
1593 1096 1715 1132 loquerer
1734 1096 1885 1122 accuratius
1908 1095 1909 1098 ’

1093 1136 1167 1162 domi
1179 1144 1262 1165 meae,
1272 1134 1372 1161 litterae
1384 1134 1451 1160 mihi
1462 1134 1560 1160 dantur
1570 1142 1584 1160 a
1596 1139 1634 1160 te:
1648 1133 1749 1168 quibus
1759 1134 1785 1159 in
1797 1138 1886 1160 extre·
1906 1147 1915 1158 ο

1095 1174 1146 1199 mis
1161 1173 1292 1207 scriptum
1308 1177 1375 1198 erat:
1393 1172 1428 1198 M.
1441 1172 1547 1205 Orfium,
1560 1180 1633 1204 quem
1644 1173 1705 1197 mihi
1716 1173 1882 1201 comenda-5,
1907 1188 1910 1189 ν

1095 1212 1133 1237 rel
1143 1219 1225 1243 reqem
1238 1210 1339 1235 Galliae
1349 1212 1452 1242 sociam,
1465 1210 1504 1235 ee!
1516 1210 1582 1234 hunc
1593 1209 1685 1242 Leptae
1695 1210 1790 1241 deleqa,
1802 1210 1825 1234 εἰ
1835 1210 1882 1234 ris.

1097 1248 1131 1273 Tu
1143 1250 1224 1273 adme
1233 1248 1313 1272 atium
1324 1249 1400 1273 mitte.
1411 1255 1483 1280 quem
1494 1255 1587 1272 omem.
1611 1244 1777 1272 Sustulimus
1788 1253 1884 1270 manus
1906 1246 1915 1269 '.

1093 1290 1119 1311 et
1134 1292 1183 1319 ego
1197 1288 1223 1310 et
1237 1283 1346 1310 Balbus.
1387 1283 1468 1310 Tanta
1484 1282 1535 1309 tuit
1549 1283 1747 1317 opportunitas,
1769 1287 1797 1308 ut
1817 1281 1884 1308 illud
1901 1291 1922 1303 «a

1094 1322 1184 1348 nescio
1195 1320 1281 1356 quod,
1303 1329 1355 1347 nou
1368 1319 1520 1351 fortuitum,
1541 1320 1588 1346 sed
1600 1319 1724 1346 divinum
1738 1318 1882 1345 videretur.

1094 1359 1168 1385 Mitto
1179 1358 1262 1393 igitur
1272 1357 1305 1384 ad
1316 1362 1340 1384 te
1352 1357 1516 1388 Trebatium,
1528 1362 1607 1392 atque
1619 1357 1654 1383 ita
1664 1357 1753 1387 mitto,
1767 1361 1795 1382 ut
1806 1356 1884 1382 initio

1094 1405 1152 1422 mea
1163 1400 1266 1430 sponte,
1274 1399 1334 1430 post
1344 1400 1433 1421 autem
1446 1395 1559 1421 invitatu
1571 1399 1616 1420 tuo
1626 1393 1786 1420 mittendum
1797 1393 1885 1420 dux&

1094 1434 1155 1459 rim.
1196 1434 1220 1458 3.
1243 1433 1331 1463 Hunc,
1346 1432 1382 1458 mi
1394 1432 1502 1462 Caesar,
1515 1432 1554 1457 sic
1565 1430 1646 1457 velim
1660 1431 1734 1457 omui
1745 1435 1788 1457 tua
1799 1430 1884 1457 comi-

1093 1475 1144 1497 tate
1155 1469 1340 1504 complectare,
1356 1474 1384 1495 ut
1394 1469 1493 1499 omnia,
1509 1477 1578 1504 quae
1589 1476 1636 1503 per
1646 1476 1688 1494 me
1698 1468 1787 1502 possis
1797 1467 1884 1494 addu-
1919 1477 1923 1480 ·

1093 1508 1126 1538 ci,
1141 1507 1206 1533 utin
1219 1515 1292 1533 meos
1303 1505 1423 1532 conferre
1435 1505 1517 1536 velis,
1535 1506 1561 1531 in
1575 1514 1657 1532 unum
1670 1505 1742 1531 hunc
1751 1504 1882 1531 conferas.
1904 1525 1906 1530 .

1093 1545 1128 1571 De
1139 1553 1193 1579 quo
1208 1544 1258 1570 tibi
1275 1544 1382 1570 homine
1398 1543 1463 1569 baec
1473 1542 1591 1578 spondeo
1603 1551 1655 1569 non
1666 1542 1713 1568 illo
1724 1547 1812 1568 vetere
1823 1550 1885 1568 ver-

1093 1582 1127 1608 bo
1138 1589 1207 1611 meo,
1219 1580 1302 1615 quod.
1310 1589 1395 1615 quum
1405 1579 1438 1606 ad
1450 1584 1474 1606 te
1485 1580 1518 1606 de
1527 1579 1625 1606 Milone
1637 1579 1816 1613 scripsissem,
1825 1579 1884 1605 iure

1093 1618 1195 1648 lusisti,
1218 1617 1265 1644 sed
1281 1625 1354 1643 more
1369 1617 1499 1647 Romano,
1521 1625 1576 1651 quo
1591 1616 1670 1642 modo
1687 1616 1810 1642 homines
1830 1624 1883 1642 non
1904 1621 1920 1652 ¹¹.

1093 1656 1176 1690 inepti
1189 1654 1348 1689 loquuntur,
1364 1654 1516 1689 probiorem
1527 1653 1678 1684 hominem,
1692 1652 1829 1679 meliorem
1842 1653 1884 1679 vi·
1900 1655 1907 1676 '-

1092 1701 1165 1723 rum,
1188 1691 1373 1726 pudentiorem
1393 1699 1453 1717 esse
1475 1691 1621 1717 neminem.
1661 1689 1772 1716 Accedit
1791 1690 1881 1721 etiam,
1904 1698 1905 1703 ¹

1447 1765 1515 1791 Huic
1529 1773 1578 1800 ego
1597 1773 1684 1799 neque
1705 1763 1882 1795 tribunatum,
1920 1772 1924 1782 r

1092 1812 1179 1838 neque
1191 1802 1384 1838 praefecturam
1396 1810 1483 1837 neque
1495 1801 1578 1828 ullius
1589 1801 1714 1828 beneficii
1723 1805 1825 1828 certum
1835 1809 1885 1828 no·
1902 1807 1922 1834 12¹¹

1092 1850 1153 1867 men
1164 1845 1237 1875 peto:
1261 1839 1475 1866 benevolentiam
1486 1844 1559 1866 tuam
1570 1844 1595 1865 et
1610 1837 1796 1865 liberalitatem
1807 1843 1880 1873 peto:
1915 1860 1918 1866 ,

1092 1886 1178 1913 neque
1192 1877 1380 1912 impedio.quo
1391 1877 1491 1907 minus,
1507 1877 1531 1902 si
1541 1876 1592 1902 tibi
1604 1876 1638 1902 ita
1649 1875 1789 1910 placuerit,
1802 1876 1884 1902 etiam
1904 1883 1923 1895 ¹*

1092 1915 1166 1941 hisce
1176 1923 1238 1940 eum
1249 1922 1326 1941 ornes
1338 1913 1465 1950 gloriolae
1476 1913 1644 1949 insignibus:
1667 1918 1751 1939 totum
1765 1912 1884 1948 deniquo
1900 1915 1914 1931 *²

1091 2027 1163 2053 enim
1178 2025 1371 2061 putidiusculi‚
1389 2033 1553 2060 quamquam
1567 2033 1616 2060 per
1631 2029 1655 2051 te
1670 2025 1718 2051 vix
1738 2023 1812 2050 licet:
1835 2031 1883 2050 ve-
1902 2017 1921 2057 ,4

1091 2072 1164 2095 rum,
1183 2067 1212 2090 ut
1226 2063 1319 2094 video,
1337 2062 1438 2089 licebit.
1477 2062 1561 2094 Cura,
1578 2067 1609 2089 ut
1619 2061 1722 2092 valeas,
1739 2066 1764 2088 et
1779 2069 1836 2092 me,
1852 2065 1883 2088 ut
1903 2061 1921 2102 ἔ,

1090 2109 1174 2132 amas,
1186 2109 1255 2127 ama.
1904 2107 1919 2116 .-

1141 2178 1180 2199 Vl.
1197 2178 1273 2198 Ano.
1291 2176 1423 2198 Trebatium
1433 2176 1545 2201 hortatur,
1555 2179 1580 2197 ut
1594 2179 1680 2196 maneat
1694 2175 1718 2196 in
1732 2175 1845 2203 provintia
1859 2177 1884 2196 ec
1914 2202 1921 2204 ὴ

1255 2250 1343 2272 (Rom-e.
1353 2249 1444 2268 Domino,
1453 2248 1506 2271 App.
1517 2246 1600 2265 Pulchro
1610 2253 1656 2264 tw.
1667 2248 1718 2267 700„

1251 2299 1394 2328 CICERO
1413 2299 1441 2326 S.
1460 2300 1490 2325 D.
1512 2297 1716 2325 TREBATIO.

1149 2345 1170 2370 t.
1192 2339 1225 2370 In
1236 2343 1364 2370 omnibus
1377 2342 1446 2368 meis
1461 2340 1596 2376 epistolis,
1612 2348 1680 2374 quas
1693 2339 1728 2366 ad
1738 2339 1877 2367 Caesarem
1895 2372 1898 2374 .

1090 2385 1135 2408 aut
1150 2380 1183 2407 ad
1195 2380 1308 2407 Balbum
1324 2380 1412 2410 mitto,
1430 2378 1549 2414 legitima
1563 2376 1695 2411 quaedam
1711 2381 1752 2403 est
1761 2377 1906 2403 accessio

1089 2417 1329 2445 commendationis
1340 2421 1410 2447 tuae,
1418 2424 1467 2442 nec
1477 2423 1507 2441 ea
1519 2413 1648 2449 vulgaris.
1657 2413 1704 2440 sed
1715 2422 1778 2440 cum
1787 2413 1883 2449 aliquo

1090 2456 1191 2491 insigni
1206 2455 1307 2481 indicio
1322 2462 1396 2480 meae
1409 2461 1470 2488 erga
1482 2457 1506 2478 te
1516 2450 1727 2478 benevolentiae.
1766 2451 1807 2477 Tu
1820 2446 1899 2477 mo-c'

1089 2493 1124 2519 do
1138 2492 1253 2527 ineptias
1268 2492 1333 2518 istas
1347 2496 1373 2517 et
1386 2489 1519 2516 desideria
1529 2487 1609 2515 Urbis
1624 2493 1650 2514 et
1660 2488 1819 2514 urbanitatis
1829 2487 1879 2514 de-
1907 2507 1909 2509 .

1089 2538 1171 2564 pone,
1189 2534 1228 2559 et,
1244 2537 1298 2564 quo
1311 2527 1424 2554 consilio
1438 2525 1573 2561 profectus
1588 2533 1630 2555 es.
1646 2525 1675 2551 id
1685 2524 1840 2551 assiduitate
1850 2526 1898 2561 et&

1090 2567 1187 2593 virtute
1207 2573 1380 2600 consequere.
1419 2564 1473 2590 Hoc
1492 2562 1542 2589 tibi
1564 2567 1618 2588 tam
1638 2563 1808 2598 ignoscemus
1828 2568 1907 2597 noo-2.

1089 2604 1178 2634 amici,
1190 2611 1272 2638 quam
1283 2603 1444 2638 ignoverunt
1453 2599 1569 2629 Medeae.
1895 2605 1899 2609 ’
