1941 3052
232 145 294 168 toto

231 214 380 241 honestum,
389 212 460 247 quud
469 211 595 245 populare
606 211 649 241 sit,
660 212 764 240 sentiat,
778 215 803 236 et
815 212 872 236 uine
884 219 914 236 eo
928 212 1023 236 iucun-

229 251 261 276 ιΙι·
278 255 355 283 neget
371 250 424 275 vixi
442 258 532 282 posse:
556 253 601 274 nut
616 248 765 282 quidquam
785 247 858 273 uliud
881 248 1022 274 honestum

231 287 374 320 intelligat,
392 287 443 311 nisi
455 285 526 319 quod
538 286 572 310 sit
585 290 685 310 rectum
700 286 843 319 ipsumque
856 294 902 319 per
913 294 955 314 se,
975 293 1022 309 suu

231 325 265 354 vi,
279 333 326 349 sun
341 328 445 352 natura,
462 331 510 348 sua
524 327 617 356 sponte
631 322 775 348 laudabile.
818 322 886 347 xvt.
909 324 950 347 5¹.
974 322 1023 347 lta-

229 370 290 396 que,
304 361 444 394 Torquate,
457 368 541 393 quum
554 359 666 389 ‹lic-eres,
679 359 958 393 elanmrelipieurum,
972 368 1023 385 non

230 406 306 432 posse
320 396 435 422 ius—unde
449 397 503 422 vivi
513 417 518 426 ,
537 397 588 422 nisi
607 396 715 422 honeste
731 401 756 422 et
770 397 905 430 sapienter
918 402 943 422 et
956 397 1023 421 iuste

231 436 378 463 viveretur,
398 438 423 459 ιιι
443 434 499 467 ipse
512 433 578 459 mihi
590 433 698 468 gloriari
711 433 847 459 videbare.
888 434 969 459 Tanta
983 434 1023 458 vis

230 473 313 498 int-rat
325 471 350 496 in
364 470 463 501 verbis,
478 475 584 505 propter
594 479 685 496 earum
699 479 874 504 ι·οι·ιιιιι,(μιειι.ι
886 470 1024 505 significu-

230 509 325 534 Ιιιιιιιιιιη
337 508 379 533 his
393 507 667 542 verhiffidignitatem,
677 512 705 534 ut
715 507 791 534 altior
804 508 889 538 lieres,
903 512 931 533 ut
943 508 1024 533 inter-

228 546 292 572 ‹lum
307 545 452 574 insisteres,
462 550 491 571 ut
502 554 549 571 nos
563 546 765 579 intuens,qunsi
778 545 957 574 testificarere,
967 544 1024 570 lau-

228 583 285 609 ‹lari
304 582 467 608 honestatem
484 586 509 608 et
529 583 659 608 iustitiam
680 582 826 616 aliquando
848 582 880 608 ab
897 582 1022 616 Epicuro.

228 622 313 653 Quam
327 624 351 646 te
361 619 474 646 decebat
485 620 518 646 iis
534 619 625 646 verbis
642 621 694 649 uti,
711 620 813 654 quihus
830 620 851 645 si
869 619 1022 654 philosophi

229 667 279 684 non
302 662 451 687 uterentur.
475 656 646 691 philosophia
667 657 776 683 omnino
798 665 848 682 non
867 665 1021 690 egerenius;

228 696 340 721 istorum
357 695 429 720 enim
446 694 589 721 verborum
603 702 705 724 amore,
725 702 794 728 quae
811 702 918 728 perraro
932 693 1024 728 appel-

230 732 317 759 lantur
328 731 361 757 ab
372 732 501 766 Epicure,
519 732 681 766 sapientiae,
700 730 876 761 fortitudinis,
895 731 1021 760 iustitiae.

229 770 427 804 temperantiae,
437 769 676 804 praestantissimis
689 769 805 803 ingeniis
817 768 940 795 homines
951 776 979 794 se
991 767 1022 793 ad

229 806 417 842 philosophiae
429 806 549 833 studium
562 806 742 832 contulerunt.

285 845 327 871 52.
349 843 508 874 Oculorum,
531 845 620 878 inquit
637 843 722 874 Plato,
739 843 821 869 estin
839 842 916 869 nobis
927 851 1024 869 sensus

229 882 390 908 acerrimus:
404 881 506 916 quibus
517 882 676 916 sapientiam
690 889 740 907 non
752 881 899 906 cernimus.
922 890 933 903 n
942 881 1023 912 Quam

228 921 276 945 illa
289 921 408 945 ardentes
422 928 521 945 amores
540 921 666 946 excitaret
681 921 733 946 sui.
755 921 778 943 si
793 919 951 944 ridereturl«
971 918 1025 943 Cur

228 955 354 983 tandem?
369 965 402 982 nn
417 956 489 991 quod
502 957 536 983 ita
547 955 644 982 callida
656 960 708 985 est,
728 959 756 981 ut
771 955 871 989 optime
888 955 972 989 possit
983 964 1024 980 ar-

229 993 366 1020 chitectari
378 993 546 1028 voluptates?
565 994 620 1020 Cur
631 993 732 1019 iustitia
746 992 886 1018 laudatur?
896 997 941 1018 aut
953 991 1024 1018 unde

228 1036 269 1057 est
279 1031 329 1057 hoc
339 1031 482 1057 contritum
495 1035 624 1058 vetustate
636 1029 828 1065 proverbium?
837 1032 940 1063 quicum
953 1033 978 1055 in
988 1035 1025 1055 tf·-

229 1070 323 1094 nebri's.
365 1068 417 1094 lloc
429 1068 532 1095 dictum
544 1069 570 1094 in
583 1076 635 1094 una
648 1075 688 1097 re,
708 1066 838 1093 latissime
849 1072 933 1102 patet:
958 1071 986 1093 ιιι
998 1067 1023 1092 in

227 1105 355 1132 omnibus
368 1104 443 1131 factis
455 1114 490 1136 re,
504 1114 556 1132 non
568 1110 633 1132 teste
644 1113 808 1131 moveamur.

283 1144 324 1168 53.
347 1142 416 1169 Sunt
427 1143 498 1169 enini
513 1143 581 1169 levia
593 1147 618 1168 et
629 1142 797 1176 pen-infirma,
814 1150 883 1176 quae
895 1140 1026 1167 diceban—

229 1185 272 1206 tur
283 1189 295 1205 u
309 1184 347 1210 te,
364 1188 449 1214 quum
466 1181 548 1206 animi
560 1180 724 1206 conscientia
736 1179 873 1213 improbos
885 1179 1025 1205 excrucia-

229 1217 249 1243 ri
261 1238 265 1247 .
283 1222 339 1243 tum
351 1217 430 1243 etiam
443 1226 543 1252 poenae
555 1218 662 1244 timore:
680 1225 733 1251 qna
745 1221 790 1242 aut
801 1215 966 1247 afficiantur,
979 1220 1025 1242 aut

228 1262 335 1288 semper
346 1255 399 1280 sint
411 1255 436 1280 in
453 1259 538 1286 metu,
557 1263 589 1280 ne
604 1253 757 1280 afficiantur
772 1253 925 1287 aliquando.
966 1253 1024 1279 Non

228 1296 331 1327 oportet
345 1291 486 1322 timidum,
504 1297 550 1318 aut
565 1290 701 1318 imbecillo
714 1291 804 1317 animo
815 1291 894 1325 fingi3
913 1298 964 1316 non
977 1290 1025 1316 bo-

228 1337 293 1355 num
306 1328 383 1355 illum
397 1330 495 1359 virum,
509 1330 570 1364 qui,
584 1328 720 1364 quidquid
736 1327 840 1358 fecerit,
855 1328 912 1362 ipse
923 1336 952 1354 se
963 1336 1026 1354 cru·
1046 1354 1048 1361 ,

227 1366 280 1392 ciet
292 1367 437 1401 omniaque
448 1366 586 1393 formidet:
598 1366 646 1392 sed
657 1366 747 1392 omnia
758 1365 855 1392 callide
866 1365 1024 1391 referentem

228 1403 260 1429 ad
273 1403 429 1434 utilitatem,
442 1408 564 1434 acutum,
578 1408 732 1434 versutum,
746 1407 930 1434 veteratorem,
947 1402 1024 1429 facile

227 1445 257 1467 ut
268 1441 409 1476 excogitet,
422 1449 476 1475 quo
486 1441 604 1471 occulte,
620 1442 678 1467 sine
689 1445 768 1471 teste,
781 1441 840 1466 sine
851 1440 907 1466 ullo
918 1441 1025 1467 conscio

230 1477 312 1504 sallat.
353 1479 394 1504 54.
407 1478 448 1505 An
460 1483 487 1505 tu
499 1487 542 1505 me
552 1478 585 1505 de
596 1479 625 1504 L.
639 1477 745 1504 Tubulo
756 1482 836 1512 putas
847 1477 955 1504 dicere‘?
965 1478 1022 1512 qui.

227 1523 313 1550 quum
330 1520 434 1550 praetor
444 1516 630 1551 quaestionem
642 1516 711 1542 inter
722 1515 833 1541 sicarios
847 1515 1022 1546 exercuisset,

228 1553 263 1579 ita
278 1557 368 1587 aperte
379 1553 451 1588 cepit
462 1554 591 1587 pecunias
601 1553 636 1580 ob
648 1561 704 1579 rem
715 1552 900 1584 iudicandam,
915 1557 946 1579 ut
955 1560 1025 1579 anno

228 1590 351 1624 proximo
363 1590 390 1616 P.
404 1590 545 1621 Scaevola,
564 1590 689 1617 tribunus
701 1589 804 1624 plebis,
822 1590 902 1617 ferret
917 1589 950 1616 ad
967 1589 1025 1625 ple-

228 1627 303 1657 bem.
323 1626 457 1654 vellentne
473 1627 506 1654 de
517 1636 547 1654 ea
558 1636 585 1654 re
596 1628 700 1663 quaeri.
740 1627 799 1659 Quo
811 1628 966 1663 plebisscito
976 1627 1025 1653 de-

227 1668 298 1691 creta
309 1673 323 1691 a
335 1669 428 1691 senatu
440 1669 481 1691 est
489 1665 595 1691 consuli
605 1664 728 1700 quaestio
739 1664 788 1691 Cn.
800 1665 939 1700 Caepioni.
961 1665 1026 1690 Pro-

228 1701 312 1728 fectus
325 1702 352 1727 in
361 1701 489 1728 exsilium
496 1702 621 1729 Tubulus
632 1703 732 1732 statim,
744 1710 793 1728 nec
803 1702 965 1738 respondere
976 1710 1026 1728 au-

227 1747 285 1765 sus.
319 1739 382 1765 Erat
392 1740 465 1766 enim
477 1748 519 1766 res
530 1744 631 1774 aperta.
660 1739 743 1766 xvu.
765 1740 823 1766 Non
835 1740 918 1776 igitur
929 1739 962 1765 de
973 1740 1026 1766 im-

227 1776 323 1811 probo,
342 1776 389 1802 sed
405 1776 437 1803 de
453 1776 551 1803 callide
566 1776 689 1812 improbo
703 1777 873 1812 quaerimus,
891 1776 1023 1812 qualisQ.

227 1814 372 1848 Pompeius
387 1814 414 1840 in
431 1813 536 1840 foedere
549 1814 714 1840 Numantino
734 1813 874 1840 infitiando
889 1814 952 1844 fuit,
975 1822 1024 1840 nec

228 1859 291 1877 vero
301 1851 392 1877 omnia
403 1851 526 1878 timente:
539 1851 587 1877 sed
598 1851 718 1886 primum
729 1851 777 1886 qui
789 1851 873 1878 animi
883 1852 1025 1878 conscien-

227 1888 292 1914 tiam
309 1896 360 1914 non
375 1892 463 1919 curet;
485 1896 568 1923 quam
583 1888 687 1915 scilicet
700 1889 879 1922 comprimere
895 1888 963 1915 nihil
984 1894 1025 1916 est

228 1925 338 1960 negotii.
378 1925 403 1950 [s
414 1925 497 1955 enim,
509 1926 558 1959 qui
567 1925 690 1952 occultus
701 1930 727 1952 et
737 1929 823 1952 tectus
834 1925 948 1957 dicitur,
965 1931 1025 1953 tan-

227 1965 285 1988 tum
297 1961 386 1992 abest,
399 1966 430 1988 ut
439 1970 467 1988 se
479 1962 593 1992 indicet,
606 1962 726 1997 perficiet
736 1963 831 1993 etiam,
843 1967 874 1989 ut
884 1962 974 1990 dolere
984 1963 1024 1989 al-

227 1998 312 2025 terius
331 1998 454 2033 improbe
468 1998 536 2026 facto
552 1999 689 2026 videatur:
711 1999 779 2034 quid
793 2004 834 2026 est
849 2001 921 2026 enim
937 2000 1021 2031 aliud.

227 2043 288 2062 esse
299 2035 458 2062 versutum?
476 2037 521 2062 55.
530 2037 641 2063 Memini
652 2045 694 2062 me
706 2036 801 2063 adesse
811 2037 1024 2065 P.SextilioRu-

228 2072 268 2103 so,
286 2081 372 2108 quum
384 2073 408 2099 is
419 2072 452 2099 ad
463 2074 564 2100 amicos
575 2082 631 2100 rem
643 2074 678 2100 ita
689 2073 818 2105 deferret,
835 2083 864 2101 se
874 2083 934 2101 esse
946 2075 1024 2101 here-

227 2109 289 2136 dem
300 2109 332 2142 Q.
345 2109 428 2136 Fadio
439 2110 528 2137 Gallo:
541 2111 621 2137 cuius
631 2111 658 2137 in
671 2116 828 2138 testamento
837 2113 968 2147 scriptum
980 2121 1024 2139 es-

227 2152 281 2178 set,
299 2155 328 2173 se
343 2147 376 2173 ab
392 2156 423 2174 eo
438 2152 576 2184 rogatum,
595 2152 626 2174 ut
643 2149 732 2175 omnis
749 2149 883 2176 hereditas
895 2149 928 2176 ad
940 2149 1023 2176 filiam

227 2185 389 2220 perveniret.
430 2184 458 2211 ld
478 2185 608 2212 Sextilius
631 2185 731 2212 factum
756 2186 880 2222 negabat.
921 2187 1024 2214 Poterat

227 2226 316 2248 autem
333 2222 454 2256 impune.
493 2222 560 2254 Quis
574 2223 647 2249 enim
663 2223 853 2258 redargueret?
871 2224 955 2251 Nemo
975 2233 1024 2251 no—

226 2263 311 2285 strum
324 2259 463 2286 credebat:
480 2264 589 2294 eratque
600 2260 658 2286 veri
669 2260 801 2291 similius,
819 2260 891 2287 hunc
903 2262 1020 2292 mentiri,

226 2297 306 2322 cuius
322 2296 474 2327 interesset,
493 2305 575 2331 quam
587 2296 679 2329 illum,
697 2298 746 2333 qui
757 2298 785 2324 id
795 2306 824 2324 se
836 2307 944 2334 rogasse
955 2300 1023 2325 scri-

226 2334 334 2367 psisset,
347 2333 420 2368 quod
431 2333 571 2361 debuisset
581 2343 683 2370 rogare.
716 2334 840 2362 Addebat
849 2337 939 2367 etiam,
954 2345 983 2362 se
995 2337 1022 2362 in

227 2370 313 2405 legem
324 2371 468 2397 Voconiam
479 2372 596 2398 iuratum
607 2376 698 2398 contra
708 2380 766 2399 eam
779 2371 864 2399 facere
876 2382 928 2400 non
939 2373 1023 2399 aude-

226 2415 268 2437 re,
286 2408 339 2434 nisi
354 2407 431 2434 aliter
444 2409 539 2435 amicis
550 2408 697 2436 videretur.
737 2409 887 2436 Aderamus
900 2419 948 2437 nos
959 2411 1023 2445 qui-

226 2443 288 2470 dem
303 2445 500 2477 adolescentes,
522 2445 570 2472 sed
586 2447 666 2473 etiam
681 2445 760 2473 multi
776 2447 940 2481 amplissimi
954 2448 1019 2474 viri:

226 2488 344 2515 quorum
364 2490 443 2509 nemo
463 2483 569 2510 censuit
587 2483 650 2518 plus
666 2483 764 2510 Fadiae
784 2483 917 2515 dandum,
938 2493 1021 2520 quam

227 2522 318 2551 posset
329 2518 361 2544 ad
372 2527 431 2545 eam
444 2519 502 2556 lege
508 2520 623 2547 Voconia
634 2521 786 2555 pervenire.
807 2521 905 2548 Tenuit
915 2530 1022 2557 perma-

227 2561 307 2589 gnam
322 2555 451 2583 Sextilius
466 2557 653 2590 hereditatem,
675 2557 761 2588 unde,
782 2558 806 2584 si
825 2563 934 2585 secutus
951 2563 1023 2586 esset

227 2598 320 2617 eorum
331 2593 502 2625 sententiam,
521 2595 570 2629 qui
580 2594 692 2621 honesta
707 2599 733 2621 et
747 2599 817 2621 recta
831 2595 1021 2623 emolumentis

227 2627 354 2654 omnibus
365 2633 390 2655 et
400 2630 547 2657 commodis
558 2633 757 2667 anteponerent,
765 2640 948 2660 uenummum
958 2633 1022 2669 qui-

228 2663 290 2691 dem
301 2673 387 2691 unum
397 2667 540 2703 attigisset.
571 2669 642 2696 Num
652 2669 736 2705 igitur
746 2677 809 2696 eum
824 2674 917 2704 postea
925 2678 1022 2698 censes

805 143 859 166 ΗΞ.
892 141 926 166 Μ.
958 141 987 166 Τ.
1023 142 1041 166 t:

1057 141 1293 167 tut-:noxis

1052 210 1055 259 ἱ
1075 212 1155 237 anxio
1166 212 1311 237 ammonui
1323 212 1437 238 sollicito
1449 211 1551 238 tuisse?
1565 213 1637 239 Nihil
1651 222 1749 242 minus,
1763 214 1868 240 eontra-

1052 260 1054 280 Ι
1075 257 1127 282 que
1141 247 1184 274 illa
1198 248 1343 274 hereditate
1355 249 1432 275 divos
1442 250 1476 275 oh
1488 259 1601 285 eamque
1614 260 1667 276 rem
1682 251 1775 277 laetus.
1813 252 1868 277 Ma-

1052 282 1054 313 !
1075 286 1121 317 μιιί
1133 286 1205 311 enim
1218 286 1374 312 aestimabat
1387 288 1541 320 pecuniam.
1560 296 1610 313 non
1627 288 1705 314 nimio
1715 297 1766 314 non
1778 294 1867 314 contra

1052 321 1054 345 i
1077 321 1162 356 leges,
1184 322 1229 347 sed
1247 324 1327 348 etium
1345 323 1450 355 legibus
1467 329 1582 358 partam:
1604 334 1673 359 qua«-
1694 326 1804 360 quidem
1827 326 1867 351 vel

1052 352 1055 392 l
1075 368 1136 384 eum
1150 360 1270 393 periculo
1280 365 1320 385 est
1331 360 1483 394 quaerenda
1496 361 1582 386 vohis.
1609 362 1654 388 Est
1665 363 1736 388 enini
1749 363 1868 389 effectrix

1052 416 1054 426 ,
1077 396 1220 422 multarum
1237 402 1263 423 et
1278 406 1434 429 magnarum
1455 398 1632 432 voluptatum.
1672 401 1713 425 56.
1737 400 1767 426 Ut
1788 401 1870 432 igitur

1052 457 1054 462 ,
1077 433 1143 460 illis.
1160 434 1222 468 qui.
1241 439 1310 460 recta
1322 440 1347 460 et
1359 435 1466 461 honesta
1478 443 1547 470 quae
1558 441 1633 466 sunt,
1651 445 1680 461 ea
1692 442 1811 462 statuunt
1823 445 1870 471 per

1053 476 1055 487 ι
1075 479 1103 495 se
1115 471 1263 505 expetenda
1273 492 1278 501 ,
1295 471 1417 498 adeunda
1434 477 1496 498 sunt
1511 473 1624 507 quaevis
1636 474 1754 507 pericula
1765 474 1869 499 ‹lm-oris

1076 507 1277 543 honestatisque
1288 517 1396 534 caussa:
1410 510 1448 535 sir
1461 510 1621 544 vestris,qui
1633 511 1722 536 omnia
1735 511 1869 545 voluptate

1052 546 1055 574 ἔ
1075 546 1236 575 metiuntur,
1259 546 1375 580 pericula
1397 546 1518 572 adeunda
1539 552 1615 576 sunt,
1639 552 1667 573 ut
1687 547 1870 582 adipiscantur

1052 577 1054 611 J
1076 591 1186 614 magnas
1204 582 1366 617 voluptates:
1390 584 1412 609 si
1430 592 1524 616 nia-una
1541 594 1595 612 res,
1619 593 1714 616 magna
1737 585 1870 610 hereditas

1052 616 1054 641 l
1075 624 1177 653 agetur.
1194 628 1279 654 quum
1292 622 1404 654 pecunia
1417 621 1566 655 voluptates
1579 622 1716 656 pariantur
1727 622 1868 655 plurimae.

1075 656 1204 691 ltlemque
1220 658 1269 683 erit
1285 658 1400 691 Epicuro
1418 663 1504 684 vestro
1521 658 1687 688 faciendum,
1704 660 1727 684 si
1743 667 1823 685 suum
1839 659 1870 684 fi-

1053 701 1054 705 *
1076 702 1135 719 nem
1149 694 1279 720 honorum
1291 696 1368 730 sequi
1382 695 1460 723 volet,
1473 695 1545 730 quod
1557 696 1686 730 Scipioni.
1703 704 1798 731 magna
1811 696 1870 731 glo-

1075 732 1113 756 ria
1130 733 1278 765 proposita,
1301 733 1323 758 si
1341 732 1516 758 llannihalem
1535 734 1560 758 in
1573 733 1689 759 Africam
1705 734 1868 759 retraxisset.

1075 769 1166 803 ltaque
1177 774 1308 803 quantum
1321 769 1385 796 adiit
1397 769 1560 804 periculum!
1575 770 1613 796 Ad
1626 770 1789 796 honestatem
1797 771 1868 796 enim

1075 805 1121 831 ille
1135 814 1241 832 omnem
1253 812 1377 833 conatum
1389 816 1469 833 suuni
1483 807 1621 835 referebat,
1639 816 1690 833 non
1702 808 1734 833 ad
1748 807 1870 842 volupta-

1075 847 1139 869 tem.
1173 842 1218 869 Sic
1236 849 1322 870 vester
1333 845 1455 879 sapienS.
1474 853 1570 879 magno
1586 844 1677 879 aliquo
1690 844 1870 871 emolumento

1075 885 1238 911 commotum
1255 882 1338 907 animi
1354 890 1463 912 caussa,
1480 883 1502 907 si
1518 891 1586 916 opus
1603 881 1695 910 suerit,
1718 882 1868 908 dimicabit.

1053 919 1054 926 ¹
1075 918 1116 943 57.
1139 917 1280 944 Occultum
1298 918 1402 945 facinus
1422 927 1481 945 esse
1497 919 1624 953 potuerit:
1647 918 1786 954 gaudebit.
1821 919 1870 945 De-

1053 968 1054 992 3
1076 954 1240 989 prehensus.
1262 964 1369 982 omnem
1390 964 1501 990 poenam
1522 961 1682 982 contemnet.
1724 957 1780 982 Erit
1797 957 1869 982 enim

1053 999 1054 1004 ¹
1077 993 1224 1018 instructus
1235 993 1268 1018 ad
1280 999 1391 1019 mortem
1402 994 1634 1023 contemnendam,
1647 993 1679 1019 ad
1691 993 1828 1020 exsilium.
1837 993 1869 1018 ad

1053 1036 1055 1045 ¹
1076 1030 1166 1063 ipsum
1180 1030 1259 1056 etiam
1271 1030 1400 1057 dolorem.
1433 1031 1518 1063 Quem
1530 1031 1640 1065 quidem
1653 1039 1708 1059 vos,
1722 1039 1806 1065 quum
1820 1032 1871 1056 im-

1076 1067 1168 1101 probis
1183 1075 1294 1101 poenam
1307 1069 1464 1102 proponitis,
1480 1068 1658 1103 impatibilem
1671 1067 1770 1094 facitis:
1784 1076 1869 1102 quum

1076 1105 1224 1138 sapientem
1241 1114 1348 1139 semper
1363 1106 1424 1131 honi
1441 1105 1503 1140 plus
1518 1105 1615 1131 habere
1632 1105 1727 1134 vultis,
1746 1105 1871 1131 tolerabi—

1077 1141 1139 1167 lem.
1181 1142 1273 1168 xvnl.
1289 1142 1340 1168 Sed
1353 1142 1423 1177 finge
1435 1152 1486 1169 non
1498 1142 1585 1168 solum
1597 1142 1725 1168 callidum
1737 1151 1809 1171 eum,
1822 1143 1870 1176 qui

1076 1178 1180 1213 aliquid
1195 1179 1317 1213 improbe
1334 1179 1425 1210 saciat,
1447 1188 1540 1206 verum
1560 1180 1639 1206 etiam
1656 1185 1868 1214 praepotentem:

1077 1216 1146 1242 utM.
1159 1216 1271 1242 Crassus
1284 1217 1347 1244 l'uit:
1361 1218 1408 1252 qui
1421 1222 1509 1243 tamen
1521 1216 1623 1243 solebat
1635 1218 1673 1242 uti
1685 1225 1733 1242 suo
1746 1217 1828 1243 bono:
1842 1221 1871 1242 ut

1077 1253 1156 1279 hodie
1167 1258 1208 1279 est
1219 1259 1307 1280 noster
1318 1254 1471 1289 Pompeius,
1483 1255 1527 1280 cui
1538 1259 1607 1280 recte
1619 1253 1726 1280 facienti
1737 1254 1820 1289 gratia
1831 1259 1872 1280 est

1077 1290 1214 1316 habenda:
1232 1300 1291 1317 esse
1302 1293 1375 1318 enim
1386 1300 1468 1327 quam
1481 1291 1562 1318 vellet
1574 1292 1694 1326 iniquus,
1708 1296 1809 1325 poterat
1820 1291 1872 1317 im-

1077 1336 1159 1362 pune.
1199 1327 1286 1360 Quam
1302 1329 1385 1355 multa
1402 1338 1464 1355 vero
1481 1329 1578 1355 iniuste
1591 1328 1647 1354 fieri
1660 1333 1785 1363 possunt,
1803 1336 1872 1363 quae

1077 1373 1155 1391 nemo
1166 1366 1251 1400 possit
1262 1366 1474 1401 reprehendere?
1494 1368 1536 1392 58.
1551 1366 1580 1392 Si
1592 1370 1616 1392 te
1626 1366 1730 1392 amicus
1741 1371 1803 1391 tuus
1815 1373 1872 1391 mo-

1053 1404 1055 1421 *
1077 1403 1149 1428 riens
1161 1404 1303 1439 rogaverit,
1318 1409 1345 1430 ut
1357 1403 1532 1430 hereditatem
1546 1403 1642 1430 reddas
1655 1411 1718 1429 suae
1731 1402 1810 1432 filiae,
1823 1411 1872 1429 nec

1076 1448 1192 1474 usquam
1204 1440 1231 1466 id
1243 1441 1390 1476 scripserit,
1404 1446 1433 1468 ut
1444 1441 1552 1476 scripsit
1562 1440 1670 1471 Fadius,
1684 1449 1732 1467 nec
1743 1441 1871 1475 cuiquam

1076 1476 1188 1504 dixerit:
1202 1478 1270 1512 quid
1281 1478 1381 1504 facies?
1401 1479 1440 1505 Tu
1451 1478 1563 1513 quidem
1574 1478 1684 1504 reddes:
1702 1478 1760 1512 ipse
1770 1477 1872 1512 Epicu-

1076 1523 1122 1541 rus
1134 1514 1245 1541 sortasse
1257 1515 1392 1542 redderet:
1411 1521 1441 1543 ut
1449 1516 1512 1542 Sex.
1525 1515 1693 1546 Peducaeus,
1707 1515 1770 1541 Sex.
1783 1515 1824 1545 F„
1837 1515 1870 1543 is,

1076 1553 1124 1587 qui
1136 1552 1208 1579 hunc
1220 1558 1340 1580 nostrum
1353 1552 1474 1588 reliquit,
1492 1552 1610 1588 effigiem
1622 1557 1648 1579 et
1659 1552 1834 1579 humanitatis
1847 1557 1873 1578 et

1075 1589 1217 1624 probitatis
1228 1599 1293 1617 suae
1307 1590 1408 1622 filium,
1426 1595 1482 1617 tum
1497 1590 1607 1621 doctus,
1624 1595 1681 1616 tum
1696 1590 1818 1616 omnium
1830 1590 1873 1615 vir

1076 1627 1195 1661 optimus
1206 1632 1232 1654 et
1242 1628 1419 1658 iustissimus,
1433 1636 1518 1662 quum
1529 1628 1610 1654 sciret
1621 1636 1708 1656 nemo,
1721 1635 1783 1653 eum
1795 1635 1872 1662 roga·

1077 1669 1134 1690 tum
1150 1673 1164 1690 a
1175 1665 1205 1691 C.
1220 1665 1317 1696 Plotio,
1335 1665 1425 1700 equite
1437 1665 1554 1691 Romano
1569 1664 1725 1699 splendido,
1744 1664 1869 1693 Nursino.

1076 1700 1146 1727 ultro
1159 1701 1192 1728 ad
1214 1701 1354 1728 mulierem
1374 1702 1461 1732 venit.
1487 1703 1568 1736 eique
1588 1701 1656 1728 nihil
1676 1701 1798 1735 opinanti
1819 1701 1871 1727 viri

1076 1739 1232 1766 mandatum
1255 1739 1382 1774 exposuit
1402 1738 1632 1773 hereditatemque
1652 1737 1779 1765 reddidit.
1819 1737 1872 1764 Sed

1076 1784 1125 1811 ego
1140 1784 1174 1803 ex
1190 1781 1213 1803 te
1229 1784 1341 1811 quaero,
1361 1776 1500 1811 (quoniam
1515 1775 1587 1802 idem
1609 1780 1637 1802 tu
1652 1780 1723 1802 certe
1739 1775 1872 1809 fecisses)

1076 1821 1163 1840 nonne
1177 1813 1322 1849 intelligis,
1337 1821 1369 1839 eo
1380 1814 1507 1840 maiorem
1520 1813 1575 1839 vim
1587 1821 1646 1840 esse
1657 1818 1780 1843 naturae,
1798 1813 1870 1848 quod

1075 1851 1129 1885 ipsi
1148 1859 1209 1881 vos,
1231 1852 1295 1886 quia
1310 1851 1400 1877 onmia
1415 1850 1448 1877 ad
1464 1855 1584 1876 vestrum
1597 1849 1770 1877 commodum
1785 1855 1824 1880 et,
1841 1855 1871 1876 ut

1076 1888 1129 1922 ipsi
1140 1888 1241 1919 dicitis,
1255 1887 1288 1914 ad
1299 1887 1462 1922 voluptatem
1476 1887 1606 1919 referatis,
1614 1892 1702 1914 tamen
1713 1895 1744 1913 ea
1756 1887 1869 1917 faciatis,

1075 1933 1089 1951 e
1099 1925 1201 1960 quibus
1212 1930 1351 1960 appareat,
1368 1934 1420 1952 non
1436 1925 1600 1960 voluptatem
1613 1933 1675 1955 vos,
1692 1923 1740 1951 sed
1750 1923 1871 1951 officium

1075 1962 1173 1997 sequi?
1183 1962 1300 1997 plusque
1311 1968 1410 1989 rectam
1423 1968 1544 1989 naturam
1553 1983 1559 1993 ,
1574 1971 1657 1998 quam
1668 1962 1798 1988 rationem
1808 1969 1872 1996 pra-

1076 2008 1137 2025 vam
1150 1999 1256 2026 valere?
1281 2001 1323 2026 59.
1345 2000 1374 2026 Si
1389 2000 1498 2028 scieris.
1515 1998 1778 2035 inquitCarneades.
1796 1999 1871 2034 aspi-

1053 2069 1054 2073 *
1075 2037 1137 2062 dem
1152 2037 1256 2063 occulte
1271 2036 1350 2063 latere
1366 2037 1487 2072 uspiam,
1504 2042 1530 2063 et
1545 2037 1615 2063 velle
1630 2036 1750 2071 aliquem
1765 2037 1872 2071 impru-

1052 2076 1055 2102 ἵ
1075 2074 1182 2100 dentem
1198 2082 1281 2109 super
1295 2083 1354 2100 eam
1369 2073 1502 2105 assidere,
1519 2075 1599 2101 cuius
1615 2082 1687 2100 mors
1702 2073 1753 2100 tibi
1766 2072 1871 2100 emolu—

1074 2117 1196 2138 mentum
1207 2111 1308 2138 factura
1322 2112 1370 2138 sit:
1388 2111 1510 2146 improbe
1526 2112 1635 2141 feceris,
1651 2111 1705 2138 nisi
1721 2111 1867 2141 monueris,

1074 2158 1107 2175 ne
1118 2148 1248 2179 assideat,
1264 2148 1312 2175 sed
1327 2149 1439 2183 impune
1454 2153 1556 2176 tamen:
1575 2149 1676 2175 »scisse
1687 2149 1760 2174 enim
1771 2152 1796 2174 te
1805 2147 1870 2182 quis

1074 2194 1217 2222 coarguere
1228 2185 1348 2221 possm«
1362 2186 1415 2212 Sed
1426 2186 1508 2212 nimis
1518 2185 1613 2212 multa.
1642 2185 1818 2220 Perspicuum
1829 2189 1870 2211 est

1074 2224 1156 2255 enim,
1169 2223 1223 2250 nisi
1235 2223 1366 2258 aequitas,
1380 2222 1456 2253 fides.
1469 2223 1571 2249 iustitia
1582 2222 1786 2258 proficiscantur
1795 2230 1809 2248 a
1821 2229 1869 2248 na-

1074 2265 1142 2292 tura,
1156 2265 1181 2287 et
1191 2261 1214 2286 si
1226 2261 1316 2286 omnia
1327 2260 1394 2287 haec
1403 2260 1437 2287 ad
1449 2260 1592 2287 utilitatem
1604 2259 1764 2290 referantur,
1777 2259 1867 2285 virum

1074 2298 1176 2324 bonum
1196 2306 1248 2324 non
1269 2306 1348 2332 posse
1368 2297 1490 2332 reperiri.
1529 2298 1620 2332 Deque
1640 2297 1683 2323 his
1703 2295 1784 2322 rebus
1803 2296 1868 2322 satis

1074 2335 1158 2362 multa
1169 2336 1197 2361 in
1208 2336 1306 2361 nostris
1317 2337 1348 2360 de
1354 2335 1490 2367 Republica
1502 2334 1580 2361 libris
1591 2339 1654 2360 sunt
1663 2333 1734 2359 dicta
1745 2333 1866 2359 aLaelio.

1073 2372 1148 2399 XIX.
1172 2373 1214 2398 60.
1230 2371 1356 2398 Transfer
1366 2371 1438 2398 idem
1449 2371 1483 2398 ad
1494 2371 1652 2398 modestiam
1662 2369 1704 2396 vel
1715 2374 1868 2404 temperan-

1073 2410 1152 2440 tiam.
1174 2417 1244 2444 quae
1259 2414 1300 2435 est
1315 2408 1461 2435 moderatio
1474 2408 1668 2443 cupiditatum,
1689 2407 1785 2433 rationi
1801 2406 1868 2434 obe-

1073 2446 1162 2473 diens.
1201 2446 1306 2473 Satisne
1317 2454 1381 2482 ergo
1391 2446 1488 2481 pudori
1497 2445 1632 2475 consulat,
1649 2445 1673 2471 si
1683 2445 1747 2479 quis
1757 2444 1817 2470 sine
1828 2449 1868 2470 te·-

1072 2488 1113 2510 ste
1129 2483 1238 2510 libidini
1253 2483 1360 2518 pareat?
1379 2491 1413 2509 an
1423 2488 1464 2510 est
1473 2482 1578 2518 aliquid
1589 2490 1636 2516 per
1646 2489 1675 2507 se
1687 2482 1778 2516 ipsum
1789 2480 1868 2517 flagi-

1073 2521 1182 2552 tiosum,
1198 2521 1279 2547 etiam
1289 2521 1314 2547 si
1324 2519 1398 2547 nulla
1409 2521 1550 2547 comitetur
1561 2517 1689 2545 infamia?
1707 2511 1798 2550 Quid?
1812 2518 1867 2544 tor-

1072 2562 1112 2585 tes
1122 2559 1175 2585 viri
1192 2557 1396 2592 voluptatumne
1406 2556 1518 2583 calculis
1527 2556 1670 2582 subductis
1680 2555 1812 2590 praelium
1823 2556 1867 2582 in-

1072 2600 1150 2627 eunt,
1167 2595 1330 2630 sanguinem
1345 2602 1393 2630 pro
1406 2594 1491 2629 patria
1505 2593 1685 2628 profundunt:
1703 2601 1736 2618 an
1747 2591 1864 2628 quodam

1071 2633 1156 2660 animi
1172 2633 1265 2660 ardore
1279 2637 1360 2667 atque
1375 2632 1477 2666 impetu
1492 2630 1634 2657 concitati?
1647 2630 1741 2657 Utrum
1757 2628 1865 2656 tandem

1071 2678 1166 2698 censes
1173 2690 1182 2702 ‚
1193 2670 1338 2705 Torquate,
1351 2668 1528 2704 Imperiosum
1539 2667 1618 2695 illum
1625 2688 1632 2699 ,
1648 2668 1772 2694 sinestra
1782 2665 1866 2693 verba
