1941 3052
333 93 663 121 EPISTOLARUM
692 94 746 121 AD
775 94 1004 121 DIVERSOS
1035 95 1116 122 LlB.
1147 94 1198 121 xl.
1229 95 1289 121 ΕΡ.
1314 96 1427 121 1-3.

64 165 121 192 loco
140 164 255 200 ponatis.
295 163 372 196 Quod
387 165 411 191 si
426 164 522 191 salutis
536 165 658 191 omnium
674 173 704 191 ac
718 164 858 200 dignitatis

64 203 192 229 rationem
208 202 370 233 habueritis,
393 202 491 228 melius
507 206 533 228 et
550 202 628 229 vobis
648 207 673 228 et
693 202 858 237 reipublicae

62 239 218 266 consuletis.
258 240 320 266 Data
337 248 375 266 lu.
396 239 455 266 Kal.
478 240 568 266 lunias
588 248 602 266 a
617 240 699 266 Ponte
714 240 856 275 Argenteo.

62 277 162 304 Valete.

360 330 566 345 —-0‹>0——

442 444 484 469 84.

178 506 350 535 LIBER
393 505 743 536 UNDECIMUS.

114 617 131 637 Ι,
149 617 226 637 ΛΚΕ.
245 617 348 637 Decimus
371 618 450 637 Brutus
465 616 560 637 Albinus
575 623 695 636 sermonem
710 623 758 637 cum
773 616 855 640 Hirtio,

61 659 106 672 cos.
117 652 172 675 iles..
188 651 285 672 habitum
296 652 398 679 exponit:
413 651 546 678 postulatam
558 658 570 671 a
584 658 607 671 se
621 651 753 676 legationem
765 651 855 671 liberam

61 687 183 712 significat:
195 687 239 707 silui
249 694 299 707 vero
310 687 344 706 vel
355 687 489 711 migrandum
501 694 528 706 ex
538 686 611 710 Italia.
620 686 654 706 vel
663 685 774 713 publicum
784 686 808 706 in
814 687 856 707 sr-

62 724 88 743 be
97 722 231 750 praesidium
242 721 395 748 postulandum
408 721 451 741 silui
461 721 532 741 videri
543 721 605 741 dicit.

289 758 388 780 (Antonio,
398 758 498 776 Dolabella
509 764 554 775 coss.
567 759 622 779 710.)

72 804 102 830 D.
124 802 275 830 BRUTUS
294 801 422 828 BRUTO
443 801 514 828 SUO
534 801 582 828 ET
602 801 631 828 C.
654 801 793 828 CASSIO
814 801 842 828 S.

118 851 140 875 l.
163 843 228 880 Quo
240 849 267 874 in
278 852 347 873 statu
359 847 459 878 simus,
473 848 635 882 cognoscite.
675 848 738 874 Heri
749 849 855 883 vesperi

60 886 132 922 apud
143 894 186 912 me
198 886 299 911 Hirtius
311 884 374 910 fuit:
392 893 446 919 qua
462 889 549 911 mente
564 889 635 911 esset
644 885 790 916 Antonius,
809 885 856 911 de-

61 924 230 955 monstravit;
245 923 363 957 pessima
374 921 478 948 scilicet
488 926 514 948 et
524 922 723 949 infidelissima.
748 923 815 949 Nam
827 932 856 949 se

60 969 147 996 neque
163 960 230 986 mihi
244 960 412 995 provinciam
428 959 490 985 dare
509 968 588 994 posse
606 960 695 986 aiebat
710 969 797 995 neque
814 969 856 987 ar-

59 999 167 1029 bitrari,
190 1002 245 1024 tuto
260 998 286 1023 in
299 997 370 1023 Urbe
380 1005 439 1023 esse
453 1005 619 1032 quemquam
631 1003 766 1032 nostrum3
791 998 856 1024 adeo

59 1044 119 1064 esse
143 1035 261 1062 militum
287 1035 431 1060 concitatos
456 1035 560 1061 animos
585 1039 611 1061 et
631 1035 729 1069 plebis.
779 1035 856 1067 Quod

59 1078 205 1108 utrumqne
217 1080 275 1098 esse
290 1071 387 1098 falsum
399 1076 463 1106 puto
474 1080 521 1098 vos
532 1073 755 1104 animadvertere,
776 1078 856 1108 atque

58 1111 127 1138 illud
139 1119 198 1136 esse
209 1118 317 1140 verum,
335 1109 407 1144 quod
419 1109 520 1135 Hirtius
531 1109 746 1142 demonstrabat,
762 1111 855 1137 timere

59 1157 135 1180 eum,
154 1156 199 1179 ne,
217 1150 240 1173 si
252 1147 384 1173 mediocre
395 1146 528 1173 auxilium
540 1147 680 1183 dignitatis
692 1152 796 1174 nostrae
808 1148 856 1174 ha-

58 1186 225 1216 buissemus,
236 1184 324 1211 nullae
335 1188 423 1218 partes
433 1184 468 1210 iis
480 1184 507 1210 in
520 1184 658 1219 republica
669 1185 856 1220 relinqueren-

58 1228 112 1251 tur.
146 1225 171 1249 2.
193 1222 282 1254 Quum
293 1223 320 1248 in
332 1222 374 1247 his
386 1222 519 1257 angustiis
531 1231 659 1254 versarer,
676 1222 805 1257 placitum
816 1227 856 1249 est

58 1261 141 1291 mihi,
165 1264 194 1286 ut
214 1259 377 1294 postularem
394 1259 553 1294 legationem
570 1260 682 1286 liberam
703 1261 771 1286 mibi
792 1260 856 1286 reli-

58 1299 176 1334 quisque
188 1297 298 1327 nostriS,
317 1301 347 1323 ut
361 1296 451 1331 aliqua
467 1306 561 1323 caussa
573 1297 760 1332 proficiscendi
771 1297 855 1324 lione-

57 1341 98 1363 sta
122 1339 304 1370 quaereretur.
346 1334 414 1360 Haec
439 1343 467 1360 se
490 1335 695 1370 impetraturum
716 1335 854 1370 pollicitus

58 1377 111 1401 est:
126 1381 175 1399 nec
186 1377 274 1398 tamen
285 1372 490 1406 impetraturum
502 1373 619 1399 confido:
634 1377 704 1400 tanta
716 1378 756 1400 est
768 1373 854 1399 homi-

58 1419 125 1438 num
141 1409 283 1436 insolentia
299 1413 324 1435 et
341 1410 423 1435 nostri
440 1411 588 1437 insectatio.
629 1410 666 1437 Ac
682 1411 705 1437 si
720 1411 852 1441 dederint,

57 1447 131 1484 quod
145 1448 277 1482 petimus,
300 1451 388 1473 tamen
405 1447 495 1481 paullo
510 1453 569 1482 post
588 1447 709 1474 futurum
726 1453 803 1483 puto,
826 1452 856 1474 ut

58 1485 149 1513 hostes
160 1484 326 1516 iudicemur,
344 1488 390 1510 aut
401 1492 469 1519 aqua
481 1490 506 1511 et
517 1485 787 1520 igniinterdicamur.
828 1487 852 1511 3.

57 1522 129 1556 Quid
145 1530 208 1558 ergo
224 1526 276 1553 est,
294 1522 398 1556 inquis,
417 1523 455 1548 tui
470 1522 594 1549 consilii‘?
609 1523 718 1549 Dandus
730 1528 769 1549 est
781 1523 854 1549 locus

58 1560 192 1587 fortunae:
216 1558 367 1585 cedendum
383 1567 417 1584 ex
432 1559 519 1591 ltalia,
540 1560 713 1595 migrandum
730 1560 854 1587 Rhodum

58 1602 104 1624 aut
114 1596 205 1632 aliquo
215 1601 345 1623 terrarum
356 1596 480 1623 arbitror.
521 1597 550 1623 Si
567 1597 661 1624 melior
671 1606 750 1624 casus
763 1597 852 1629 fuerit,

57 1635 353 1662 revertemurRomam:
367 1634 390 1659 si
402 1634 554 1665 mediocris,
564 1635 591 1661 in
603 1635 700 1661 exsilio
712 1636 851 1662 vivemus:

57 1673 82 1699 si
92 1673 241 1707 pessimus,
258 1671 292 1697 ad
308 1671 456 1697 novissima
468 1672 569 1698 auxilia
580 1672 787 1699 descendemus.
829 1674 853 1699 4.

58 1709 201 1737 Succurret
212 1708 322 1736 fortasse
335 1708 384 1735 hoc
396 1708 452 1736 loco
463 1709 545 1735 alicui
556 1715 687 1741 vestrum,
703 1719 751 1737 cur
763 1711 855 1737 novis—

58 1748 158 1774 simum
174 1751 280 1781 tempus
296 1751 483 1780 exspectemus
499 1748 603 1782 potiuS,
621 1756 702 1782 quam
719 1757 791 1774 nunc
805 1747 855 1774 ali—

57 1784 125 1820 quid
136 1783 297 1810 moliamur‘?
307 1783 384 1816 Quia,
398 1784 446 1810 ubi
456 1785 646 1816 consistamus,
658 1794 710 1812 non
723 1785 855 1812 habemus

57 1826 162 1858 praeter
173 1821 236 1847 Sex.
248 1821 406 1855 Pompeium
419 1822 562 1848 etBassum
569 1822 726 1854 Caecilium,
743 1823 791 1858 qui
803 1823 855 1849 ini-

58 1859 87 1886 hi
104 1858 243 1889 videntur,
262 1858 311 1884 hoc
327 1859 421 1885 nuntio
436 1859 469 1885 de
486 1860 598 1886 Caesare
612 1859 704 1891 allato,
723 1860 854 1887 firmiores

58 1895 153 1923 futuri.
193 1895 262 1922 Satis
278 1899 396 1930 tempore
412 1896 446 1922 ad
461 1905 506 1922 eos
517 1897 690 1929 accedemus,
708 1898 770 1929 ubi,
787 1898 854 1933 quid

58 1932 178 1964 valeant,
195 1933 348 1959 scierimus.
388 1934 438 1960 Pro
449 1933 541 1960 Cassio
552 1939 578 1960 et
589 1939 626 1966 te,
641 1935 663 1960 si
675 1935 742 1969 quid
754 1944 796 1961 me
808 1944 855 1962 ve-

58 1970 115 1997 litis
127 1970 254 2005 recipere,
268 1970 408 2004 recipiam.
438 1970 558 1997 Postulat
569 1972 640 1997 enim
654 1972 702 1998 hoc
713 1973 815 1999 Hirtius
826 1977 856 1999 ut

59 2007 166 2035 faciam.
207 2008 232 2033 5.
254 2007 327 2042 Rogo
340 2016 400 2038 vos,
418 2016 500 2042 quam
512 2009 631 2042 primum
643 2009 711 2035 milii
722 2010 855 2036 rescriba-

58 2046 107 2077 tis,
130 2045 202 2080 (nam
218 2053 270 2070 non
286 2044 394 2076 dubito,
411 2045 477 2079 quin
494 2045 537 2071 liis
552 2045 586 2072 de
598 2046 679 2072 rebus
690 2052 749 2073 ante
762 2047 854 2073 horam

58 2087 182 2118 quartam
192 2082 294 2108 Hirtius
306 2082 447 2108 certiorem
462 2091 504 2109 me
519 2083 555 2109 sit
569 2082 715 2118 facturus:)
729 2093 810 2119 quem
828 2085 854 2111 in

58 2119 147 2147 locum
163 2119 307 2146 convenire
322 2119 469 2153 possimus.
510 2120 568 2152 Quo
587 2129 628 2146 me
645 2120 734 2147 velitis
751 2122 852 2153 venire,

59 2157 208 2184 rescribite.
240 2158 265 2182 6.
281 2157 342 2183 Post
353 2157 533 2183 novissimum
545 2158 623 2184 Hirtii
635 2167 785 2185 sermonem
797 2159 855 2193 pla-

59 2195 141 2221 citum
153 2199 194 2221 est
205 2194 272 2220 milii
284 2194 432 2228 postulare,
451 2198 480 2220 ut
495 2193 586 2222 liceret
597 2195 674 2221 nobis
686 2204 745 2222 esse
758 2197 855 2223 llomao

59 2231 168 2267 publico
184 2231 331 2266 praesidio:
354 2231 426 2266 quod
443 2231 503 2258 illos
519 2232 596 2258 nobis
612 2241 787 2260 concessuros
802 2243 854 2260 non

58 2273 133 2304 puto.
172 2269 297 2305 Magnam
313 2269 385 2294 enim
401 2269 533 2295 invidiam
550 2270 583 2295 iis
598 2269 738 2297 faciemus.
780 2271 853 2297 Niliil

59 2310 147 2333 tamen
162 2315 215 2333 non
231 2305 424 2342 postulandum
443 2306 549 2341 putavi.
574 2307 647 2342 quod
663 2315 780 2343 aequum
795 2317 854 2335 esse

59 2347 212 2371 statuerem.

108 2413 137 2434 ll.
153 2413 229 2434 ARG.
245 2413 329 2434 Petunt
345 2414 371 2433 nh
386 2412 495 2436 Antonin,
515 2416 586 2433 utrum
602 2416 662 2440 putet
679 2413 741 2441 ipso·
757 2413 780 2435 in
795 2414 854 2435 L'rtoe

59 2448 120 2468 tuto·
130 2447 177 2468 fni-e
187 2454 264 2473 magn·
274 2450 426 2468 veteranorum
439 2447 534 2468 militum
545 2447 676 2474 frequentin.

239 2484 336 2507 (Lanuvii.
348 2484 438 2505 Antonin,
449 2484 549 2502 Dolabell-
561 2491 606 2502 ems.
619 2485 673 2507 710.)

160 2519 311 2546 BRUTUS
331 2519 379 2546 ET
400 2519 563 2547 CASSIUS
583 2519 748 2547 PRAETT.

281 2557 316 2584 M.
343 2556 520 2584 ANTONIO
546 2556 628 2583 COS.

118 2594 140 2619 t.
158 2588 202 2619 De
215 2598 258 2620 tua
271 2594 322 2621 lide
338 2599 364 2621 et
377 2594 564 2622 benevolentia
577 2595 603 2621 in
615 2603 663 2621 nos
675 2595 728 2622 nisi
740 2603 851 2630 persua-

60 2631 288 2663 sumessotnobis.
297 2640 349 2659 non
360 2632 617 2668 conscripsissemus
629 2631 694 2659 haec
705 2632 768 2660 tibi:
782 2641 851 2669 quae

1650 96 1700 122 745

909 164 1039 199 profecto.
1057 165 1165 200 quando
1179 166 1261 192 istum
1277 166 1397 192 animum
1415 164 1510 196 habes,
1531 165 1558 192 in
1573 166 1702 200 optimam

909 207 1011 237 partem
1027 203 1152 236 accipies.
1193 203 1325 229 Scribitur
1341 203 1432 234 nobis,
1455 211 1580 238 magnam
1600 207 1704 229 vetera-

910 248 1005 265 norum
1021 239 1223 266 multitudinem
1239 241 1348 266 Romam
1364 241 1523 266 convenisse
1539 241 1606 271 iam,
1629 245 1655 267 et
1669 239 1703 266 ad

910 276 1042 302 Kalendas
1058 278 1147 303 lunias
1162 277 1280 304 futuram
1296 277 1380 304 multo
1398 278 1536 303 maiorem.
1576 278 1612 303 De
1632 281 1657 303 te
1680 278 1703 303 si

909 313 1066 340 dubitemus
1087 319 1132 340 aut
1152 323 1306 345 vereamur,
1332 315 1418 341 simus
1439 315 1522 341 nostri
1542 314 1702 341 dissimiles.

909 351 963 377 Sed
974 356 1057 382 certe,
1075 360 1160 386 quum
1177 353 1229 386 ipsi
1245 353 1328 378 intua
1340 357 1468 386 potestate
1480 351 1626 382 fuerimus,
1644 357 1704 379 tuo-

909 396 961 423 que
976 388 1085 415 adducti
1102 389 1215 415 consilio
1231 389 1416 416 dimiserimus
1431 398 1466 416 ex
1480 389 1639 424 municipiis
1655 398 1704 416 no-

908 430 976 452 stros
988 426 1162 457 necessarios⁷
1176 435 1263 461 neque
1275 426 1361 453 solum
1373 427 1468 457 edicto,
1481 426 1529 453 sed
1541 427 1621 453 etiam
1633 426 1704 453 litte-

908 463 945 488 ris
957 462 985 488 id
996 462 1153 489 fecerimus:
1171 463 1248 499 digni
1259 473 1368 495 sumus,
1384 473 1452 499 quos
1469 464 1568 490 habeas
1584 464 1624 490 tui
1640 472 1704 490 con-

909 499 964 525 silii
976 500 1134 534 participes.
1153 501 1180 526 in
1191 509 1221 526 ea
1232 502 1389 535 praesertim
1402 510 1442 532 re,
1459 510 1528 536 quae
1539 501 1571 527 ad
1584 510 1631 527 nos
1642 509 1704 536 per-

909 537 984 563 tinet.
1010 539 1035 564 2.
1052 536 1138 569 Quare
1150 538 1268 572 petimus
1280 547 1293 564 a
1306 543 1339 569 te,
1354 538 1435 564 facias
1446 547 1494 564 nos
1505 539 1631 565 certiores
1644 543 1703 565 tuae

909 573 1055 600 voluntatis
1067 575 1094 600 in
1106 583 1168 601 nos:
1190 580 1303 609 putesne
1319 584 1367 601 nos
1381 580 1451 602 tutos
1463 575 1517 602 fore
1530 576 1556 602 in
1569 580 1639 602 tanta
1651 575 1704 602 fre-

909 612 1018 646 quentia
1040 611 1158 638 militum
1178 616 1378 644 veteranorum,
1399 621 1467 647 quos
1483 613 1563 639 etiam
1578 613 1610 639 de
1626 622 1704 648 repo-

909 648 996 674 nenda
1011 657 1055 674 ara
1073 650 1189 684 cogitare
1210 650 1350 683 audimus3
1373 650 1445 684 quod
1466 650 1535 676 velle
1551 655 1576 677 et
1591 650 1703 685 probare.

909 686 956 711 vix
971 686 1116 720 quisquam
1131 695 1211 720 posse
1226 687 1346 718 videtur,
1364 688 1411 721 qui
1426 696 1473 713 nos
1484 687 1573 713 salvos
1584 692 1609 713 et
1620 687 1704 714 hone-

908 728 963 749 stos
980 723 1054 749 velit.
1095 724 1148 749 Nos
1164 724 1197 749 ab
1215 724 1290 750 initio
1307 729 1442 759 spectasse
1457 725 1542 750 otium
1558 733 1606 750 nec
1622 724 1704 759 quid-

908 768 990 794 quam
1006 759 1080 786 aliud
1097 759 1217 786 libertate
1230 762 1368 787 communi
1383 762 1536 796 quaesisse,
1553 762 1641 787 exitus
1656 761 1704 788 de-

909 797 999 823 clarat.
1040 797 1141 823 Fallere
1158 806 1236 824 nemo
1250 807 1298 824 nos
1310 803 1409 833 potest,
1426 799 1479 825 nisi
1490 803 1532 831 ως
1550 798 1623 833 quod
1634 804 1703 825 certe

908 835 983 861 abest
994 834 1027 861 ab
1039 839 1084 861 tua
1095 835 1194 861 virtute
1206 840 1231 862 et
1241 835 1306 861 fide:
1320 835 1367 861 sed
1379 835 1448 862 alius
1460 844 1538 862 nemo
1551 835 1704 862 facultatem

909 872 989 898 habet
1009 871 1164 906 decipiendi
1185 881 1247 899 nos:
1269 873 1319 899 tibi
1340 873 1413 899 enim
1433 873 1481 899 uni
1497 873 1664 899 credidimus
1679 878 1705 899 et

907 909 1036 936 credituri
1052 918 1157 936 sumus.
1198 912 1223 936 3.
1245 911 1363 936 Maximo
1378 910 1410 936 de
1431 910 1509 937 nobis
1530 911 1625 936 timore
1645 909 1705 936 affi—

907 947 1017 973 ciuntur
1032 947 1112 973 amici
1128 948 1225 973 nostri:
1243 948 1345 982 quibus
1361 948 1410 975 etsi
1427 952 1471 974 tua
1488 947 1554 973 fides
1568 947 1704 982 explorata

908 989 956 1016 est⁷
970 988 1059 1011 tamen
1070 984 1139 1010 illud
1151 985 1178 1010 in
1191 990 1307 1011 mentem
1320 986 1401 1015 venit.
1416 985 1618 1011 multitudinem
1630 990 1704 1011 vete—

907 1030 1033 1048 ranorum
1049 1021 1157 1048 facilius
1173 1022 1278 1057 impelli
1294 1022 1327 1048 ab
1344 1022 1395 1049 alio
1407 1022 1542 1057 quolibet,
1561 1031 1642 1057 quam
1654 1031 1668 1048 a
1680 1027 1704 1048 te

908 1059 1015 1085 retineri
1031 1067 1120 1094 posse.
1161 1060 1303 1086 Rescribas
1315 1060 1393 1086 nobis
1404 1059 1437 1086 ad
1448 1060 1552 1091 onmia,
1566 1068 1702 1095 rogamus.

908 1097 975 1123 Nam
987 1096 1055 1123 illud
1067 1096 1145 1123 valde
1156 1096 1214 1123 leve
1226 1101 1267 1123 est
1277 1106 1307 1123 ac
1319 1097 1499 1133 nugatorium,
1516 1106 1545 1124 ea
1560 1106 1587 1123 re
1599 1097 1704 1123 denun-

908 1135 1002 1160 tiatum
1014 1142 1073 1160 esse
1085 1135 1227 1165 veteranis,
1236 1135 1309 1170 quod
1319 1135 1353 1160 de
1364 1134 1512 1161 commodis
1524 1143 1616 1160 eorum
1628 1143 1704 1160 men-

907 1180 935 1197 se
947 1172 1023 1198 lunio
1034 1171 1136 1198 laturus
1148 1180 1231 1198 esses.
1271 1172 1357 1204 Quem
1369 1173 1441 1199 enim
1452 1171 1646 1207 impedimento
1661 1171 1704 1197 fu-

907 1214 997 1235 turum
1010 1214 1102 1244 putas,
1120 1218 1205 1244 quum
1217 1209 1250 1235 de
1263 1209 1340 1236 nobis
1351 1215 1453 1236 certum
1465 1210 1512 1240 sit,
1531 1218 1578 1236 nos
1594 1210 1704 1244 quietu-

907 1246 967 1273 ros‘?
987 1247 1044 1273 Non
1065 1246 1197 1273 dehemus
1218 1247 1346 1281 cuiquam
1367 1247 1454 1274 videri
1474 1247 1590 1273 nimium
1611 1246 1704 1281 cupidi

907 1284 990 1314 vitae,
1009 1292 1094 1318 quum
1110 1284 1231 1310 accidere
1247 1284 1324 1310 nobis
1340 1284 1407 1311 nihil
1420 1285 1505 1319 possit
1515 1285 1573 1310 sine
1585 1284 1704 1319 pernicie

906 1325 932 1348 et
942 1320 1099 1348 confusione
1110 1322 1232 1349 omnium
1245 1330 1344 1348 rerum.

959 1417 999 1437 111.
1015 1417 1031 1437 Α
1041 1417 1091 1437 RG.
1113 1416 1288 1437 contumeliosis
1303 1420 1323 1436 et
1339 1416 1461 1437 minacibus
1472 1416 1565 1436 Antonii
1576 1415 1659 1436 litteris
1671 1422 1703 1436 re-

906 1453 1015 1479 spondent
1026 1452 1116 1472 fortiter
1126 1456 1147 1472 et
1157 1452 1275 1478 intrepide.
1292 1454 1390 1475 (An-ionio,
1401 1453 1501 1471 Dolabella
1511 1460 1557 1470 con.
1568 1454 1621 1472 710.)

960 1505 1112 1532 BRUTUS
1133 1505 1181 1532 ET
1201 1505 1366 1532 CASSlUS
1386 1505 1549 1531 PRAETT.
1572 1504 1599 1530 S.
1623 1504 1651 1530 D.

1165 1543 1342 1570 ANTONIO
1362 1542 1443 1569 COS.

964 1589 986 1614 l.
1009 1584 1041 1614 S.
1065 1589 1096 1615 V.
1118 1588 1147 1615 B.
1168 1588 1200 1614 E.
1223 1589 1336 1614 Litteras
1349 1587 1703 1624 tuaslegimus.simillimas

908 1625 989 1652 edicti
1010 1626 1058 1657 tui,
1080 1625 1296 1657 contumeliosas,
1320 1626 1448 1656 minaces,
1467 1625 1579 1651 minime
1594 1625 1700 1660 dignas

906 1671 975 1698 quae
996 1672 1010 1689 a
1034 1667 1059 1689 te
1079 1663 1158 1690 nobis
1174 1664 1352 1689 mitterentur.
1384 1664 1450 1693 Nos.
1464 1663 1570 1693 Antoni,
1590 1668 1613 1688 te
1630 1663 1702 1688 nulla

907 1700 1077 1727 lacessiimus
1093 1701 1192 1727 iniuria
1207 1709 1294 1735 neque
1311 1701 1469 1727 miraturum
1485 1699 1660 1729 credidimus,
1679 1701 1702 1725 si

907 1742 1040 1773 praetores
1057 1742 1082 1764 et
1096 1747 1126 1764 ea
1142 1738 1273 1773 dignitate
1290 1738 1413 1765 homines
1430 1737 1535 1772 aliquid
1552 1737 1638 1764 edicto
1655 1746 1702 1771 po-

906 1775 1084 1802 stulassemus
1096 1784 1110 1802 a
1122 1775 1242 1802 consule.
1265 1775 1342 1808 Quod
1358 1776 1381 1801 si
1394 1775 1544 1811 indignaris
1554 1784 1634 1801 ausos
1644 1783 1702 1800 esse

907 1813 934 1839 id
951 1812 1051 1839 facere:
1079 1813 1194 1840 concede
1210 1813 1297 1843 nobis,
1317 1817 1346 1839 ut
1360 1812 1509 1843 doleamus,
1528 1821 1559 1838 ne
1576 1812 1625 1838 hoc
1640 1812 1702 1847 qui-

907 1850 969 1876 dem
986 1850 1070 1877 abste
1081 1851 1162 1877 Bruto
1173 1855 1198 1877 et
1209 1851 1301 1877 Cassio
1313 1850 1406 1877 tribui.
1428 1852 1453 1877 2.
1470 1850 1536 1876 Nam
1547 1849 1580 1875 de
1591 1849 1702 1875 delecti-

908 1888 959 1914 bus
976 1887 1076 1914 habitis
1092 1893 1118 1915 et
1133 1888 1258 1923 pecuniis
1276 1888 1424 1923 imperatis,
1447 1887 1612 1914 exercitibus
1627 1886 1702 1912 solli-

907 1926 995 1952 citatis
1007 1929 1033 1952 et
1048 1926 1151 1952 nuntiis
1166 1930 1238 1952 trans
1251 1934 1322 1952 mare
1335 1925 1436 1956 missis,
1454 1924 1527 1960 quod
1540 1929 1563 1951 te
1575 1929 1700 1959 questum

906 1971 965 1989 esse
982 1971 1077 1999 negas3
1101 1972 1149 1990 nos
1159 1962 1271 1998 quidem
1283 1963 1333 1990 tibi
1344 1962 1489 1993 credimus,
1502 1962 1603 1997 optimo
1613 1962 1702 1988 animo

907 2005 931 2026 te
951 1999 1060 2026 fecisse:
1088 2000 1136 2027 sed
1153 2005 1240 2027 tamen
1257 2009 1344 2036 neque
1363 2001 1535 2036 agnoscimus
1551 1999 1700 2034 quidquam

907 2046 1009 2069 eorum,
1033 2042 1058 2064 et
1069 2042 1093 2064 te
1105 2038 1244 2069 miramur,
1258 2046 1343 2073 quum
1356 2038 1421 2064 baec
1433 2037 1580 2065 reticueris,
1595 2045 1701 2070 nonpo-

907 2075 990 2101 tuisse
1001 2075 1137 2101 continere
1149 2075 1316 2101 iracundiam
1328 2080 1410 2105 tuam.
1423 2075 1490 2109 quin
1501 2074 1580 2100 nobis
1591 2073 1624 2099 de
1632 2082 1701 2099 mor·

907 2116 931 2138 te
955 2112 1075 2138 Caesaris
1089 2112 1231 2139 obiiceres.
1263 2114 1287 2138 3.
1309 2112 1378 2139 lllud
1394 2120 1456 2138 vero
1471 2110 1699 2146 quemadmodum

907 2148 1048 2175 ferendum
1059 2150 1103 2179 sit,
1117 2154 1172 2176 tute
1182 2150 1282 2185 cogita:
1306 2157 1357 2176 non
1371 2149 1449 2175 licere
1463 2148 1700 2183 practoribuscon-

906 2186 1012 2212 cordiae
1028 2194 1058 2212 ac
1075 2186 1205 2212 libertatis
1221 2195 1317 2212 caussa
1332 2194 1380 2220 per
1395 2185 1512 2212 edietum
1528 2185 1561 2211 de
1575 2194 1624 2211 suo
1642 2186 1699 2210 iure

907 2222 1045 2254 decedere,
1059 2224 1125 2257 quin
1136 2223 1230 2250 consul
1242 2231 1314 2249 arma
1327 2224 1452 2249 minetur.
1475 2222 1594 2254 Quorum
1603 2221 1699 2247 fiducia

907 2260 975 2286 niliil
997 2265 1045 2290 est.
1069 2260 1141 2294 quod
1163 2268 1210 2286 nos
1227 2265 1335 2286 terreas.
1368 2260 1459 2294 Neque
1475 2260 1548 2286 enim
1563 2259 1638 2284 decet
1655 2263 1700 2284 aut

906 2298 1031 2323 convenit
1050 2297 1128 2323 nobis
1144 2296 1264 2332 periculo
1286 2297 1334 2323 ulli
1349 2297 1507 2323 submittere
1519 2297 1640 2322 animum
1653 2304 1699 2321 no—

906 2340 1002 2361 strum.
1029 2335 1121 2369 Neque
1136 2339 1177 2360 cst
1188 2335 1301 2360 Antonio
1313 2333 1513 2368 postulandum.
1528 2339 1555 2359 ut
1569 2334 1601 2358 iis
1614 2334 1699 2367 impe-

906 2377 953 2402 ret,
971 2380 1086 2406 quorum
1102 2380 1181 2406 opern
1199 2371 1266 2397 liber
1280 2377 1329 2397 est.
1358 2372 1410 2397 Nos
1420 2371 1443 2397 si
1456 2370 1507 2396 alia
1521 2370 1696 2399 hortarentur.

907 2414 935 2435 ut
951 2408 1052 2435 bellum
1067 2408 1148 2435 civile
1163 2409 1293 2435 suscitare
1310 2408 1450 2437 vellemus.
1468 2407 1569 2434 litterae
1586 2413 1645 2433 tuuc
1657 2408 1698 2433 ni—

907 2446 944 2472 liil
960 2446 1127 2480 proficerent.
1155 2445 1233 2472 Nulla
1249 2446 1321 2472 enim
1333 2446 1460 2472 minantis
1472 2446 1614 2471 auctoritas
1626 2444 1697 2479 apud

906 2484 1005 2510 liberos
1028 2488 1077 2510 est.
1109 2483 1162 2510 Sed
1183 2483 1295 2518 pulchre
1317 2482 1455 2518 intelligis,
1480 2492 1531 2509 non
1556 2491 1634 2516 posse
1651 2490 1698 2508 nos

905 2529 1041 2556 quoquam
1063 2520 1179 2556 impelli:
1207 2526 1232 2547 et
1247 2520 1366 2547 fortassis
1382 2528 1411 2546 eu
1428 2528 1455 2546 re
1471 2520 1610 2546 minaciter
1628 2520 1694 2551 agi-³.

905 2564 933 2584 ut
949 2558 1081 2585 iudicium
1097 2563 1217 2586 nostrum
1234 2563 1321 2584 metus
1338 2557 1469 2584 videntur.
1496 2558 1520 2583 t.
1541 2557 1593 2583 Nos
1610 2547 1697 2583 iuliae

903 2596 1034 2623 sententia
1049 2604 1154 2627 sumus=
1173 2601 1202 2622 ut
1217 2601 1241 2622 te
1256 2596 1399 2630 cupiamus
1415 2595 1441 2622 in
1459 2594 1542 2621 libera
1558 2593 1696 2629 republica

903 2642 1032 2670 magnum
1044 2638 1123 2670 atque
1135 2633 1277 2661 honestum
1290 2641 1362 2664 esse.
1386 2640 1513 2659 vocemus
1527 2637 1551 2659 te
1563 2631 1596 2659 ad
1608 2630 1696 2659 nullas

1456 2681 1489 2707 ⁹⁴
