1941 3052
218 150 265 176 k'lt
791 148 830 170 30.
867 145 900 170 M.
936 145 964 169 T.
1000 144 1042 169 (LI

215 230 267 256 que
289 221 376 246 omnia
401 219 480 245 runriu
504 226 562 243 esse
586 217 723 252 permissa.
765 214 859 241 Simile
879 223 939 240 vero
957 218 1005 244 est,
1029 215 1032 259 Ι

217 258 299 284 ιιιιιΙιιι
314 257 451 287 conmuni,
469 261 493 281 et
506 255 647 280 comlunnri
662 252 769 278 omnia?
792 252 873 278 labori
888 256 913 276 et
928 260 1008 284 nego-
1037 253 1039 259 “

217 297 252 321 tiu
267 295 400 329 praeponi,
417 303 447 319 ιιιι
465 293 574 326 praeda·-
590 297 613 316 et
627 290 770 324 quacstui‘!
793 290 858 314 mitti
874 288 906 314 ad
922 289 1008 314 socios
1029 263 1032 382 ι

218 332 375 360 liberandus,
393 340 424 356 au
440 330 470 355 ml
486 328 692 363 opprimendos?
712 327 838 361 Denique,
855 326 877 351 ai
892 326 954 360 quis
968 330 1008 351 ent

217 370 298 395 honus
321 367 478 401 singularia,
505 365 606 391 nihilne
629 365 750 394 interest,
777 368 865 389 utrum
890 362 1007 397 populus
1030 387 1039 399 Ἡ

215 407 349 432 liouuunus
368 414 441 433 euru,
462 404 504 428 cui
521 402 596 432 velit,
617 401 729 432 deferat,
750 410 781 426 an
802 401 824 426 is
840 400 1008 434 impudenter
1030 400 1039 437 ξ’

215 443 314 478 populo
330 443 444 467 llounauo
460 449 505 474 per
521 440 586 472 legis
602 438 721 465 fraudem
737 438 916 472 surripiatur?
1036 434 1039 459 l

270 480 360 505 xvut.
383 479 422 504 157.
449 477 632 506 Intellexistis,
653 480 717 510 quot
737 484 777 501 res
796 480 821 501 et
835 479 947 509 quantas
961 474 1008 499 de·
1030 441 1032 533 y

214 516 334 546 cciuviri,
353 516 418 549 legis
434 514 576 549 permissu,
594 513 727 539 vendituri
742 514 805 538 siut.
840 513 896 538 Non
911 516 951 537 eat
965 520 1008 537 sa-

215 556 256 580 tis.
279 554 367 585 Quum
378 562 436 578 sese
446 552 587 581 sociorum,
600 560 684 585 quum
697 555 845 576 exterarum
859 550 1004 578 nationum.
1029 547 1031 587 l

213 600 296 626 quum
313 599 404 623 regum
420 590 549 622 sanguine
564 588 708 623 implerint,
726 587 843 613 incidant
855 595 949 613 nervos
961 595 1008 620 po-
1030 595 1031 615 ι

215 628 270 662 puli
287 628 409 657 numani.
430 627 574 652 adhibeant
593 634 688 652 inaniis
708 625 884 658 vectigalibus
900 624 1004 653 vestris,
1029 624 1031 640 ¹

215 667 362 699 irrumpant
376 665 402 690 in
421 664 563 690 aerarium.
604 663 732 698 Sequitur
750 663 820 688 enim
839 666 932 696 caput,
953 670 1007 696 quo

212 703 296 737 cupite
316 711 347 728 ne
368 702 495 736 permittit
512 701 636 736 quidem,
661 701 683 726 si
708 699 772 726 forte
796 699 863 725 {lesit
884 699 1004 734 pecunia,
1029 719 1030 722 ,

213 749 281 775 quae
301 744 368 765 tanta
388 748 420 765 cx
438 738 624 773 superioribus
643 738 722 772 recipi
743 741 840 772 potest,
866 741 895 762 ut
913 736 1006 762 deesse
1028 754 1029 760 1

214 786 264 803 uon
279 777 381 807 debeat,
398 776 444 802 sed
461 776 546 811 plane,
561 776 638 810 quasi
654 784 682 801 ea
698 784 738 801 res
754 775 830 800 vobis
842 774 921 800 saluti
934 774 1006 799 futu·
1028 778 1037 802 l}

213 823 239 841 ra
259 815 306 844 sit,
327 814 361 840 ita
379 814 449 849 cogit
468 818 546 848 atque
565 813 689 848 imperat,
710 817 738 838 ut
756 812 900 837 decemviri
920 815 1005 836 vestra

214 851 352 887 vectigalia
368 851 482 877 vendant
498 851 662 877 nominatim.
694 851 734 876 48.
750 851 834 881 Quam
851 854 878 875 tu
894 849 959 874 mihi
974 856 1006 874 ex
1028 852 1037 884 ζ,

212 889 304 915 ordine
323 889 402 915 recita
420 888 452 914 de
473 888 538 923 legis
557 888 655 922 scripto
674 887 765 922 populi
782 887 889 912 Romani
905 886 1006 912 auctio-

213 935 287 953 nem:
304 935 384 961 quam
401 925 552 952 mehercule
566 934 616 961 ego
631 925 751 960 praeconi
767 925 828 950 huic
840 924 890 958 ipsi
904 923 1005 950 luctuo-
1035 937 1037 948 ι

206 968 270 990 'sam
285 969 310 990 et
324 964 443 990 acerbam
460 963 680 998 praedicationem
697 962 813 988 futuram
830 966 902 996 puto.
933 961 966 987 Ut
979 962 1006 986 in
1035 962 1037 983 l

212 1002 270 1028 suis
285 1001 374 1032 rebus,
392 1002 425 1027 ita
441 1002 465 1026 in
482 1000 616 1035 republica
633 999 786 1026 luxuriosus
801 1004 839 1025 est
852 1007 942 1033 nepos,
959 998 1006 1033 qui

213 1039 289 1074 prius
307 1039 389 1064 silvas
408 1038 517 1068 vendat,
537 1046 618 1073 quam
639 1038 739 1063 vineas.
780 1037 881 1062 Italiam
897 1044 1007 1071 percen-

213 1077 306 1103 suisti:
324 1084 403 1111 perge
418 1077 444 1101 in
459 1075 588 1101 Siciliam.
612 1083 768 1101 At'CTtONtS
783 1084 852 1100 rans
865 1083 913 1104 εΑ,
930 1081 1006 1104 QUAE

212 1123 248 1140 Αι)
265 1122 397 1140 ςιοιιιΛιι
418 1122 569 1139 νειιτιιιετ.
604 1112 676 1138 Nihil
696 1117 735 1138 est
754 1112 781 1137 in
796 1111 844 1137 hac
859 1111 1004 1146 provincia,

212 1151 285 1186 quod
299 1155 344 1177 aut
359 1151 385 1177 in
400 1151 519 1185 oppidis,
537 1154 581 1177 aut
596 1151 622 1176 in
637 1150 707 1185 agris
723 1149 835 1175 maiores
850 1149 931 1174 vestri
946 1156 1007 1183 pro-

213 1189 302 1223 prium
317 1189 392 1214 vobis
408 1188 576 1223 reliquerint,
596 1188 662 1222 quin
678 1187 703 1213 id
719 1187 809 1212 venire
823 1186 922 1212 iubeat.
964 1187 1005 1212 49.

212 1226 288 1258 Quod
307 1230 412 1260 partum
428 1226 524 1252 recenti
540 1225 647 1251 victoria
663 1225 774 1250 maiores
789 1224 865 1250 vobis
880 1224 907 1250 in
921 1224 1008 1250 socio-

213 1272 273 1290 rum
288 1263 402 1289 urbibus
416 1272 445 1289 ac
460 1263 558 1289 linibus
577 1267 602 1288 et
621 1262 759 1288 vinculum
780 1262 852 1296 pacis
871 1265 897 1287 et
911 1269 1008 1287 monu-
1028 1275 1030 1285 ι

213 1305 333 1327 mentum
353 1300 416 1327 belli
435 1300 613 1335 reliquerunt,
634 1300 661 1326 id
680 1308 726 1326 vos
744 1299 777 1325 ab
796 1299 850 1325 illis
869 1303 1007 1333 acceptum

213 1339 261 1364 hoc
275 1342 380 1364 auctore
394 1337 533 1364 vendetis?
546 1338 593 1363 Hic
608 1337 673 1363 mihi
689 1345 833 1372 parumper
847 1341 950 1362 mentes
963 1344 1008 1362 ve-
1029 1362 1030 1365 ,

212 1381 289 1407 stt-as,
306 1375 431 1408 Quirites,
448 1384 614 1402 commovere
626 1374 724 1405 videor,
741 1374 806 1400 dum
821 1373 949 1408 patefacio
961 1382 1008 1400 vo-

212 1413 267 1444 bis,
288 1422 355 1448 quas
374 1413 417 1439 isti
436 1414 543 1448 penitus
562 1413 698 1439 abstrusas
713 1411 826 1438 insidias
840 1420 869 1437 se
884 1412 1006 1446 posuisse

211 1450 373 1477 arbitrentur
386 1455 475 1477 contra
490 1450 538 1477 Cn.
554 1450 673 1485 Pompeii
687 1449 856 1485 dignitatem.
881 1449 914 1475 Et
928 1448 1004 1479 mihi,

211 1496 324 1523 quaeso,
349 1489 491 1523 ignoscite,
516 1488 539 1514 si
558 1487 664 1522 appello
682 1487 760 1513 talem
781 1487 868 1513 virum
887 1487 1005 1521 saepius.

211 1526 263 1552 Vos
279 1525 345 1551 mihi
359 1526 472 1560 praetori
487 1525 595 1552 biennio
609 1529 681 1555 ante,
698 1524 828 1557 Quirites,
850 1524 899 1550 hoc
913 1523 1006 1550 eodem

210 1563 238 1589 iu
254 1562 309 1589 loco
323 1571 462 1597 personam
477 1563 544 1589 hanc
559 1563 740 1597 imposuistis,
761 1566 803 1593 ut,
828 1561 1008 1596 quibuscum-

211 1608 264 1635 que
278 1600 358 1626 rebus
377 1609 497 1635 possem,
523 1600 597 1626 illius
612 1600 729 1626 absentis
743 1599 901 1635 dignitatem
916 1598 1008 1625 vobis-

211 1646 272 1664 cum
295 1646 348 1664 una
371 1642 468 1664 tuerer.
509 1638 570 1664 Feci
594 1637 694 1667 adhuc,
719 1645 788 1672 quae
807 1637 895 1671 potui,
920 1644 1007 1670 neque

213 1674 389 1701 familiaritate
409 1674 482 1701 illius
502 1675 647 1705 adductus,
668 1682 717 1700 nec
735 1682 783 1709 spe
801 1674 908 1700 honoris
927 1678 1007 1708 atque

211 1712 394 1746 amplissimae
412 1712 562 1748 dignitatis:
584 1721 665 1747 quam
684 1720 746 1747 ego,
767 1711 816 1737 etsi
837 1710 936 1737 libente
949 1710 1004 1741 illo,

212 1754 299 1775 tamen
318 1749 426 1775 absente
445 1750 502 1780 illo,
529 1758 575 1784 per
598 1758 644 1775 vos
668 1753 828 1775 consecutus
851 1757 922 1774 sum.
963 1749 1005 1774 50.

211 1786 390 1819 Quamobrem
399 1795 484 1822 quum
501 1786 658 1822 intelligam.
676 1786 743 1812 hanc
758 1790 837 1812 totam
853 1785 905 1812 fere
921 1785 1006 1821 legem

212 1823 245 1850 ad
265 1823 338 1850 illius
357 1832 421 1859 opes
440 1824 596 1850 evertendas
615 1828 750 1858 tamquam
769 1823 921 1849 machinam
935 1831 1008 1849 com-

211 1861 311 1896 parari,
336 1866 362 1887 et
379 1862 500 1888 resistam
520 1861 639 1888 consiliis
659 1861 799 1887 hominum
822 1865 847 1886 et
871 1860 1006 1895 perficiam

212 1897 341 1933 profecto,
366 1898 439 1933 quod
453 1907 502 1935 ego
516 1898 594 1925 video
607 1899 768 1933 comparari,
791 1902 821 1924 ut
839 1897 866 1924 id
885 1906 931 1924 vos
947 1898 1008 1923 uni-

212 1936 281 1962 versi
297 1944 348 1962 non
362 1936 450 1962 solum
465 1936 567 1967 videre,
584 1944 677 1962 verum
691 1936 770 1961 etiam
785 1940 872 1961 tenere
887 1935 1005 1969 possitis.

212 1973 286 1999 XIX.
303 1973 378 1999 Iubet
392 1974 495 2004 venire,
516 1982 584 2008 quae
598 1973 789 2004 Attalensium,
806 1981 874 2007 quae
888 1971 1008 1998 Phaseli-

211 2015 277 2041 tum,
294 2019 362 2045 quae
376 2010 586 2047 Olympenorum
603 2010 709 2041 fuerint,
725 2018 875 2046 agrumque
889 2010 1008 2045 Ageren-

211 2056 266 2074 sem
282 2052 307 2074 et
321 2047 499 2074 Oroandicum
513 2053 538 2074 et
552 2047 736 2074 Gedusanum.
773 2048 840 2073 Ilaec
854 2047 883 2073 P.
899 2047 1006 2073 Servilii
1029 2043 1031 2075 l

212 2085 324 2119 imperio
337 2090 362 2111 et
377 2086 499 2116 victoria,
515 2085 656 2111 clarissimi
674 2085 733 2116 viri,
750 2089 836 2111 vestra
852 2084 918 2111 facta
932 2089 1005 2110 sunt.

213 2122 341 2158 Adiungit
355 2131 432 2158 agros
446 2123 585 2158 Bithyniae
600 2123 698 2158 regios,
715 2122 816 2157 quibus
831 2131 901 2148 nunc
916 2121 1008 2156 publi-

210 2160 270 2186 caui
284 2159 424 2187 fruuntur:
441 2160 538 2187 deinde
552 2159 678 2186 Attalicos
693 2168 770 2195 agros
785 2160 812 2185 in
827 2159 1004 2186 Cherroneso:
1028 2168 1030 2177 ι

211 2198 238 2223 in
253 2197 413 2229 Macedonia,
430 2199 478 2233 qui
493 2198 563 2233 regis
575 2197 693 2232 Philippi
708 2197 766 2223 sive
777 2197 871 2223 Persae
887 2196 1003 2226 fuerunt,

210 2236 257 2269 qui
271 2235 335 2261 item
350 2243 363 2261 a
377 2235 533 2261 censoribus
549 2235 624 2261 locati
639 2239 710 2265 sunt,
726 2238 752 2260 et
765 2234 946 2260 certissimum
961 2242 1008 2259 ve-

210 2271 298 2307 ctigal.
339 2273 380 2299 5⁴.
400 2273 517 2299 Ascribit
535 2272 606 2298 idem
621 2272 737 2298 auctioni
752 2271 903 2298 Corinthios
917 2279 1004 2307 agros,

210 2309 313 2343 opimos
331 2314 357 2336 et
375 2309 488 2341 fertiles,
511 2314 535 2336 et
554 2310 732 2345 Cyrenenses,
752 2309 800 2344 qui
818 2309 929 2343 Apionis
948 2308 1007 2334 fue-

211 2351 285 2372 runt:
305 2351 331 2373 et
349 2355 426 2383 agros
445 2348 472 2374 in
487 2347 613 2382 Hispania
631 2351 740 2381 propter
753 2346 944 2382 Karthaginem
958 2354 1007 2372 no-

211 2391 284 2415 vam,
305 2388 331 2410 et
348 2384 376 2410 in
390 2384 477 2411 Africa
495 2385 583 2419 ipsam
601 2389 717 2411 veterem
732 2384 922 2420 Karthaginem
942 2392 1006 2409 ven-

210 2419 262 2446 dit.
278 2429 359 2455 quam
374 2422 498 2448 videlicet
512 2423 540 2448 P.
556 2421 697 2448 Africanus
711 2430 763 2447 non
777 2426 885 2456 propter
898 2420 1007 2456 religio-

211 2465 271 2483 nem
285 2458 390 2484 sedium
404 2458 512 2486 illarum
527 2468 556 2485 ac
570 2459 719 2489 vetustatis,
735 2458 769 2484 de
782 2458 888 2485 consilii
898 2462 1006 2484 senten-

211 2494 259 2524 tia,
279 2497 455 2527 consecravit,
476 2496 524 2523 sed
538 2500 567 2522 ut
580 2497 639 2531 ipse
658 2495 731 2522 locus
750 2504 856 2526 eorum.
877 2496 924 2530 qui
942 2503 1005 2521 cum

211 2530 259 2556 hac
278 2531 343 2557 urbe
360 2532 393 2558 de
412 2533 523 2568 imperio
541 2537 687 2564 certarunt,
712 2533 825 2568 vestigia
847 2532 1005 2559 calamitatis

210 2568 368 2595 ostenderet.
391 2570 443 2596 Sed
459 2579 509 2597 non
524 2570 575 2596 fuit
589 2575 642 2596 tam
656 2569 781 2605 diligens,
798 2578 879 2604 quam
890 2574 930 2596 est
940 2568 1006 2596 Rul-

211 2604 268 2631 lus:
288 2610 334 2631 aut
352 2605 461 2633 fortasse
479 2612 625 2642 emptorem
644 2607 668 2633 ei
688 2607 744 2633 loco
762 2607 877 2641 reperire
892 2615 943 2633 non
958 2615 1006 2641 po—

210 2643 270 2668 tuit.
302 2642 399 2669 Verum
415 2644 483 2670 inter
497 2645 545 2672 hos
559 2653 636 2680 agros
650 2645 747 2679 regios,
763 2649 854 2679 captos
869 2644 1005 2670 veteribus

211 2678 289 2705 hallis
304 2680 401 2706 virtute
415 2689 583 2708 summorum
598 2682 802 2716 imperatorum,
823 2681 946 2717 adIungit
964 2689 1006 2707 rt.L

1028 885 1037 906 ἰ
1057 887 1183 913 arbitror:

1059 143 1278 169 ‹ttiltciNts

1036 215 1039 223 ¹
1059 214 1116 247 gion
1137 222 1213 247 agros
1232 213 1406 244 Mithridati»,
1430 215 1477 249 qui
1498 215 1524 241 in
1544 214 1735 249 Paphlagonia,
1761 215 1808 249 qui
1827 215 1854 241 in

1061 252 1153 280 I’outo.
1174 251 1221 285 qui
1242 251 1267 276 in
1283 251 1446 285 cappadoci·
1463 251 1582 282 fuerunt,
1604 257 1632 277 ut
1650 261 1695 277 eoa
1708 251 1854 278 decemviri

1061 289 1184 314 vendant.
1219 289 1261 314 52.
1278 288 1348 313 Itane
1364 288 1444 314 vero?
1460 297 1510 315 non
1527 289 1631 324 legibus
1645 289 1723 317 datis.
1740 298 1791 315 non
1807 297 1855 315 au·

1037 338 1039 344 ·
1059 326 1122 351 ditis
1135 325 1223 351 verbis
1238 325 1418 359 imperatoris,
1441 326 1558 352 nondum
1577 326 1692 361 denique
1709 326 1778 352 bello
1791 335 1855 353 con-

1061 362 1140 392 secto.
1156 371 1241 397 quum
1258 371 1303 388 rex
1319 362 1496 393 Mithridates,
1513 364 1612 390 amisso
1624 364 1756 393 exercitu,
1772 372 1855 399 regno

1060 400 1204 434 expulsus,
1221 404 1308 426 tamen
1324 401 1350 425 in
1366 400 1468 426 ultimis
1484 401 1559 426 terri»
1573 400 1674 435 aliquid
1688 402 1767 427 etiam
1784 409 1854 427 nunc

1061 438 1197 465 moliatur,
1219 442 1297 471 ιιυμιε
1315 437 1348 462 ab
1363 438 1459 463 invicta
1474 437 1521 463 Cu.
1539 437 1655 472 Pompeii
1671 447 1750 464 manu
1767 438 1854 464 Maeo-

1061 475 1113 500 tide
1127 480 1152 500 et
1167 474 1221 500 illis
1236 474 1382 509 paludibus
1396 479 1421 500 et
1435 475 1560 501 itinerum
1575 476 1707 510 angustiis
1721 480 1800 510 atque
1815 475 1854 501 al-

1036 515 1038 529 ?
1060 512 1173 538 titudine
1197 512 1327 538 montium
1349 511 1520 538 defendatur:
1548 520 1633 546 quum
1659 513 1800 547 imperator
1826 513 1852 539 in

1036 551 1037 555 ’
1060 549 1129 575 bello
1149 554 1282 575 versetur:
1308 549 1333 575 in
1355 548 1418 575 locis
1437 554 1525 575 autem
1541 549 1595 575 illis
1609 550 1687 575 etiam
1704 559 1774 576 nunc
1789 550 1852 576 belli

1036 600 1038 607 ›
1060 595 1154 613 nomen
1170 587 1304 621 reliquum
1319 587 1367 612 eit:
1383 595 1428 612 eos
1441 596 1527 622 agros,
1543 595 1658 621 quorum
1671 586 1758 613 adhuc
1772 595 1853 622 penes

1060 625 1107 650 Cn.
1126 624 1280 658 Pompeium
1296 633 1374 650 omne
1389 624 1518 650 iudicium
1533 629 1558 650 et
1573 629 1688 659 potestas
1707 633 1779 650 more
1798 633 1854 651 ma-

1059 663 1144 688 iorum
1163 662 1242 687 (lebet
1256 670 1327 691 esse,
1348 661 1493 687 ‹lenemviri
1509 661 1642 687 vendent?
1668 663 1709 688 53.
1731 662 1775 692 Et.
1796 669 1854 688 cre-

1058 699 1104 729 (lo,
1126 699 1154 725 P.
1171 699 1265 725 Rullus
1279 700 1312 733 (is
1327 700 1398 725 enim
1413 700 1451 725 sic.
1470 708 1498 725 se
1516 700 1597 735 gerit,
1619 703 1647 725 ut
1665 699 1717 725 sibi
1736 699 1788 725 iarn
1806 699 1855 725 de-

1057 737 1159 762 cemvir
1172 736 1329 772 designatus
1347 745 1405 762 esse
1425 737 1567 771 videatur.)
1585 736 1616 762 ad
1631 745 1688 762 eam
1703 737 1854 763 auctionem

1058 775 1229 809 potissimum
1246 774 1439 808 proficiscetur!
1463 774 1524 800 XX.
1538 775 1561 800 Is
1577 774 1700 800 videlicet
1711 779 1854 809 antequam

1059 812 1146 838 veniat
1166 812 1191 838 in
1208 812 1334 841 Pontum,
1357 811 1455 838 litteras
1469 812 1501 837 ad
1516 812 1564 838 Cn.
1582 812 1736 846 Pompeium
1752 812 1852 838 mittet:

1057 858 1172 884 quarum
1187 857 1236 885 ego
1251 849 1301 875 iam
1317 849 1471 884 exemptum
1486 849 1519 875 ab
1534 850 1592 875 istis
1606 850 1784 884 compositum
1795 856 1854 875 esse

1215 896 1237 912 P.
1256 895 1414 913 SERVILIUS
1432 896 1554 917 nvLLth,
1575 896 1718 913 intumus
1737 895 1851 916 PLGs,

1059 933 1226 954 υεοηιινιι,
1250 933 1271 950 s.
1293 933 1316 949 n.
1336 933 1379 950 cs.
1401 933 1540 953 roureio.
1565 933 1607 950 cs.
1632 933 1655 950 r.
1696 924 1752 950 Non
1775 923 1854 950 credo

1058 962 1236 996 ascripturum
1252 969 1319 991 esse,
1336 970 1447 988 utone:
1465 970 1515 987 non
1530 962 1600 987 enirn
1613 961 1718 987 videtur
1729 960 1765 990 id.
1780 960 1854 996 quod

1058 999 1218 1025 imminuere
1234 999 1291 1034 Iege
1305 1003 1423 1029 conatur,
1439 1007 1616 1025 concessurus
1631 998 1721 1025 verbo.
1755 1007 1787 1024 τε
1802 1008 1854 1025 vo-

1059 1046 1090 1063 ιο
1108 1045 1239 1067 cunas,
1260 1045 1293 1063 υτ
1312 1045 1376 1062 uini
1395 1044 1519 1063 εικοΡΑιι
1540 1045 1669 1062 νιιΛεετο
1687 1045 1741 1066 sis,
1767 1044 1853 1062 Αυιι·

1058 1083 1188 1105 ιιυιιοιιε
1204 1082 1352 1104 annuens,
1377 1083 1433 1100 neu
1449 1083 1500 1100 zos
1517 1083 1621 1104 Λῡιιοε,
1641 1082 1714 1104 Quos
1732 1082 1785 1100 ruo
1802 1082 1854 1099 ιΑ-

1058 1120 1130 1137 none
1145 1120 1274 1141 carisi-1,
1291 1119 1347 1137 zuo
1361 1120 1419 1137 ιιεΑ
1434 1120 1507 1137 tzor:
1523 1120 1653 1137 vesunt.
1686 1111 1726 1137 An
1741 1111 1854 1145 Pompe-

1059 1149 1114 1175 ium
1134 1157 1185 1175 non
1205 1148 1360 1174 adhibebit?
1382 1149 1408 1174 in
1427 1149 1486 1174 eius
1500 1149 1635 1183 provincia
1651 1147 1746 1174 vendet
1760 1156 1855 1174 manu-

1059 1187 1116 1213 bias
1135 1185 1320 1221 imperatoris‘?
1346 1186 1436 1212 Ponite
1455 1191 1514 1212 ante
1532 1186 1623 1212 oculos
1642 1186 1718 1212 vobis
1732 1184 1852 1215 Rullum.

1058 1224 1085 1250 in
1101 1224 1195 1254 Ponto,
1211 1225 1280 1250 inter
1293 1228 1380 1249 vestra
1394 1228 1473 1258 atque
1487 1223 1604 1249 hostium
1619 1227 1703 1249 castra
1719 1222 1793 1248 hasta
1807 1231 1855 1257 po-

1059 1262 1118 1292 sita,
1135 1270 1197 1287 cum
1212 1261 1270 1287 suis
1285 1260 1408 1287 formosis
1423 1261 1574 1287 finitoribus
1589 1261 1794 1286 auctionantem.
1810 1260 1853 1286 54.

1059 1300 1151 1334 Neque
1166 1299 1192 1325 in
1208 1298 1256 1324 hoc
1266 1298 1353 1324 solum
1366 1299 1435 1324 inest
1445 1298 1615 1328 contumelia,
1631 1305 1699 1332 quae
1711 1297 1856 1323 vehemen-

1059 1341 1098 1363 ter
1115 1341 1140 1362 et
1159 1336 1274 1371 insignis
1293 1340 1333 1361 est
1351 1340 1377 1362 et
1395 1344 1475 1366 nova,
1501 1340 1529 1362 ut
1548 1335 1602 1362 ulla
1620 1343 1662 1361 res
1681 1340 1753 1370 parta
1771 1334 1853 1365 bello,

1059 1373 1179 1401 nondum
1195 1373 1302 1409 legibus
1316 1373 1396 1403 datis,
1413 1374 1492 1399 etiam
1507 1377 1563 1399 tum
1578 1373 1736 1407 imperatore
1750 1371 1854 1398 bellum

1059 1412 1270 1442 administrante,
1287 1419 1338 1437 non
1353 1410 1432 1437 modo
1446 1411 1566 1441 venierit,
1583 1418 1676 1436 verum
1691 1410 1770 1436 etiam
1786 1408 1855 1436 loca—

1058 1454 1083 1476 ta
1098 1449 1142 1475 sit.
1183 1448 1247 1474 Plus
1261 1452 1382 1483 spectant
1396 1448 1517 1474 homines
1531 1452 1609 1478 certe,
1625 1456 1705 1483 quam
1717 1451 1856 1473 contume-

1060 1487 1137 1513 liam:
1153 1490 1268 1521 sperant,
1285 1486 1308 1512 si
1323 1494 1480 1512 concessum
1491 1486 1525 1512 sit
1535 1485 1651 1511 inimicis
1663 1484 1710 1512 Cn.
1723 1484 1853 1520 Pompeii,

1059 1533 1120 1550 cum
1135 1523 1262 1558 imperio,
1278 1532 1340 1550 cum
1354 1523 1455 1550 iudicio
1468 1523 1588 1549 omnium
1604 1531 1702 1553 rerum,
1718 1530 1780 1548 cum
1794 1522 1856 1548 inli—

1060 1562 1113 1588 nita
1128 1565 1270 1596 potestate,
1291 1569 1354 1586 cum
1367 1560 1557 1587 innumerabili
1573 1561 1686 1595 pecunia
1701 1567 1752 1586 non
1766 1559 1854 1586 solum

1059 1599 1119 1625 aliis
1133 1599 1160 1624 in
1177 1598 1241 1624 locis
1261 1598 1364 1633 vagari,
1385 1606 1478 1624 verum
1497 1598 1576 1624 etiam
1595 1597 1628 1624 ad
1647 1597 1735 1632 ipsius
1753 1596 1854 1623 exerci-

1059 1641 1116 1663 tum
1136 1636 1289 1670 pervenire:
1309 1634 1412 1670 aliquid
1430 1635 1469 1661 illi
1488 1634 1646 1661 insidiarum
1661 1634 1730 1665 fieri,
1751 1633 1855 1668 aliquid

1059 1674 1092 1700 de
1105 1674 1164 1699 eius
1177 1672 1310 1702 exercitu,
1329 1672 1428 1707 copiis,
1453 1671 1537 1708 gloria
1555 1671 1658 1698 detrahi
1673 1679 1761 1706 posse.
1802 1671 1856 1697 Pu-

1060 1715 1124 1742 tant,
1140 1711 1162 1736 si
1177 1718 1258 1744 quam
1272 1717 1349 1744 spem
1365 1710 1392 1735 in
1408 1709 1456 1736 Cn.
1473 1709 1598 1744 Pompeio
1612 1709 1745 1735 exercitus
1758 1707 1856 1734 habeat

1058 1753 1103 1774 aut
1125 1755 1250 1783 agrorum
1272 1751 1318 1773 aut
1339 1746 1453 1773 aliorum
1476 1746 1691 1776 commodorum,
1716 1745 1784 1772 hanc
1802 1753 1854 1772 non

1060 1785 1229 1815 habiturum,
1254 1792 1339 1819 quum
1359 1783 1487 1814 viderint,
1512 1792 1603 1810 earum
1626 1791 1714 1810 rerum
1732 1783 1854 1810 omnium

1059 1827 1214 1858 potestatem
1229 1821 1262 1848 ad
1276 1821 1442 1847 decemviros
1456 1829 1515 1847 esse
1529 1821 1659 1847 tralatam.
1700 1822 1743 1847 55.
1767 1820 1855 1847 Patior

1060 1869 1111 1887 non
1125 1859 1250 1890 moleste,
1267 1863 1319 1885 tam
1334 1858 1431 1885 stultos
1444 1867 1512 1889 esse,
1527 1859 1575 1893 qui
1591 1858 1655 1884 haec
1668 1862 1784 1892 sperent.
1801 1862 1854 1883 tam

1059 1897 1240 1933 impudentes,
1255 1896 1302 1931 qui
1316 1900 1454 1922 conentur.
1492 1895 1562 1922 Illud
1575 1903 1681 1931 queror,
1698 1900 1751 1921 tam
1766 1903 1808 1921 me
1821 1894 1854 1920 ab

1059 1935 1092 1961 iis
1111 1943 1169 1961 esse
1192 1938 1389 1968 contemptum,
1414 1938 1444 1960 ut
1461 1933 1527 1960 haec
1545 1938 1664 1969 portenta
1683 1941 1727 1959 me
1744 1931 1855 1959 consule

1059 1973 1229 2008 potissimum
1244 1971 1398 2007 cogitarent.

1114 2010 1202 2044 Atque
1214 2011 1242 2035 in
1256 2008 1383 2035 omnibus
1398 2008 1440 2035 his
1453 2008 1524 2044 agris
1539 2007 1722 2043 aedificiisque
1736 2006 1855 2033 venden-

1058 2047 1100 2073 dis
1119 2046 1284 2082 permittitur
1304 2045 1479 2077 deeemviris,
1504 2054 1538 2072 ur
1559 2054 1706 2075 veremur,
1731 2052 1856 2075 our-us-

1058 2093 1176 2115 ccuous
1196 2093 1223 2110 rr«
1241 2091 1326 2110 Locis
1344 2092 1504 2110 vmanun.
1544 2081 1567 2109 O
1580 2082 1760 2117 perturbatam
1775 2081 1856 2107 ratio-

1058 2122 1133 2148 nem!
1158 2130 1174 2148 o
1188 2120 1329 2147 libidinem
1343 2119 1542 2147 refrenandam!
1566 2128 1582 2146 o
1599 2118 1710 2146 consilia
1723 2117 1854 2144 dissoluta

1057 2164 1137 2194 atque
1152 2159 1268 2194 perdita!
1284 2158 1359 2184 xxt.
1374 2157 1518 2193 Vectigalia
1534 2156 1618 2183 locare
1632 2164 1767 2191 nusquam
1782 2154 1852 2186 licet,

1058 2197 1110 2223 nisi
1124 2197 1151 2222 in
1166 2196 1215 2222 hac
1230 2195 1309 2226 urbe,
1330 2195 1380 2222 boe
1393 2204 1427 2221 ex
1442 2195 1510 2224 loco.
1531 2194 1580 2221 bac
1594 2198 1713 2220 vestrum
1730 2192 1855 2228 frequen·

1057 2234 1102 2260 tia.
1143 2233 1239 2260 Venire
1258 2237 1360 2259 vestras
1378 2240 1421 2259 res
1434 2232 1567 2267 proprias,
1588 2236 1614 2257 et
1627 2231 1654 2257 in
1668 2234 1825 2265 perpetuum
1839 2237 1854 2255 a

1058 2271 1135 2297 vobis
1149 2270 1258 2297 alienari
1272 2271 1300 2296 in
1314 2269 1510 2305 Paphlagoniae
1523 2268 1641 2295 tenebris
1655 2272 1734 2302 atque
1747 2267 1774 2293 in
1785 2266 1855 2302 Cap-

1057 2308 1183 2343 padociae
1197 2307 1343 2334 solitudine
1358 2306 1466 2333 licebit?
1491 2308 1532 2333 56.
1553 2306 1582 2332 L.
1597 2304 1671 2331 Sulla
1684 2313 1771 2340 quum
1784 2303 1854 2331 bona

1056 2346 1272 2372 indemnatorum
1291 2345 1393 2371 civium
1413 2343 1518 2370 funesta
1532 2342 1577 2369 illa
1591 2343 1712 2369 auctione
1725 2350 1774 2368 sua
1788 2349 1855 2368 ven-

1057 2384 1139 2414 deret,
1156 2387 1182 2409 et
1195 2391 1223 2409 se
1237 2381 1363 2417 praedam
1377 2390 1454 2408 suam
1468 2381 1568 2407 diceret
1581 2379 1706 2410 vendere,
1722 2383 1810 2405 tamen
1819 2386 1854 2405 ex

1058 2420 1107 2447 hoc
1121 2420 1178 2447 loco
1191 2419 1322 2450 vendidit,
1338 2427 1396 2448 nec.
1411 2426 1527 2454 quorum
1537 2417 1630 2444 oculos
1639 2416 1797 2447 offendebat,
1809 2423 1855 2442 eo-

1056 2466 1116 2484 rum
1131 2458 1253 2492 ipsorum
1266 2461 1438 2491 conspectum
1454 2455 1545 2490 fugere
1559 2463 1642 2481 ausus
1655 2458 1706 2480 est.
1743 2453 1854 2479 Decem-

1057 2495 1108 2521 viri
1123 2499 1210 2521 vestra
1224 2493 1364 2529 vectigalia
1378 2501 1430 2519 non
1440 2492 1518 2519 modo
1530 2500 1563 2518 ne
1573 2491 1650 2518 vobis
1659 2490 1771 2526 quidem
1781 2489 1854 2516 arbi-

1056 2533 1118 2562 tris,
1141 2532 1189 2558 sed
1203 2540 1236 2558 ne
1249 2538 1378 2566 praecone
1391 2529 1502 2565 quidem
1516 2528 1625 2564 publico
1639 2532 1706 2555 teste
1718 2525 1853 2554 vendent?

1112 2569 1254 2604 Sequitur,
1273 2576 1367 2595 ouans
1384 2576 1476 2594 Aenos
1494 2575 1588 2592 enm
1606 2574 1729 2592 tumn
1746 2563 1851 2591 infinito

1056 2615 1090 2633 ex
1103 2611 1235 2641 tempore,
1252 2614 1314 2636 non,
1330 2609 1360 2631 ut
1373 2608 1458 2635 antea,
1473 2603 1508 2630 ab
1521 2603 1597 2630 Sulla
1610 2607 1636 2629 et
1648 2602 1775 2637 Pompeio
1787 2609 1852 2628 oon-

1056 2643 1174 2670 sulibus.
1215 2642 1337 2678 Cognitio
1349 2641 1542 2671 decemvirum.
1559 2641 1679 2675 privatus
1693 2640 1737 2670 sit,
1752 2647 1786 2665 an
1800 2646 1850 2673 pu—

1056 2680 1159 2707 blicus:
1175 2680 1224 2711 sic,
1235 2679 1364 2712 Quirites,
1379 2687 1442 2714 agro
1452 2677 1601 2714 pergrande
1610 2676 1724 2713 vectigal
1733 2675 1851 2711 imponi-
