1941 3052
810 111 851 135 85.
884 108 918 134 M.

230 113 280 137 7⁸2

231 187 330 208 matur:
363 182 504 210 Pac-orum,
523 179 616 208 orodi.
637 180 706 214 regis
727 178 899 209 Parthorum,
922 178 1018 207 filium.
1042 179 1052 194 7'

1050 243 1051 247 Ἰ
1073 225 1120 250 per
1137 216 1241 242 lnauros
1255 221 1280 242 et
1292 225 1339 250 per
1349 216 1544 250 Cappadociam
1556 217 1699 243 arbitratu·
1709 225 1784 242 sum:
1811 221 1868 244 ent

1050 255 1051 258 ’
1072 254 1144 278 enini
1158 262 1252 288 magna
1265 254 1398 288 suspicio.
1417 253 1538 281 Paruum.
1557 255 1580 280 si
1592 263 1624 280 ex
1636 254 1713 289 Syria
1725 254 1815 289 egredi
1827 260 1866 280 at-

229 229 290 245 rum
303 227 447 253 pvrmngno
458 217 576 252 equitatu
590 217 710 242 ffirtbico
722 215 1019 250 transisse-Euphraten,

229 262 254 282 vt
265 261 348 281 rantra
361 255 482 289 innuisse
494 254 582 289 Tybne
591 274 596 283 ,
611 262 793 288 rnugnumqu«⁴
806 253 951 279 tumultum
963 262 1021 278 esse

230 294 255 319 iu
274 293 410 327 provincia
424 291 499 326 Syria
512 291 666 316 excitatum.
699 290 798 316 Eodem
811 289 854 316 die
865 290 899 315 ab
912 289 1020 315 lambli-

228 330 292 359 rho,
316 328 463 364 pliylurvlio
486 328 618 358 Arabum,
641 336 722 361 quem
740 327 861 353 homines
876 327 1021 361 opinantur

230 367 295 392 lwm·
320 366 417 391 sentire
443 365 615 399 amicumque
637 373 696 389 ense
718 364 883 398 reipublicae
905 369 1018 393 nostrae,

229 404 329 429 litterae
345 403 378 427 ‹le
394 402 495 427 eisdem
513 402 593 427 rebus
610 401 676 427 mihi
693 401 812 427 redditae
828 406 900 427 sunt.

228 441 307 466 rebus
324 439 424 469 allatis.
441 439 491 465 etsi
508 439 690 474 intelligebam
702 439 788 465 socios
801 439 905 464 infirme
917 439 1020 464 anima-

228 483 266 504 tos
281 485 340 502 esse
357 482 381 502 et
401 485 530 502 novarum
547 485 635 502 rerum
652 476 850 510 exspectatione
861 484 1017 510 suspensos,

226 514 366 549 sperabam
383 519 483 543 tamen,
501 522 560 543 eos,
578 513 610 539 ad
622 522 689 548 quos
703 514 754 539 iam
766 522 944 544 accesseram,
957 514 1020 548 qui-

936 403 960 427 3.
974 402 1020 427 llis
1048 395 1049 413 ³
1073 406 1124 427 tem
1140 410 1212 432 eam,
1235 410 1304 436 quae
1319 411 1381 428 cum
1397 402 1490 428 Cilicia
1506 403 1646 428 continens
1661 407 1713 432 ent.
1738 403 1787 428 iter
1803 402 1863 432 feei.

1048 449 1049 454 =
1071 444 1210 474 castraque
1226 439 1258 464 ad
1274 439 1406 474 Cybistra,
1423 438 1495 474 quod
1508 439 1639 474 oppidum
1650 444 1690 465 cst
1704 439 1736 465 ad
1749 445 1865 466 montem

1048 482 1049 504 1
1071 476 1203 506 Taurum,
1223 476 1322 502 locavi:
1346 476 1544 506 utArtuasdes,
1563 485 1608 502 rex
1620 478 1776 504 Armenius.

226 560 278 586 que
291 556 407 577 nostram
421 550 655 576 mansuetudinem
670 551 1020 586 integritatemqueperspe—
1040 565 1042 571 ·

229 593 331 618 xerunt,
350 589 490 614 amiciores
507 587 606 622 populo
623 589 739 614 Romano
755 596 814 613 esse
831 587 926 619 factos;
953 587 1019 613 Cili-

225 627 293 651 ciam
307 630 394 651 nutem
407 625 549 651 firmiorem
563 624 625 655 fore,
639 625 661 651 si
673 625 814 660 aequitatis
827 625 1020 659 nostraeparti-

225 672 288 697 (φρει
304 662 369 689 facta
381 667 460 689 esset.
496 663 527 688 Et
538 662 572 688 ob
583 671 641 688 cam
652 671 789 691 emissam,
807 668 832 689 et
844 663 1020 697 utopprime—

227 705 317 726 rentur
329 701 362 731 ii,
379 701 472 735 quiex
483 699 598 726 Cilicum
610 704 688 735 gente
701 701 727 726 in
739 700 821 726 armis
833 705 934 729 essent,
949 704 974 725 et
991 704 1019 725 ut

227 738 310 763 hostis
323 738 358 768 is,
376 738 424 772 qui
435 742 505 763 esset
517 738 542 763 in
555 737 645 772 Syria,
659 737 751 768 sciret,
765 738 912 763 exercitum
925 736 1018 771 populi

226 775 338 801 Romani
354 783 405 801 non
423 774 502 800 modo
513 784 564 801 non
576 774 669 800 cedere
682 774 725 800 liis
737 775 840 801 nuntiis
851 774 952 804 allatis,
971 773 1018 800 sed

224 813 304 839 etiam
321 812 432 847 propius
447 812 585 843 accedere,
602 812 749 838 exercitum
763 811 795 838 ad
808 812 925 838 Taurum
941 811 1019 838 insti-

225 851 264 876 tui
281 849 389 875 (lucere.
426 850 449 876 t.
467 849 530 880 Sed,
547 849 570 875 si
582 849 648 884 quid
661 849 732 884 apud
748 858 794 875 vos
806 849 948 876 auctoritas
960 857 1018 874 mea

225 886 352 921 ponderis
365 886 456 917 habet,
471 887 498 913 in
510 887 544 913 iis
555 887 711 921 praesertim
724 886 818 917 rebus,
832 895 900 921 quas
912 895 959 912 vos
971 895 1019 912 au-

224 924 316 954 distis,
335 933 384 959 ego
399 932 482 959 paene
498 933 590 956 cerno;
619 933 715 959 magno
730 933 809 959 opere
827 933 873 950 vos
889 929 915 949 et
930 924 1019 950 hortor

211 962 250 988 'et
266 970 372 991 moneo,
387 961 469 987 uthis
481 961 627 996 provinciis
641 962 728 988 serius
740 970 786 988 vos
798 961 923 996 quidem.
936 970 1018 996 quam

224 999 323 1029 decuit,
337 998 383 1024 scd
395 998 539 1033 aliquando
549 1003 636 1025 tamen
647 998 803 1025 consulatis.
829 998 1019 1033 Nosquemad-

225 1036 335 1062 modum
358 1037 501 1062 instructos
522 1041 546 1062 et
567 1036 668 1071 quibus
689 1036 833 1071 praesidiis
851 1037 969 1062 munitos
986 1035 1018 1061 ad

225 1074 289 1100 tanti
302 1073 365 1099 belli
377 1074 530 1108 opinionem
542 1074 679 1104 miseritis,
693 1082 745 1100 non
756 1074 928 1108 estisignari:
946 1073 1019 1108 quod

224 1119 274 1146 ego
286 1111 422 1145 negotium
434 1119 486 1137 non
497 1111 609 1137 stultitia
621 1111 788 1141 obcaecatus,
802 1111 849 1137 sed
857 1110 1019 1137 verecundia

224 1148 381 1179 deterritus,
398 1156 450 1174 non
466 1149 598 1174 recusavi.
635 1149 728 1183 Neque
745 1149 817 1174 enim
834 1156 964 1182 umquam
977 1147 1019 1173 ul-

227 1185 281 1212 lum
307 1185 458 1219 periculum
479 1190 581 1211 tantum
603 1186 710 1220 putavi,
737 1185 810 1221 quod
831 1185 1019 1221 subterfugere

225 1222 342 1253 mallem,
355 1231 437 1257 quam
450 1227 552 1249 vestrae
559 1222 910 1258 auctoritatiobtemperare.
932 1223 956 1249 5.
966 1223 1019 1249 Hoc

223 1264 312 1286 autem
329 1264 447 1294 tempore
458 1268 500 1286 res
511 1268 570 1286 sese
582 1260 621 1286 sic
633 1259 725 1290 habet,
745 1265 785 1291 ut,
803 1261 855 1286 nisi
870 1260 1018 1286 exercitum

225 1302 340 1326 tantum,
358 1301 488 1332 quantum
504 1296 537 1323 ad
553 1297 701 1323 maximum
715 1297 817 1323 bellum
834 1298 938 1324 mittere
949 1296 1020 1323 sole-

224 1335 271 1364 tis,
290 1338 391 1360 mature
404 1335 431 1360 in
443 1334 491 1360 has
502 1335 654 1369 provincias
665 1335 807 1365 miseritis,
821 1343 960 1361 summum
971 1343 1019 1369 pe·-

224 1371 339 1397 riculum
351 1373 394 1401 sit,
408 1380 440 1397 ne
452 1371 612 1398 amittendae
624 1373 677 1398 sint
687 1380 781 1399 omnes
792 1371 840 1398 hae
852 1373 1016 1407 provinciae,

223 1408 324 1443 quibus
337 1408 477 1444 vectigalia
488 1408 582 1443 populi
593 1409 705 1435 Romani
716 1410 895 1436 continentur.
918 1409 1019 1441 Quam-

222 1445 314 1472 obrem
331 1450 419 1472 autem
436 1446 463 1472 in
480 1446 529 1472 hoc
541 1446 701 1480 provinciali
713 1446 818 1473 delectu
830 1455 906 1481 spem
919 1446 1018 1473 habea-

223 1483 257 1509 tis
273 1483 405 1518 aliquam.
418 1492 512 1509 caussa
529 1483 602 1509 nulla
618 1488 667 1510 est.
700 1484 793 1519 Neque
805 1484 971 1514 multisunt,
993 1488 1019 1510 et

223 1520 378 1556 diffugiunt,
391 1521 521 1555 quisunt,
536 1525 608 1547 metu
619 1520 716 1548 oblato:
739 1525 772 1551 et.
786 1521 859 1556 quod
870 1530 957 1556 genus
969 1520 1018 1547 boc

223 1557 340 1583 militum
356 1559 403 1589 sit,
423 1557 553 1584 iudicavit
569 1559 611 1584 vir
625 1557 789 1584 fortissimus
805 1558 840 1584 M.
864 1558 978 1585 Bibulus
991 1559 1017 1584 in

223 1595 299 1627 Asia3
327 1595 388 1630 qui,
407 1603 493 1630 quum
510 1604 557 1621 vos
572 1596 598 1621 ei
613 1595 807 1630 permisissetis
822 1595 956 1622 delectum
969 1595 1018 1622 ha-

223 1632 294 1662 bere,
308 1632 433 1658 noluerit.
474 1633 541 1658 Nam
553 1633 687 1659 sociorum
703 1632 804 1659 auxilia
821 1637 929 1667 propter
943 1641 1018 1659 acer-

223 1669 332 1695 bitatem
347 1674 426 1704 atque
442 1669 555 1696 iniurias
567 1670 674 1704 imperii
686 1670 768 1696 nostri
780 1674 825 1696 aut
836 1670 871 1696 ita
882 1669 1018 1696 imbecilla

222 1711 298 1736 sunt.
317 1710 410 1732 utnon
422 1706 538 1733 multum
551 1716 598 1733 nos
610 1708 703 1733 iuvare
714 1707 831 1742 possint,
849 1712 895 1734 aut
906 1708 940 1734 ita
952 1707 1019 1733 alie-

224 1747 282 1769 nata
303 1751 316 1769 a
338 1743 429 1773 nobis,
453 1748 482 1770 ut
497 1753 585 1778 neque
601 1743 814 1779 exspectandum
829 1744 863 1770 ab
879 1745 914 1770 iis
930 1753 1017 1779 neque

222 1781 444 1806 committendum
458 1781 490 1806 iis
501 1781 652 1816 quidquam
663 1790 722 1807 esse
734 1781 866 1807 videatur.
898 1783 923 1807 6.
936 1782 1017 1817 Regis

222 1818 336 1843 Deiotari
348 1822 373 1844 et
384 1817 548 1844 voluntatem
559 1823 585 1844 et
595 1819 694 1853 copias,
703 1823 937 1853 quantaecumque
943 1823 1014 1849 sunt,

223 1859 325 1880 nostras
341 1863 400 1880 esse
415 1854 493 1881 duco.
535 1855 703 1890 Cappadocia
719 1860 760 1881 est
775 1856 873 1882 inanis.
908 1855 1017 1890 Reliqui

222 1900 298 1927 reges
310 1892 470 1927 tyrannique
482 1900 569 1927 neque
582 1893 681 1927 opibus
695 1893 761 1919 satis
772 1892 852 1923 firmi,
865 1901 914 1919 nec
921 1893 1018 1919 volun-

222 1933 272 1955 tate
283 1933 355 1955 sunt.
388 1929 454 1955 Mihi
467 1930 493 1955 in
506 1929 554 1955 hac
566 1930 699 1964 paucitate
710 1929 829 1956 militum
841 1930 948 1956 animus
959 1939 1018 1956 cer-

221 1971 246 1992 te
257 1975 309 1992 non
321 1966 418 1992 deerit:
441 1974 528 2000 spero,
542 1975 574 1993 ne
586 1967 730 1993 consilium
741 1967 863 2002 quidem.
890 1967 962 2000 Quid
972 1976 1018 1994 ca-

221 2012 315 2029 surum
327 2004 370 2034 sit,
385 2004 516 2030 incertum
533 2008 582 2030 est.
615 2004 721 2030 Utinam
736 2004 817 2031 saluti
833 2009 938 2031 nostrae
952 2013 1017 2031 con-

220 2040 309 2067 sulere
323 2041 473 2075 possimus!
497 2041 624 2077 Dignitati
635 2046 706 2068 certe
717 2041 901 2068 consulemus.

274 2113 303 2133 ll.
322 2113 340 2132 Α
348 2113 399 2133 RG.
415 2113 514 2140 Exponit
528 2114 610 2141 primu.
622 2114 672 2140 qui,
683 2114 760 2135 audito
771 2115 902 2136 Puthumru
914 2116 1017 2140 adventu,

221 2151 242 2168 et
256 2147 392 2174 provinciam
407 2149 520 2173 tuen-inm,
536 2152 559 2169 et
573 2149 646 2170 sorios
655 2149 679 2169 in
689 2150 731 2170 ficte
740 2149 886 2171 continendu-
895 2151 1017 2176 eur-verit,

220 2182 300 2203 deinde
310 2183 337 2203 de
346 2189 397 2208 rege
407 2183 558 2204 Ariobarzane
568 2183 659 2205 insidii·
669 2184 772 2206 liberato.

222 2219 250 2239 (ln
264 2220 330 2237 itinere
344 2226 369 2238 ex
382 2220 446 2238 cast-is
460 2221 484 2238 nd
499 2221 586 2243 Cybistra
601 2221 719 2243 medicum,
733 2222 894 2243 Rusu.un-eello
903 2229 950 2240 coss.
962 2222 1017 2245 703.)

223 2262 259 2288 Μ.
285 2263 427 2290 TULLIUS
452 2264 488 2290 M.
514 2264 544 2290 F.
570 2264 692 2291 CICERO
716 2264 857 2292 PROCOS.
884 2265 912 2292 S.
934 2266 963 2292 P.
985 2266 1016 2292 D.

319 2300 412 2327 COSS.
434 2300 575 2328 PRAETT.
597 2302 704 2329 TRIBB.
725 2303 777 2329 PL.
798 2302 919 2330 SENAT.

278 2339 301 2363 t.
324 2332 356 2363 S.
373 2338 405 2364 V.
418 2338 450 2364 V.
462 2339 491 2364 B.
503 2338 535 2365 E.
548 2339 579 2365 E.
591 2338 623 2372 Q.
636 2339 667 2366 V.
693 2339 784 2372 Quum
799 2340 888 2375 pridie
903 2339 1017 2367 Kalend.

223 2373 297 2400 Sext.
322 2375 349 2400 in
364 2376 531 2410 provinciam
546 2377 697 2408 venissem,
711 2385 799 2412 neque
813 2378 946 2404 maturius
956 2386 1019 2412 pro-

224 2415 282 2444 pter
301 2411 429 2438 itinerum
448 2418 474 2439 et
493 2414 696 2449 navigationum
716 2414 904 2441 difficultatem
925 2415 1018 2441 venire

224 2448 385 2481 potuissem3
419 2451 537 2477 maxime
557 2452 702 2477 convenire
721 2451 811 2478 officio
831 2460 905 2483 meo,
923 2453 1018 2487 reique

224 2484 350 2525 publicae
364 2486 513 2514 conducere
527 2488 635 2522 putavi,
652 2496 745 2523 parare
755 2497 799 2519 ea,
816 2498 886 2524 quae
896 2489 931 2516 ad
941 2497 1019 2516 exer-

224 2524 322 2551 citum,
339 2530 462 2558 quaeque
473 2524 506 2551 ad
518 2534 574 2551 rem
585 2525 729 2551 militarem
740 2526 913 2560 pertinerent.
945 2526 1019 2559 Quae

225 2565 312 2592 quum
327 2564 416 2586 essent
432 2569 446 2586 a
461 2570 517 2592 me,
538 2571 602 2589 cura
618 2563 705 2598 magis
721 2567 747 2589 et
761 2562 917 2598 diligentia,
935 2571 1018 2599 quam

225 2593 350 2621 facultate
366 2600 391 2622 et
400 2598 489 2631 copia,
506 2600 663 2630 constituta,
681 2600 824 2635 nuntiique
835 2606 861 2627 et
871 2600 973 2627 litterae
984 2600 1018 2627 de
1040 2599 1049 2631 l*

226 2630 297 2659 bello
308 2641 321 2658 a
328 2631 432 2659 Parthis
443 2635 470 2660 in
481 2637 647 2669 provinciam
654 2636 840 2673 Syriamillato
845 2637 967 2673 quotidie
977 2637 1018 2665 fe-
1039 2633 1049 2663 l'

952 109 981 134 T.
1013 108 1285 135 cici-:noxis

1074 188 1100 204 re
1113 178 1282 205 afferrentur:
1307 180 1356 205 iter
1367 178 1434 205 mibi
1447 178 1599 205 faciendum
1611 187 1658 214 per
1670 179 1829 215 Lycaoniam
1841 185 1867 206 et

1071 299 1125 324 que
1143 291 1290 324 irrumpere
1308 299 1333 316 in
1349 299 1435 316 meam
1451 291 1616 324 provinciam
1631 297 1802 321 conarentur,
1818 292 1867 318 iter

1072 336 1117 352 eos
1134 335 1181 361 per
1192 327 1401 362 Cappadociam.
1420 327 1491 362 quod
1503 336 1532 353 ea
1547 329 1663 354 mnxime
1675 333 1787 363 pateret.
1806 337 1865 354 esse

1073 363 1198 390 facturos.
1221 366 1245 391 ².
1259 365 1348 400 ltaque
1359 373 1421 390 curn
1433 365 1552 391 exercitu
1565 365 1867 400 perc-ppadocioepar-

1818 485 1867 503 uo—

1071 522 1188 548 cumque
1200 515 1290 539 animo
1301 518 1379 540 esset.
1394 514 1482 543 sciret.
1500 523 1551 539 non
1562 514 1654 548 procul
1667 522 1680 539 a
1696 515 1753 540 suis
1765 486 1866 540 finibus

1071 551 1218 576 exercitum
1240 550 1332 585 popuii
1356 551 1465 577 Romani
1481 559 1553 580 esse,
1577 556 1602 577 et
1618 551 1781 580 Deiotarum,
1800 551 1866 577 fide-

1073 587 1207 614 lissimum
1223 597 1312 623 regem
1329 594 1408 623 atque
1427 588 1622 614 amicissimum
1640 587 1803 623 reipublicae
1819 597 1866 614 no-

1048 627 1049 634 *
1071 630 1153 652 strae.
1173 627 1289 652 maxime
1306 626 1480 652 coniunctum
1493 625 1632 656 haberem,
1650 626 1729 652 cuius
1740 631 1765 651 et
1777 626 1867 652 consi·

1072 661 1107 688 lio
1120 667 1146 688 et
1156 663 1254 697 opibus
1266 662 1388 689 adiuvari
1400 663 1658 697 possetrespuhlica.
1680 665 1704 689 3.
1717 662 1866 698 Quoquum

1072 700 1098 725 in
1116 699 1172 726 loco
1188 705 1272 726 castra
1286 700 1412 726 haberem
1424 701 1629 735 equitatumque
1641 700 1666 726 in
1679 700 1801 726 Ciliciam
1814 701 1867 726 mi·

1071 738 1182 767 sisse-m,
1202 743 1229 763 ut
1240 742 1265 763 ct
1277 746 1352 763 meus
1364 737 1510 767 adventus,
1529 738 1561 763 iis
1573 737 1744 767 civitatibus,
1757 738 1865 772 quaein

1071 783 1100 800 ea
1112 779 1185 809 parte
1199 779 1300 803 essent.
1320 775 1471 805 nuntiatus,
1486 774 1617 800 firmiores
1629 775 1732 801 animos
1743 775 1866 801 omnium

1071 810 1181 842 faceret,
1199 817 1224 838 et
1235 821 1284 847 ego
1297 817 1412 841 mature,
1429 811 1496 847 quid
1511 817 1635 847 ageretur
1646 813 1672 838 in
1687 812 1778 847 Syria,
1796 812 1866 838 scire

1070 857 1191 883 possem,
1205 854 1311 884 tempus
1323 849 1381 875 eius
1393 849 1484 878 tridui,
1498 849 1569 884 quod
1583 850 1609 875 in
1621 849 1663 875 his
1673 850 1767 875 castris
1780 857 1867 876 mora-

1071 887 1131 917 bar,
1155 887 1182 913 in
1203 896 1300 922 magno
1316 886 1404 912 officio
1419 891 1444 913 et
1461 887 1612 913 necessario
1627 886 1695 912 mihi
1710 885 1865 921 ponendum

1071 924 1175 958 putavi.
1207 925 1230 950 4.
1248 924 1337 956 Quum
1354 924 1425 950 enim
1443 928 1530 949 vestra
1543 924 1685 949 auctoritas
1698 924 1866 950 intercessis-

1071 966 1124 990 set.
1138 965 1165 987 ut
1179 969 1228 997 ego
1240 969 1329 996 regem
1341 961 1561 990 Ariobarzanem,
1581 961 1697 987 euseben
1709 966 1734 986 et
1748 960 1865 994 philoro-

1072 1007 1178 1024 maeum
1194 999 1410 1033 tuerer‚eiusque
1426 998 1497 1034 regis
1509 997 1636 1028 salutem,
1654 998 1865 1024 incolumitatem

1072 1044 1240 1071 regnumque
1251 1034 1438 1062 defenderem:
1462 1035 1518 1070 regi
1531 1043 1666 1070 regnoque
1678 1034 1813 1069 praesidio
1823 1043 1866 1061 es—

1071 1081 1142 1098 sem:
1175 1073 1437 1107 adiunxissetisque,
1460 1071 1574 1098 salutem
1595 1072 1654 1098 eius
1675 1072 1746 1107 regis
1767 1071 1867 1107 populo

1071 1110 1231 1145 senatuique
1246 1118 1358 1145 magnae
1374 1117 1453 1135 curae
1468 1117 1540 1139 esse,
1558 1108 1631 1144 quod
1646 1108 1721 1135 nullo
1736 1117 1865 1144 umquam

1071 1146 1104 1173 de
1120 1155 1182 1183 rege
1197 1146 1335 1173 decretum
1351 1151 1422 1173 esset
1437 1155 1450 1173 a
1467 1151 1556 1173 nostro
1570 1146 1677 1172 ordine:
1699 1146 1863 1177 existimavi,

1071 1192 1113 1210 me
1130 1184 1264 1210 iudicium
1280 1188 1401 1210 vestrum
1417 1183 1449 1210 ad
1462 1192 1551 1219 regem
1563 1183 1667 1210 deferre
1677 1183 1775 1210 debere
1786 1184 1866 1219 eique

1071 1221 1238 1256 praesidium
1263 1230 1353 1247 meum
1368 1225 1394 1247 et
1410 1220 1490 1247 fidem
1506 1226 1531 1247 et
1547 1220 1716 1257 diligentiam
1732 1220 1863 1256 polliceri.

1072 1264 1114 1289 ut,
1132 1268 1218 1294 quum
1234 1258 1308 1285 salus
1323 1259 1424 1293 ipsius,
1443 1257 1614 1284 incolumitas
1629 1259 1705 1294 regni
1716 1258 1866 1285 mihioom-

1071 1296 1195 1322 mendata
1207 1301 1277 1322 esset
1287 1304 1301 1322 a
1312 1295 1399 1326 vobis.
1413 1295 1521 1326 diceret,
1535 1296 1558 1322 si
1569 1295 1636 1330 quid
1643 1295 1732 1322 venet,
1754 1297 1780 1322 5.
1792 1295 1866 1328 Quae

1071 1342 1156 1369 quum
1172 1342 1260 1360 essem
1279 1334 1307 1360 in
1321 1332 1434 1360 consilio
1445 1341 1504 1359 meo
1514 1341 1576 1359 cum
1588 1341 1650 1369 rege
1662 1332 1780 1359 locutus:
1812 1333 1866 1359 ini-

1072 1371 1108 1397 tio
1131 1370 1177 1397 ille
1201 1371 1329 1397 orationis
1355 1379 1420 1397 suae
1441 1370 1520 1397 vobis
1543 1371 1688 1401 maximas,
1712 1375 1741 1397 ut
1759 1369 1862 1401 debuit,

1071 1408 1169 1435 deinde
1184 1409 1264 1434 etiam
1281 1408 1349 1434 mihi
1363 1407 1463 1443 gratias
1478 1408 1545 1443 egit,
1563 1407 1636 1443 quod
1651 1407 1675 1434 ei
1687 1415 1866 1444 permagnum

1070 1451 1095 1472 et
1112 1445 1339 1481 perhonorificum
1355 1445 1512 1475 videbatur,
1528 1444 1555 1471 S.
1574 1445 1604 1471 Ρ.
1623 1444 1655 1477 Q.
1670 1445 1701 1471 R.
1717 1449 1803 1471 tantae
1817 1453 1866 1471 cu-

1070 1491 1114 1509 rae
1133 1491 1193 1509 esse
1211 1482 1326 1509 salutem
1347 1491 1438 1509 suam:
1469 1490 1565 1517 meque
1582 1486 1681 1508 tantam
1695 1481 1866 1518 diligentiam

1070 1520 1212 1551 adhibere,
1229 1525 1259 1546 ut
1273 1525 1299 1546 et
1314 1528 1373 1546 mea
1389 1519 1455 1546 fides
1470 1524 1496 1546 et
1511 1519 1751 1546 commendationis
1762 1524 1866 1546 vestrae

1070 1558 1212 1584 auctoritas
1233 1558 1351 1592 perspici
1372 1561 1472 1592 posset.
1509 1557 1597 1592 Atque
1614 1556 1658 1583 ille
1674 1557 1774 1591 primo,
1792 1556 1866 1592 quod

1070 1595 1138 1621 mihi
1158 1595 1292 1621 maximae
1308 1593 1423 1620 laetitiae
1439 1593 1503 1624 fuit,
1521 1595 1555 1620 ita
1571 1602 1678 1620 mecum
1694 1593 1799 1620 locutus
1814 1599 1863 1623 est.

1070 1637 1099 1658 ut
1109 1631 1198 1658 nullas
1210 1631 1323 1657 insidias
1334 1640 1421 1666 neque
1432 1631 1502 1657 vitae
1513 1639 1577 1657 suae
1588 1639 1676 1666 neque
1687 1639 1777 1666 regno,
1791 1630 1866 1657 dice-

1070 1673 1116 1699 ret,
1130 1677 1159 1695 se
1170 1673 1215 1695 aut
1226 1668 1376 1704 intelligere
1387 1668 1454 1698 fieri,
1467 1673 1513 1694 aut
1524 1669 1603 1694 etiam
1610 1669 1753 1703 suspicari.
1774 1667 1865 1700 Quum

1069 1715 1119 1741 ego
1130 1706 1155 1731 ei
1166 1705 1316 1741 gratulatus
1327 1714 1425 1735 essem.
1440 1705 1522 1740 idque
1534 1714 1576 1731 me
1587 1705 1705 1741 gaudere
1715 1704 1861 1732 dixissem:

1069 1743 1235 1774 cohortatus,
1265 1747 1295 1769 ut
1318 1742 1501 1769 recordaretur
1525 1751 1618 1769 casum
1642 1741 1720 1768 illum
1741 1743 1865 1769 interitus

1069 1780 1186 1815 paterni,
1204 1785 1229 1806 et
1240 1779 1384 1815 vigilanter
1394 1788 1422 1806 se
1433 1784 1565 1811 tueretur,
1582 1784 1662 1814 atque
1673 1779 1810 1806 admonitu
1822 1788 1866 1806 se-

1070 1822 1148 1844 natus
1163 1816 1315 1844 consuleret
1330 1816 1411 1843 saluti
1425 1825 1504 1843 suae:
1536 1822 1594 1843 tum
1609 1825 1623 1843 a
1639 1825 1682 1843 me
1697 1816 1823 1843 discessit
1837 1818 1864 1843 in

1068 1854 1200 1890 oppidum
1211 1854 1345 1890 Cybistra.
1372 1854 1478 1880 Postero
1489 1859 1578 1880 autem
1589 1853 1633 1880 die
1647 1862 1709 1880 cum
1715 1853 1862 1883 Ariarathe.

1069 1891 1148 1918 fratre
1163 1900 1227 1922 suo,
1244 1897 1271 1918 et
1284 1900 1347 1918 cum
1363 1891 1481 1926 paternis
1496 1891 1604 1922 amicis,
1626 1891 1775 1918 maioribus
1789 1896 1862 1921 natu,

1069 1929 1102 1956 ad
1115 1938 1156 1956 me
1168 1930 1196 1956 in
1207 1934 1292 1956 castra
1306 1930 1393 1955 venit:
1417 1928 1644 1964 perturbatusque
1654 1933 1680 1955 et
1690 1927 1765 1960 nens,
1779 1937 1864 1964 quum

1070 1967 1142 1993 idem
1153 1972 1179 1993 et
1190 1966 1271 1993 frater
1282 1965 1393 1997 faceret,
1406 1970 1433 1992 et
1442 1966 1532 1997 amici,
1544 1973 1632 1992 meam
1643 1965 1734 1997 fidem,
1747 1970 1864 1992 vestram

1069 2003 1330 2031 commendationem
1351 2002 1495 2038 implorare
1510 2003 1608 2038 coepit.
1641 2002 1732 2036 Quum
1747 2002 1865 2029 admira—

1070 2050 1124 2072 rer,
1142 2041 1210 2076 quid
1225 2040 1369 2067 accidisset
1383 2041 1460 2067 novi:
1496 2040 1567 2067 dixit
1581 2039 1615 2066 ad
1626 2049 1654 2066 se
1666 2039 1766 2067 indicia
1777 2040 1866 2067 mani-

1071 2079 1199 2105 festarum
1215 2078 1376 2105 insidiarum
1388 2086 1447 2104 esse
1458 2077 1554 2108 delata,
1567 2086 1636 2112 quae
1647 2082 1737 2104 essent
1746 2082 1806 2104 ante
1817 2077 1865 2104 ad-

1070 2121 1180 2142 ventum
1196 2124 1287 2142 meum
1301 2115 1446 2146 occultata,
1463 2115 1537 2150 quod
1555 2115 1587 2145 ii,
1604 2115 1653 2149 qui
1669 2123 1700 2141 ea
1715 2114 1864 2149 patefacere

1069 2158 1192 2188 possent,
1209 2158 1317 2188 propter
1331 2157 1434 2179 metum
1449 2152 1632 2178 reticuissent:
1655 2160 1686 2178 eo
1697 2156 1786 2178 autem
1796 2156 1866 2178 tem-

1069 2199 1147 2225 pore,
1164 2198 1213 2225 spe
1224 2191 1277 2216 mei
1288 2189 1432 2225 praesidii,
1447 2188 1600 2224 complures
1611 2197 1655 2219 ea,
1673 2197 1743 2224 quae
1754 2189 1861 2219 scirent,

1069 2228 1195 2254 audacter
1209 2227 1243 2254 ad
1262 2236 1290 2253 se
1305 2226 1449 2259 detulisse,
1476 2227 1504 2253 in
1519 2226 1562 2253 his
1577 2226 1794 2252 amantissimum
1808 2226 1862 2256 sui,

1069 2273 1176 2291 summa
1186 2266 1285 2300 pietate
1295 2264 1462 2299 praeditum,
1480 2263 1588 2290 fratrem
1598 2263 1687 2289 dicere
1698 2271 1742 2294 ea,
1759 2271 1829 2298 quae
1840 2263 1864 2289 is

1069 2310 1112 2329 me
1128 2311 1237 2337 quoque
1253 2302 1378 2328 audiente
1393 2301 1513 2332 dicebat.
1529 2309 1558 2327 se
1569 2299 1742 2327 sollicitatum
1753 2308 1822 2332 esse,
1834 2304 1865 2326 ut

1070 2348 1182 2375 regnare
1197 2339 1292 2366 vellet:
1319 2339 1347 2366 id
1363 2339 1426 2365 vivo
1442 2337 1520 2364 fratre
1530 2346 1580 2364 suo
1590 2336 1711 2363 accidere
1721 2346 1774 2364 non
1784 2342 1864 2372 potu-

1069 2378 1138 2404 isse:
1160 2385 1189 2403 se
1200 2381 1289 2403 tamen
1303 2381 1363 2403 ante
1377 2375 1446 2402 illud
1455 2380 1562 2410 tempus
1575 2382 1635 2400 eam
1646 2383 1702 2400 rem
1714 2382 1864 2410 numquam

1070 2415 1097 2441 in
1109 2414 1240 2445 medium,
1253 2418 1362 2449 propter
1374 2412 1605 2448 periculimetum‚
1613 2411 1769 2446 protulisse.
1789 2411 1864 2444 Quae

1069 2460 1156 2487 quum
1171 2456 1242 2478 esset
1257 2451 1376 2478 locutus:
1402 2450 1496 2476 monui
1510 2457 1614 2484 regem,
1632 2453 1662 2475 ut
1676 2457 1784 2475 omnem
1798 2447 1863 2474 dili—

1069 2489 1188 2524 gentiam
1202 2488 1236 2515 ad
1250 2497 1280 2515 se
1294 2486 1509 2515 conservandum
1519 2485 1673 2518 adhiberet;
1695 2486 1859 2521 micasque,

1069 2527 1152 2561 patris
1170 2527 1229 2552 eius
1245 2531 1325 2560 atque
1335 2525 1380 2551 avi
1389 2524 1492 2550 iudicio
1501 2523 1627 2558 probatos
1634 2544 1640 2554 ,
1657 2523 1778 2550 hortatus
1787 2531 1859 2553 sum.

1069 2564 1142 2599 regis
1161 2564 1206 2590 sui
1221 2564 1319 2593 vitam,
1336 2562 1406 2589 docti
1421 2569 1486 2587 casu
1501 2560 1677 2586 acerbissimo
1691 2560 1775 2595 patris
1789 2560 1858 2589 eius.

1068 2601 1143 2627 omni
1156 2609 1221 2627 cura
1235 2599 1412 2634 custodiaque
1427 2597 1611 2624 defenderent.
1649 2597 1674 2623 7.
1687 2597 1777 2630 Quum
1788 2605 1836 2623 rex
1846 2604 1862 2622 a

1069 2646 1111 2664 me
1128 2638 1278 2673 equitatum
1293 2636 1470 2671 cohortesque
1484 2634 1518 2661 de
1533 2635 1653 2661 exercitu
1668 2643 1728 2661 meo
1741 2633 1862 2670 postula-
