1941 3052
373 143 698 171 EPISTOLARUM
727 144 780 170 AD
808 143 1014 171 ATTICUM
1043 144 1125 171 LIB.
1145 144 1198 170 111.
1228 144 1289 170 ΕΡ.
1311 145 1382 170 6-
1404 146 1444 170 43.

89 215 241 243 acerbitatis
258 218 384 241 eventum
395 214 477 241 altera
489 215 630 242 acerbitate
642 224 694 242 non
705 215 817 241 videndi
828 214 882 241 fra—

88 254 138 280 tris
149 253 243 279 vitavi.
273 253 302 278 In
314 252 386 278 hunc
398 261 440 278 me
453 261 545 278 casum
558 261 614 283 vos,
627 252 738 278 vivendi
750 257 878 283 auctores,

90 289 249 324 impulistis.
276 290 367 324 Itaque
379 290 433 315 mei
443 290 545 324 peccati
557 289 600 316 luo
611 298 720 324 poenas
742 291 767 316 2.
781 289 882 321 Quam-

89 335 172 362 quam
192 335 235 352 me
250 330 310 352 tuae
327 326 428 353 litterae
442 331 604 353 sustentant:
627 335 661 353 ex
671 327 782 362 quibus,
795 335 882 361 quan-

89 369 147 391 tum
168 368 196 390 tu
212 364 271 398 ipse
286 372 387 398 speres,
406 363 482 390 facile
498 365 642 399 perspicio.
683 363 756 396 Quae
770 364 881 399 quidem

89 406 179 428 tamen
197 400 301 436 aliquid
316 401 451 428 habebant
466 401 553 428 solatii
565 406 634 433 ante,
648 410 729 436 quam
741 410 772 427 eo
783 401 881 427 venisti

89 447 104 465 a
118 438 258 473 Pompeio:
290 447 357 464 nunc
372 439 535 465 Hortensium
547 441 622 465 allice
635 443 658 464 et
672 441 795 464 et'nsmocli
804 441 881 464 viros.

89 475 220 506 Obsecro,
243 475 281 501 mi
300 475 444 510 Pomponi,
467 475 587 502 nondum
603 476 749 510 perspicis,
767 483 882 510 quorum

89 521 182 548 opera,
202 521 318 547 quorum
334 513 450 544 insidiis,
468 521 583 548 quorum
595 512 694 538 scelere
705 511 883 547 perierimus?

89 549 143 577 Sed
158 554 248 576 tecum
264 549 329 576 haec
340 558 428 576 coram
440 558 561 585 agemus.
603 550 716 576 Tantum
728 550 796 580 dico,
810 549 882 584 quod

89 588 157 614 scire
178 592 203 614 te
218 591 296 621 puto:
327 596 375 613 nos
391 595 443 613 non
459 587 573 618 inimici,
590 587 638 613 sed
654 586 741 613 invidi
757 586 883 621 perdide-

88 629 161 651 runt.
202 625 288 655 Nunc,
306 625 329 650 si
341 625 391 651 ista
402 629 473 654 sunt,
491 633 559 659 quae
571 633 672 659 speras,
686 624 882 650 sustinebimus

88 671 147 694 nos,
160 666 187 688 et
196 670 253 696 spe,
266 670 319 696 qua
331 661 418 693 iubes,
431 662 557 688 nitemur.
598 661 655 692 Sin,
669 666 698 687 ut
709 661 777 687 mihi
788 660 884 687 viden—

88 703 142 731 tur,
164 699 270 725 infirma
291 703 367 730 sunt,
390 698 462 733 quod
477 699 578 733 optimo
593 703 712 733 tempore
729 698 814 724 facere
830 706 882 724 non

89 736 176 767 licuit,
194 737 286 762 minus
297 736 392 762 idoneo
404 736 457 763 fiet.
497 738 522 762 3.
545 736 666 762 Terentia
678 735 727 762 tibi
737 743 817 770 saepe
829 735 883 770 agit

88 775 198 809 gratias.
238 773 306 799 Mihi
326 773 405 799 etiam
426 782 511 799 unum
533 773 567 799 de
590 772 669 798 malis
690 773 717 799 in
739 778 810 799 metu
832 776 880 802 est,

88 811 178 838 fratris
193 811 286 837 miseri
301 811 452 846 negotium,
476 810 557 845 quod,
575 811 599 836 si
614 811 710 840 sciam,
728 809 881 836 cuiusmodi

89 849 133 879 sit,
157 849 250 878 sciam,
268 847 334 882 quid
349 847 484 883 agendum
500 847 567 873 mihi
581 848 626 874 sit.
666 847 708 873 Me
719 848 798 873 etiam
811 855 882 873 nunc

88 886 197 913 illorum
210 884 402 911 beneficiorum
414 889 440 911 et
451 884 599 911 litterarum
611 885 822 919 exspectatio,ut
833 884 883 910 tibi

88 923 184 958 placet,
205 921 410 948 Thessalonicae
429 926 510 948 tenet.
550 922 577 948 Si
593 922 660 956 quid
676 923 726 948 erit
741 923 804 948 novi
818 921 884 947 alla-

88 965 155 991 tum,
172 960 265 990 sciam,
283 959 316 985 de
331 958 435 994 reliquo
448 959 515 994 quid
527 959 662 995 agendum
673 960 717 986 sit.
757 960 797 985 Tu
809 960 841 990 si,
855 964 884 985 ut

88 998 195 1029 scribis,
214 996 273 1023 Kal.
290 997 349 1023 lun.
366 997 447 1023 Roma
462 996 597 1031 profectus
613 1005 650 1028 es,
667 996 824 1031 propediem
836 1005 883 1022 nos

88 1035 205 1061 videbis.
246 1034 367 1065 Litteras,
389 1042 457 1068 quas
477 1034 510 1060 ad
525 1035 684 1069 Pompeium
699 1035 811 1069 scripsi,
833 1033 884 1060 tibi

88 1073 162 1099 misi.
182 1073 240 1098 Dat.
255 1071 366 1098 1d.1un.
378 1071 594 1098 Thessalonicae.

141 1149 173 1171 X.
188 1151 269 1174 (Pisone,
279 1151 360 1170 Gabinio
371 1158 417 1169 coss.
428 1152 482 1173 696.)

274 1212 443 1239 CICERO
472 1212 640 1240 ATTICO
670 1212 699 1239 S.

146 1258 169 1284 t.
189 1252 260 1284 Acta
275 1267 344 1293 quae
359 1263 549 1297 essentqusque
566 1259 598 1285 ad
613 1267 669 1285 vui.
685 1257 798 1285 Kalend.
810 1257 880 1288 Iun.‚

87 1295 203 1330 cognovi
219 1304 252 1322 ex
267 1296 321 1322 tuis
333 1295 437 1322 litteris.
472 1296 584 1331 Reliqua
596 1295 794 1331 exspectabam,
808 1299 837 1321 ut
849 1295 883 1320 ti-

87 1331 117 1358 bi
131 1332 266 1367 placebat,
285 1333 504 1360 Thessalonicae:
532 1334 634 1369 quibus
652 1334 753 1363 allatis,
775 1332 882 1358 facilius

87 1374 203 1396 statuere
215 1374 319 1405 potero,
333 1371 380 1397 ubi
392 1371 455 1397 sim.
477 1372 554 1401 Nam,
568 1372 591 1397 si
602 1372 652 1398 erit
662 1379 766 1401 caussa,
780 1370 803 1395 si
815 1369 882 1404 quid

87 1411 194 1442 agetur,
211 1408 234 1433 si
250 1416 325 1442 spem
340 1408 447 1440 videro,
465 1413 510 1435 aut
525 1409 625 1435 ibidem
644 1408 769 1443 opperiar
783 1412 829 1433 aut
840 1416 882 1433 me

87 1444 121 1470 ad
131 1449 155 1471 te
167 1444 316 1471 conferam:
350 1446 406 1477 sin,
424 1450 454 1472 ut
469 1451 496 1473 tu
513 1446 623 1477 scribis,
647 1447 697 1472 ista
712 1445 879 1476 evanuerint,

87 1481 193 1516 aliquid
209 1481 283 1508 aliud
299 1482 466 1510 videbimus.
500 1483 616 1510 Omnino
632 1484 721 1509 adhuc
733 1482 801 1509 nihil
814 1482 882 1508 mihi

87 1519 257 1554 significatis,
271 1520 324 1546 nisi
335 1520 498 1547 discordiam
510 1521 634 1553 istorum,
658 1530 727 1556 quae
739 1525 827 1547 tamen
839 1520 883 1545 in·-

87 1561 127 1583 ter
147 1565 192 1583 eos
213 1557 245 1583 de
266 1557 394 1584 omnibus
411 1559 499 1593 potius
516 1558 597 1584 rebus
612 1563 665 1589 est,
683 1567 764 1593 quam
779 1557 812 1583 de
828 1565 880 1583 me.

86 1594 187 1628 Itaque,
201 1594 268 1629 quid
279 1603 308 1620 ea
320 1595 387 1621 mihi
399 1596 492 1630 prosit,
509 1597 609 1622 nescio.
635 1595 687 1621 Sed
700 1601 798 1626 tamen,
814 1603 883 1629 quo—

87 1631 119 1660 ad
132 1640 174 1657 me
185 1640 233 1658 vos
244 1640 351 1666 sperare
366 1633 457 1664 vultis,
472 1633 548 1659 vobis
559 1633 759 1668 obtemperabo.
782 1634 806 1659 2.
815 1633 881 1658 Nam

86 1668 159 1704 quod
175 1677 217 1695 me
234 1673 286 1695 tam
305 1678 385 1705 saepe
399 1674 425 1696 et
440 1675 493 1696 tam
510 1670 683 1696 vehementer
696 1671 839 1705 obiurgas,
857 1674 883 1695 et

87 1706 176 1732 animo
187 1706 293 1733 infirmo
304 1715 363 1733 esse
374 1707 456 1734 dicis:
482 1716 590 1742 quaeso,
604 1708 818 1742 ecquodtantum
825 1716 883 1733 ma·-

87 1743 143 1770 lum
160 1748 211 1774 est,
228 1743 300 1779 quod
316 1745 344 1770 in
356 1753 413 1771 mea
425 1745 574 1771 calamitate
585 1754 637 1771 non
649 1745 701 1772 sit?
716 1745 809 1780 ecquis
821 1753 882 1771 um-

86 1789 168 1815 quam
184 1785 237 1807 tam
253 1789 287 1808 ex
298 1782 388 1817 amplo
399 1787 482 1813 statu,
497 1788 548 1809 tam
561 1783 587 1809 in
599 1783 667 1809 bona
679 1792 787 1814 caussa,
802 1782 881 1809 tantis

87 1817 260 1845 facultatibus
277 1819 394 1854 ingenii,
411 1820 532 1850 consilii,
550 1821 666 1855 gratiae,
683 1821 764 1847 tantis
779 1820 882 1854 praesi-

86 1855 141 1881 diis
156 1855 288 1882 bonorum
303 1857 439 1888 omnium,
457 1857 592 1884 concidit?
616 1858 728 1884 Possum
743 1857 879 1887 oblivisci,

85 1893 134 1928 qui
146 1892 263 1919 fuerim?
281 1902 333 1920 non
345 1895 453 1926 sentire,
466 1896 513 1929 qui
528 1894 598 1921 sim‘?
617 1904 671 1929 quo
682 1904 785 1921 caream
799 1895 882 1921 liono-

86 1929 132 1956 re‘?
151 1938 203 1964 qua
215 1930 318 1965 gloria‘?
339 1932 441 1966 quibus
453 1932 564 1958 liberis?
578 1933 680 1967 quibus
687 1932 818 1959 l'ortunis‘.>
828 1941 882 1967 quo

86 1966 184 1993 fratre?
206 1976 287 2002 quem
304 1976 353 2003 ego
368 1969 407 2002 (ut
418 1978 517 1995 novum
529 1969 689 1996 calamitatis
699 1979 785 2005 genus
797 1975 882 1996 atten—

85 2004 144 2039 das)
161 2013 247 2039 quum
258 2004 345 2039 pluris
358 2005 485 2035 facerem,
498 2015 579 2041 qnam
591 2015 633 2032 me
648 2007 748 2041 ipsum,
761 2016 882 2042 semper-

85 2050 139 2077 que
152 2041 287 2073 secissem,
301 2043 393 2073 vitavi,
409 2052 441 2069 ne
454 2043 584 2073 viderem,
599 2052 631 2070 ne
643 2044 880 2071 autilliusluctum

85 2078 294 2114 squaloremque
314 2081 476 2114 aspicerem,
500 2085 545 2107 aut
565 2090 707 2116 me,quem
725 2081 770 2108 ille
786 2081 882 2108 floren-

85 2117 223 2144 tissimum
245 2116 402 2152 reliquerat,
427 2118 562 2152 perditum
583 2118 623 2144 illi
638 2118 822 2154 afflictumque
838 2119 880 2145 of-

86 2153 194 2181 ferrem.
228 2155 302 2181 Mitto
319 2159 405 2181 cetcra
419 2155 606 2182 intolerabilia.
638 2156 742 2182 Etenim
755 2156 816 2183 fletu
830 2157 880 2183 im-

84 2191 189 2227 pedior.
233 2192 281 2218 Hic
296 2197 385 2218 utrum
403 2193 509 2219 tandem
525 2202 587 2219 sum
603 2194 784 2225 accusandus,
807 2194 880 2229 quod

85 2228 175 2261 doleo;
198 2237 244 2260 an,
258 2229 330 2264 quod
342 2231 474 2260 commisi,
492 2235 520 2256 ut
533 2230 596 2256 haec
607 2235 652 2257 aut
663 2239 714 2257 non
727 2232 878 2263 retinerem,

84 2266 167 2301 (quod
184 2265 260 2293 tacite
277 2266 386 2298 suisset,
405 2268 457 2293 nisi
474 2268 539 2293 intra
556 2268 670 2302 parietes
686 2277 758 2295 meos
772 2269 805 2295 de
822 2278 879 2295 mea

84 2304 206 2338 pernicie
219 2304 332 2330 consilia
345 2306 497 2340 inirentur,)
509 2310 553 2331 aut
564 2310 634 2331 certe
646 2306 726 2332 vivus
738 2315 789 2332 non
801 2307 880 2333 amit-

85 2340 188 2367 terem?
223 2343 248 2368 3.
265 2342 333 2368 llaec
349 2351 380 2369 eo
395 2343 506 2377 scripsi,
530 2347 559 2368 ut
572 2343 660 2377 potius
677 2343 809 2370 relevares
826 2353 877 2375 me,

84 2377 158 2413 quod
169 2377 244 2410 sacis-1,
257 2387 339 2414 quam
351 2385 396 2406 aut
407 2380 579 2415 castigatione
590 2385 636 2406 aut
646 2380 881 2416 obiurgationedi-

84 2423 169 2451 gnum
181 2420 302 2450 putares,
325 2425 410 2452 eoque
424 2417 457 2444 ad
469 2423 493 2444 te
510 2418 600 2443 miuus
607 2417 689 2443 multa
696 2419 794 2449 scribo,
807 2419 878 2453 quod

84 2457 111 2479 et
126 2461 244 2479 maerore
261 2454 406 2489 impedior,
425 2460 459 2486 et,
472 2455 544 2489 quod
555 2459 707 2489 exspectem
721 2456 808 2486 istinc,
823 2465 880 2482 ma-

83 2490 127 2525 gis
144 2490 243 2522 habeo,
260 2499 342 2526 quam
357 2492 430 2527 quod
447 2493 504 2527 ipse
520 2492 647 2518 scribam.
681 2493 754 2524 Quae
765 2493 787 2519 si
802 2498 880 2520 erunt

83 2526 176 2558 allata,
191 2527 321 2555 faciamte
331 2530 439 2556 consilii
452 2530 534 2556 nostri
545 2530 695 2556 certiorem.
729 2530 778 2560 Tu,
792 2535 821 2556 ut
831 2530 880 2556 ad-

84 2563 139 2590 huc
150 2563 247 2596 fecisti,
260 2574 341 2600 quam
356 2567 482 2602 plurimis
493 2567 526 2593 de
539 2567 619 2593 rebus
630 2567 663 2593 ad
675 2575 716 2593 me
724 2567 804 2593 velim
812 2568 879 2594 scri-

83 2601 146 2635 bas;
179 2606 209 2628 ut
229 2610 338 2636 prorsus
359 2613 391 2630 ne
412 2604 479 2639 quid
501 2605 630 2640 ignorem.
669 2605 725 2631 Dat.
744 2613 800 2631 xiv.
819 2604 877 2632 Kal.

84 2637 177 2670 Quint.
199 2639 414 2668 Thessalonicae.

1675 146 1724 171 837

984 213 1026 234 XI.
1043 215 1203 237 (Τιηωιηηῑοη,
1215 216 1289 237 risam,
1300 215 1381 233 Gabinia
1392 222 1438 233 ew.
1448 216 1505 236 ⁶⁴36.)

1117 250 1284 277 CICERO
1313 249 1479 277 ATTICO
1508 250 1534 276 S.

991 288 1014 313 4,
1029 282 1079 313 Me
1095 292 1120 313 et
1134 292 1194 313 tuae
1211 287 1312 314 litterae
1323 293 1348 314 et
1359 287 1470 322 quidam
1481 287 1545 313 honi
1557 287 1659 318 nuntii,
1672 295 1724 314 non

932 325 1041 358 optimis
1063 329 1150 351 tamen
1166 325 1329 355 auctoribus,
1348 330 1374 351 et
1393 325 1556 359 exspectatio
1576 330 1725 351 vestrarum

934 361 1096 392 litterarum,
1114 366 1140 388 et
1154 361 1227 397 quod
1243 362 1291 388 tibi
1304 363 1338 388 ita
1350 362 1496 397 placuerat,
1508 362 1597 388 adhuc
1611 362 1727 388 Thessa-

934 398 1034 425 lonicae
1046 399 1180 425 tenebant.
1211 399 1239 425 Si
1249 408 1376 434 accepero
1388 399 1496 429 litteras,
1510 408 1578 434 quas
1589 404 1725 434 exspecto,

933 437 957 462 si
973 444 1034 470 spes
1046 437 1097 462 erit
1107 445 1150 467 ea,
1164 445 1232 471 quae
1244 437 1398 463 rumoribus
1410 436 1581 467 afferebatur,
1604 436 1636 463 ad
1649 441 1673 463 te
1684 444 1728 462 me

933 473 1082 505 conferam;
1108 474 1132 499 si
1143 482 1195 499 non
1207 475 1264 504 erit,
1279 473 1374 500 faciam
1386 479 1411 500 te
1423 474 1572 504 certiorem,
1586 473 1653 508 quid
1665 482 1728 509 ege-

934 511 995 536 rim.
1027 512 1052 536 Ξ.
1068 511 1107 536 Tu
1122 519 1173 541 me,
1187 515 1215 537 ut
1226 510 1300 542 facis,
1316 519 1405 545 opera,
1419 510 1540 541 consilio,
1556 512 1640 546 gratia
1649 511 1725 537 iuva:

933 547 1065 574 consolari
1085 548 1138 573 iam
1158 547 1264 581 desine,
1306 548 1449 584 obiurgare
1471 557 1533 574 vero
1554 548 1622 581 noli,
1654 548 1728 583 quod

933 593 1019 619 quum
1036 584 1114 615 facis,
1127 589 1157 611 ut
1171 594 1220 620 ego
1234 590 1311 611 tuum
1322 594 1439 612 amorem
1454 590 1479 611 et
1490 585 1608 612 dolorem
1620 585 1728 612 deside-

934 623 974 648 ro!
1002 631 1084 656 quem
1101 623 1137 648 ita
1157 622 1280 648 afl'ectum
1299 631 1358 649 mea
1376 631 1504 648 aerumna
1528 631 1586 649 esse
1603 623 1726 654 arbitror,

934 664 963 685 ut
978 664 1002 685 te
1014 660 1104 694 ipsum
1116 659 1247 685 consolari
1258 669 1336 686 nemo
1348 660 1442 694 possit.
1476 659 1606 691 Quintum
1620 659 1728 686 fratrem

933 697 1066 731 optimum
1085 697 1369 732 humanissimumque
1384 701 1514 723 sustenta.
1552 697 1593 723 Ad
1609 706 1665 728 me,
1678 697 1728 723 ob-

933 742 1008 760 secro
1028 738 1066 765 te,
1089 739 1119 760 ut
1137 735 1225 760 omnia
1247 739 1317 761 certa
1337 734 1499 769 perscribas.
1534 735 1591 761 Dat.
1611 742 1646 761 iv.
1667 733 1727 761 Kal.

933 771 1024 803 Quint.

983 840 1037 861 ΧΠ.
1052 842 1134 865 (Pisone,
1142 842 1222 860 Gabinio
1233 849 1279 860 coss.
1291 843 1344 865 596.)

992 924 1015 949 l.
1031 917 1079 948 Tu
1090 923 1201 957 quidem
1221 923 1316 949 sedulo
1327 924 1531 958 argumentaris,
1545 922 1611 958 quid
1623 923 1657 949 sit
1667 931 1729 957 spe-

935 960 1059 991 randum,
1069 965 1094 986 et
1105 961 1222 986 maxime
1234 969 1281 995 per
1292 966 1424 991 senatum,
1434 960 1560 995 idemque
1567 965 1730 995 caputroga-

934 998 1016 1024 tionis
1031 998 1144 1032 proponi
1159 998 1271 1028 scribis,
1288 1006 1370 1032 quare
1387 999 1414 1024 in
1430 1003 1524 1024 senatu
1541 997 1595 1023 dici
1611 997 1680 1026 nihil
1697 997 1731 1023 li-

935 1040 1005 1068 ceat;
1032 1036 1122 1070 itaque
1133 1035 1238 1062 siletur.
1265 1036 1313 1061 Hic
1324 1040 1352 1062 tu
1365 1044 1407 1061 me
1420 1044 1539 1065 accusas,
1553 1034 1625 1069 quod
1637 1043 1678 1060 me
1690 1034 1730 1060 af—

934 1072 1045 1105 flictem·,
1078 1081 1163 1107 quum
1184 1073 1219 1099 ita
1240 1073 1292 1099 sim
1304 1072 1427 1103 afflictus,
1446 1077 1475 1099 ut
1490 1081 1568 1098 nemo
1583 1080 1727 1107 umquam3

935 1109 1007 1145 quod
1019 1114 1074 1136 tute
1087 1110 1226 1145 intelligis.
1260 1110 1341 1145 Spem
1352 1110 1471 1137 ostendis
1483 1109 1633 1136 secundum
1645 1110 1730 1135 comi-

935 1148 980 1174 tia.
1015 1147 1088 1179 Quae
1104 1148 1154 1174 ista
1170 1153 1223 1178 est,
1241 1148 1335 1174 eodem
1352 1148 1460 1174 tribuno
1479 1147 1567 1182 plebis
1583 1152 1608 1173 et
1620 1148 1730 1173 inimico

934 1184 1046 1211 consule
1063 1184 1220 1220 designato‘.>
1239 1187 1264 1212 ⁶2.
1277 1186 1435 1211 Percussisti
1447 1190 1536 1211 autem
1548 1193 1590 1210 me
1601 1185 1681 1210 etiam
1697 1184 1730 1210 de

933 1224 1051 1249 oratione
1066 1222 1177 1257 prolata.
1215 1222 1265 1249 Cui
1282 1222 1402 1252 vulneri,
1417 1227 1445 1248 ut
1455 1222 1562 1252 scribis,
1576 1221 1692 1250 medere,
1707 1221 1730 1247 si

934 1259 1001 1295 quid
1017 1265 1101 1294 poteS.
1124 1260 1225 1294 Scripsi
1241 1260 1368 1295 equidem
1380 1259 1443 1286 olim
1456 1260 1480 1285 ei
1493 1260 1586 1290 iratus,
1599 1259 1672 1294 quod
1685 1258 1730 1285 ille

934 1298 1008 1332 prior
1017 1298 1174 1332 scripserat,
1197 1297 1245 1323 sed
1258 1298 1291 1323 ita
1306 1306 1527 1332 compresseram,
1541 1301 1570 1322 ut
1580 1304 1730 1331 numquam

933 1340 1120 1361 emanaturum
1136 1339 1270 1369 putarem.
1308 1334 1367 1366 Quo
1383 1334 1462 1361 modo
1473 1334 1613 1364 exciderit,
1627 1334 1727 1359 nescio.

933 1372 984 1399 Sed
996 1373 1059 1407 quia
1072 1381 1220 1407 numquam
1233 1371 1339 1403 accidit,
1354 1377 1382 1398 ut
1393 1381 1455 1398 cum
1470 1380 1500 1398 eo
1513 1371 1594 1397 verbo
1606 1379 1730 1397 unocon-

934 1414 1076 1439 certarem,
1096 1414 1122 1436 et
1137 1410 1200 1444 quia
1216 1410 1315 1444 scripta
1331 1409 1399 1435 mihi
1417 1409 1524 1435 videtur
1535 1408 1727 1444 negligentiuS,

933 1456 1015 1482 quam
1031 1452 1145 1479 ceterae,
1181 1452 1246 1481 puto
1262 1456 1340 1481 posse
1357 1447 1478 1481 probari,
1497 1455 1548 1472 non
1560 1454 1618 1472 esse
1631 1454 1728 1472 meam.

933 1485 975 1515 ld,
993 1485 1017 1510 si
1034 1489 1112 1519 putas
1124 1492 1165 1510 me
1178 1493 1256 1519 posse
1269 1485 1367 1515 sanari,
1381 1493 1459 1510 cures
1472 1483 1566 1515 velim;
1597 1484 1638 1509 sin
1651 1483 1729 1517 plane

932 1523 1010 1557 perii,
1024 1523 1115 1548 minus
1127 1521 1226 1548 labor0.
1249 1523 1273 1547 3.
1289 1522 1345 1557 Ego
1355 1522 1434 1548 etiarn
1447 1530 1518 1547 nunc
1529 1520 1622 1547 eodem
1635 1521 1662 1546 in
1674 1520 1731 1547 loco

934 1560 1020 1590 iaceo,
1037 1559 1096 1585 sine
1112 1567 1234 1586 sermone
1251 1558 1318 1589 ullo,
1338 1560 1396 1585 siue
1412 1559 1572 1594 cogitatione
1588 1558 1653 1584 ulla.
1686 1558 1730 1584 Li-

933 1602 975 1623 cet
995 1597 1058 1627 tibi,
1077 1602 1106 1623 ut
1121 1597 1232 1627 scribis,
1250 1596 1441 1631 significarim,
1461 1601 1488 1622 ut
1504 1596 1537 1621 ad
1559 1604 1601 1621 me
1623 1595 1730 1621 venires

935 1633 1076 1671 [Dodona];
1101 1639 1188 1661 tamen
1200 1634 1331 1669 intelligo,
1345 1639 1368 1660 te
1382 1643 1407 1660 ro
1420 1634 1479 1660 istic
1490 1633 1627 1668 prodesse,
1642 1633 1685 1658 hic
1697 1640 1730 1658 no

933 1672 1016 1698 verbo
1026 1672 1138 1706 quidem
1154 1671 1241 1698 levare
1253 1680 1294 1697 me
1307 1680 1394 1706 posse.
1427 1671 1483 1697 Non
1495 1679 1564 1705 queo
1575 1670 1651 1705 plura
1662 1670 1731 1696 scri-

933 1711 1009 1737 bere:
1036 1718 1084 1735 nec
1096 1714 1144 1740 est,
1158 1708 1230 1743 quod
1242 1709 1372 1735 scribam:
1398 1714 1483 1735 vestra
1495 1708 1581 1744 magis
1592 1712 1727 1742 exspecto.

934 1749 990 1775 Dat.
1012 1756 1070 1774 xri.
1083 1746 1142 1773 Kal.
1158 1746 1232 1773 Sext.
1248 1746 1464 1772 Thessalonicae.

986 1817 1048 1839 ΧῙῙΙ.
1065 1818 1228 1843 (Thessalonicae,
1239 1818 1311 1838 l'isuuv,
1322 1818 1403 1835 Caluini-n
1413 1824 1459 1834 um.
1472 1819 1528 1837 62⁴5.)

992 1902 1014 1927 l.
1031 1895 1115 1932 Quod
1131 1899 1163 1926 ad
1181 1905 1205 1926 te
1217 1900 1387 1934 scripseram,
1402 1907 1443 1924 me
1458 1899 1484 1924 in
1497 1898 1578 1932 Epiro
1593 1896 1727 1923 futurum:

934 1943 1108 1973 posteaquam
1130 1938 1270 1963 extenuari
1291 1945 1367 1972 spem
1390 1941 1506 1962 nostram
1525 1941 1550 1961 et
1570 1942 1730 1960 evanescere

934 1975 1004 2006 vidi,
1022 1975 1124 2001 mutavi
1140 1975 1298 2006 consilium3
1330 1982 1378 2000 nec
1394 1983 1435 1999 mc
1453 1972 1641 1999 Thessalonica
1657 1980 1731 1997 com-

933 2013 1019 2043 movi,
1037 2013 1084 2039 ubi
1097 2021 1155 2038 esse
1167 2017 1325 2042 statueram,
1343 2011 1431 2046 quoad
1443 2010 1546 2045 aliquid
1558 2009 1590 2035 ad
1603 2018 1644 2035 nie
1655 2009 1688 2034 de
1700 2017 1730 2034 eo

933 2050 1079 2081 scriberes,
1097 2049 1168 2084 quod
1182 2050 1314 2084 proximis
1327 2049 1422 2075 litteris
1433 2049 1593 2082 scripseras,
1609 2046 1676 2076 (οι-ο,
1691 2046 1729 2072 uti

932 2087 1083 2114 secundum
1100 2087 1206 2113 comitia
1224 2086 1327 2121 aliquid
1346 2086 1379 2112 de
1395 2086 1473 2112 nobis
1489 2086 1515 2111 in
1531 2089 1624 2110 senatu
1637 2091 1730 2119 agenh

934 2130 990 2151 tur:
1018 2125 1045 2150 id
1058 2124 1106 2150 tihi
1120 2125 1278 2158 Pompeium
1290 2123 1403 2149 dixisse.
1438 2124 1495 2155 Qua
1507 2122 1539 2148 de
1552 2131 1587 2151 rc,
1601 2121 1728 2156 quoniam

932 2162 1039 2188 comitia
1053 2162 1142 2187 habita
1153 2166 1225 2192 sunt,
1240 2166 1322 2195 tuque
1337 2160 1404 2186 nihil
1419 2160 1450 2186 ad
1465 2168 1506 2185 me
1517 2159 1624 2189 scribis,
1638 2159 1729 2192 pmin—

932 2200 964 2225 de
972 2199 1085 2228 habebo,
1095 2197 1391 2232 acsiscripsisscsniliil
1399 2206 1470 2227 esse,
1484 2205 1571 2231 neque
1579 2201 1728 2229 mett-inpo-

933 2238 969 2263 ris
993 2245 1043 2262 non
1063 2236 1202 2271 longinqui
1222 2244 1269 2269 spe
1286 2235 1397 2261 ductum
1414 2243 1485 2263 csse,
1505 2233 1615 2259 moleste
1633 2232 1724 2258 [eratin.

931 2275 1017 2306 Quem
1038 2278 1126 2299 autom
1144 2277 1244 2298 motum
1262 2277 1285 2298 te
1301 2272 1392 2298 videre
1408 2272 1569 2305 scripseras,
1587 2271 1634 2304 qui
1651 2270 1728 2295 nobis

932 2311 1006 2338 utilis
1024 2310 1077 2336 foro
1092 2310 1236 2339 videretur,
1250 2318 1311 2335 eum
1329 2310 1460 2339 muniant,
1473 2309 1520 2343 qui
1534 2309 1653 2335 veniunt,
1668 2305 1728 2332 nul-

933 2349 988 2374 lum
1005 2348 1068 2374 fore.
1113 2348 1140 2373 ln
1158 2347 1274 2373 tribunis
1287 2346 1374 2380 plebis
1388 2345 1536 2380 designatis
1551 2345 1654 2378 reliqua
1665 2352 1728 2378 spes

932 2391 983 2412 est:
1016 2393 1098 2420 quam
1119 2385 1141 2410 si
1162 2389 1331 2418 exspectare,
1356 2392 1406 2409 non
1423 2385 1485 2411 erit,
1504 2381 1575 2416 quod
1592 2386 1669 2416 putes
1686 2389 1727 2407 me

931 2432 1042 2449 caussae
1053 2431 1127 2448 meae
1138 2430 1168 2447 ac
1180 2421 1309 2447 voluntati
1323 2429 1442 2447 incorum
1454 2419 1583 2445 defuisse.
1611 2420 1634 2444 ι’.
1650 2417 1726 2450 Quod

931 2470 973 2486 me
989 2469 1068 2494 saepe
1085 2467 1208 2489 accusas,
1222 2467 1270 2484 cur
1282 2459 1353 2484 hunc
1366 2466 1454 2483 uwum
1467 2465 1560 2482 casnm
1572 2462 1623 2481 tam
1635 2456 1727 2491 gravi-

931 2503 970 2525 ter
982 2497 1078 2527 seram,
1092 2496 1174 2522 debes
1187 2497 1333 2531 ignoscere,
1347 2504 1431 2530 quum
1445 2496 1478 2520 ita
1491 2502 1532 2519 me
1544 2492 1672 2519 afflictum
1686 2493 1727 2519 vi-

931 2535 1008 2565 dens,
1026 2539 1054 2560 ut
1070 2535 1204 2560 neminem
1218 2542 1347 2568 umquam
1361 2542 1407 2559 nec
1421 2532 1521 2558 videris
1534 2539 1581 2557 nec
1595 2530 1724 2556 audieris.

931 2573 997 2598 Nam
1014 2571 1085 2606 quod
1102 2571 1199 2597 scribis
1216 2576 1239 2597 te
1255 2571 1362 2600 audire,
1381 2579 1422 2595 uu·
1438 2570 1517 2595 ctiam
1530 2569 1627 2594 mentis
1638 2575 1726 2594 errore

930 2619 963 2635 ex
979 2609 1068 2635 dolore
1084 2608 1164 2638 allici,
1183 2608 1250 2634 milii
1269 2617 1330 2633 vero
1347 2616 1422 2633 mens
1439 2608 1539 2641 ingrata
1555 2610 1604 2631 cst.
1639 2605 1726 2639 Atque

930 2647 1033 2673 utinam
1045 2651 1097 2673 tam
1110 2647 1137 2672 in
1149 2645 1268 2680 periculo
1281 2645 1387 2671 luisset!
1410 2653 1495 2679 quum
1506 2652 1555 2679 ego
1567 2643 1609 2673 iis,
1623 2642 1726 2677 quibus

931 2693 1018 2711 meam
1030 2683 1144 2710 salutem
1156 2683 1323 2710 carissimam
1340 2690 1399 2709 esse
1411 2681 1572 2711 arbitrabar,
1592 2680 1725 2706 inimicis-
