<?xml version="1.0" encoding="UTF-8"?>
<!DOCTYPE html PUBLIC "-//W3C//DTD XHTML 1.0 Transitional//EN"
    "http://www.w3.org/TR/xhtml1/DTD/xhtml1-transitional.dtd">
<html xmlns="http://www.w3.org/1999/xhtml" xml:lang="en" lang="en">
 <head>
  <title>
</title>
<meta http-equiv="Content-Type" content="text/html;charset=utf-8" />
  <meta name='ocr-system' content='tesseract 3.04.00' />
  <meta name='ocr-capabilities' content='ocr_page ocr_carea ocr_par ocr_line ocrx_word'/>
</head>
<body>
  <div class='ocr_page' id='page_1' title='image "./operaomniaunovol00ciceuoft/operaomniaunovol00ciceuoft_1213.png"; bbox 0 0 1941 3052; ppageno 0'>
   <div class='ocr_carea' id='block_1_1' title="bbox 487 114 1331 143">
    <p class='ocr_par' dir='ltr' id='par_1_1' title="bbox 487 114 1331 143">
     <span class='ocr_line' id='line_1_1' title="bbox 487 114 1331 143; baseline 0.001 -1"><span class='ocrx_word' id='word_1_1' title='bbox 487 115 539 142; x_wconf 87' lang='lat' dir='ltr'>DE</span> <span class='ocrx_word' id='word_1_2' title='bbox 569 115 621 142; x_wconf 87' lang='lat' dir='ltr'>RE</span> <span class='ocrx_word' id='word_1_3' title='bbox 652 114 850 142; x_wconf 76' lang='lat' dir='ltr'>PUBLICA</span> <span class='ocrx_word' id='word_1_4' title='bbox 879 115 1149 143; x_wconf 71' lang='lat' dir='ltr'>LIB,11.CAP.</span> <span class='ocrx_word' id='word_1_5' title='bbox 1181 117 1331 143; x_wconf 65' lang='lat'><strong>32—45.</strong></span> 
     </span>
    </p>
   </div>
   <div class='ocr_carea' id='block_1_2' title="bbox 87 185 884 445">
    <p class='ocr_par' dir='ltr' id='par_1_2' title="bbox 87 185 884 445">
     <span class='ocr_line' id='line_1_2' title="bbox 87 185 880 222; baseline 0 -9"><span class='ocrx_word' id='word_1_6' title='bbox 87 186 214 214; x_wconf 88' lang='lat' dir='ltr'>siderem.</span> <span class='ocrx_word' id='word_1_7' title='bbox 255 185 337 217; x_wconf 70' lang='lat' dir='ltr'>Sane,</span> <span class='ocrx_word' id='word_1_8' title='bbox 360 186 449 221; x_wconf 90' lang='lat' dir='ltr'>inquit</span> <span class='ocrx_word' id='word_1_9' title='bbox 463 186 567 221; x_wconf 81' lang='lat' dir='ltr'>Scipio,</span> <span class='ocrx_word' id='word_1_10' title='bbox 589 191 615 213; x_wconf 88' lang='lat' dir='ltr'>et</span> <span class='ocrx_word' id='word_1_11' title='bbox 631 186 745 213; x_wconf 82' lang='lat' dir='ltr'>libenter</span> <span class='ocrx_word' id='word_1_12' title='bbox 758 186 880 222; x_wconf 90' lang='lat' dir='ltr'>quidem.</span> 
     </span>
     <span class='ocr_line' id='line_1_3' title="bbox 88 223 884 259; baseline 0 -9"><span class='ocrx_word' id='word_1_13' title='bbox 88 225 156 250; x_wconf 88' lang='lat' dir='ltr'>Tum</span> <span class='ocrx_word' id='word_1_14' title='bbox 167 223 225 250; x_wconf 88' lang='lat' dir='ltr'>ille:</span> <span class='ocrx_word' id='word_1_15' title='bbox 248 223 413 250; x_wconf 78' lang='lat' dir='ltr'>Laudavisse</span> <span class='ocrx_word' id='word_1_16' title='bbox 429 224 497 250; x_wconf 90' lang='lat' dir='ltr'>mihi</span> <span class='ocrx_word' id='word_1_17' title='bbox 513 224 614 250; x_wconf 88' lang='lat' dir='ltr'>videris</span> <span class='ocrx_word' id='word_1_18' title='bbox 628 229 745 250; x_wconf 88' lang='lat' dir='ltr'>nostram</span> <span class='ocrx_word' id='word_1_19' title='bbox 761 233 816 250; x_wconf 90' lang='lat' dir='ltr'>rem</span> <span class='ocrx_word' id='word_1_20' title='bbox 832 233 884 259; x_wconf 91' lang='lat' dir='ltr'>pu-</span> 
     </span>
     <span class='ocr_line' id='line_1_4' title="bbox 87 261 884 296; baseline -0.001 -8"><span class='ocrx_word' id='word_1_21' title='bbox 87 261 196 292; x_wconf 83' lang='lat' dir='ltr'>blicam,</span> <span class='ocrx_word' id='word_1_22' title='bbox 210 269 295 296; x_wconf 92' lang='lat' dir='ltr'>quum</span> <span class='ocrx_word' id='word_1_23' title='bbox 307 269 341 287; x_wconf 84' lang='lat' dir='ltr'>ex</span> <span class='ocrx_word' id='word_1_24' title='bbox 352 265 376 287; x_wconf 93' lang='lat' dir='ltr'>te</span> <span class='ocrx_word' id='word_1_25' title='bbox 387 270 439 288; x_wconf 88' lang='lat' dir='ltr'>uon</span> <span class='ocrx_word' id='word_1_26' title='bbox 450 261 483 288; x_wconf 94' lang='lat' dir='ltr'>de</span> <span class='ocrx_word' id='word_1_27' title='bbox 495 266 592 292; x_wconf 87' lang='lat' dir='ltr'>nostra,</span> <span class='ocrx_word' id='word_1_28' title='bbox 606 261 653 287; x_wconf 90' lang='lat' dir='ltr'>sed</span> <span class='ocrx_word' id='word_1_29' title='bbox 665 261 697 287; x_wconf 88' lang='lat' dir='ltr'>de</span> <span class='ocrx_word' id='word_1_30' title='bbox 709 263 781 288; x_wconf 92' lang='lat' dir='ltr'>omni</span> <span class='ocrx_word' id='word_1_31' title='bbox 794 270 820 287; x_wconf 89' lang='lat' dir='ltr'>re</span> <span class='ocrx_word' id='word_1_32' title='bbox 832 270 884 296; x_wconf 93' lang='lat' dir='ltr'>pu-</span> 
     </span>
     <span class='ocr_line' id='line_1_5' title="bbox 87 298 884 333; baseline 0.001 -9"><span class='ocrx_word' id='word_1_33' title='bbox 87 298 158 325; x_wconf 89' lang='lat' dir='ltr'>blica</span> <span class='ocrx_word' id='word_1_34' title='bbox 169 299 321 333; x_wconf 79' lang='lat' dir='ltr'><strong>quaesisset</strong></span> <span class='ocrx_word' id='word_1_35' title='bbox 331 298 448 325; x_wconf 86' lang='lat' dir='ltr'>Laelius.</span> <span class='ocrx_word' id='word_1_36' title='bbox 481 299 535 325; x_wconf 87' lang='lat' dir='ltr'>Nec</span> <span class='ocrx_word' id='word_1_37' title='bbox 546 303 635 325; x_wconf 91' lang='lat' dir='ltr'>tamen</span> <span class='ocrx_word' id='word_1_38' title='bbox 646 299 731 325; x_wconf 90' lang='lat' dir='ltr'>didici</span> <span class='ocrx_word' id='word_1_39' title='bbox 742 308 776 325; x_wconf 79' lang='lat' dir='ltr'>ex</span> <span class='ocrx_word' id='word_1_40' title='bbox 787 299 884 325; x_wconf 90' lang='lat' dir='ltr'>oratio—</span> 
     </span>
     <span class='ocr_line' id='line_1_6' title="bbox 87 336 883 371; baseline 0 -9"><span class='ocrx_word' id='word_1_41' title='bbox 87 344 120 362; x_wconf 92' lang='lat' dir='ltr'>ne</span> <span class='ocrx_word' id='word_1_42' title='bbox 131 340 185 366; x_wconf 82' lang='lat' dir='ltr'>tua.</span> <span class='ocrx_word' id='word_1_43' title='bbox 199 336 277 362; x_wconf 83' lang='lat' dir='ltr'>istam</span> <span class='ocrx_word' id='word_1_44' title='bbox 289 336 376 370; x_wconf 85' lang='lat' dir='ltr'>ipsam</span> <span class='ocrx_word' id='word_1_45' title='bbox 388 345 444 362; x_wconf 94' lang='lat' dir='ltr'>rem</span> <span class='ocrx_word' id='word_1_46' title='bbox 456 336 607 371; x_wconf 80' lang='lat' dir='ltr'>publicam,</span> <span class='ocrx_word' id='word_1_47' title='bbox 621 345 702 371; x_wconf 88' lang='lat' dir='ltr'>quam</span> <span class='ocrx_word' id='word_1_48' title='bbox 714 336 816 366; x_wconf 85' lang='lat' dir='ltr'>laudas.</span> <span class='ocrx_word' id='word_1_49' title='bbox 831 344 883 371; x_wconf 91' lang='lat' dir='ltr'>qua</span> 
     </span>
     <span class='ocr_line' id='line_1_7' title="bbox 87 372 882 410; baseline 0 -11"><span class='ocrx_word' id='word_1_50' title='bbox 87 372 245 408; x_wconf 82' lang='lat' dir='ltr'>disciplina,</span> <span class='ocrx_word' id='word_1_51' title='bbox 263 373 365 408; x_wconf 87' lang='lat' dir='ltr'>quibus</span> <span class='ocrx_word' id='word_1_52' title='bbox 390 375 513 401; x_wconf 88' lang='lat' dir='ltr'>moribus</span> <span class='ocrx_word' id='word_1_53' title='bbox 534 378 579 401; x_wconf 84' lang='lat' dir='ltr'>aut</span> <span class='ocrx_word' id='word_1_54' title='bbox 602 373 709 410; x_wconf 80' lang='lat' dir='ltr'>legibus</span> <span class='ocrx_word' id='word_1_55' title='bbox 720 374 882 400; x_wconf 90' lang='lat' dir='ltr'>constituere</span> 
     </span>
     <span class='ocr_line' id='line_1_8' title="bbox 87 410 460 445; baseline 0.003 -9"><span class='ocrx_word' id='word_1_56' title='bbox 87 410 130 436; x_wconf 86' lang='lat' dir='ltr'>vel</span> <span class='ocrx_word' id='word_1_57' title='bbox 142 418 300 436; x_wconf 91' lang='lat' dir='ltr'>conservare</span> <span class='ocrx_word' id='word_1_58' title='bbox 313 411 460 445; x_wconf 87' lang='lat' dir='ltr'>possimus.</span> 
     </span>
    </p>
   </div>
   <div class='ocr_carea' id='block_1_3' title="bbox 142 451 883 479">
    <p class='ocr_par' dir='ltr' id='par_1_3' title="bbox 142 451 883 479">
     <span class='ocr_line' id='line_1_9' title="bbox 142 451 883 479; baseline -0.001 0"><span class='ocrx_word' id='word_1_59' title='bbox 142 452 270 479; x_wconf 84' lang='lat' dir='ltr'>XXXIX.</span> <span class='ocrx_word' id='word_1_60' title='bbox 292 453 334 479; x_wconf 80' lang='lat'>65.</span> <span class='ocrx_word' id='word_1_61' title='bbox 356 453 405 479; x_wconf 84' lang='lat' dir='ltr'>Hic</span> <span class='ocrx_word' id='word_1_62' title='bbox 418 451 574 479; x_wconf 83' lang='lat' dir='ltr'>Africanus:</span> <span class='ocrx_word' id='word_1_63' title='bbox 596 452 662 478; x_wconf 87' lang='lat' dir='ltr'>Puto</span> <span class='ocrx_word' id='word_1_64' title='bbox 678 452 757 478; x_wconf 87' lang='lat' dir='ltr'>nobis</span> <span class='ocrx_word' id='word_1_65' title='bbox 773 461 836 479; x_wconf 87' lang='lat' dir='ltr'>mox</span> <span class='ocrx_word' id='word_1_66' title='bbox 851 452 883 478; x_wconf 91' lang='lat' dir='ltr'>de</span> 
     </span>
    </p>
   </div>
   <div class='ocr_carea' id='block_1_4' title="bbox 86 489 906 524">
    <p class='ocr_par' dir='ltr' id='par_1_4' title="bbox 86 489 906 524">
     <span class='ocr_line' id='line_1_10' title="bbox 86 489 906 524; baseline 0.001 -8"><span class='ocrx_word' id='word_1_67' title='bbox 86 490 261 517; x_wconf 79' lang='lat' dir='ltr'>instituendis</span> <span class='ocrx_word' id='word_1_68' title='bbox 271 495 297 516; x_wconf 90' lang='lat' dir='ltr'>et</span> <span class='ocrx_word' id='word_1_69' title='bbox 307 489 498 517; x_wconf 83' lang='lat' dir='ltr'>conservandis</span> <span class='ocrx_word' id='word_1_70' title='bbox 510 489 667 515; x_wconf 85' lang='lat' dir='ltr'>civitatibus</span> <span class='ocrx_word' id='word_1_71' title='bbox 679 490 816 524; x_wconf 87' lang='lat' dir='ltr'>aptiorem,</span> <span class='ocrx_word' id='word_1_72' title='bbox 830 490 885 516; x_wconf 95' lang='lat' dir='ltr'>Tu-</span> <span class='ocrx_word' id='word_1_73' title='bbox 905 490 906 517; x_wconf 70' lang='grc' dir='ltr'>ἶ</span> 
     </span>
    </p>
   </div>
   <div class='ocr_carea' id='block_1_5' title="bbox 85 527 884 711">
    <p class='ocr_par' dir='ltr' id='par_1_5' title="bbox 85 527 884 711">
     <span class='ocr_line' id='line_1_11' title="bbox 85 527 883 561; baseline -0.001 -7"><span class='ocrx_word' id='word_1_74' title='bbox 85 527 164 558; x_wconf 90' lang='lat' dir='ltr'>bero,</span> <span class='ocrx_word' id='word_1_75' title='bbox 182 527 237 554; x_wconf 82' lang='lat' dir='ltr'>fore</span> <span class='ocrx_word' id='word_1_76' title='bbox 251 527 401 554; x_wconf 85' lang='lat' dir='ltr'>disserendi</span> <span class='ocrx_word' id='word_1_77' title='bbox 415 527 514 554; x_wconf 87' lang='lat' dir='ltr'>locum.</span> <span class='ocrx_word' id='word_1_78' title='bbox 554 527 590 552; x_wconf 89' lang='lat' dir='ltr'>De</span> <span class='ocrx_word' id='word_1_79' title='bbox 600 527 701 561; x_wconf 91' lang='lat' dir='ltr'>optimo</span> <span class='ocrx_word' id='word_1_80' title='bbox 713 532 802 553; x_wconf 89' lang='lat' dir='ltr'>autem</span> <span class='ocrx_word' id='word_1_81' title='bbox 813 531 883 553; x_wconf 86' lang='lat' dir='ltr'>statu</span> 
     </span>
     <span class='ocr_line' id='line_1_12' title="bbox 85 564 882 600; baseline -0.001 -9"><span class='ocrx_word' id='word_1_82' title='bbox 85 564 213 600; x_wconf 86' lang='lat' dir='ltr'>equidem</span> <span class='ocrx_word' id='word_1_83' title='bbox 225 564 373 591; x_wconf 90' lang='lat' dir='ltr'>arbitrabar</span> <span class='ocrx_word' id='word_1_84' title='bbox 384 573 426 590; x_wconf 92' lang='lat' dir='ltr'>me</span> <span class='ocrx_word' id='word_1_85' title='bbox 437 565 502 591; x_wconf 90' lang='lat' dir='ltr'>satis</span> <span class='ocrx_word' id='word_1_86' title='bbox 514 564 686 598; x_wconf 88' lang='lat' dir='ltr'>respondisse</span> <span class='ocrx_word' id='word_1_87' title='bbox 698 564 731 590; x_wconf 90' lang='lat' dir='ltr'>ad</span> <span class='ocrx_word' id='word_1_88' title='bbox 745 564 772 590; x_wconf 90' lang='lat' dir='ltr'>id</span> <span class='ocrx_word' id='word_1_89' title='bbox 781 585 787 595; x_wconf 93' lang='lat'>,</span> <span class='ocrx_word' id='word_1_90' title='bbox 810 564 882 598; x_wconf 93' lang='lat' dir='ltr'>quod</span> 
     </span>
     <span class='ocr_line' id='line_1_13' title="bbox 85 601 884 637; baseline -0.001 -9"><span class='ocrx_word' id='word_1_91' title='bbox 85 603 238 637; x_wconf 83' lang='lat' dir='ltr'>quaesierat</span> <span class='ocrx_word' id='word_1_92' title='bbox 252 602 370 628; x_wconf 90' lang='lat' dir='ltr'>Laelius.</span> <span class='ocrx_word' id='word_1_93' title='bbox 410 602 531 628; x_wconf 89' lang='lat' dir='ltr'>Primum</span> <span class='ocrx_word' id='word_1_94' title='bbox 547 602 619 627; x_wconf 88' lang='lat' dir='ltr'>enim</span> <span class='ocrx_word' id='word_1_95' title='bbox 640 610 752 628; x_wconf 87' lang='lat' dir='ltr'>numero</span> <span class='ocrx_word' id='word_1_96' title='bbox 771 601 884 628; x_wconf 77' lang='lat' dir='ltr'>delinie-</span> 
     </span>
     <span class='ocr_line' id='line_1_14' title="bbox 85 638 884 675; baseline -0.001 -10"><span class='ocrx_word' id='word_1_97' title='bbox 85 648 143 666; x_wconf 92' lang='lat' dir='ltr'>ram</span> <span class='ocrx_word' id='word_1_98' title='bbox 158 647 255 675; x_wconf 81' lang='lat' dir='ltr'>genera</span> <span class='ocrx_word' id='word_1_99' title='bbox 270 640 411 666; x_wconf 89' lang='lat' dir='ltr'>civitatum</span> <span class='ocrx_word' id='word_1_100' title='bbox 428 639 477 665; x_wconf 90' lang='lat' dir='ltr'>tria</span> <span class='ocrx_word' id='word_1_101' title='bbox 491 638 655 674; x_wconf 89' lang='lat' dir='ltr'>probabilia;</span> <span class='ocrx_word' id='word_1_102' title='bbox 672 639 822 673; x_wconf 85' lang='lat' dir='ltr'>perniciosa</span> <span class='ocrx_word' id='word_1_103' title='bbox 834 647 884 665; x_wconf 88' lang='lat' dir='ltr'>au-</span> 
     </span>
     <span class='ocr_line' id='line_1_15' title="bbox 85 676 882 711; baseline -0.003 -7"><span class='ocrx_word' id='word_1_104' title='bbox 85 681 140 704; x_wconf 83' lang='lat' dir='ltr'>tem</span> <span class='ocrx_word' id='word_1_105' title='bbox 155 677 242 703; x_wconf 88' lang='lat' dir='ltr'>trihus</span> <span class='ocrx_word' id='word_1_106' title='bbox 258 676 313 703; x_wconf 90' lang='lat' dir='ltr'>illis</span> <span class='ocrx_word' id='word_1_107' title='bbox 329 676 441 703; x_wconf 83' lang='lat' dir='ltr'>totidem</span> <span class='ocrx_word' id='word_1_108' title='bbox 455 676 599 705; x_wconf 79' lang='lat' dir='ltr'>contraria;</span> <span class='ocrx_word' id='word_1_109' title='bbox 618 676 780 711; x_wconf 90' lang='lat' dir='ltr'>nullumque</span> <span class='ocrx_word' id='word_1_110' title='bbox 795 685 829 702; x_wconf 83' lang='lat' dir='ltr'>ex</span> <span class='ocrx_word' id='word_1_111' title='bbox 843 677 882 702; x_wconf 90' lang='lat' dir='ltr'>eis</span> 
     </span>
    </p>
   </div>
   <div class='ocr_carea' id='block_1_6' title="bbox 84 713 906 782">
    <p class='ocr_par' dir='ltr' id='par_1_6' title="bbox 84 713 906 782">
     <span class='ocr_line' id='line_1_16' title="bbox 84 713 906 782; baseline -0.002 -41"><span class='ocrx_word' id='word_1_112' title='bbox 84 722 172 742; x_wconf 91' lang='lat' dir='ltr'>unum</span> <span class='ocrx_word' id='word_1_113' title='bbox 182 722 241 740; x_wconf 85' lang='lat' dir='ltr'>esse</span> <span class='ocrx_word' id='word_1_114' title='bbox 251 715 399 749; x_wconf 87' lang='lat' dir='ltr'>optimum;</span> <span class='ocrx_word' id='word_1_115' title='bbox 417 714 465 740; x_wconf 85' lang='lat' dir='ltr'>sed</span> <span class='ocrx_word' id='word_1_116' title='bbox 476 713 504 740; x_wconf 90' lang='lat' dir='ltr'>id</span> <span class='ocrx_word' id='word_1_117' title='bbox 515 718 649 748; x_wconf 87' lang='lat' dir='ltr'>praestare</span> <span class='ocrx_word' id='word_1_118' title='bbox 661 714 792 749; x_wconf 84' lang='lat' dir='ltr'>singulis,</span> <span class='ocrx_word' id='word_1_119' title='bbox 805 713 883 782; x_wconf 56' lang='lat' dir='ltr'>guod</span> <span class='ocrx_word' id='word_1_120' title='bbox 904 730 906 749; x_wconf 58' lang='lat' dir='ltr'>t</span> 
     </span>
     <span class='ocr_line' id='line_1_17' title="bbox 742 752 863 778; baseline 0 -2"><span class='ocrx_word' id='word_1_121' title='bbox 742 752 784 778; x_wconf 82' lang='lat'>66.</span> <span class='ocrx_word' id='word_1_122' title='bbox 830 759 863 776; x_wconf 93' lang='lat' dir='ltr'>uo</span> 
     </span>
    </p>
   </div>
   <div class='ocr_carea' id='block_1_7' title="bbox 84 751 884 936">
    <p class='ocr_par' dir='ltr' id='par_1_7' title="bbox 84 751 884 936">
     <span class='ocr_line' id='line_1_18' title="bbox 84 751 701 786; baseline -0.002 -8"><span class='ocrx_word' id='word_1_123' title='bbox 84 759 100 778; x_wconf 92' lang='lat' dir='ltr'>e</span> <span class='ocrx_word' id='word_1_124' title='bbox 110 751 198 778; x_wconf 89' lang='lat' dir='ltr'>tribus</span> <span class='ocrx_word' id='word_1_125' title='bbox 209 752 306 786; x_wconf 89' lang='lat' dir='ltr'>primis</span> <span class='ocrx_word' id='word_1_126' title='bbox 317 756 388 778; x_wconf 88' lang='lat' dir='ltr'>esset</span> <span class='ocrx_word' id='word_1_127' title='bbox 398 751 502 778; x_wconf 89' lang='lat' dir='ltr'>modice</span> <span class='ocrx_word' id='word_1_128' title='bbox 514 756 701 785; x_wconf 86' lang='lat' dir='ltr'>temperatum.</span> 
     </span>
     <span class='ocr_line' id='line_1_19' title="bbox 85 787 884 824; baseline -0.003 -9"><span class='ocrx_word' id='word_1_129' title='bbox 85 793 175 816; x_wconf 85' lang='lat' dir='ltr'>autem</span> <span class='ocrx_word' id='word_1_130' title='bbox 185 789 309 824; x_wconf 91' lang='lat' dir='ltr'>exemplo</span> <span class='ocrx_word' id='word_1_131' title='bbox 321 793 425 816; x_wconf 88' lang='lat' dir='ltr'>nostrae</span> <span class='ocrx_word' id='word_1_132' title='bbox 436 789 553 815; x_wconf 85' lang='lat' dir='ltr'>civitatis</span> <span class='ocrx_word' id='word_1_133' title='bbox 566 797 631 814; x_wconf 93' lang='lat' dir='ltr'>usus</span> <span class='ocrx_word' id='word_1_134' title='bbox 643 796 714 818; x_wconf 79' lang='lat' dir='ltr'>sum.</span> <span class='ocrx_word' id='word_1_135' title='bbox 726 796 777 814; x_wconf 93' lang='lat' dir='ltr'>non</span> <span class='ocrx_word' id='word_1_136' title='bbox 790 787 823 814; x_wconf 91' lang='lat' dir='ltr'>ad</span> <span class='ocrx_word' id='word_1_137' title='bbox 835 788 884 813; x_wconf 88' lang='lat' dir='ltr'>de-</span> 
     </span>
     <span class='ocr_line' id='line_1_20' title="bbox 84 825 883 861; baseline -0.003 -8"><span class='ocrx_word' id='word_1_138' title='bbox 84 825 236 853; x_wconf 87' lang='lat' dir='ltr'>finiendum</span> <span class='ocrx_word' id='word_1_139' title='bbox 247 827 380 861; x_wconf 87' lang='lat' dir='ltr'>optimum</span> <span class='ocrx_word' id='word_1_140' title='bbox 391 831 490 853; x_wconf 91' lang='lat' dir='ltr'>statum</span> <span class='ocrx_word' id='word_1_141' title='bbox 502 825 600 853; x_wconf 85' lang='lat' dir='ltr'>valuit:</span> <span class='ocrx_word' id='word_1_142' title='bbox 615 834 676 851; x_wconf 87' lang='lat' dir='ltr'>nam</span> <span class='ocrx_word' id='word_1_143' title='bbox 688 825 715 851; x_wconf 92' lang='lat' dir='ltr'>id</span> <span class='ocrx_word' id='word_1_144' title='bbox 727 825 784 851; x_wconf 76' lang='lat' dir='ltr'>fieri</span> <span class='ocrx_word' id='word_1_145' title='bbox 795 826 883 859; x_wconf 89' lang='lat' dir='ltr'>potuit</span> 
     </span>
     <span class='ocr_line' id='line_1_21' title="bbox 84 863 883 898; baseline -0.003 -8"><span class='ocrx_word' id='word_1_146' title='bbox 84 864 145 890; x_wconf 88' lang='lat' dir='ltr'>sine</span> <span class='ocrx_word' id='word_1_147' title='bbox 155 864 292 898; x_wconf 77' lang='lat' dir='ltr'>exemp103</span> <span class='ocrx_word' id='word_1_148' title='bbox 308 864 356 890; x_wconf 93' lang='lat' dir='ltr'>sed</span> <span class='ocrx_word' id='word_1_149' title='bbox 367 868 397 890; x_wconf 90' lang='lat' dir='ltr'>ut</span> <span class='ocrx_word' id='word_1_150' title='bbox 406 864 515 890; x_wconf 87' lang='lat' dir='ltr'>civitate</span> <span class='ocrx_word' id='word_1_151' title='bbox 527 863 645 889; x_wconf 85' lang='lat' dir='ltr'>maxima</span> <span class='ocrx_word' id='word_1_152' title='bbox 656 871 749 897; x_wconf 88' lang='lat' dir='ltr'>reapse</span> <span class='ocrx_word' id='word_1_153' title='bbox 760 871 883 888; x_wconf 88' lang='lat' dir='ltr'>cernere-</span> 
     </span>
     <span class='ocr_line' id='line_1_22' title="bbox 84 899 881 936; baseline -0.001 -9"><span class='ocrx_word' id='word_1_154' title='bbox 84 905 141 933; x_wconf 77' lang='lat' dir='ltr'>tur.</span> <span class='ocrx_word' id='word_1_155' title='bbox 159 901 239 936; x_wconf 88' lang='lat' dir='ltr'>quale</span> <span class='ocrx_word' id='word_1_156' title='bbox 250 906 321 928; x_wconf 88' lang='lat' dir='ltr'>esset</span> <span class='ocrx_word' id='word_1_157' title='bbox 332 901 372 931; x_wconf 90' lang='lat' dir='ltr'>id,</span> <span class='ocrx_word' id='word_1_158' title='bbox 389 900 462 936; x_wconf 91' lang='lat' dir='ltr'>quod</span> <span class='ocrx_word' id='word_1_159' title='bbox 478 901 544 926; x_wconf 87' lang='lat' dir='ltr'>ratio</span> <span class='ocrx_word' id='word_1_160' title='bbox 557 900 694 934; x_wconf 90' lang='lat' dir='ltr'>oratioque</span> <span class='ocrx_word' id='word_1_161' title='bbox 707 899 881 926; x_wconf 84' lang='lat' dir='ltr'>describeret.</span> 
     </span>
    </p>
   </div>
   <div class='ocr_carea' id='block_1_8' title="bbox 84 937 905 973">
    <p class='ocr_par' dir='ltr' id='par_1_8' title="bbox 84 937 905 973">
     <span class='ocr_line' id='line_1_23' title="bbox 84 937 905 973; baseline -0.002 -8"><span class='ocrx_word' id='word_1_162' title='bbox 84 937 134 965; x_wconf 88' lang='lat' dir='ltr'>Sin</span> <span class='ocrx_word' id='word_1_163' title='bbox 154 942 244 965; x_wconf 89' lang='lat' dir='ltr'>autem</span> <span class='ocrx_word' id='word_1_164' title='bbox 264 939 324 965; x_wconf 82' lang='lat' dir='ltr'>sine</span> <span class='ocrx_word' id='word_1_165' title='bbox 339 937 423 964; x_wconf 91' lang='lat' dir='ltr'>ullius</span> <span class='ocrx_word' id='word_1_166' title='bbox 438 937 533 973; x_wconf 90' lang='lat' dir='ltr'>populi</span> <span class='ocrx_word' id='word_1_167' title='bbox 549 937 673 972; x_wconf 85' lang='lat' dir='ltr'>exemplo</span> <span class='ocrx_word' id='word_1_168' title='bbox 688 945 774 972; x_wconf 83' lang='lat' dir='ltr'>genus</span> <span class='ocrx_word' id='word_1_169' title='bbox 791 938 882 972; x_wconf 88' lang='lat' dir='ltr'>ipsum</span> <span class='ocrx_word' id='word_1_170' title='bbox 904 944 905 952; x_wconf 65' lang='lat'>¹</span> 
     </span>
    </p>
   </div>
   <div class='ocr_carea' id='block_1_9' title="bbox 82 974 884 1385">
    <p class='ocr_par' dir='ltr' id='par_1_9' title="bbox 83 974 883 1077">
     <span class='ocr_line' id='line_1_24' title="bbox 84 974 883 1011; baseline -0.001 -9"><span class='ocrx_word' id='word_1_171' title='bbox 84 976 207 1011; x_wconf 83' lang='lat' dir='ltr'>exquiris</span> <span class='ocrx_word' id='word_1_172' title='bbox 218 976 314 1010; x_wconf 91' lang='lat' dir='ltr'>optimi</span> <span class='ocrx_word' id='word_1_173' title='bbox 325 980 423 1006; x_wconf 86' lang='lat' dir='ltr'>status,</span> <span class='ocrx_word' id='word_1_174' title='bbox 441 980 551 1002; x_wconf 88' lang='lat' dir='ltr'>naturae</span> <span class='ocrx_word' id='word_1_175' title='bbox 566 975 685 1010; x_wconf 82' lang='lat' dir='ltr'>imagine</span> <span class='ocrx_word' id='word_1_176' title='bbox 701 974 832 1001; x_wconf 88' lang='lat' dir='ltr'>utendum</span> <span class='ocrx_word' id='word_1_177' title='bbox 844 979 883 1001; x_wconf 90' lang='lat' dir='ltr'>est</span> 
     </span>
     <span class='ocr_line' id='line_1_25' title="bbox 83 1012 883 1064; baseline -0.003 -24"><span class='ocrx_word' id='word_1_178' title='bbox 83 1012 184 1064; x_wconf 39' lang='lat' dir='ltr'>nobi&amp;</span> <span class='ocrx_word' id='word_1_179' title='bbox 200 1014 329 1049; x_wconf 86' lang='lat' dir='ltr'>quoniam</span> <span class='ocrx_word' id='word_1_180' title='bbox 350 1017 378 1040; x_wconf 90' lang='lat' dir='ltr'>tu</span> <span class='ocrx_word' id='word_1_181' title='bbox 394 1013 463 1039; x_wconf 88' lang='lat' dir='ltr'>hanc</span> <span class='ocrx_word' id='word_1_182' title='bbox 482 1013 628 1048; x_wconf 82' lang='lat' dir='ltr'>imaginem</span> <span class='ocrx_word' id='word_1_183' title='bbox 648 1012 724 1039; x_wconf 91' lang='lat' dir='ltr'>urbis</span> <span class='ocrx_word' id='word_1_184' title='bbox 744 1017 770 1039; x_wconf 87' lang='lat' dir='ltr'>et</span> <span class='ocrx_word' id='word_1_185' title='bbox 788 1012 883 1048; x_wconf 90' lang='lat' dir='ltr'>populi</span> 
     </span>
     <span class='ocr_line' id='line_1_26' title="bbox 84 1059 114 1077; baseline 0 0"><span class='ocrx_word' id='word_1_186' title='bbox 84 1059 114 1077; x_wconf 80' lang='lat' dir='ltr'>ni</span> 
     </span>
    </p>

    <p class='ocr_par' dir='ltr' id='par_1_10' title="bbox 330 1088 636 1122">
     <span class='ocr_line' id='line_1_27' title="bbox 330 1088 636 1122; baseline -0.007 -7"><span class='ocrx_word' id='word_1_187' title='bbox 330 1089 425 1122; x_wconf 81' lang='lat' dir='ltr'>(Multa</span> <span class='ocrx_word' id='word_1_188' title='bbox 435 1088 636 1121; x_wconf 80' lang='lat' dir='ltr'>desiderantur.)</span> 
     </span>
    </p>

    <p class='ocr_par' dir='ltr' id='par_1_11' title="bbox 82 1127 884 1385">
     <span class='ocr_line' id='line_1_28' title="bbox 139 1127 883 1163; baseline -0.003 -7"><span class='ocrx_word' id='word_1_189' title='bbox 139 1128 198 1156; x_wconf 88' lang='lat' dir='ltr'>XL.</span> <span class='ocrx_word' id='word_1_190' title='bbox 220 1130 263 1156; x_wconf 86' lang='lat'>67.</span> <span class='ocrx_word' id='word_1_191' title='bbox 285 1128 298 1142; x_wconf 77' lang='grc'><em>*</em></span> <span class='ocrx_word' id='word_1_192' title='bbox 313 1128 325 1142; x_wconf 78' lang='lat'>*</span> <span class='ocrx_word' id='word_1_193' title='bbox 341 1129 353 1142; x_wconf 70' lang='lat'><strong>⁸</strong></span> <span class='ocrx_word' id='word_1_194' title='bbox 369 1139 390 1156; x_wconf 92' lang='lat' dir='ltr'>s.</span> <span class='ocrx_word' id='word_1_195' title='bbox 411 1138 484 1163; x_wconf 85' lang='lat' dir='ltr'>quem</span> <span class='ocrx_word' id='word_1_196' title='bbox 505 1128 665 1155; x_wconf 90' lang='lat' dir='ltr'>iamdudum</span> <span class='ocrx_word' id='word_1_197' title='bbox 685 1136 786 1163; x_wconf 83' lang='lat' dir='ltr'>quaero</span> <span class='ocrx_word' id='word_1_198' title='bbox 804 1133 830 1155; x_wconf 90' lang='lat' dir='ltr'>et</span> <span class='ocrx_word' id='word_1_199' title='bbox 850 1127 883 1154; x_wconf 89' lang='lat' dir='ltr'>ad</span> 
     </span>
     <span class='ocr_line' id='line_1_29' title="bbox 83 1165 884 1202; baseline -0.002 -9"><span class='ocrx_word' id='word_1_200' title='bbox 83 1174 166 1202; x_wconf 90' lang='lat' dir='ltr'>quem</span> <span class='ocrx_word' id='word_1_201' title='bbox 177 1167 258 1202; x_wconf 89' lang='lat' dir='ltr'>cupio</span> <span class='ocrx_word' id='word_1_202' title='bbox 269 1167 421 1201; x_wconf 89' lang='lat' dir='ltr'>pervenire.</span> <span class='ocrx_word' id='word_1_203' title='bbox 455 1176 478 1193; x_wconf 81' lang='lat' dir='ltr'>L.</span> <span class='ocrx_word' id='word_1_204' title='bbox 495 1166 656 1193; x_wconf 88' lang='lat' dir='ltr'>Prudentem</span> <span class='ocrx_word' id='word_1_205' title='bbox 673 1165 784 1192; x_wconf 75' lang='lat' dir='ltr'>sortasse</span> <span class='ocrx_word' id='word_1_206' title='bbox 799 1174 884 1200; x_wconf 89' lang='lat' dir='ltr'>quae-</span> 
     </span>
     <span class='ocr_line' id='line_1_30' title="bbox 83 1203 880 1239; baseline -0.001 -9"><span class='ocrx_word' id='word_1_207' title='bbox 83 1203 140 1231; x_wconf 75' lang='lat' dir='ltr'>ris‘?</span> <span class='ocrx_word' id='word_1_208' title='bbox 159 1205 228 1230; x_wconf 91' lang='lat' dir='ltr'>Tum</span> <span class='ocrx_word' id='word_1_209' title='bbox 239 1203 299 1231; x_wconf 89' lang='lat' dir='ltr'>ille:</span> <span class='ocrx_word' id='word_1_210' title='bbox 312 1205 395 1230; x_wconf 88' lang='lat' dir='ltr'>Istum</span> <span class='ocrx_word' id='word_1_211' title='bbox 407 1204 508 1239; x_wconf 91' lang='lat' dir='ltr'>ipsum.</span> <span class='ocrx_word' id='word_1_212' title='bbox 549 1213 572 1230; x_wconf 78' lang='grc' dir='ltr'>ι..</span> <span class='ocrx_word' id='word_1_213' title='bbox 589 1204 636 1230; x_wconf 87' lang='lat' dir='ltr'>Est</span> <span class='ocrx_word' id='word_1_214' title='bbox 646 1203 696 1230; x_wconf 91' lang='lat' dir='ltr'>tibi</span> <span class='ocrx_word' id='word_1_215' title='bbox 707 1212 741 1229; x_wconf 85' lang='lat' dir='ltr'>ex</span> <span class='ocrx_word' id='word_1_216' title='bbox 751 1204 792 1229; x_wconf 82' lang='lat' dir='ltr'>his</span> <span class='ocrx_word' id='word_1_217' title='bbox 804 1203 880 1237; x_wconf 86' lang='lat' dir='ltr'>ipsis,</span> 
     </span>
     <span class='ocr_line' id='line_1_31' title="bbox 83 1241 882 1276; baseline -0.003 -8"><span class='ocrx_word' id='word_1_218' title='bbox 83 1242 133 1276; x_wconf 91' lang='lat' dir='ltr'>qui</span> <span class='ocrx_word' id='word_1_219' title='bbox 144 1241 251 1273; x_wconf 85' lang='lat' dir='ltr'>adsunt,</span> <span class='ocrx_word' id='word_1_220' title='bbox 265 1241 335 1268; x_wconf 88' lang='lat' dir='ltr'>bella</span> <span class='ocrx_word' id='word_1_221' title='bbox 345 1242 434 1276; x_wconf 89' lang='lat' dir='ltr'>copia,</span> <span class='ocrx_word' id='word_1_222' title='bbox 449 1241 523 1267; x_wconf 89' lang='lat' dir='ltr'>velut</span> <span class='ocrx_word' id='word_1_223' title='bbox 534 1250 548 1267; x_wconf 93' lang='lat' dir='ltr'>a</span> <span class='ocrx_word' id='word_1_224' title='bbox 560 1246 583 1268; x_wconf 90' lang='lat' dir='ltr'>te</span> <span class='ocrx_word' id='word_1_225' title='bbox 595 1242 654 1276; x_wconf 89' lang='lat' dir='ltr'>ipso</span> <span class='ocrx_word' id='word_1_226' title='bbox 665 1241 779 1267; x_wconf 87' lang='lat' dir='ltr'>ordiare.</span> <span class='ocrx_word' id='word_1_227' title='bbox 814 1241 882 1267; x_wconf 91' lang='lat' dir='ltr'>Tum</span> 
     </span>
     <span class='ocr_line' id='line_1_32' title="bbox 84 1279 882 1314; baseline -0.003 -8"><span class='ocrx_word' id='word_1_228' title='bbox 84 1279 190 1314; x_wconf 86' lang='lat' dir='ltr'>Scipio:</span> <span class='ocrx_word' id='word_1_229' title='bbox 213 1279 301 1314; x_wconf 85' lang='lat' dir='ltr'>Atque</span> <span class='ocrx_word' id='word_1_230' title='bbox 316 1279 419 1306; x_wconf 90' lang='lat' dir='ltr'>utinam</span> <span class='ocrx_word' id='word_1_231' title='bbox 435 1288 469 1305; x_wconf 83' lang='lat' dir='ltr'>ex</span> <span class='ocrx_word' id='word_1_232' title='bbox 483 1279 557 1305; x_wconf 90' lang='lat' dir='ltr'>omni</span> <span class='ocrx_word' id='word_1_233' title='bbox 573 1283 667 1305; x_wconf 88' lang='lat' dir='ltr'>senatu</span> <span class='ocrx_word' id='word_1_234' title='bbox 683 1287 730 1313; x_wconf 89' lang='lat' dir='ltr'>pro</span> <span class='ocrx_word' id='word_1_235' title='bbox 742 1283 796 1304; x_wconf 88' lang='lat' dir='ltr'>rata</span> <span class='ocrx_word' id='word_1_236' title='bbox 808 1283 882 1312; x_wconf 90' lang='lat' dir='ltr'>parte</span> 
     </span>
     <span class='ocr_line' id='line_1_33' title="bbox 83 1316 881 1351; baseline -0.003 -8"><span class='ocrx_word' id='word_1_237' title='bbox 83 1317 169 1344; x_wconf 90' lang='lat' dir='ltr'>esset!</span> <span class='ocrx_word' id='word_1_238' title='bbox 192 1316 244 1343; x_wconf 91' lang='lat' dir='ltr'>Sed</span> <span class='ocrx_word' id='word_1_239' title='bbox 260 1321 348 1343; x_wconf 89' lang='lat' dir='ltr'>tamen</span> <span class='ocrx_word' id='word_1_240' title='bbox 364 1321 404 1343; x_wconf 88' lang='lat' dir='ltr'>est</span> <span class='ocrx_word' id='word_1_241' title='bbox 419 1316 465 1342; x_wconf 92' lang='lat' dir='ltr'>ille</span> <span class='ocrx_word' id='word_1_242' title='bbox 481 1316 614 1351; x_wconf 84' lang='lat' dir='ltr'>prudens,</span> <span class='ocrx_word' id='word_1_243' title='bbox 630 1316 693 1351; x_wconf 81' lang='lat' dir='ltr'>qui.</span> <span class='ocrx_word' id='word_1_244' title='bbox 715 1320 744 1342; x_wconf 93' lang='lat' dir='ltr'>ut</span> <span class='ocrx_word' id='word_1_245' title='bbox 759 1324 838 1350; x_wconf 81' lang='lat' dir='ltr'>saepe</span> <span class='ocrx_word' id='word_1_246' title='bbox 856 1316 881 1341; x_wconf 90' lang='lat' dir='ltr'>in</span> 
     </span>
     <span class='ocr_line' id='line_1_34' title="bbox 82 1352 880 1385; baseline -0.003 -5"><span class='ocrx_word' id='word_1_247' title='bbox 82 1353 173 1381; x_wconf 83' lang='lat' dir='ltr'>Africa</span> <span class='ocrx_word' id='word_1_248' title='bbox 188 1353 324 1385; x_wconf 84' lang='lat' dir='ltr'>vidimus,</span> <span class='ocrx_word' id='word_1_249' title='bbox 346 1354 458 1380; x_wconf 89' lang='lat' dir='ltr'>immani</span> <span class='ocrx_word' id='word_1_250' title='bbox 477 1359 502 1380; x_wconf 90' lang='lat' dir='ltr'>et</span> <span class='ocrx_word' id='word_1_251' title='bbox 517 1358 607 1380; x_wconf 88' lang='lat' dir='ltr'>vastae</span> <span class='ocrx_word' id='word_1_252' title='bbox 623 1352 744 1379; x_wconf 87' lang='lat' dir='ltr'>insidens</span> <span class='ocrx_word' id='word_1_253' title='bbox 766 1352 880 1383; x_wconf 89' lang='lat' dir='ltr'>belluae,</span> 
     </span>
    </p>
   </div>
   <div class='ocr_carea' id='block_1_10' title="bbox 83 1390 906 1427">
    <p class='ocr_par' dir='ltr' id='par_1_12' title="bbox 83 1390 906 1427">
     <span class='ocr_line' id='line_1_35' title="bbox 83 1390 906 1427; baseline 0 -9"><span class='ocrx_word' id='word_1_254' title='bbox 83 1395 187 1418; x_wconf 87' lang='lat' dir='ltr'>coercet</span> <span class='ocrx_word' id='word_1_255' title='bbox 196 1396 222 1418; x_wconf 88' lang='lat' dir='ltr'>et</span> <span class='ocrx_word' id='word_1_256' title='bbox 233 1392 303 1427; x_wconf 82' lang='lat' dir='ltr'>regit</span> <span class='ocrx_word' id='word_1_257' title='bbox 313 1391 446 1424; x_wconf 83' lang='lat' dir='ltr'>belluam;</span> <span class='ocrx_word' id='word_1_258' title='bbox 460 1399 633 1426; x_wconf 87' lang='lat' dir='ltr'>quocumque</span> <span class='ocrx_word' id='word_1_259' title='bbox 646 1390 712 1421; x_wconf 84' lang='lat' dir='ltr'>vult,</span> <span class='ocrx_word' id='word_1_260' title='bbox 726 1390 779 1417; x_wconf 87' lang='lat' dir='ltr'>levi</span> <span class='ocrx_word' id='word_1_261' title='bbox 790 1390 883 1416; x_wconf 82' lang='lat' dir='ltr'>admo-</span> <span class='ocrx_word' id='word_1_262' title='bbox 905 1414 906 1418; x_wconf 72' lang='grc'>,</span> 
     </span>
    </p>
   </div>
   <div class='ocr_carea' id='block_1_11' title="bbox 83 1428 884 1762">
    <p class='ocr_par' dir='ltr' id='par_1_13' title="bbox 83 1428 884 1762">
     <span class='ocr_line' id='line_1_36' title="bbox 83 1428 883 1460; baseline -0.003 -5"><span class='ocrx_word' id='word_1_263' title='bbox 83 1429 157 1460; x_wconf 89' lang='lat' dir='ltr'>nitu,</span> <span class='ocrx_word' id='word_1_264' title='bbox 168 1437 234 1460; x_wconf 90' lang='lat' dir='ltr'>non,</span> <span class='ocrx_word' id='word_1_265' title='bbox 248 1437 278 1455; x_wconf 90' lang='lat' dir='ltr'>ac</span> <span class='ocrx_word' id='word_1_266' title='bbox 290 1433 328 1460; x_wconf 82' lang='lat' dir='ltr'>tu,</span> <span class='ocrx_word' id='word_1_267' title='bbox 342 1428 452 1455; x_wconf 77' lang='lat' dir='ltr'>inflectit</span> <span class='ocrx_word' id='word_1_268' title='bbox 465 1428 540 1455; x_wconf 90' lang='lat' dir='ltr'>illam</span> <span class='ocrx_word' id='word_1_269' title='bbox 552 1428 646 1454; x_wconf 85' lang='lat' dir='ltr'>seram.</span> <span class='ocrx_word' id='word_1_270' title='bbox 668 1437 690 1454; x_wconf 76' lang='lat' dir='ltr'>L.</span> <span class='ocrx_word' id='word_1_271' title='bbox 707 1428 774 1454; x_wconf 89' lang='lat' dir='ltr'>Novi</span> <span class='ocrx_word' id='word_1_272' title='bbox 786 1433 820 1458; x_wconf 75' lang='lat' dir='ltr'>et,</span> <span class='ocrx_word' id='word_1_273' title='bbox 834 1428 883 1454; x_wconf 83' lang='lat' dir='ltr'>tibi</span> 
     </span>
     <span class='ocr_line' id='line_1_37' title="bbox 83 1465 883 1502; baseline -0.001 -10"><span class='ocrx_word' id='word_1_274' title='bbox 83 1475 170 1502; x_wconf 91' lang='lat' dir='ltr'>quum</span> <span class='ocrx_word' id='word_1_275' title='bbox 180 1474 269 1493; x_wconf 88' lang='lat' dir='ltr'>essem</span> <span class='ocrx_word' id='word_1_276' title='bbox 281 1465 395 1502; x_wconf 84' lang='lat' dir='ltr'>legatus,</span> <span class='ocrx_word' id='word_1_277' title='bbox 411 1474 491 1500; x_wconf 86' lang='lat' dir='ltr'>saepe</span> <span class='ocrx_word' id='word_1_278' title='bbox 503 1465 571 1492; x_wconf 89' lang='lat' dir='ltr'>vidi.</span> <span class='ocrx_word' id='word_1_279' title='bbox 611 1476 632 1492; x_wconf 91' lang='lat' dir='ltr'>s.</span> <span class='ocrx_word' id='word_1_280' title='bbox 655 1465 725 1501; x_wconf 82' lang='lat' dir='ltr'>Ergo</span> <span class='ocrx_word' id='word_1_281' title='bbox 741 1465 784 1491; x_wconf 88' lang='lat' dir='ltr'>ille</span> <span class='ocrx_word' id='word_1_282' title='bbox 801 1465 883 1491; x_wconf 89' lang='lat' dir='ltr'>Indus</span> 
     </span>
     <span class='ocr_line' id='line_1_38' title="bbox 83 1502 884 1534; baseline -0.002 -4"><span class='ocrx_word' id='word_1_283' title='bbox 83 1508 130 1531; x_wconf 91' lang='lat' dir='ltr'>aut</span> <span class='ocrx_word' id='word_1_284' title='bbox 141 1504 246 1530; x_wconf 85' lang='lat' dir='ltr'>Poenus</span> <span class='ocrx_word' id='word_1_285' title='bbox 257 1512 338 1530; x_wconf 91' lang='lat' dir='ltr'>unam</span> <span class='ocrx_word' id='word_1_286' title='bbox 349 1508 452 1530; x_wconf 86' lang='lat' dir='ltr'>coercet</span> <span class='ocrx_word' id='word_1_287' title='bbox 463 1503 596 1534; x_wconf 79' lang='lat' dir='ltr'>belluam,</span> <span class='ocrx_word' id='word_1_288' title='bbox 613 1507 639 1529; x_wconf 92' lang='lat' dir='ltr'>et</span> <span class='ocrx_word' id='word_1_289' title='bbox 653 1511 712 1529; x_wconf 87' lang='lat' dir='ltr'>eam</span> <span class='ocrx_word' id='word_1_290' title='bbox 728 1502 843 1529; x_wconf 89' lang='lat' dir='ltr'>docilem</span> <span class='ocrx_word' id='word_1_291' title='bbox 859 1507 884 1528; x_wconf 85' lang='lat' dir='ltr'>et</span> 
     </span>
     <span class='ocr_line' id='line_1_39' title="bbox 83 1540 883 1575; baseline -0.001 -8"><span class='ocrx_word' id='word_1_292' title='bbox 83 1541 212 1568; x_wconf 88' lang='lat' dir='ltr'>humanis</span> <span class='ocrx_word' id='word_1_293' title='bbox 223 1541 346 1567; x_wconf 86' lang='lat' dir='ltr'>moribus</span> <span class='ocrx_word' id='word_1_294' title='bbox 357 1545 506 1567; x_wconf 89' lang='lat' dir='ltr'>assuetam:</span> <span class='ocrx_word' id='word_1_295' title='bbox 525 1545 551 1567; x_wconf 91' lang='lat' dir='ltr'>at</span> <span class='ocrx_word' id='word_1_296' title='bbox 562 1549 625 1567; x_wconf 89' lang='lat' dir='ltr'>vero</span> <span class='ocrx_word' id='word_1_297' title='bbox 636 1549 679 1571; x_wconf 86' lang='lat' dir='ltr'>ea,</span> <span class='ocrx_word' id='word_1_298' title='bbox 697 1549 766 1575; x_wconf 87' lang='lat' dir='ltr'>quae</span> <span class='ocrx_word' id='word_1_299' title='bbox 783 1540 844 1566; x_wconf 87' lang='lat' dir='ltr'>latet</span> <span class='ocrx_word' id='word_1_300' title='bbox 857 1540 883 1566; x_wconf 94' lang='lat' dir='ltr'>in</span> 
     </span>
     <span class='ocr_line' id='line_1_40' title="bbox 83 1578 881 1614; baseline -0.003 -9"><span class='ocrx_word' id='word_1_301' title='bbox 83 1579 182 1605; x_wconf 88' lang='lat' dir='ltr'>animis</span> <span class='ocrx_word' id='word_1_302' title='bbox 194 1578 349 1609; x_wconf 80' lang='lat' dir='ltr'>hominum,</span> <span class='ocrx_word' id='word_1_303' title='bbox 371 1586 495 1614; x_wconf 88' lang='lat' dir='ltr'>quaeque</span> <span class='ocrx_word' id='word_1_304' title='bbox 506 1586 568 1612; x_wconf 90' lang='lat' dir='ltr'>pars</span> <span class='ocrx_word' id='word_1_305' title='bbox 579 1578 663 1604; x_wconf 87' lang='lat' dir='ltr'>animi</span> <span class='ocrx_word' id='word_1_306' title='bbox 675 1586 751 1604; x_wconf 87' lang='lat' dir='ltr'>mens</span> <span class='ocrx_word' id='word_1_307' title='bbox 763 1582 881 1607; x_wconf 87' lang='lat' dir='ltr'>vocatur,</span> 
     </span>
     <span class='ocr_line' id='line_1_41' title="bbox 83 1614 881 1651; baseline -0.001 -9"><span class='ocrx_word' id='word_1_308' title='bbox 83 1624 225 1643; x_wconf 90' lang='lat' dir='ltr'>nonunam</span> <span class='ocrx_word' id='word_1_309' title='bbox 232 1620 278 1642; x_wconf 91' lang='lat' dir='ltr'>aut</span> <span class='ocrx_word' id='word_1_310' title='bbox 289 1615 395 1642; x_wconf 80' lang='lat' dir='ltr'>facilem</span> <span class='ocrx_word' id='word_1_311' title='bbox 407 1615 440 1641; x_wconf 91' lang='lat' dir='ltr'>ad</span> <span class='ocrx_word' id='word_1_312' title='bbox 452 1615 638 1651; x_wconf 84' lang='lat' dir='ltr'>subigendum</span> <span class='ocrx_word' id='word_1_313' title='bbox 651 1614 735 1642; x_wconf 83' lang='lat' dir='ltr'>frenat</span> <span class='ocrx_word' id='word_1_314' title='bbox 746 1619 771 1641; x_wconf 89' lang='lat' dir='ltr'>et</span> <span class='ocrx_word' id='word_1_315' title='bbox 782 1614 881 1645; x_wconf 87' lang='lat' dir='ltr'>domat,</span> 
     </span>
     <span class='ocr_line' id='line_1_42' title="bbox 83 1652 881 1688; baseline -0.003 -8"><span class='ocrx_word' id='word_1_316' title='bbox 83 1653 227 1688; x_wconf 88' lang='lat' dir='ltr'>siquando</span> <span class='ocrx_word' id='word_1_317' title='bbox 242 1653 270 1679; x_wconf 92' lang='lat' dir='ltr'>id</span> <span class='ocrx_word' id='word_1_318' title='bbox 286 1653 382 1684; x_wconf 80' lang='lat' dir='ltr'>efficit,</span> <span class='ocrx_word' id='word_1_319' title='bbox 400 1652 472 1688; x_wconf 92' lang='lat' dir='ltr'>quod</span> <span class='ocrx_word' id='word_1_320' title='bbox 489 1661 597 1688; x_wconf 86' lang='lat' dir='ltr'>perraro</span> <span class='ocrx_word' id='word_1_321' title='bbox 612 1657 708 1688; x_wconf 88' lang='lat' dir='ltr'>potest.</span> <span class='ocrx_word' id='word_1_322' title='bbox 749 1653 881 1687; x_wconf 81' lang='lat' dir='ltr'>Namque,</span> 
     </span>
     <span class='ocr_line' id='line_1_43' title="bbox 83 1690 499 1718; baseline -0.005 0"><span class='ocrx_word' id='word_1_323' title='bbox 83 1695 110 1718; x_wconf 79' lang='lat' dir='ltr'>et</span> <span class='ocrx_word' id='word_1_324' title='bbox 120 1690 166 1717; x_wconf 87' lang='lat' dir='ltr'>illa</span> <span class='ocrx_word' id='word_1_325' title='bbox 177 1690 291 1717; x_wconf 88' lang='lat' dir='ltr'>tenenda</span> <span class='ocrx_word' id='word_1_326' title='bbox 303 1694 344 1717; x_wconf 90' lang='lat' dir='ltr'>est</span> <span class='ocrx_word' id='word_1_327' title='bbox 354 1690 429 1717; x_wconf 80' lang='lat' dir='ltr'>ferox</span> <span class='ocrx_word' id='word_1_328' title='bbox 441 1690 452 1703; x_wconf 70' lang='grc'><strong><em>*</em></strong></span> <span class='ocrx_word' id='word_1_329' title='bbox 464 1690 476 1703; x_wconf 82' lang='grc'>*</span> <span class='ocrx_word' id='word_1_330' title='bbox 488 1691 499 1703; x_wconf 73' lang='lat'><strong>‘</strong></span> 
     </span>
     <span class='ocr_line' id='line_1_44' title="bbox 154 1727 813 1762; baseline -0.002 -8"><span class='ocrx_word' id='word_1_331' title='bbox 154 1728 353 1762; x_wconf 83' lang='lat' dir='ltr'>(Desiderantur</span> <span class='ocrx_word' id='word_1_332' title='bbox 364 1732 486 1762; x_wconf 85' lang='lat' dir='ltr'>quattuor</span> <span class='ocrx_word' id='word_1_333' title='bbox 496 1730 531 1754; x_wconf 87' lang='lat' dir='ltr'>ad</span> <span class='ocrx_word' id='word_1_334' title='bbox 540 1730 672 1753; x_wconf 78' lang='lat' dir='ltr'>minimum</span> <span class='ocrx_word' id='word_1_335' title='bbox 681 1727 813 1761; x_wconf 71' lang='lat' dir='ltr'>paginae.)</span> 
     </span>
    </p>
   </div>
   <div class='ocr_carea' id='block_1_12' title="bbox 83 1769 885 1876">
    <p class='ocr_par' dir='ltr' id='par_1_14' title="bbox 83 1769 885 1876">
     <span class='ocr_line' id='line_1_45' title="bbox 139 1769 884 1805; baseline -0.001 -9"><span class='ocrx_word' id='word_1_336' title='bbox 139 1769 208 1797; x_wconf 86' lang='lat' dir='ltr'>XLI.</span> <span class='ocrx_word' id='word_1_337' title='bbox 230 1771 272 1796; x_wconf 87' lang='lat'>68.</span> <span class='ocrx_word' id='word_1_338' title='bbox 290 1771 313 1797; x_wconf 79' lang='lat' dir='ltr'>l.</span> <span class='ocrx_word' id='word_1_339' title='bbox 333 1770 351 1803; x_wconf 83' lang='lat'>†</span> <span class='ocrx_word' id='word_1_340' title='bbox 361 1769 435 1802; x_wconf 89' lang='lat' dir='ltr'>Quae</span> <span class='ocrx_word' id='word_1_341' title='bbox 445 1770 578 1805; x_wconf 85' lang='lat' dir='ltr'>sanguine</span> <span class='ocrx_word' id='word_1_342' title='bbox 589 1769 678 1800; x_wconf 91' lang='lat' dir='ltr'>alitur,</span> <span class='ocrx_word' id='word_1_343' title='bbox 690 1777 760 1804; x_wconf 89' lang='lat' dir='ltr'>quae</span> <span class='ocrx_word' id='word_1_344' title='bbox 772 1769 798 1795; x_wconf 92' lang='lat' dir='ltr'>in</span> <span class='ocrx_word' id='word_1_345' title='bbox 810 1769 884 1795; x_wconf 90' lang='lat' dir='ltr'>omni</span> 
     </span>
     <span class='ocr_line' id='line_1_46' title="bbox 83 1806 885 1839; baseline -0.002 -5"><span class='ocrx_word' id='word_1_346' title='bbox 83 1806 241 1834; x_wconf 85' lang='lat' dir='ltr'>crudelitate</span> <span class='ocrx_word' id='word_1_347' title='bbox 252 1807 292 1834; x_wconf 89' lang='lat' dir='ltr'>sic</span> <span class='ocrx_word' id='word_1_348' title='bbox 301 1807 427 1839; x_wconf 84' lang='lat' dir='ltr'>exsultat,</span> <span class='ocrx_word' id='word_1_349' title='bbox 440 1812 469 1834; x_wconf 92' lang='lat' dir='ltr'>ut</span> <span class='ocrx_word' id='word_1_350' title='bbox 479 1808 526 1834; x_wconf 88' lang='lat' dir='ltr'>vix</span> <span class='ocrx_word' id='word_1_351' title='bbox 537 1807 679 1834; x_wconf 89' lang='lat' dir='ltr'>hominum</span> <span class='ocrx_word' id='word_1_352' title='bbox 690 1806 794 1833; x_wconf 86' lang='lat' dir='ltr'>acerbis</span> <span class='ocrx_word' id='word_1_353' title='bbox 806 1806 885 1833; x_wconf 81' lang='lat' dir='ltr'>fune-</span> 
     </span>
     <span class='ocr_line' id='line_1_47' title="bbox 84 1845 884 1876; baseline -0.001 -5"><span class='ocrx_word' id='word_1_354' title='bbox 84 1845 160 1872; x_wconf 85' lang='lat' dir='ltr'>ribus</span> <span class='ocrx_word' id='word_1_355' title='bbox 171 1845 293 1872; x_wconf 82' lang='lat' dir='ltr'>satietur.</span> <span class='ocrx_word' id='word_1_356' title='bbox 313 1852 402 1875; x_wconf 70' lang='lat' dir='ltr'>(Nonius</span> <span class='ocrx_word' id='word_1_357' title='bbox 411 1857 432 1871; x_wconf 84' lang='lat' dir='ltr'>v.</span> <span class='ocrx_word' id='word_1_358' title='bbox 442 1852 553 1871; x_wconf 69' lang='lat' dir='ltr'>numme</span> <span class='ocrx_word' id='word_1_359' title='bbox 563 1857 584 1876; x_wconf 82' lang='lat' dir='ltr'>p.</span> <span class='ocrx_word' id='word_1_360' title='bbox 594 1853 638 1871; x_wconf 75' lang='lat'><strong>300.</strong></span> <span class='ocrx_word' id='word_1_361' title='bbox 649 1858 659 1871; x_wconf 78' lang='lat' dir='ltr'>e</span> <span class='ocrx_word' id='word_1_362' title='bbox 670 1852 714 1871; x_wconf 71' lang='lat' dir='ltr'>cie.</span> <span class='ocrx_word' id='word_1_363' title='bbox 724 1852 738 1870; x_wconf 85' lang='lat' dir='ltr'>t.</span> <span class='ocrx_word' id='word_1_364' title='bbox 749 1852 776 1870; x_wconf 88' lang='lat'>11.</span> <span class='ocrx_word' id='word_1_365' title='bbox 787 1852 813 1871; x_wconf 74' lang='lat' dir='ltr'>de</span> <span class='ocrx_word' id='word_1_366' title='bbox 823 1852 884 1876; x_wconf 69' lang='lat' dir='ltr'>nep.)</span> 
     </span>
    </p>
   </div>
   <div class='ocr_carea' id='block_1_13' title="bbox 137 1889 886 1925">
    <p class='ocr_par' dir='ltr' id='par_1_15' title="bbox 137 1889 886 1925">
     <span class='ocr_line' id='line_1_48' title="bbox 137 1889 886 1925; baseline 0 -8"><span class='ocrx_word' id='word_1_367' title='bbox 137 1892 164 1918; x_wconf 77' lang='lat'>2.</span> <span class='ocrx_word' id='word_1_368' title='bbox 185 1891 204 1924; x_wconf 84' lang='lat'><em>†</em></span> <span class='ocrx_word' id='word_1_369' title='bbox 218 1889 324 1925; x_wconf 88' lang='lat' dir='ltr'>Cupido</span> <span class='ocrx_word' id='word_1_370' title='bbox 342 1894 432 1916; x_wconf 88' lang='lat' dir='ltr'>autem</span> <span class='ocrx_word' id='word_1_371' title='bbox 453 1894 479 1916; x_wconf 89' lang='lat' dir='ltr'>et</span> <span class='ocrx_word' id='word_1_372' title='bbox 493 1891 628 1925; x_wconf 88' lang='lat' dir='ltr'>expetenti</span> <span class='ocrx_word' id='word_1_373' title='bbox 644 1895 671 1916; x_wconf 88' lang='lat' dir='ltr'>et</span> <span class='ocrx_word' id='word_1_374' title='bbox 689 1889 845 1917; x_wconf 89' lang='lat' dir='ltr'>lubidinoso</span> <span class='ocrx_word' id='word_1_375' title='bbox 860 1895 886 1917; x_wconf 90' lang='lat' dir='ltr'>et</span> 
     </span>
    </p>
   </div>
   <div class='ocr_carea' id='block_1_14' title="bbox 83 1926 884 1988">
    <p class='ocr_par' dir='ltr' id='par_1_16' title="bbox 83 1926 884 1988">
     <span class='ocr_line' id='line_1_49' title="bbox 83 1926 884 1986; baseline 0.001 -33"><span class='ocrx_word' id='word_1_376' title='bbox 83 1927 275 1984; x_wconf 47' lang='lat' dir='ltr'>v‘gmissiiuddfft</span> <span class='ocrx_word' id='word_1_377' title='bbox 281 1926 516 1986; x_wconf 65' lang='lat' dir='ltr'>in)voluptatibus.</span> <span class='ocrx_word' id='word_1_378' title='bbox 533 1935 600 1958; x_wconf 73' lang='lat' dir='ltr'>&lt;mem</span> <span class='ocrx_word' id='word_1_379' title='bbox 609 1940 629 1953; x_wconf 82' lang='lat' dir='ltr'>v.</span> <span class='ocrx_word' id='word_1_380' title='bbox 640 1935 801 1954; x_wconf 67' lang='lat' dir='ltr'>Volumuundus</span> <span class='ocrx_word' id='word_1_381' title='bbox 811 1941 831 1960; x_wconf 82' lang='grc' dir='ltr'>ρ.</span> <span class='ocrx_word' id='word_1_382' title='bbox 839 1936 884 1954; x_wconf 75' lang='lat'>491.</span> 
     </span>
     <span class='ocr_line' id='line_1_50' title="bbox 84 1965 309 1988; baseline -0.009 -4"><span class='ocrx_word' id='word_1_383' title='bbox 84 1970 96 1984; x_wconf 83' lang='lat' dir='ltr'>e</span> <span class='ocrx_word' id='word_1_384' title='bbox 124 1965 150 1984; x_wconf 85' lang='lat' dir='ltr'>ic.</span> <span class='ocrx_word' id='word_1_385' title='bbox 170 1978 175 1984; x_wconf 94' lang='lat'>.</span> <span class='ocrx_word' id='word_1_386' title='bbox 207 1978 212 1983; x_wconf 92' lang='lat'>.</span> <span class='ocrx_word' id='word_1_387' title='bbox 238 1969 249 1983; x_wconf 89' lang='lat' dir='ltr'>e</span> <span class='ocrx_word' id='word_1_388' title='bbox 277 1969 309 1988; x_wconf 78' lang='lat' dir='ltr'>cp.</span> 
     </span>
    </p>
   </div>
   <div class='ocr_carea' id='block_1_15' title="bbox 85 1998 885 2070">
    <p class='ocr_par' dir='ltr' id='par_1_17' title="bbox 85 1998 885 2070">
     <span class='ocr_line' id='line_1_51' title="bbox 139 1998 885 2036; baseline -0.003 -10"><span class='ocrx_word' id='word_1_389' title='bbox 139 1998 175 2036; x_wconf 85' lang='lat'>[3.</span> <span class='ocrx_word' id='word_1_390' title='bbox 196 1999 216 2033; x_wconf 81' lang='lat'>†</span> <span class='ocrx_word' id='word_1_391' title='bbox 232 1999 292 2025; x_wconf 76' lang='lat' dir='ltr'>Tres</span> <span class='ocrx_word' id='word_1_392' title='bbox 301 2003 360 2025; x_wconf 83' lang='lat' dir='ltr'>sunt</span> <span class='ocrx_word' id='word_1_393' title='bbox 371 2000 491 2032; x_wconf 75' lang='lat' dir='ltr'>affectus,</span> <span class='ocrx_word' id='word_1_394' title='bbox 508 2000 554 2032; x_wconf 84' lang='lat' dir='ltr'>qui</span> <span class='ocrx_word' id='word_1_395' title='bbox 562 2000 674 2024; x_wconf 79' lang='lat' dir='ltr'>homines</span> <span class='ocrx_word' id='word_1_396' title='bbox 684 2002 712 2024; x_wconf 80' lang='lat' dir='ltr'>in</span> <span class='ocrx_word' id='word_1_397' title='bbox 722 2000 807 2024; x_wconf 79' lang='lat' dir='ltr'>omnia</span> <span class='ocrx_word' id='word_1_398' title='bbox 817 2001 885 2032; x_wconf 73' lang='lat' dir='ltr'>sact-</span> 
     </span>
     <span class='ocr_line' id='line_1_52' title="bbox 85 2036 885 2070; baseline -0.004 -6"><span class='ocrx_word' id='word_1_399' title='bbox 85 2039 175 2065; x_wconf 75' lang='lat' dir='ltr'>cinora</span> <span class='ocrx_word' id='word_1_400' title='bbox 183 2038 338 2070; x_wconf 67' lang='lat' dir='ltr'>praecipites</span> <span class='ocrx_word' id='word_1_401' title='bbox 348 2040 437 2069; x_wconf 79' lang='lat' dir='ltr'>aqum,</span> <span class='ocrx_word' id='word_1_402' title='bbox 448 2038 499 2066; x_wconf 75' lang='lat' dir='ltr'>ira,</span> <span class='ocrx_word' id='word_1_403' title='bbox 512 2038 648 2068; x_wconf 78' lang='lat' dir='ltr'>cupiditas,</span> <span class='ocrx_word' id='word_1_404' title='bbox 664 2037 752 2062; x_wconf 84' lang='lat' dir='ltr'>libido.</span> <span class='ocrx_word' id='word_1_405' title='bbox 787 2036 832 2061; x_wconf 86' lang='lat' dir='ltr'>Ira</span> <span class='ocrx_word' id='word_1_406' title='bbox 843 2037 885 2061; x_wconf 83' lang='lat' dir='ltr'>ut-</span> 
     </span>
    </p>
   </div>
   <div class='ocr_carea' id='block_1_16' title="bbox 83 2074 883 2133">
    <p class='ocr_par' dir='ltr' id='par_1_18' title="bbox 83 2074 883 2133">
     <span class='ocr_line' id='line_1_53' title="bbox 83 2074 883 2133; baseline -0.004 -32"><span class='ocrx_word' id='word_1_407' title='bbox 83 2076 323 2133; x_wconf 50' lang='lat' dir='ltr'>}ioneimvtxiesidgpt,</span> <span class='ocrx_word' id='word_1_408' title='bbox 337 2074 465 2106; x_wconf 78' lang='lat' dir='ltr'>cupiditas</span> <span class='ocrx_word' id='word_1_409' title='bbox 475 2081 541 2106; x_wconf 77' lang='lat' dir='ltr'>opes,</span> <span class='ocrx_word' id='word_1_410' title='bbox 555 2074 633 2099; x_wconf 82' lang='lat' dir='ltr'>libido</span> <span class='ocrx_word' id='word_1_411' title='bbox 644 2074 795 2105; x_wconf 79' lang='lat' dir='ltr'>voluptates.</span> <span class='ocrx_word' id='word_1_412' title='bbox 815 2080 883 2103; x_wconf 73' lang='lat' dir='ltr'>(Laut.</span> 
     </span>
     <span class='ocr_line' id='line_1_54' title="bbox 95 2113 276 2130; baseline -0.011 0"><span class='ocrx_word' id='word_1_413' title='bbox 95 2113 136 2130; x_wconf 73' lang='lat' dir='ltr'>nat.</span> <span class='ocrx_word' id='word_1_414' title='bbox 155 2125 160 2130; x_wconf 96' lang='lat'>.</span> <span class='ocrx_word' id='word_1_415' title='bbox 200 2123 205 2129; x_wconf 91' lang='lat'><strong>.</strong></span> <span class='ocrx_word' id='word_1_416' title='bbox 216 2116 234 2130; x_wconf 85' lang='lat' dir='ltr'>e.</span> <span class='ocrx_word' id='word_1_417' title='bbox 271 2123 276 2128; x_wconf 88' lang='lat'>.</span> 
     </span>
    </p>
   </div>
   <div class='ocr_carea' id='block_1_17' title="bbox 141 2143 884 2179">
    <p class='ocr_par' dir='ltr' id='par_1_19' title="bbox 141 2143 884 2179">
     <span class='ocr_line' id='line_1_55' title="bbox 141 2143 884 2179; baseline -0.003 -8"><span class='ocrx_word' id='word_1_418' title='bbox 141 2145 165 2171; x_wconf 74' lang='lat'>4.</span> <span class='ocrx_word' id='word_1_419' title='bbox 187 2144 206 2178; x_wconf 82' lang='lat'>†</span> <span class='ocrx_word' id='word_1_420' title='bbox 216 2143 370 2179; x_wconf 83' lang='lat' dir='ltr'>Quartaque</span> <span class='ocrx_word' id='word_1_421' title='bbox 381 2143 511 2170; x_wconf 85' lang='lat' dir='ltr'>anxitudo</span> <span class='ocrx_word' id='word_1_422' title='bbox 522 2151 604 2178; x_wconf 90' lang='lat' dir='ltr'>prona</span> <span class='ocrx_word' id='word_1_423' title='bbox 615 2143 648 2170; x_wconf 86' lang='lat' dir='ltr'>ad</span> <span class='ocrx_word' id='word_1_424' title='bbox 662 2143 762 2170; x_wconf 88' lang='lat' dir='ltr'>luctum</span> <span class='ocrx_word' id='word_1_425' title='bbox 774 2148 800 2170; x_wconf 87' lang='lat' dir='ltr'>et</span> <span class='ocrx_word' id='word_1_426' title='bbox 811 2151 884 2169; x_wconf 85' lang='lat' dir='ltr'>mae-</span> 
     </span>
    </p>
   </div>
   <div class='ocr_carea' id='block_1_18' title="bbox 84 2180 882 2242">
    <p class='ocr_par' dir='ltr' id='par_1_20' title="bbox 84 2180 882 2242">
     <span class='ocr_line' id='line_1_56' title="bbox 84 2180 882 2216; baseline -0.004 -7"><span class='ocrx_word' id='word_1_427' title='bbox 84 2190 155 2212; x_wconf 82' lang='lat' dir='ltr'>rens,</span> <span class='ocrx_word' id='word_1_428' title='bbox 169 2190 330 2216; x_wconf 87' lang='lat' dir='ltr'>semperque</span> <span class='ocrx_word' id='word_1_429' title='bbox 343 2182 401 2216; x_wconf 86' lang='lat' dir='ltr'>ipsa</span> <span class='ocrx_word' id='word_1_430' title='bbox 412 2189 441 2207; x_wconf 92' lang='lat' dir='ltr'>se</span> <span class='ocrx_word' id='word_1_431' title='bbox 452 2180 610 2207; x_wconf 80' lang='lat' dir='ltr'>sollicitans.</span> <span class='ocrx_word' id='word_1_432' title='bbox 640 2188 702 2210; x_wconf 69' lang='lat' dir='ltr'>(Non.</span> <span class='ocrx_word' id='word_1_433' title='bbox 713 2194 733 2207; x_wconf 82' lang='lat' dir='ltr'>v.</span> <span class='ocrx_word' id='word_1_434' title='bbox 743 2188 852 2207; x_wconf 60' lang='lat' dir='ltr'>Anxia-1110</span> <span class='ocrx_word' id='word_1_435' title='bbox 862 2193 882 2211; x_wconf 79' lang='lat' dir='ltr'>p.</span> 
     </span>
     <span class='ocr_line' id='line_1_57' title="bbox 84 2218 362 2242; baseline -0.007 -4"><span class='ocrx_word' id='word_1_436' title='bbox 84 2220 116 2238; x_wconf 80' lang='lat'>72.</span> <span class='ocrx_word' id='word_1_437' title='bbox 126 2224 138 2238; x_wconf 81' lang='lat' dir='ltr'>o</span> <span class='ocrx_word' id='word_1_438' title='bbox 148 2218 192 2238; x_wconf 81' lang='lat' dir='ltr'>Cle.</span> <span class='ocrx_word' id='word_1_439' title='bbox 202 2218 216 2237; x_wconf 91' lang='grc' dir='ltr'>Ι.</span> <span class='ocrx_word' id='word_1_440' title='bbox 228 2218 255 2236; x_wconf 66' lang='grc' dir='ltr'>Π.</span> <span class='ocrx_word' id='word_1_441' title='bbox 266 2218 291 2237; x_wconf 86' lang='lat' dir='ltr'>do</span> <span class='ocrx_word' id='word_1_442' title='bbox 301 2218 362 2242; x_wconf 65' lang='grc' dir='ltr'>Καρ.)</span> 
     </span>
    </p>
   </div>
   <div class='ocr_carea' id='block_1_19' title="bbox 140 2250 883 2287">
    <p class='ocr_par' dir='ltr' id='par_1_21' title="bbox 140 2250 883 2287">
     <span class='ocr_line' id='line_1_58' title="bbox 140 2250 883 2287; baseline -0.004 -7"><span class='ocrx_word' id='word_1_443' title='bbox 140 2254 166 2280; x_wconf 87' lang='grc'>5.</span> <span class='ocrx_word' id='word_1_444' title='bbox 181 2253 200 2287; x_wconf 69' lang='grc'>-1-</span> <span class='ocrx_word' id='word_1_445' title='bbox 210 2253 277 2279; x_wconf 83' lang='lat' dir='ltr'>Esse</span> <span class='ocrx_word' id='word_1_446' title='bbox 288 2257 378 2279; x_wconf 88' lang='lat' dir='ltr'>autem</span> <span class='ocrx_word' id='word_1_447' title='bbox 389 2260 512 2287; x_wconf 72' lang='lat' dir='ltr'>angorcS,</span> <span class='ocrx_word' id='word_1_448' title='bbox 525 2251 548 2278; x_wconf 89' lang='lat' dir='ltr'>si</span> <span class='ocrx_word' id='word_1_449' title='bbox 562 2252 669 2278; x_wconf 85' lang='lat' dir='ltr'>miseria</span> <span class='ocrx_word' id='word_1_450' title='bbox 680 2250 792 2278; x_wconf 79' lang='lat' dir='ltr'>afflictas</span> <span class='ocrx_word' id='word_1_451' title='bbox 803 2255 883 2286; x_wconf 82' lang='lat' dir='ltr'>atque</span> 
     </span>
    </p>
   </div>
   <div class='ocr_carea' id='block_1_20' title="bbox 84 2289 882 2352">
    <p class='ocr_par' dir='ltr' id='par_1_22' title="bbox 84 2289 882 2352">
     <span class='ocr_line' id='line_1_59' title="bbox 84 2289 882 2325; baseline -0.004 -8"><span class='ocrx_word' id='word_1_452' title='bbox 84 2290 203 2317; x_wconf 86' lang='lat' dir='ltr'>abiectas</span> <span class='ocrx_word' id='word_1_453' title='bbox 215 2289 357 2316; x_wconf 83' lang='lat' dir='ltr'>timiditate</span> <span class='ocrx_word' id='word_1_454' title='bbox 369 2294 395 2316; x_wconf 91' lang='lat' dir='ltr'>et</span> <span class='ocrx_word' id='word_1_455' title='bbox 407 2290 524 2325; x_wconf 76' lang='lat' dir='ltr'>ignavia.</span> <span class='ocrx_word' id='word_1_456' title='bbox 538 2296 882 2320; x_wconf 63' lang='lat' dir='ltr'>‹menn-mmor1›.·22S.0cie.1.</span> 
     </span>
     <span class='ocr_line' id='line_1_60' title="bbox 84 2327 218 2352; baseline -0.007 -5"><span class='ocrx_word' id='word_1_457' title='bbox 84 2328 112 2347; x_wconf 87' lang='lat'>11.</span> <span class='ocrx_word' id='word_1_458' title='bbox 122 2327 148 2346; x_wconf 86' lang='lat' dir='ltr'>de</span> <span class='ocrx_word' id='word_1_459' title='bbox 158 2327 218 2352; x_wconf 68' lang='grc' dir='ltr'>Περ.)</span> 
     </span>
    </p>
   </div>
   <div class='ocr_carea' id='block_1_21' title="bbox 84 2359 882 2430">
    <p class='ocr_par' dir='ltr' id='par_1_23' title="bbox 84 2359 882 2430">
     <span class='ocr_line' id='line_1_61' title="bbox 139 2359 881 2396; baseline -0.003 -8"><span class='ocrx_word' id='word_1_460' title='bbox 139 2363 164 2388; x_wconf 87' lang='grc'>6.</span> <span class='ocrx_word' id='word_1_461' title='bbox 185 2362 204 2396; x_wconf 54' lang='grc' dir='ltr'>ἦ·</span> <span class='ocrx_word' id='word_1_462' title='bbox 215 2361 248 2388; x_wconf 86' lang='lat' dir='ltr'>Ut</span> <span class='ocrx_word' id='word_1_463' title='bbox 258 2360 351 2396; x_wconf 82' lang='lat' dir='ltr'>auriga</span> <span class='ocrx_word' id='word_1_464' title='bbox 363 2359 488 2387; x_wconf 88' lang='lat' dir='ltr'>indoctus</span> <span class='ocrx_word' id='word_1_465' title='bbox 499 2368 513 2386; x_wconf 88' lang='lat' dir='ltr'>e</span> <span class='ocrx_word' id='word_1_466' title='bbox 524 2368 605 2386; x_wconf 92' lang='lat' dir='ltr'>curru</span> <span class='ocrx_word' id='word_1_467' title='bbox 617 2359 739 2391; x_wconf 81' lang='lat' dir='ltr'>trahitur,</span> <span class='ocrx_word' id='word_1_468' title='bbox 752 2361 881 2395; x_wconf 81' lang='lat' dir='ltr'>operitur.</span> 
     </span>
     <span class='ocr_line' id='line_1_62' title="bbox 84 2398 882 2430; baseline -0.004 -4"><span class='ocrx_word' id='word_1_469' title='bbox 84 2398 204 2430; x_wconf 89' lang='lat' dir='ltr'>eliditur,</span> <span class='ocrx_word' id='word_1_470' title='bbox 218 2398 343 2425; x_wconf 86' lang='lat' dir='ltr'>laniatur.</span> <span class='ocrx_word' id='word_1_471' title='bbox 366 2406 433 2428; x_wconf 66' lang='lat' dir='ltr'>(ianm</span> <span class='ocrx_word' id='word_1_472' title='bbox 443 2405 553 2424; x_wconf 55' lang='lat' dir='ltr'>maudein</span> <span class='ocrx_word' id='word_1_473' title='bbox 563 2411 583 2429; x_wconf 83' lang='lat' dir='ltr'>p.</span> <span class='ocrx_word' id='word_1_474' title='bbox 593 2406 638 2424; x_wconf 73' lang='lat' dir='ltr'>‘zv-2.</span> <span class='ocrx_word' id='word_1_475' title='bbox 648 2410 659 2423; x_wconf 69' lang='grc' dir='ltr'><strong>ο</strong></span> <span class='ocrx_word' id='word_1_476' title='bbox 670 2405 713 2424; x_wconf 75' lang='lat' dir='ltr'>cic.</span> <span class='ocrx_word' id='word_1_477' title='bbox 724 2405 737 2423; x_wconf 89' lang='lat'>1.</span> <span class='ocrx_word' id='word_1_478' title='bbox 748 2405 774 2423; x_wconf 88' lang='lat'>11.</span> <span class='ocrx_word' id='word_1_479' title='bbox 786 2405 811 2424; x_wconf 70' lang='lat' dir='ltr'>nn</span> <span class='ocrx_word' id='word_1_480' title='bbox 822 2405 882 2428; x_wconf 65' lang='lat' dir='ltr'>nvp.)</span> 
     </span>
    </p>
   </div>
   <div class='ocr_carea' id='block_1_22' title="bbox 82 2443 884 2627">
    <p class='ocr_par' dir='ltr' id='par_1_24' title="bbox 82 2443 884 2627">
     <span class='ocr_line' id='line_1_63' title="bbox 141 2443 884 2482; baseline -0.004 -11"><span class='ocrx_word' id='word_1_481' title='bbox 141 2443 178 2482; x_wconf 87' lang='lat'>[7.</span> <span class='ocrx_word' id='word_1_482' title='bbox 199 2445 218 2478; x_wconf 85' lang='lat'>†</span> <span class='ocrx_word' id='word_1_483' title='bbox 231 2444 418 2471; x_wconf 80' lang='lat' dir='ltr'>Concitationes</span> <span class='ocrx_word' id='word_1_484' title='bbox 432 2445 577 2469; x_wconf 80' lang='lat' dir='ltr'>animorum</span> <span class='ocrx_word' id='word_1_485' title='bbox 590 2445 676 2469; x_wconf 82' lang='lat' dir='ltr'>iuncto</span> <span class='ocrx_word' id='word_1_486' title='bbox 687 2445 779 2469; x_wconf 71' lang='lat' dir='ltr'>cur-rui</span> <span class='ocrx_word' id='word_1_487' title='bbox 788 2445 884 2469; x_wconf 73' lang='lat' dir='ltr'>similes</span> 
     </span>
     <span class='ocr_line' id='line_1_64' title="bbox 83 2482 884 2516; baseline -0.004 -8"><span class='ocrx_word' id='word_1_488' title='bbox 83 2486 151 2512; x_wconf 79' lang='lat' dir='ltr'>sunt,</span> <span class='ocrx_word' id='word_1_489' title='bbox 163 2484 191 2508; x_wconf 78' lang='lat' dir='ltr'>in</span> <span class='ocrx_word' id='word_1_490' title='bbox 203 2490 253 2516; x_wconf 83' lang='lat' dir='ltr'>quo</span> <span class='ocrx_word' id='word_1_491' title='bbox 263 2486 331 2508; x_wconf 82' lang='lat' dir='ltr'>recte</span> <span class='ocrx_word' id='word_1_492' title='bbox 341 2482 495 2507; x_wconf 76' lang='lat' dir='ltr'>moderando</span> <span class='ocrx_word' id='word_1_493' title='bbox 508 2489 633 2506; x_wconf 82' lang='lat' dir='ltr'>summum</span> <span class='ocrx_word' id='word_1_494' title='bbox 648 2483 756 2506; x_wconf 76' lang='lat' dir='ltr'>rectoris</span> <span class='ocrx_word' id='word_1_495' title='bbox 772 2482 884 2513; x_wconf 75' lang='lat' dir='ltr'>officium</span> 
     </span>
     <span class='ocr_line' id='line_1_65' title="bbox 84 2519 884 2552; baseline -0.003 -7"><span class='ocrx_word' id='word_1_496' title='bbox 84 2523 128 2549; x_wconf 81' lang='lat' dir='ltr'>est,</span> <span class='ocrx_word' id='word_1_497' title='bbox 136 2523 164 2545; x_wconf 83' lang='lat' dir='ltr'>ut</span> <span class='ocrx_word' id='word_1_498' title='bbox 173 2521 242 2545; x_wconf 78' lang='lat' dir='ltr'>viam</span> <span class='ocrx_word' id='word_1_499' title='bbox 252 2521 351 2545; x_wconf 77' lang='lat' dir='ltr'>noverit</span> <span class='ocrx_word' id='word_1_500' title='bbox 358 2528 366 2544; x_wconf 85' lang='lat'>.·</span> <span class='ocrx_word' id='word_1_501' title='bbox 377 2527 454 2552; x_wconf 83' lang='lat' dir='ltr'>quam</span> <span class='ocrx_word' id='word_1_502' title='bbox 464 2520 487 2544; x_wconf 82' lang='lat' dir='ltr'>si</span> <span class='ocrx_word' id='word_1_503' title='bbox 499 2520 597 2546; x_wconf 78' lang='lat' dir='ltr'>tenebit,</span> <span class='ocrx_word' id='word_1_504' title='bbox 610 2519 747 2550; x_wconf 72' lang='lat' dir='ltr'>quamlibet</span> <span class='ocrx_word' id='word_1_505' title='bbox 759 2520 884 2543; x_wconf 76' lang='lat' dir='ltr'>concitato</span> 
     </span>
     <span class='ocr_line' id='line_1_66' title="bbox 82 2556 883 2590; baseline -0.002 -8"><span class='ocrx_word' id='word_1_506' title='bbox 82 2558 151 2586; x_wconf 76' lang='lat' dir='ltr'>ierit,</span> <span class='ocrx_word' id='word_1_507' title='bbox 163 2565 214 2582; x_wconf 83' lang='lat' dir='ltr'>non</span> <span class='ocrx_word' id='word_1_508' title='bbox 225 2558 348 2590; x_wconf 80' lang='lat' dir='ltr'>offendet:</span> <span class='ocrx_word' id='word_1_509' title='bbox 361 2558 384 2582; x_wconf 79' lang='lat' dir='ltr'>si</span> <span class='ocrx_word' id='word_1_510' title='bbox 394 2560 477 2582; x_wconf 82' lang='lat' dir='ltr'>autem</span> <span class='ocrx_word' id='word_1_511' title='bbox 488 2556 660 2583; x_wconf 77' lang='lat' dir='ltr'>aberraverit,</span> <span class='ocrx_word' id='word_1_512' title='bbox 674 2557 731 2581; x_wconf 70' lang='lat' dir='ltr'>ticet</span> <span class='ocrx_word' id='word_1_513' title='bbox 740 2556 842 2587; x_wconf 71' lang='lat' dir='ltr'>placido</span> <span class='ocrx_word' id='word_1_514' title='bbox 852 2563 883 2580; x_wconf 84' lang='lat' dir='ltr'>ac</span> 
     </span>
     <span class='ocr_line' id='line_1_67' title="bbox 83 2594 883 2627; baseline -0.004 -7"><span class='ocrx_word' id='word_1_515' title='bbox 83 2595 174 2620; x_wconf 70' lang='lat' dir='ltr'>ten-&#39;ter</span> <span class='ocrx_word' id='word_1_516' title='bbox 183 2597 232 2624; x_wconf 84' lang='lat' dir='ltr'>eat,</span> <span class='ocrx_word' id='word_1_517' title='bbox 239 2598 285 2620; x_wconf 88' lang='lat' dir='ltr'>aut</span> <span class='ocrx_word' id='word_1_518' title='bbox 293 2602 341 2627; x_wconf 84' lang='lat' dir='ltr'>per</span> <span class='ocrx_word' id='word_1_519' title='bbox 352 2595 502 2626; x_wconf 68' lang='lat' dir='ltr'>confragosa</span> <span class='ocrx_word' id='word_1_520' title='bbox 513 2594 658 2621; x_wconf 68' lang='lat' dir='ltr'>vexabitur.</span> <span class='ocrx_word' id='word_1_521' title='bbox 670 2597 715 2618; x_wconf 86' lang='lat' dir='ltr'>‹mt</span> <span class='ocrx_word' id='word_1_522' title='bbox 724 2600 771 2625; x_wconf 75' lang='lat' dir='ltr'>per·</span> <span class='ocrx_word' id='word_1_523' title='bbox 780 2594 883 2625; x_wconf 75' lang='lat' dir='ltr'>praeci-</span> 
     </span>
    </p>
   </div>
   <div class='ocr_carea' id='block_1_23' title="bbox 80 2631 880 2690">
    <p class='ocr_par' dir='ltr' id='par_1_25' title="bbox 80 2631 880 2690">
     <span class='ocr_line' id='line_1_68' title="bbox 80 2631 880 2664; baseline -0.004 -7"><span class='ocrx_word' id='word_1_524' title='bbox 80 2633 149 2664; x_wconf 82' lang='lat' dir='ltr'>pitia</span> <span class='ocrx_word' id='word_1_525' title='bbox 164 2631 276 2662; x_wconf 81' lang='lat' dir='ltr'>labetur,</span> <span class='ocrx_word' id='word_1_526' title='bbox 296 2635 342 2657; x_wconf 83' lang='lat' dir='ltr'>aut</span> <span class='ocrx_word' id='word_1_527' title='bbox 357 2635 436 2660; x_wconf 78' lang='lat' dir='ltr'>certe,</span> <span class='ocrx_word' id='word_1_528' title='bbox 457 2638 507 2664; x_wconf 89' lang='lat' dir='ltr'>quo</span> <span class='ocrx_word' id='word_1_529' title='bbox 524 2638 575 2656; x_wconf 81' lang='lat' dir='ltr'>non</span> <span class='ocrx_word' id='word_1_530' title='bbox 594 2634 630 2656; x_wconf 87' lang='lat' dir='ltr'>est</span> <span class='ocrx_word' id='word_1_531' title='bbox 649 2637 724 2662; x_wconf 75' lang='lat' dir='ltr'>opus,</span> <span class='ocrx_word' id='word_1_532' title='bbox 745 2631 880 2663; x_wconf 57' lang='lat' dir='ltr'>(lustretur.</span> 
     </span>
     <span class='ocr_line' id='line_1_69' title="bbox 84 2666 321 2690; baseline 0 -4"><span class='ocrx_word' id='word_1_533' title='bbox 84 2667 152 2690; x_wconf 76' lang='lat' dir='ltr'>(Luct.</span> <span class='ocrx_word' id='word_1_534' title='bbox 162 2667 215 2687; x_wconf 72' lang='lat' dir='ltr'>Lnst.</span> <span class='ocrx_word' id='word_1_535' title='bbox 224 2666 261 2686; x_wconf 82' lang='lat' dir='ltr'>VI.</span> <span class='ocrx_word' id='word_1_536' title='bbox 271 2667 321 2690; x_wconf 57' lang='lat'>170]</span> 
     </span>
    </p>
   </div>
   <div class='ocr_carea' id='block_1_24' title="bbox 904 1334 906 1378">
    <p class='ocr_par' dir='ltr' id='par_1_26' title="bbox 904 1334 906 1378">
     <span class='ocr_line' id='line_1_70' title="bbox 904 1334 906 1378; baseline 0 0"><span class='ocrx_word' id='word_1_537' title='bbox 904 1334 906 1378; x_wconf 65' lang='grc' dir='ltr'>ἰ</span> 
     </span>
    </p>
   </div>
   <div class='ocr_carea' id='block_1_25' title="bbox 904 219 910 2684">
    <p class='ocr_par' dir='ltr' id='par_1_27' title="bbox 904 219 910 2684">
     <span class='ocr_line' id='line_1_71' title="bbox 904 219 910 2684; baseline 0 0"><span class='ocrx_word' id='word_1_538' title='bbox 904 219 910 2684; x_wconf 95' lang='lat' dir='ltr'> </span> 
     </span>
    </p>
   </div>
   <div class='ocr_carea' id='block_1_26' title="bbox 912 206 917 2038">
    <p class='ocr_par' dir='ltr' id='par_1_28' title="bbox 912 206 917 2038">
     <span class='ocr_line' id='line_1_72' title="bbox 912 206 917 2038; baseline 0 0"><span class='ocrx_word' id='word_1_539' title='bbox 912 206 917 2038; x_wconf 95' lang='lat' dir='ltr'> </span> 
     </span>
    </p>
   </div>
   <div class='ocr_carea' id='block_1_27' title="bbox 1665 121 1728 146">
    <p class='ocr_par' dir='ltr' id='par_1_29' title="bbox 1665 121 1728 146">
     <span class='ocr_line' id='line_1_73' title="bbox 1665 121 1728 146; baseline 0.016 -1"><span class='ocrx_word' id='word_1_540' title='bbox 1665 121 1728 146; x_wconf 75' lang='lat'>⁴¹89</span> 
     </span>
    </p>
   </div>
   <div class='ocr_carea' id='block_1_28' title="bbox 934 187 1731 821">
    <p class='ocr_par' dir='ltr' id='par_1_30' title="bbox 934 187 1731 821">
     <span class='ocr_line' id='line_1_74' title="bbox 990 187 1728 223; baseline 0.005 -10"><span class='ocrx_word' id='word_1_541' title='bbox 990 187 1071 215; x_wconf 83' lang='lat' dir='ltr'>XLII.</span> <span class='ocrx_word' id='word_1_542' title='bbox 1093 189 1134 214; x_wconf 85' lang='lat'>69.</span> <span class='ocrx_word' id='word_1_543' title='bbox 1155 187 1167 200; x_wconf 80' lang='lat'>*</span> <span class='ocrx_word' id='word_1_544' title='bbox 1178 187 1191 200; x_wconf 84' lang='lat'>*</span> <span class='ocrx_word' id='word_1_545' title='bbox 1202 188 1214 199; x_wconf 74' lang='grc'><strong><em>’</em></strong></span> <span class='ocrx_word' id='word_1_546' title='bbox 1225 188 1279 214; x_wconf 90' lang='lat' dir='ltr'>dici</span> <span class='ocrx_word' id='word_1_547' title='bbox 1290 188 1385 223; x_wconf 83' lang='lat' dir='ltr'>possit.</span> <span class='ocrx_word' id='word_1_548' title='bbox 1426 189 1492 214; x_wconf 89' lang='lat' dir='ltr'>Tum</span> <span class='ocrx_word' id='word_1_549' title='bbox 1508 188 1629 216; x_wconf 89' lang='lat' dir='ltr'>Laelius:</span> <span class='ocrx_word' id='word_1_550' title='bbox 1645 190 1728 217; x_wconf 79' lang='lat' dir='ltr'>Video</span> 
     </span>
     <span class='ocr_line' id='line_1_75' title="bbox 935 224 1729 261; baseline 0.005 -12"><span class='ocrx_word' id='word_1_551' title='bbox 935 224 988 249; x_wconf 92' lang='lat' dir='ltr'>iam</span> <span class='ocrx_word' id='word_1_552' title='bbox 1006 224 1098 255; x_wconf 80' lang='lat' dir='ltr'>illum,</span> <span class='ocrx_word' id='word_1_553' title='bbox 1114 233 1195 260; x_wconf 89' lang='lat' dir='ltr'>quem</span> <span class='ocrx_word' id='word_1_554' title='bbox 1210 226 1412 260; x_wconf 77' lang='lat' dir='ltr'>exspectabam,</span> <span class='ocrx_word' id='word_1_555' title='bbox 1430 226 1518 252; x_wconf 88' lang='lat' dir='ltr'>virum</span> <span class='ocrx_word' id='word_1_556' title='bbox 1534 227 1578 252; x_wconf 92' lang='lat' dir='ltr'>cui</span> <span class='ocrx_word' id='word_1_557' title='bbox 1590 227 1729 261; x_wconf 84' lang='lat' dir='ltr'>praeficias</span> 
     </span>
     <span class='ocr_line' id='line_1_76' title="bbox 934 261 1730 300; baseline 0.005 -13"><span class='ocrx_word' id='word_1_558' title='bbox 934 261 1022 288; x_wconf 78' lang='lat' dir='ltr'>officio</span> <span class='ocrx_word' id='word_1_559' title='bbox 1034 267 1059 288; x_wconf 92' lang='lat' dir='ltr'>et</span> <span class='ocrx_word' id='word_1_560' title='bbox 1070 263 1185 288; x_wconf 89' lang='lat' dir='ltr'>muneri.</span> <span class='ocrx_word' id='word_1_561' title='bbox 1227 263 1293 289; x_wconf 84' lang='lat' dir='ltr'>lluic</span> <span class='ocrx_word' id='word_1_562' title='bbox 1303 263 1420 293; x_wconf 87' lang='lat' dir='ltr'>scilicet,</span> <span class='ocrx_word' id='word_1_563' title='bbox 1435 262 1589 294; x_wconf 76' lang='lat' dir='ltr'>Africanus,</span> <span class='ocrx_word' id='word_1_564' title='bbox 1607 265 1655 290; x_wconf 91' lang='lat' dir='ltr'>uni</span> <span class='ocrx_word' id='word_1_565' title='bbox 1666 274 1730 300; x_wconf 86' lang='lat' dir='ltr'>pae-</span> 
     </span>
     <span class='ocr_line' id='line_1_77' title="bbox 935 299 1729 336; baseline 0.004 -11"><span class='ocrx_word' id='word_1_566' title='bbox 935 307 982 325; x_wconf 83' lang='lat' dir='ltr'>ne:</span> <span class='ocrx_word' id='word_1_567' title='bbox 996 301 1096 325; x_wconf 87' lang='lat' dir='ltr'>namin</span> <span class='ocrx_word' id='word_1_568' title='bbox 1108 299 1157 326; x_wconf 91' lang='lat' dir='ltr'>hoc</span> <span class='ocrx_word' id='word_1_569' title='bbox 1170 299 1223 325; x_wconf 80' lang='lat' dir='ltr'>fere</span> <span class='ocrx_word' id='word_1_570' title='bbox 1234 308 1288 326; x_wconf 92' lang='lat' dir='ltr'>uno</span> <span class='ocrx_word' id='word_1_571' title='bbox 1299 305 1361 326; x_wconf 88' lang='lat' dir='ltr'>sunt</span> <span class='ocrx_word' id='word_1_572' title='bbox 1372 305 1466 331; x_wconf 84' lang='lat' dir='ltr'>cetera,</span> <span class='ocrx_word' id='word_1_573' title='bbox 1475 306 1504 327; x_wconf 90' lang='lat' dir='ltr'>ut</span> <span class='ocrx_word' id='word_1_574' title='bbox 1516 310 1664 336; x_wconf 88' lang='lat' dir='ltr'>numquam</span> <span class='ocrx_word' id='word_1_575' title='bbox 1675 310 1689 328; x_wconf 92' lang='lat' dir='ltr'>a</span> <span class='ocrx_word' id='word_1_576' title='bbox 1701 311 1729 328; x_wconf 88' lang='lat' dir='ltr'>se</span> 
     </span>
     <span class='ocr_line' id='line_1_78' title="bbox 935 336 1730 372; baseline 0.006 -11"><span class='ocrx_word' id='word_1_577' title='bbox 935 337 994 370; x_wconf 91' lang='lat' dir='ltr'>ipso</span> <span class='ocrx_word' id='word_1_578' title='bbox 1018 336 1183 363; x_wconf 82' lang='lat' dir='ltr'>instituendo</span> <span class='ocrx_word' id='word_1_579' title='bbox 1209 337 1468 372; x_wconf 84' lang='lat' dir='ltr'>contemplandoque</span> <span class='ocrx_word' id='word_1_580' title='bbox 1489 338 1621 371; x_wconf 84' lang='lat' dir='ltr'>discedat;</span> <span class='ocrx_word' id='word_1_581' title='bbox 1647 344 1677 365; x_wconf 93' lang='lat' dir='ltr'>ut</span> <span class='ocrx_word' id='word_1_582' title='bbox 1697 339 1730 366; x_wconf 91' lang='lat' dir='ltr'>ad</span> 
     </span>
     <span class='ocr_line' id='line_1_79' title="bbox 936 374 1731 410; baseline 0.005 -11"><span class='ocrx_word' id='word_1_583' title='bbox 936 374 1112 400; x_wconf 88' lang='lat' dir='ltr'>imitationem</span> <span class='ocrx_word' id='word_1_584' title='bbox 1127 374 1170 400; x_wconf 86' lang='lat' dir='ltr'>sui</span> <span class='ocrx_word' id='word_1_585' title='bbox 1187 379 1262 400; x_wconf 83' lang='lat' dir='ltr'>vocet</span> <span class='ocrx_word' id='word_1_586' title='bbox 1278 374 1357 407; x_wconf 77' lang='lat' dir='ltr'>ali0s3</span> <span class='ocrx_word' id='word_1_587' title='bbox 1376 380 1404 401; x_wconf 91' lang='lat' dir='ltr'>ut</span> <span class='ocrx_word' id='word_1_588' title='bbox 1420 383 1478 401; x_wconf 89' lang='lat' dir='ltr'>sese</span> <span class='ocrx_word' id='word_1_589' title='bbox 1494 375 1635 410; x_wconf 86' lang='lat' dir='ltr'>splendore</span> <span class='ocrx_word' id='word_1_590' title='bbox 1646 377 1731 403; x_wconf 88' lang='lat' dir='ltr'>animi</span> 
     </span>
     <span class='ocr_line' id='line_1_80' title="bbox 935 411 1731 447; baseline 0.005 -11"><span class='ocrx_word' id='word_1_591' title='bbox 935 416 960 436; x_wconf 85' lang='lat' dir='ltr'>et</span> <span class='ocrx_word' id='word_1_592' title='bbox 981 411 1050 437; x_wconf 89' lang='lat' dir='ltr'>vitae</span> <span class='ocrx_word' id='word_1_593' title='bbox 1070 420 1134 437; x_wconf 86' lang='lat' dir='ltr'>suae</span> <span class='ocrx_word' id='word_1_594' title='bbox 1150 411 1220 437; x_wconf 88' lang='lat' dir='ltr'>sicut</span> <span class='ocrx_word' id='word_1_595' title='bbox 1236 411 1378 446; x_wconf 90' lang='lat' dir='ltr'>speculum</span> <span class='ocrx_word' id='word_1_596' title='bbox 1399 413 1523 447; x_wconf 84' lang='lat' dir='ltr'>praebeat</span> <span class='ocrx_word' id='word_1_597' title='bbox 1539 413 1656 440; x_wconf 79' lang='lat' dir='ltr'>civibus.</span> <span class='ocrx_word' id='word_1_598' title='bbox 1698 414 1731 440; x_wconf 75' lang='lat' dir='ltr'>Ut</span> 
     </span>
     <span class='ocr_line' id='line_1_81' title="bbox 935 448 1731 486; baseline 0.005 -13"><span class='ocrx_word' id='word_1_599' title='bbox 935 448 1008 473; x_wconf 89' lang='lat' dir='ltr'>enim</span> <span class='ocrx_word' id='word_1_600' title='bbox 1023 449 1050 474; x_wconf 91' lang='lat' dir='ltr'>in</span> <span class='ocrx_word' id='word_1_601' title='bbox 1066 448 1166 474; x_wconf 87' lang='lat' dir='ltr'>fidibus</span> <span class='ocrx_word' id='word_1_602' title='bbox 1182 454 1227 475; x_wconf 88' lang='lat' dir='ltr'>aut</span> <span class='ocrx_word' id='word_1_603' title='bbox 1243 449 1330 478; x_wconf 79' lang='lat' dir='ltr'>tibiis.</span> <span class='ocrx_word' id='word_1_604' title='bbox 1349 454 1427 484; x_wconf 87' lang='lat' dir='ltr'>atque</span> <span class='ocrx_word' id='word_1_605' title='bbox 1444 455 1473 476; x_wconf 91' lang='lat' dir='ltr'>ut</span> <span class='ocrx_word' id='word_1_606' title='bbox 1491 451 1517 476; x_wconf 90' lang='lat' dir='ltr'>in</span> <span class='ocrx_word' id='word_1_607' title='bbox 1532 455 1611 477; x_wconf 87' lang='lat' dir='ltr'>cantu</span> <span class='ocrx_word' id='word_1_608' title='bbox 1627 451 1686 486; x_wconf 86' lang='lat' dir='ltr'>ipso</span> <span class='ocrx_word' id='word_1_609' title='bbox 1701 460 1731 477; x_wconf 84' lang='lat' dir='ltr'>ac</span> 
     </span>
     <span class='ocr_line' id='line_1_82' title="bbox 936 485 1730 520; baseline 0.005 -10"><span class='ocrx_word' id='word_1_610' title='bbox 936 485 1048 511; x_wconf 84' lang='lat' dir='ltr'>vocibus</span> <span class='ocrx_word' id='word_1_611' title='bbox 1062 490 1207 511; x_wconf 86' lang='lat' dir='ltr'>concentus</span> <span class='ocrx_word' id='word_1_612' title='bbox 1221 491 1261 512; x_wconf 89' lang='lat' dir='ltr'>est</span> <span class='ocrx_word' id='word_1_613' title='bbox 1275 486 1386 520; x_wconf 88' lang='lat' dir='ltr'>quidam</span> <span class='ocrx_word' id='word_1_614' title='bbox 1401 487 1531 513; x_wconf 88' lang='lat' dir='ltr'>tenendus</span> <span class='ocrx_word' id='word_1_615' title='bbox 1547 497 1581 514; x_wconf 79' lang='lat' dir='ltr'>ex</span> <span class='ocrx_word' id='word_1_616' title='bbox 1595 488 1730 515; x_wconf 89' lang='lat' dir='ltr'>distinctis</span> 
     </span>
     <span class='ocr_line' id='line_1_83' title="bbox 935 523 1731 559; baseline 0.006 -12"><span class='ocrx_word' id='word_1_617' title='bbox 935 523 1022 553; x_wconf 88' lang='lat' dir='ltr'>sonis,</span> <span class='ocrx_word' id='word_1_618' title='bbox 1039 531 1120 557; x_wconf 87' lang='lat' dir='ltr'>quem</span> <span class='ocrx_word' id='word_1_619' title='bbox 1133 524 1303 549; x_wconf 90' lang='lat' dir='ltr'>immutatum</span> <span class='ocrx_word' id='word_1_620' title='bbox 1315 529 1360 550; x_wconf 88' lang='lat' dir='ltr'>aut</span> <span class='ocrx_word' id='word_1_621' title='bbox 1372 523 1567 559; x_wconf 81' lang='lat' dir='ltr'>discrepantem</span> <span class='ocrx_word' id='word_1_622' title='bbox 1579 534 1657 551; x_wconf 89' lang='lat' dir='ltr'>aures</span> <span class='ocrx_word' id='word_1_623' title='bbox 1668 534 1731 552; x_wconf 86' lang='lat' dir='ltr'>eru-</span> 
     </span>
     <span class='ocr_line' id='line_1_84' title="bbox 935 559 1731 596; baseline 0.005 -11"><span class='ocrx_word' id='word_1_624' title='bbox 935 559 1005 585; x_wconf 88' lang='lat' dir='ltr'>ditae</span> <span class='ocrx_word' id='word_1_625' title='bbox 1017 559 1084 586; x_wconf 82' lang='lat' dir='ltr'>ferre</span> <span class='ocrx_word' id='word_1_626' title='bbox 1096 568 1148 586; x_wconf 90' lang='lat' dir='ltr'>non</span> <span class='ocrx_word' id='word_1_627' title='bbox 1160 565 1285 595; x_wconf 82' lang='lat' dir='ltr'>possunt;</span> <span class='ocrx_word' id='word_1_628' title='bbox 1305 561 1381 596; x_wconf 88' lang='lat' dir='ltr'>isque</span> <span class='ocrx_word' id='word_1_629' title='bbox 1396 567 1539 588; x_wconf 86' lang='lat' dir='ltr'>concentus</span> <span class='ocrx_word' id='word_1_630' title='bbox 1551 571 1585 589; x_wconf 79' lang='lat' dir='ltr'>ex</span> <span class='ocrx_word' id='word_1_631' title='bbox 1598 562 1731 589; x_wconf 87' lang='lat' dir='ltr'>dissimil-</span> 
     </span>
     <span class='ocr_line' id='line_1_85' title="bbox 936 596 1731 627; baseline 0.005 -5"><span class='ocrx_word' id='word_1_632' title='bbox 936 596 1062 623; x_wconf 88' lang='lat' dir='ltr'>limarum</span> <span class='ocrx_word' id='word_1_633' title='bbox 1078 605 1175 624; x_wconf 90' lang='lat' dir='ltr'>vocum</span> <span class='ocrx_word' id='word_1_634' title='bbox 1191 597 1371 624; x_wconf 88' lang='lat' dir='ltr'>moderatione</span> <span class='ocrx_word' id='word_1_635' title='bbox 1387 607 1496 625; x_wconf 88' lang='lat' dir='ltr'>concors</span> <span class='ocrx_word' id='word_1_636' title='bbox 1512 605 1599 626; x_wconf 83' lang='lat' dir='ltr'>tamen</span> <span class='ocrx_word' id='word_1_637' title='bbox 1615 600 1731 627; x_wconf 80' lang='lat' dir='ltr'>efficitur</span> 
     </span>
     <span class='ocr_line' id='line_1_86' title="bbox 936 635 1731 670; baseline 0.005 -10"><span class='ocrx_word' id='word_1_638' title='bbox 936 639 961 660; x_wconf 86' lang='lat' dir='ltr'>et</span> <span class='ocrx_word' id='word_1_639' title='bbox 972 643 1135 670; x_wconf 65' lang='lat' dir='ltr'>congruens,</span> <span class='ocrx_word' id='word_1_640' title='bbox 1149 635 1188 661; x_wconf 89' lang='lat' dir='ltr'>sic</span> <span class='ocrx_word' id='word_1_641' title='bbox 1199 643 1233 661; x_wconf 75' lang='lat' dir='ltr'>ex</span> <span class='ocrx_word' id='word_1_642' title='bbox 1243 636 1495 662; x_wconf 81' lang='lat' dir='ltr'>summisetinfimis</span> <span class='ocrx_word' id='word_1_643' title='bbox 1507 642 1532 663; x_wconf 88' lang='lat' dir='ltr'>et</span> <span class='ocrx_word' id='word_1_644' title='bbox 1544 637 1640 663; x_wconf 89' lang='lat' dir='ltr'>mediis</span> <span class='ocrx_word' id='word_1_645' title='bbox 1652 643 1677 664; x_wconf 89' lang='lat' dir='ltr'>et</span> <span class='ocrx_word' id='word_1_646' title='bbox 1688 638 1731 664; x_wconf 85' lang='lat' dir='ltr'>in-</span> 
     </span>
     <span class='ocr_line' id='line_1_87' title="bbox 936 672 1730 703; baseline 0.005 -6"><span class='ocrx_word' id='word_1_647' title='bbox 936 672 1052 698; x_wconf 87' lang='lat' dir='ltr'>teriectis</span> <span class='ocrx_word' id='word_1_648' title='bbox 1064 672 1219 703; x_wconf 83' lang='lat' dir='ltr'>ordinibus,</span> <span class='ocrx_word' id='word_1_649' title='bbox 1234 677 1262 698; x_wconf 95' lang='lat' dir='ltr'>ut</span> <span class='ocrx_word' id='word_1_650' title='bbox 1273 673 1359 703; x_wconf 87' lang='lat' dir='ltr'>sonis,</span> <span class='ocrx_word' id='word_1_651' title='bbox 1376 673 1509 700; x_wconf 87' lang='lat' dir='ltr'>moderata</span> <span class='ocrx_word' id='word_1_652' title='bbox 1522 675 1622 701; x_wconf 87' lang='lat' dir='ltr'>ratione</span> <span class='ocrx_word' id='word_1_653' title='bbox 1634 675 1730 701; x_wconf 81' lang='lat' dir='ltr'>civitas</span> 
     </span>
     <span class='ocr_line' id='line_1_88' title="bbox 935 709 1731 746; baseline 0.004 -11"><span class='ocrx_word' id='word_1_654' title='bbox 935 717 983 735; x_wconf 90' lang='lat' dir='ltr'>con</span> <span class='ocrx_word' id='word_1_655' title='bbox 999 709 1018 742; x_wconf 60' lang='grc' dir='ltr'>’ξ-</span> <span class='ocrx_word' id='word_1_656' title='bbox 1033 717 1114 735; x_wconf 92' lang='lat' dir='ltr'>sensu</span> <span class='ocrx_word' id='word_1_657' title='bbox 1130 709 1377 736; x_wconf 89' lang='lat' dir='ltr'>dissimillimorum</span> <span class='ocrx_word' id='word_1_658' title='bbox 1393 711 1522 737; x_wconf 89' lang='lat' dir='ltr'>concinit:</span> <span class='ocrx_word' id='word_1_659' title='bbox 1544 717 1569 737; x_wconf 90' lang='lat' dir='ltr'>et</span> <span class='ocrx_word' id='word_1_660' title='bbox 1584 720 1652 746; x_wconf 85' lang='lat' dir='ltr'>quae</span> <span class='ocrx_word' id='word_1_661' title='bbox 1669 712 1731 738; x_wconf 88' lang='lat' dir='ltr'>har-</span> 
     </span>
     <span class='ocr_line' id='line_1_89' title="bbox 935 746 1731 779; baseline 0.004 -7"><span class='ocrx_word' id='word_1_662' title='bbox 935 747 1024 772; x_wconf 91' lang='lat' dir='ltr'>monia</span> <span class='ocrx_word' id='word_1_663' title='bbox 1045 755 1058 772; x_wconf 92' lang='lat' dir='ltr'>a</span> <span class='ocrx_word' id='word_1_664' title='bbox 1075 747 1187 773; x_wconf 86' lang='lat' dir='ltr'>musicis</span> <span class='ocrx_word' id='word_1_665' title='bbox 1203 746 1302 773; x_wconf 87' lang='lat' dir='ltr'>dicitur</span> <span class='ocrx_word' id='word_1_666' title='bbox 1317 748 1344 773; x_wconf 91' lang='lat' dir='ltr'>in</span> <span class='ocrx_word' id='word_1_667' title='bbox 1359 753 1451 779; x_wconf 85' lang='lat' dir='ltr'>cantu,</span> <span class='ocrx_word' id='word_1_668' title='bbox 1475 757 1505 774; x_wconf 90' lang='lat' dir='ltr'>ea</span> <span class='ocrx_word' id='word_1_669' title='bbox 1523 754 1563 775; x_wconf 89' lang='lat' dir='ltr'>est</span> <span class='ocrx_word' id='word_1_670' title='bbox 1579 749 1606 775; x_wconf 93' lang='lat' dir='ltr'>in</span> <span class='ocrx_word' id='word_1_671' title='bbox 1622 750 1731 776; x_wconf 83' lang='lat' dir='ltr'>civitate</span> 
     </span>
     <span class='ocr_line' id='line_1_90' title="bbox 934 783 1731 821; baseline 0.004 -12"><span class='ocrx_word' id='word_1_672' title='bbox 934 783 1084 815; x_wconf 84' lang='lat' dir='ltr'>concordia,</span> <span class='ocrx_word' id='word_1_673' title='bbox 1093 785 1275 810; x_wconf 79' lang='lat' dir='ltr'>arctissimum</span> <span class='ocrx_word' id='word_1_674' title='bbox 1282 789 1361 819; x_wconf 89' lang='lat' dir='ltr'>atque</span> <span class='ocrx_word' id='word_1_675' title='bbox 1372 786 1505 819; x_wconf 90' lang='lat' dir='ltr'>optimum</span> <span class='ocrx_word' id='word_1_676' title='bbox 1517 786 1544 812; x_wconf 92' lang='lat' dir='ltr'>in</span> <span class='ocrx_word' id='word_1_677' title='bbox 1555 787 1628 812; x_wconf 91' lang='lat' dir='ltr'>omni</span> <span class='ocrx_word' id='word_1_678' title='bbox 1641 794 1668 812; x_wconf 92' lang='lat' dir='ltr'>re</span> <span class='ocrx_word' id='word_1_679' title='bbox 1678 795 1731 821; x_wconf 92' lang='lat' dir='ltr'>pu-</span> 
     </span>
    </p>
   </div>
   <div class='ocr_carea' id='block_1_29' title="bbox 905 820 1731 857">
    <p class='ocr_par' dir='ltr' id='par_1_31' title="bbox 905 820 1731 857">
     <span class='ocr_line' id='line_1_91' title="bbox 905 820 1731 857; baseline 0.004 -11"><span class='ocrx_word' id='word_1_680' title='bbox 905 826 906 831; x_wconf 65' lang='lat'><em>*</em></span> <span class='ocrx_word' id='word_1_681' title='bbox 935 820 1005 846; x_wconf 90' lang='lat' dir='ltr'>blica</span> <span class='ocrx_word' id='word_1_682' title='bbox 1017 821 1156 847; x_wconf 90' lang='lat' dir='ltr'>vinculum</span> <span class='ocrx_word' id='word_1_683' title='bbox 1168 820 1373 854; x_wconf 79' lang='lat' dir='ltr'>incolumitati53</span> <span class='ocrx_word' id='word_1_684' title='bbox 1390 831 1475 857; x_wconf 87' lang='lat' dir='ltr'>eaque</span> <span class='ocrx_word' id='word_1_685' title='bbox 1486 823 1544 849; x_wconf 86' lang='lat' dir='ltr'>sine</span> <span class='ocrx_word' id='word_1_686' title='bbox 1557 823 1657 849; x_wconf 87' lang='lat' dir='ltr'>iustitia</span> <span class='ocrx_word' id='word_1_687' title='bbox 1670 823 1731 849; x_wconf 93' lang='lat' dir='ltr'>nul-</span> 
     </span>
    </p>
   </div>
   <div class='ocr_carea' id='block_1_30' title="bbox 934 857 1732 920">
    <p class='ocr_par' dir='ltr' id='par_1_32' title="bbox 934 857 1732 920">
     <span class='ocr_line' id='line_1_92' title="bbox 935 857 1732 893; baseline 0.003 -9"><span class='ocrx_word' id='word_1_688' title='bbox 935 857 960 884; x_wconf 91' lang='lat' dir='ltr'>lo</span> <span class='ocrx_word' id='word_1_689' title='bbox 966 863 1041 892; x_wconf 90' lang='lat' dir='ltr'>pacto</span> <span class='ocrx_word' id='word_1_690' title='bbox 1048 867 1107 884; x_wconf 88' lang='lat' dir='ltr'>esse</span> <span class='ocrx_word' id='word_1_691' title='bbox 1117 863 1212 893; x_wconf 87' lang='lat' dir='ltr'>potest.</span> <span class='ocrx_word' id='word_1_692' title='bbox 1241 866 1308 888; x_wconf 75' lang='lat' dir='ltr'>(naec</span> <span class='ocrx_word' id='word_1_693' title='bbox 1322 868 1342 885; x_wconf 70' lang='lat' dir='ltr'>et</span> <span class='ocrx_word' id='word_1_694' title='bbox 1357 868 1465 890; x_wconf 69' lang='lat' dir='ltr'>sequentia</span> <span class='ocrx_word' id='word_1_695' title='bbox 1477 867 1541 886; x_wconf 68' lang='lat' dir='ltr'>refert</span> <span class='ocrx_word' id='word_1_696' title='bbox 1554 873 1565 886; x_wconf 77' lang='lat' dir='ltr'>e</span> <span class='ocrx_word' id='word_1_697' title='bbox 1579 868 1622 886; x_wconf 72' lang='lat' dir='ltr'>cic.</span> <span class='ocrx_word' id='word_1_698' title='bbox 1636 868 1650 886; x_wconf 85' lang='lat'>1.</span> <span class='ocrx_word' id='word_1_699' title='bbox 1664 868 1690 886; x_wconf 88' lang='lat'>11.</span> <span class='ocrx_word' id='word_1_700' title='bbox 1705 868 1732 887; x_wconf 75' lang='lat' dir='ltr'>dc</span> 
     </span>
     <span class='ocr_line' id='line_1_93' title="bbox 934 895 1472 920; baseline -0.007 -2"><span class='ocrx_word' id='word_1_701' title='bbox 934 895 985 918; x_wconf 78' lang='lat' dir='ltr'>Rep.</span> <span class='ocrx_word' id='word_1_702' title='bbox 1000 895 1113 917; x_wconf 55' lang='lat' dir='ltr'>Augusta„</span> <span class='ocrx_word' id='word_1_703' title='bbox 1124 896 1148 914; x_wconf 85' lang='lat' dir='ltr'>C-</span> <span class='ocrx_word' id='word_1_704' title='bbox 1158 896 1185 914; x_wconf 85' lang='lat' dir='ltr'>D.</span> <span class='ocrx_word' id='word_1_705' title='bbox 1195 895 1229 916; x_wconf 85' lang='lat'>11..</span> <span class='ocrx_word' id='word_1_706' title='bbox 1239 899 1272 917; x_wconf 73' lang='lat'>21.</span> <span class='ocrx_word' id='word_1_707' title='bbox 1282 898 1342 916; x_wconf 79' lang='lat' dir='ltr'>Tum.</span> <span class='ocrx_word' id='word_1_708' title='bbox 1352 897 1378 915; x_wconf 90' lang='lat' dir='ltr'>v.</span> <span class='ocrx_word' id='word_1_709' title='bbox 1388 903 1408 920; x_wconf 84' lang='lat' dir='ltr'>p.</span> <span class='ocrx_word' id='word_1_710' title='bbox 1420 898 1472 919; x_wconf 84' lang='lat'>131.)</span> 
     </span>
    </p>
   </div>
   <div class='ocr_carea' id='block_1_31' title="bbox 933 920 1733 1478">
    <p class='ocr_par' dir='ltr' id='par_1_33' title="bbox 933 920 1733 1253">
     <span class='ocr_line' id='line_1_94' title="bbox 989 920 1731 956; baseline 0.003 -10"><span class='ocrx_word' id='word_1_711' title='bbox 989 920 1080 947; x_wconf 82' lang='lat' dir='ltr'>XLIII.</span> <span class='ocrx_word' id='word_1_712' title='bbox 1103 922 1145 948; x_wconf 87' lang='lat'>70.</span> <span class='ocrx_word' id='word_1_713' title='bbox 1166 924 1202 949; x_wconf 83' lang='lat' dir='ltr'>Ac</span> <span class='ocrx_word' id='word_1_714' title='bbox 1211 923 1301 950; x_wconf 77' lang='lat' dir='ltr'>deinde</span> <span class='ocrx_word' id='word_1_715' title='bbox 1312 932 1388 956; x_wconf 83' lang='lat' dir='ltr'>quum</span> <span class='ocrx_word' id='word_1_716' title='bbox 1399 924 1533 956; x_wconf 80' lang='lat' dir='ltr'>aliquanto</span> <span class='ocrx_word' id='word_1_717' title='bbox 1545 924 1623 949; x_wconf 83' lang='lat' dir='ltr'>latius</span> <span class='ocrx_word' id='word_1_718' title='bbox 1634 927 1656 948; x_wconf 86' lang='lat' dir='ltr'>et</span> <span class='ocrx_word' id='word_1_719' title='bbox 1671 924 1731 948; x_wconf 85' lang='lat' dir='ltr'>ube·</span> 
     </span>
     <span class='ocr_line' id='line_1_95' title="bbox 934 960 1732 995; baseline 0.001 -10"><span class='ocrx_word' id='word_1_720' title='bbox 934 961 990 985; x_wconf 87' lang='lat' dir='ltr'>rius</span> <span class='ocrx_word' id='word_1_721' title='bbox 1004 961 1166 985; x_wconf 80' lang='lat' dir='ltr'>disseruisset</span> <span class='ocrx_word' id='word_1_722' title='bbox 1187 960 1310 995; x_wconf 77' lang='lat' dir='ltr'>(Scipio).</span> <span class='ocrx_word' id='word_1_723' title='bbox 1332 965 1481 994; x_wconf 84' lang='lat' dir='ltr'>quantum</span> <span class='ocrx_word' id='word_1_724' title='bbox 1499 962 1663 993; x_wconf 80' lang='lat' dir='ltr'>prodesset</span> <span class='ocrx_word' id='word_1_725' title='bbox 1682 963 1732 986; x_wconf 79' lang='lat' dir='ltr'>iu-</span> 
     </span>
     <span class='ocr_line' id='line_1_96' title="bbox 933 998 1731 1031; baseline 0.003 -10"><span class='ocrx_word' id='word_1_726' title='bbox 933 998 1028 1022; x_wconf 82' lang='lat' dir='ltr'>stitia</span> <span class='ocrx_word' id='word_1_727' title='bbox 1053 999 1195 1026; x_wconf 82' lang='lat' dir='ltr'>civitati,</span> <span class='ocrx_word' id='word_1_728' title='bbox 1225 1002 1436 1031; x_wconf 78' lang='lat' dir='ltr'>quantumque</span> <span class='ocrx_word' id='word_1_729' title='bbox 1460 999 1590 1027; x_wconf 81' lang='lat' dir='ltr'>obesset,</span> <span class='ocrx_word' id='word_1_730' title='bbox 1621 1000 1648 1023; x_wconf 84' lang='lat' dir='ltr'>si</span> <span class='ocrx_word' id='word_1_731' title='bbox 1676 999 1731 1023; x_wconf 82' lang='lat' dir='ltr'>ab-</span> 
     </span>
     <span class='ocr_line' id='line_1_97' title="bbox 933 1035 1733 1068; baseline 0.003 -10"><span class='ocrx_word' id='word_1_732' title='bbox 933 1035 1064 1066; x_wconf 77' lang='lat' dir='ltr'>fuisset,·</span> <span class='ocrx_word' id='word_1_733' title='bbox 1088 1037 1198 1067; x_wconf 81' lang='lat' dir='ltr'>suscepit</span> <span class='ocrx_word' id='word_1_734' title='bbox 1223 1037 1312 1061; x_wconf 81' lang='lat' dir='ltr'>deinde</span> <span class='ocrx_word' id='word_1_735' title='bbox 1335 1035 1455 1064; x_wconf 83' lang='lat' dir='ltr'>Philus,</span> <span class='ocrx_word' id='word_1_736' title='bbox 1482 1043 1548 1060; x_wconf 80' lang='lat' dir='ltr'>unus</span> <span class='ocrx_word' id='word_1_737' title='bbox 1568 1043 1666 1064; x_wconf 81' lang='lat' dir='ltr'>eorum,</span> <span class='ocrx_word' id='word_1_738' title='bbox 1688 1037 1733 1068; x_wconf 85' lang='lat' dir='ltr'>qui</span> 
     </span>
     <span class='ocr_line' id='line_1_98' title="bbox 934 1072 1732 1105; baseline 0.001 -9"><span class='ocrx_word' id='word_1_739' title='bbox 934 1072 1103 1104; x_wconf 77' lang='lat' dir='ltr'>disputationi</span> <span class='ocrx_word' id='word_1_740' title='bbox 1125 1073 1246 1103; x_wconf 80' lang='lat' dir='ltr'>aderant,</span> <span class='ocrx_word' id='word_1_741' title='bbox 1278 1077 1300 1098; x_wconf 84' lang='lat' dir='ltr'>et</span> <span class='ocrx_word' id='word_1_742' title='bbox 1323 1074 1479 1105; x_wconf 83' lang='lat' dir='ltr'>poposcit,</span> <span class='ocrx_word' id='word_1_743' title='bbox 1511 1077 1542 1098; x_wconf 89' lang='lat' dir='ltr'>ut</span> <span class='ocrx_word' id='word_1_744' title='bbox 1566 1073 1640 1098; x_wconf 82' lang='lat' dir='ltr'>haec</span> <span class='ocrx_word' id='word_1_745' title='bbox 1666 1075 1732 1104; x_wconf 81' lang='lat' dir='ltr'>ipsa</span> 
     </span>
     <span class='ocr_line' id='line_1_99' title="bbox 935 1110 1733 1142; baseline 0 -8"><span class='ocrx_word' id='word_1_746' title='bbox 935 1111 1080 1142; x_wconf 78' lang='lat' dir='ltr'>quaestio</span> <span class='ocrx_word' id='word_1_747' title='bbox 1111 1110 1304 1142; x_wconf 76' lang='lat' dir='ltr'>dttiyenttus</span> <span class='ocrx_word' id='word_1_748' title='bbox 1333 1114 1535 1135; x_wconf 81' lang='lat' dir='ltr'>tractaretur</span> <span class='ocrx_word' id='word_1_749' title='bbox 1563 1117 1598 1135; x_wconf 86' lang='lat' dir='ltr'>ac</span> <span class='ocrx_word' id='word_1_750' title='bbox 1621 1111 1655 1134; x_wconf 85' lang='lat' dir='ltr'>de</span> <span class='ocrx_word' id='word_1_751' title='bbox 1683 1112 1733 1134; x_wconf 83' lang='lat' dir='ltr'>iu-</span> 
     </span>
     <span class='ocr_line' id='line_1_100' title="bbox 933 1147 1733 1180; baseline -0.001 -8"><span class='ocrx_word' id='word_1_752' title='bbox 933 1148 1027 1172; x_wconf 83' lang='lat' dir='ltr'>stitia</span> <span class='ocrx_word' id='word_1_753' title='bbox 1040 1147 1137 1178; x_wconf 84' lang='lat' dir='ltr'>ptura</span> <span class='ocrx_word' id='word_1_754' title='bbox 1157 1149 1355 1177; x_wconf 80' lang='lat' dir='ltr'>dicerentur,</span> <span class='ocrx_word' id='word_1_755' title='bbox 1374 1151 1479 1180; x_wconf 83' lang='lat' dir='ltr'>propter</span> <span class='ocrx_word' id='word_1_756' title='bbox 1494 1148 1572 1175; x_wconf 82' lang='lat' dir='ltr'>illud,</span> <span class='ocrx_word' id='word_1_757' title='bbox 1595 1148 1661 1180; x_wconf 83' lang='lat' dir='ltr'>quod</span> <span class='ocrx_word' id='word_1_758' title='bbox 1681 1149 1733 1172; x_wconf 79' lang='lat' dir='ltr'>iam</span> 
     </span>
     <span class='ocr_line' id='line_1_101' title="bbox 934 1185 1733 1217; baseline 0.001 -9"><span class='ocrx_word' id='word_1_759' title='bbox 934 1185 1009 1217; x_wconf 77' lang='lat' dir='ltr'>vntqo</span> <span class='ocrx_word' id='word_1_760' title='bbox 1019 1185 1161 1216; x_wconf 79' lang='lat' dir='ltr'>serebatur.</span> <span class='ocrx_word' id='word_1_761' title='bbox 1182 1193 1244 1210; x_wconf 80' lang='lat' dir='ltr'>rem</span> <span class='ocrx_word' id='word_1_762' title='bbox 1257 1185 1417 1217; x_wconf 83' lang='lat' dir='ltr'>publicam</span> <span class='ocrx_word' id='word_1_763' title='bbox 1434 1186 1502 1217; x_wconf 71' lang='lat' dir='ltr'>geri</span> <span class='ocrx_word' id='word_1_764' title='bbox 1521 1186 1588 1209; x_wconf 83' lang='lat' dir='ltr'>sine</span> <span class='ocrx_word' id='word_1_765' title='bbox 1608 1186 1733 1209; x_wconf 76' lang='lat' dir='ltr'>iniuria</span> 
     </span>
     <span class='ocr_line' id='line_1_102' title="bbox 934 1229 1276 1253; baseline 0.003 -7"><span class='ocrx_word' id='word_1_766' title='bbox 934 1229 994 1247; x_wconf 84' lang='lat' dir='ltr'>non</span> <span class='ocrx_word' id='word_1_767' title='bbox 1010 1229 1111 1253; x_wconf 82' lang='lat' dir='ltr'>posse.</span> <span class='ocrx_word' id='word_1_768' title='bbox 1139 1229 1276 1251; x_wconf 63' lang='lat' dir='ltr'>nauminia.)</span> 
     </span>
    </p>

    <p class='ocr_par' dir='ltr' id='par_1_34' title="bbox 934 1257 1733 1478">
     <span class='ocr_line' id='line_1_103' title="bbox 989 1257 1733 1293; baseline -0.001 -9"><span class='ocrx_word' id='word_1_769' title='bbox 989 1258 1081 1284; x_wconf 82' lang='lat' dir='ltr'>XLIV.</span> <span class='ocrx_word' id='word_1_770' title='bbox 1103 1259 1145 1285; x_wconf 72' lang='lat'>7⁴.</span> <span class='ocrx_word' id='word_1_771' title='bbox 1168 1259 1180 1271; x_wconf 73' lang='lat'>*</span> <span class='ocrx_word' id='word_1_772' title='bbox 1192 1258 1203 1271; x_wconf 74' lang='grc'><strong><em>’</em></strong></span> <span class='ocrx_word' id='word_1_773' title='bbox 1216 1259 1226 1271; x_wconf 77' lang='grc'><em>’</em></span> <span class='ocrx_word' id='word_1_774' title='bbox 1239 1258 1346 1293; x_wconf 86' lang='lat' dir='ltr'>plenam</span> <span class='ocrx_word' id='word_1_775' title='bbox 1357 1266 1416 1284; x_wconf 89' lang='lat' dir='ltr'>esse</span> <span class='ocrx_word' id='word_1_776' title='bbox 1428 1257 1554 1283; x_wconf 87' lang='lat' dir='ltr'>iustitiae.</span> <span class='ocrx_word' id='word_1_777' title='bbox 1591 1257 1660 1283; x_wconf 83' lang='lat' dir='ltr'>Turn</span> <span class='ocrx_word' id='word_1_778' title='bbox 1672 1257 1733 1284; x_wconf 90' lang='lat' dir='ltr'>Sci-</span> 
     </span>
     <span class='ocr_line' id='line_1_104' title="bbox 934 1294 1731 1330; baseline 0 -9"><span class='ocrx_word' id='word_1_779' title='bbox 934 1296 992 1330; x_wconf 89' lang='lat' dir='ltr'>pio:</span> <span class='ocrx_word' id='word_1_780' title='bbox 1019 1296 1157 1322; x_wconf 83' lang='lat' dir='ltr'>Assentior</span> <span class='ocrx_word' id='word_1_781' title='bbox 1174 1304 1237 1322; x_wconf 88' lang='lat' dir='ltr'>vero</span> <span class='ocrx_word' id='word_1_782' title='bbox 1257 1296 1435 1330; x_wconf 85' lang='lat' dir='ltr'>renuntioque</span> <span class='ocrx_word' id='word_1_783' title='bbox 1455 1294 1546 1325; x_wconf 76' lang='lat' dir='ltr'>vobiS,</span> <span class='ocrx_word' id='word_1_784' title='bbox 1572 1294 1640 1321; x_wconf 88' lang='lat' dir='ltr'>nihil</span> <span class='ocrx_word' id='word_1_785' title='bbox 1662 1303 1731 1325; x_wconf 86' lang='lat' dir='ltr'>esse,</span> 
     </span>
     <span class='ocr_line' id='line_1_105' title="bbox 934 1332 1733 1368; baseline 0 -9"><span class='ocrx_word' id='word_1_786' title='bbox 934 1332 1007 1368; x_wconf 90' lang='lat' dir='ltr'>quod</span> <span class='ocrx_word' id='word_1_787' title='bbox 1023 1333 1112 1359; x_wconf 85' lang='lat' dir='ltr'>adhuc</span> <span class='ocrx_word' id='word_1_788' title='bbox 1126 1333 1160 1359; x_wconf 91' lang='lat' dir='ltr'>de</span> <span class='ocrx_word' id='word_1_789' title='bbox 1176 1341 1203 1359; x_wconf 85' lang='lat' dir='ltr'>re</span> <span class='ocrx_word' id='word_1_790' title='bbox 1218 1333 1328 1368; x_wconf 87' lang='lat' dir='ltr'>publica</span> <span class='ocrx_word' id='word_1_791' title='bbox 1344 1333 1446 1359; x_wconf 90' lang='lat' dir='ltr'>dictum</span> <span class='ocrx_word' id='word_1_792' title='bbox 1463 1337 1601 1367; x_wconf 82' lang='lat' dir='ltr'>putemus,</span> <span class='ocrx_word' id='word_1_793' title='bbox 1620 1337 1665 1358; x_wconf 88' lang='lat' dir='ltr'>aut</span> <span class='ocrx_word' id='word_1_794' title='bbox 1678 1341 1733 1367; x_wconf 90' lang='lat' dir='ltr'>quo</span> 
     </span>
     <span class='ocr_line' id='line_1_106' title="bbox 934 1369 1732 1406; baseline -0.001 -10"><span class='ocrx_word' id='word_1_795' title='bbox 934 1371 1072 1405; x_wconf 88' lang='lat' dir='ltr'>possimus</span> <span class='ocrx_word' id='word_1_796' title='bbox 1084 1370 1190 1406; x_wconf 82' lang='lat' dir='ltr'>longius</span> <span class='ocrx_word' id='word_1_797' title='bbox 1202 1370 1336 1406; x_wconf 80' lang='lat' dir='ltr'>progredi,</span> <span class='ocrx_word' id='word_1_798' title='bbox 1347 1371 1399 1396; x_wconf 87' lang='lat' dir='ltr'>nisi</span> <span class='ocrx_word' id='word_1_799' title='bbox 1411 1370 1460 1396; x_wconf 88' lang='lat' dir='ltr'>erit</span> <span class='ocrx_word' id='word_1_800' title='bbox 1470 1369 1666 1400; x_wconf 77' lang='lat' dir='ltr'>confirmatum,</span> <span class='ocrx_word' id='word_1_801' title='bbox 1680 1378 1732 1396; x_wconf 92' lang='lat' dir='ltr'>non</span> 
     </span>
     <span class='ocr_line' id='line_1_107' title="bbox 935 1407 1731 1441; baseline -0.003 -7"><span class='ocrx_word' id='word_1_802' title='bbox 935 1407 1014 1434; x_wconf 87' lang='lat' dir='ltr'>modo</span> <span class='ocrx_word' id='word_1_803' title='bbox 1030 1407 1128 1434; x_wconf 87' lang='lat' dir='ltr'>salsum</span> <span class='ocrx_word' id='word_1_804' title='bbox 1144 1407 1212 1434; x_wconf 88' lang='lat' dir='ltr'>illud</span> <span class='ocrx_word' id='word_1_805' title='bbox 1228 1416 1300 1438; x_wconf 84' lang='lat' dir='ltr'>esse,</span> <span class='ocrx_word' id='word_1_806' title='bbox 1317 1408 1375 1434; x_wconf 90' lang='lat' dir='ltr'>sine</span> <span class='ocrx_word' id='word_1_807' title='bbox 1392 1407 1490 1433; x_wconf 86' lang='lat' dir='ltr'>iniuria</span> <span class='ocrx_word' id='word_1_808' title='bbox 1508 1415 1558 1433; x_wconf 92' lang='lat' dir='ltr'>non</span> <span class='ocrx_word' id='word_1_809' title='bbox 1575 1415 1667 1441; x_wconf 81' lang='lat' dir='ltr'>posse,</span> <span class='ocrx_word' id='word_1_810' title='bbox 1684 1407 1731 1433; x_wconf 81' lang='lat' dir='ltr'>sed</span> 
     </span>
     <span class='ocr_line' id='line_1_108' title="bbox 935 1444 1733 1478; baseline -0.003 -7"><span class='ocrx_word' id='word_1_811' title='bbox 935 1445 985 1472; x_wconf 90' lang='lat' dir='ltr'>hoc</span> <span class='ocrx_word' id='word_1_812' title='bbox 997 1445 1171 1471; x_wconf 85' lang='lat' dir='ltr'>verissimum</span> <span class='ocrx_word' id='word_1_813' title='bbox 1183 1454 1256 1476; x_wconf 89' lang='lat' dir='ltr'>esse,</span> <span class='ocrx_word' id='word_1_814' title='bbox 1272 1445 1330 1471; x_wconf 85' lang='lat' dir='ltr'>sine</span> <span class='ocrx_word' id='word_1_815' title='bbox 1342 1453 1447 1471; x_wconf 87' lang='lat' dir='ltr'>summa</span> <span class='ocrx_word' id='word_1_816' title='bbox 1459 1445 1561 1470; x_wconf 85' lang='lat' dir='ltr'>iustitia</span> <span class='ocrx_word' id='word_1_817' title='bbox 1573 1453 1628 1470; x_wconf 91' lang='lat' dir='ltr'>rem</span> <span class='ocrx_word' id='word_1_818' title='bbox 1640 1444 1733 1478; x_wconf 89' lang='lat' dir='ltr'>publi-</span> 
     </span>
    </p>
   </div>
   <div class='ocr_carea' id='block_1_32' title="bbox 905 1481 1733 1518">
    <p class='ocr_par' dir='ltr' id='par_1_35' title="bbox 905 1481 1733 1518">
     <span class='ocr_line' id='line_1_109' title="bbox 905 1481 1733 1518; baseline -0.001 -10"><span class='ocrx_word' id='word_1_819' title='bbox 905 1495 906 1498; x_wconf 46' lang='lat'><em>*</em></span> <span class='ocrx_word' id='word_1_820' title='bbox 934 1491 993 1509; x_wconf 87' lang='lat' dir='ltr'>cam</span> <span class='ocrx_word' id='word_1_821' title='bbox 1004 1483 1061 1518; x_wconf 78' lang='lat' dir='ltr'>geri</span> <span class='ocrx_word' id='word_1_822' title='bbox 1073 1482 1147 1509; x_wconf 88' lang='lat' dir='ltr'>nullo</span> <span class='ocrx_word' id='word_1_823' title='bbox 1158 1482 1237 1509; x_wconf 88' lang='lat' dir='ltr'>modo</span> <span class='ocrx_word' id='word_1_824' title='bbox 1251 1491 1340 1517; x_wconf 85' lang='lat' dir='ltr'>posse.</span> <span class='ocrx_word' id='word_1_825' title='bbox 1374 1482 1439 1512; x_wconf 77' lang='lat' dir='ltr'>Sed,</span> <span class='ocrx_word' id='word_1_826' title='bbox 1457 1482 1480 1507; x_wconf 94' lang='lat' dir='ltr'>si</span> <span class='ocrx_word' id='word_1_827' title='bbox 1496 1481 1594 1516; x_wconf 86' lang='lat' dir='ltr'>placet,</span> <span class='ocrx_word' id='word_1_828' title='bbox 1618 1482 1644 1507; x_wconf 90' lang='lat' dir='ltr'>in</span> <span class='ocrx_word' id='word_1_829' title='bbox 1662 1481 1733 1507; x_wconf 85' lang='lat' dir='ltr'>hunc</span> 
     </span>
    </p>
   </div>
   <div class='ocr_carea' id='block_1_33' title="bbox 935 1518 1733 1630">
    <p class='ocr_par' dir='ltr' id='par_1_36' title="bbox 935 1518 1733 1630">
     <span class='ocr_line' id='line_1_110' title="bbox 935 1518 1733 1555; baseline -0.003 -9"><span class='ocrx_word' id='word_1_830' title='bbox 935 1520 1007 1546; x_wconf 81' lang='lat' dir='ltr'>diem</span> <span class='ocrx_word' id='word_1_831' title='bbox 1030 1520 1169 1546; x_wconf 87' lang='lat' dir='ltr'>hactenus.</span> <span class='ocrx_word' id='word_1_832' title='bbox 1212 1520 1324 1555; x_wconf 85' lang='lat' dir='ltr'>Reliqua</span> <span class='ocrx_word' id='word_1_833' title='bbox 1344 1519 1419 1553; x_wconf 88' lang='lat' dir='ltr'>(satis</span> <span class='ocrx_word' id='word_1_834' title='bbox 1435 1519 1507 1545; x_wconf 89' lang='lat' dir='ltr'>enim</span> <span class='ocrx_word' id='word_1_835' title='bbox 1525 1518 1607 1545; x_wconf 88' lang='lat' dir='ltr'>multa</span> <span class='ocrx_word' id='word_1_836' title='bbox 1624 1520 1733 1551; x_wconf 83' lang='lat' dir='ltr'>restant)</span> 
     </span>
     <span class='ocr_line' id='line_1_111' title="bbox 935 1556 1732 1592; baseline -0.003 -8"><span class='ocrx_word' id='word_1_837' title='bbox 935 1557 1092 1584; x_wconf 80' lang='lat' dir='ltr'>differamus</span> <span class='ocrx_word' id='word_1_838' title='bbox 1110 1558 1136 1583; x_wconf 92' lang='lat' dir='ltr'>in</span> <span class='ocrx_word' id='word_1_839' title='bbox 1148 1558 1306 1584; x_wconf 88' lang='lat' dir='ltr'>crastinum.</span> <span class='ocrx_word' id='word_1_840' title='bbox 1346 1556 1436 1589; x_wconf 85' lang='lat' dir='ltr'>Quum</span> <span class='ocrx_word' id='word_1_841' title='bbox 1448 1557 1483 1583; x_wconf 88' lang='lat' dir='ltr'>ita</span> <span class='ocrx_word' id='word_1_842' title='bbox 1495 1556 1652 1592; x_wconf 88' lang='lat' dir='ltr'>placuisset,</span> <span class='ocrx_word' id='word_1_843' title='bbox 1671 1556 1732 1583; x_wconf 81' lang='lat' dir='ltr'>finis</span> 
     </span>
     <span class='ocr_line' id='line_1_112' title="bbox 936 1593 1448 1630; baseline -0.002 -9"><span class='ocrx_word' id='word_1_844' title='bbox 936 1594 1093 1630; x_wconf 88' lang='lat' dir='ltr'>disputandi</span> <span class='ocrx_word' id='word_1_845' title='bbox 1105 1595 1132 1621; x_wconf 89' lang='lat' dir='ltr'>in</span> <span class='ocrx_word' id='word_1_846' title='bbox 1143 1603 1206 1622; x_wconf 92' lang='lat' dir='ltr'>eum</span> <span class='ocrx_word' id='word_1_847' title='bbox 1217 1594 1290 1622; x_wconf 91' lang='lat' dir='ltr'>diem</span> <span class='ocrx_word' id='word_1_848' title='bbox 1301 1593 1387 1621; x_wconf 79' lang='lat' dir='ltr'>factus</span> <span class='ocrx_word' id='word_1_849' title='bbox 1398 1599 1448 1621; x_wconf 78' lang='lat' dir='ltr'>est.</span> 
     </span>
    </p>
   </div>
   <div class='ocr_carea' id='block_1_34' title="bbox 1236 1746 1441 1762">
    <p class='ocr_par' dir='ltr' id='par_1_37' title="bbox 1236 1746 1441 1762">
     <span class='ocr_line' id='line_1_113' title="bbox 1236 1746 1441 1762; baseline -0.01 -5"><span class='ocrx_word' id='word_1_850' title='bbox 1236 1746 1441 1762; x_wconf 41' lang='lat' dir='ltr'>awo——</span> 
     </span>
    </p>
   </div>
   <div class='ocr_carea' id='block_1_35' title="bbox 1123 1925 1544 1957">
    <p class='ocr_par' dir='ltr' id='par_1_38' title="bbox 1123 1925 1544 1957">
     <span class='ocr_line' id='line_1_114' title="bbox 1123 1925 1544 1957; baseline -0.002 -1"><span class='ocrx_word' id='word_1_851' title='bbox 1123 1927 1276 1957; x_wconf 88' lang='lat' dir='ltr'>LIBER</span> <span class='ocrx_word' id='word_1_852' title='bbox 1310 1925 1544 1956; x_wconf 84' lang='lat' dir='ltr'>TERTIUS.</span> 
     </span>
    </p>
   </div>
   <div class='ocr_carea' id='block_1_36' title="bbox 1246 2003 1412 2008">
    <p class='ocr_par' dir='ltr' id='par_1_39' title="bbox 1246 2003 1412 2008">
     <span class='ocr_line' id='line_1_115' title="bbox 1246 2003 1412 2008; baseline 0 0"><span class='ocrx_word' id='word_1_853' title='bbox 1246 2003 1412 2008; x_wconf 95' lang='lat' dir='ltr'> </span> 
     </span>
    </p>
   </div>
   <div class='ocr_carea' id='block_1_37' title="bbox 1206 2041 1465 2063">
    <p class='ocr_par' dir='ltr' id='par_1_40' title="bbox 1206 2041 1465 2063">
     <span class='ocr_line' id='line_1_116' title="bbox 1206 2041 1465 2063; baseline -0.008 -1"><span class='ocrx_word' id='word_1_854' title='bbox 1206 2041 1465 2063; x_wconf 66' lang='lat' dir='ltr'>AtixoTA&#39;rto.</span> 
     </span>
    </p>
   </div>
   <div class='ocr_carea' id='block_1_38' title="bbox 934 2082 1733 2636">
    <p class='ocr_par' dir='ltr' id='par_1_41' title="bbox 934 2082 1733 2636">
     <span class='ocr_line' id='line_1_117' title="bbox 984 2082 1725 2113; baseline -0.007 -7"><span class='ocrx_word' id='word_1_855' title='bbox 984 2085 1132 2113; x_wconf 77' lang='lat' dir='ltr'>Principium</span> <span class='ocrx_word' id='word_1_856' title='bbox 1147 2087 1208 2106; x_wconf 68' lang='lat' dir='ltr'>dont</span> <span class='ocrx_word' id='word_1_857' title='bbox 1222 2085 1246 2106; x_wconf 72' lang='lat' dir='ltr'>in</span> <span class='ocrx_word' id='word_1_858' title='bbox 1261 2086 1309 2105; x_wconf 79' lang='lat' dir='ltr'>cod.</span> <span class='ocrx_word' id='word_1_859' title='bbox 1325 2085 1374 2105; x_wconf 72' lang='grc' dir='ltr'>ΓΜ.</span> <span class='ocrx_word' id='word_1_860' title='bbox 1388 2091 1440 2104; x_wconf 82' lang='lat' dir='ltr'>rum</span> <span class='ocrx_word' id='word_1_861' title='bbox 1450 2084 1500 2111; x_wconf 72' lang='lat' dir='ltr'>ipen</span> <span class='ocrx_word' id='word_1_862' title='bbox 1511 2083 1580 2104; x_wconf 71' lang='lat' dir='ltr'>tituto</span> <span class='ocrx_word' id='word_1_863' title='bbox 1594 2082 1648 2102; x_wconf 69' lang='lat' dir='ltr'>libri</span> <span class='ocrx_word' id='word_1_864' title='bbox 1663 2082 1725 2102; x_wconf 65' lang='lat' dir='ltr'>tatii</span> 
     </span>
     <span class='ocr_line' id='line_1_118' title="bbox 937 2117 1732 2148; baseline -0.006 -7"><span class='ocrx_word' id='word_1_865' title='bbox 937 2120 981 2140; x_wconf 75' lang='lat' dir='ltr'>Cut&#39;</span> <span class='ocrx_word' id='word_1_866' title='bbox 991 2120 1031 2147; x_wconf 66' lang='lat' dir='ltr'>qm*</span> <span class='ocrx_word' id='word_1_867' title='bbox 1039 2128 1053 2140; x_wconf 81' lang='lat' dir='ltr'>n</span> <span class='ocrx_word' id='word_1_868' title='bbox 1063 2121 1129 2141; x_wconf 59' lang='lat'>271111&#39;0</span> <span class='ocrx_word' id='word_1_869' title='bbox 1138 2120 1285 2148; x_wconf 66' lang='lat' dir='ltr'>obfoliorum</span> <span class='ocrx_word' id='word_1_870' title='bbox 1295 2120 1459 2140; x_wconf 61' lang='lat' dir='ltr'>facicm-emm</span> <span class='ocrx_word' id='word_1_871' title='bbox 1471 2126 1522 2139; x_wconf 79' lang='lat' dir='ltr'>rum</span> <span class='ocrx_word' id='word_1_872' title='bbox 1533 2117 1692 2138; x_wconf 68' lang='lat' dir='ltr'>‘seren-otiam</span> <span class='ocrx_word' id='word_1_873' title='bbox 1701 2117 1732 2137; x_wconf 94' lang='grc' dir='ltr'>ΙΙ.</span> 
     </span>
     <span class='ocr_line' id='line_1_119' title="bbox 936 2152 1733 2182; baseline -0.004 -7"><span class='ocrx_word' id='word_1_874' title='bbox 936 2155 1104 2175; x_wconf 73' lang='lat' dir='ltr'>cohaerentium</span> <span class='ocrx_word' id='word_1_875' title='bbox 1118 2158 1253 2175; x_wconf 68' lang='lat' dir='ltr'>“renuetur</span> <span class='ocrx_word' id='word_1_876' title='bbox 1268 2155 1402 2182; x_wconf 67' lang='lat' dir='ltr'>praeclarus</span> <span class='ocrx_word' id='word_1_877' title='bbox 1417 2153 1463 2181; x_wconf 77' lang='lat' dir='ltr'>(cf.</span> <span class='ocrx_word' id='word_1_878' title='bbox 1480 2154 1526 2174; x_wconf 78' lang='lat' dir='ltr'>Cir.</span> <span class='ocrx_word' id='word_1_879' title='bbox 1542 2155 1567 2173; x_wconf 69' lang='lat' dir='ltr'>dt</span> <span class='ocrx_word' id='word_1_880' title='bbox 1583 2153 1648 2179; x_wconf 65' lang='lat'><strong><em>¹¹55·</em></strong></span> <span class='ocrx_word' id='word_1_881' title='bbox 1661 2152 1690 2175; x_wconf 79' lang='grc' dir='ltr'>ΙἹ</span> <span class='ocrx_word' id='word_1_882' title='bbox 1700 2155 1712 2172; x_wconf 76' lang='grc'><strong>0</strong></span> <span class='ocrx_word' id='word_1_883' title='bbox 1726 2153 1733 2174; x_wconf 73' lang='lat' dir='ltr'>J</span> 
     </span>
     <span class='ocr_line' id='line_1_120' title="bbox 935 2187 1733 2217; baseline -0.005 -7"><span class='ocrx_word' id='word_1_884' title='bbox 935 2192 961 2211; x_wconf 76' lang='lat' dir='ltr'>de</span> <span class='ocrx_word' id='word_1_885' title='bbox 972 2194 1045 2210; x_wconf 72' lang='lat' dir='ltr'>metue</span> <span class='ocrx_word' id='word_1_886' title='bbox 1055 2190 1158 2210; x_wconf 64' lang='lat' dir='ltr'>&#39;nmmum</span> <span class='ocrx_word' id='word_1_887' title='bbox 1169 2188 1404 2217; x_wconf 71' lang='lat' dir='ltr'>lurun,ctiuputaitioni</span> <span class='ocrx_word' id='word_1_888' title='bbox 1413 2190 1438 2208; x_wconf 67' lang='lat' dir='ltr'>de</span> <span class='ocrx_word' id='word_1_889' title='bbox 1449 2188 1538 2208; x_wconf 71' lang='lat' dir='ltr'>inniti·</span> <span class='ocrx_word' id='word_1_890' title='bbox 1547 2187 1657 2216; x_wconf 73' lang='lat' dir='ltr'>prooemii</span> <span class='ocrx_word' id='word_1_891' title='bbox 1666 2193 1733 2206; x_wconf 72' lang='grc' dir='ltr'><strong><em>(ιι-ι-</em></strong></span> 
     </span>
     <span class='ocr_line' id='line_1_121' title="bbox 935 2222 1732 2252; baseline -0.005 -7"><span class='ocrx_word' id='word_1_892' title='bbox 935 2232 960 2245; x_wconf 80' lang='lat' dir='ltr'>m</span> <span class='ocrx_word' id='word_1_893' title='bbox 970 2225 1120 2252; x_wconf 73' lang='lat' dir='ltr'>praemium,</span> <span class='ocrx_word' id='word_1_894' title='bbox 1131 2225 1189 2245; x_wconf 63' lang='lat' dir='ltr'>istm·</span> <span class='ocrx_word' id='word_1_895' title='bbox 1197 2232 1211 2244; x_wconf 77' lang='lat' dir='ltr'>u</span> <span class='ocrx_word' id='word_1_896' title='bbox 1223 2224 1389 2249; x_wconf 58' lang='lat' dir='ltr'>[astanti-»me</span> <span class='ocrx_word' id='word_1_897' title='bbox 1397 2222 1461 2250; x_wconf 75' lang='lat' dir='ltr'>Opis.</span> <span class='ocrx_word' id='word_1_898' title='bbox 1469 2223 1505 2243; x_wconf 71' lang='lat' dir='ltr'>rien*</span> <span class='ocrx_word' id='word_1_899' title='bbox 1511 2230 1530 2243; x_wconf 81' lang='lat' dir='ltr'>c.</span> <span class='ocrx_word' id='word_1_900' title='bbox 1544 2226 1574 2245; x_wconf 71' lang='lat' dir='ltr'>t.)</span> <span class='ocrx_word' id='word_1_901' title='bbox 1584 2224 1614 2242; x_wconf 82' lang='lat' dir='ltr'>nd</span> <span class='ocrx_word' id='word_1_902' title='bbox 1624 2225 1732 2248; x_wconf 66' lang='lat' dir='ltr'>quamtum</span> 
     </span>
     <span class='ocr_line' id='line_1_122' title="bbox 935 2256 1732 2288; baseline -0.008 -7"><span class='ocrx_word' id='word_1_903' title='bbox 935 2261 1018 2281; x_wconf 80' lang='lat' dir='ltr'>tibrum</span> <span class='ocrx_word' id='word_1_904' title='bbox 1026 2260 1134 2288; x_wconf 66' lang='lat' dir='ltr'>refertur.</span> <span class='ocrx_word' id='word_1_905' title='bbox 1151 2259 1262 2280; x_wconf 61' lang='lat' dir='ltr'>le&#39;nr‘m</span> <span class='ocrx_word' id='word_1_906' title='bbox 1269 2263 1346 2280; x_wconf 61' lang='lat' dir='ltr'>nutem</span> <span class='ocrx_word' id='word_1_907' title='bbox 1353 2258 1376 2278; x_wconf 75' lang='lat' dir='ltr'>t&#39;n</span> <span class='ocrx_word' id='word_1_908' title='bbox 1383 2259 1473 2278; x_wconf 77' lang='lat' dir='ltr'>modum</span> <span class='ocrx_word' id='word_1_909' title='bbox 1481 2257 1602 2285; x_wconf 70' lang='lat' dir='ltr'>confirmant</span> <span class='ocrx_word' id='word_1_910' title='bbox 1614 2256 1673 2276; x_wconf 69' lang='lat' dir='ltr'>Maii</span> <span class='ocrx_word' id='word_1_911' title='bbox 1684 2263 1732 2276; x_wconf 73' lang='lat' dir='ltr'>urn-</span> 
     </span>
     <span class='ocr_line' id='line_1_123' title="bbox 935 2291 1733 2320; baseline -0.008 -4"><span class='ocrx_word' id='word_1_912' title='bbox 935 2295 1031 2317; x_wconf 73' lang='lat' dir='ltr'>tentiam</span> <span class='ocrx_word' id='word_1_913' title='bbox 1041 2295 1095 2316; x_wconf 74' lang='lat' dir='ltr'>litun*</span> <span class='ocrx_word' id='word_1_914' title='bbox 1106 2295 1151 2315; x_wconf 92' lang='grc' dir='ltr'><strong><em>ΙΙΙ.</em></strong></span> <span class='ocrx_word' id='word_1_915' title='bbox 1163 2294 1324 2317; x_wconf 78' lang='lat' dir='ltr'>nuninmn&#39;um.</span> <span class='ocrx_word' id='word_1_916' title='bbox 1335 2294 1395 2320; x_wconf 68' lang='lat' dir='ltr'>quod</span> <span class='ocrx_word' id='word_1_917' title='bbox 1405 2293 1513 2317; x_wconf 69' lang='lat' dir='ltr'>adiunxi,</span> <span class='ocrx_word' id='word_1_918' title='bbox 1526 2293 1555 2312; x_wconf 75' lang='lat' dir='ltr'>ab</span> <span class='ocrx_word' id='word_1_919' title='bbox 1566 2293 1602 2312; x_wconf 71' lang='lat' dir='ltr'>Aa</span> <span class='ocrx_word' id='word_1_920' title='bbox 1610 2300 1623 2318; x_wconf 60' lang='lat' dir='ltr'><em>g</em></span> <span class='ocrx_word' id='word_1_921' title='bbox 1631 2300 1644 2311; x_wconf 76' lang='lat' dir='ltr'>u</span> <span class='ocrx_word' id='word_1_922' title='bbox 1653 2299 1661 2311; x_wconf 84' lang='grc' dir='ltr'><strong><em>ι</em></strong></span> <span class='ocrx_word' id='word_1_923' title='bbox 1670 2295 1677 2311; x_wconf 84' lang='lat' dir='ltr'>t</span> <span class='ocrx_word' id='word_1_924' title='bbox 1685 2291 1692 2310; x_wconf 80' lang='grc' dir='ltr'>ι’</span> <span class='ocrx_word' id='word_1_925' title='bbox 1700 2298 1733 2311; x_wconf 75' lang='lat' dir='ltr'>nu</span> 
     </span>
     <span class='ocr_line' id='line_1_124' title="bbox 934 2326 1731 2357; baseline -0.008 -6"><span class='ocrx_word' id='word_1_926' title='bbox 934 2333 960 2351; x_wconf 70' lang='lat' dir='ltr'>da</span> <span class='ocrx_word' id='word_1_927' title='bbox 972 2330 1019 2352; x_wconf 75' lang='lat' dir='ltr'>Ciu.</span> <span class='ocrx_word' id='word_1_928' title='bbox 1033 2330 1072 2351; x_wconf 77' lang='lat' dir='ltr'>Dn&#39;</span> <span class='ocrx_word' id='word_1_929' title='bbox 1083 2330 1124 2353; x_wconf 87' lang='grc' dir='ltr'><strong><em>ΙΙ..</em></strong></span> <span class='ocrx_word' id='word_1_930' title='bbox 1135 2333 1168 2350; x_wconf 77' lang='lat'>2¹.</span> <span class='ocrx_word' id='word_1_931' title='bbox 1180 2329 1305 2357; x_wconf 75' lang='lat' dir='ltr'>proditum.</span> <span class='ocrx_word' id='word_1_932' title='bbox 1327 2328 1385 2348; x_wconf 70' lang='lat' dir='ltr'>Nam</span> <span class='ocrx_word' id='word_1_933' title='bbox 1397 2327 1417 2348; x_wconf 62' lang='lat' dir='ltr'>u*</span> <span class='ocrx_word' id='word_1_934' title='bbox 1427 2335 1505 2349; x_wconf 74' lang='lat' dir='ltr'>verum</span> <span class='ocrx_word' id='word_1_935' title='bbox 1515 2331 1556 2350; x_wconf 76' lang='lat' dir='ltr'>ue.</span> <span class='ocrx_word' id='word_1_936' title='bbox 1567 2328 1626 2354; x_wconf 70' lang='lat' dir='ltr'>quud</span> <span class='ocrx_word' id='word_1_937' title='bbox 1639 2326 1731 2346; x_wconf 64' lang='lat' dir='ltr'>tatic...</span> 
     </span>
     <span class='ocr_line' id='line_1_125' title="bbox 935 2361 1731 2390; baseline -0.006 -4"><span class='ocrx_word' id='word_1_938' title='bbox 935 2373 978 2386; x_wconf 83' lang='lat' dir='ltr'>mn</span> <span class='ocrx_word' id='word_1_939' title='bbox 989 2365 1027 2386; x_wconf 71' lang='lat' dir='ltr'>itta</span> <span class='ocrx_word' id='word_1_940' title='bbox 1036 2365 1159 2386; x_wconf 71' lang='lat' dir='ltr'>‘I&#39;ullimnn</span> <span class='ocrx_word' id='word_1_941' title='bbox 1168 2363 1276 2384; x_wconf 72' lang='lat' dir='ltr'>dictioni·</span> <span class='ocrx_word' id='word_1_942' title='bbox 1288 2363 1439 2389; x_wconf 65' lang='lat' dir='ltr'>inivntn&#39;gneor</span> <span class='ocrx_word' id='word_1_943' title='bbox 1450 2370 1520 2390; x_wconf 66' lang='lat' dir='ltr'>quum</span> <span class='ocrx_word' id='word_1_944' title='bbox 1531 2369 1558 2382; x_wconf 70' lang='lat' dir='ltr'>rs</span> <span class='ocrx_word' id='word_1_945' title='bbox 1567 2362 1619 2381; x_wconf 69' lang='lat' dir='ltr'>ulii:</span> <span class='ocrx_word' id='word_1_946' title='bbox 1633 2361 1731 2381; x_wconf 63' lang='lat' dir='ltr'>tacu-un-</span> 
     </span>
     <span class='ocr_line' id='line_1_126' title="bbox 935 2398 1730 2425; baseline -0.008 -4"><span class='ocrx_word' id='word_1_947' title='bbox 935 2401 963 2422; x_wconf 78' lang='lat' dir='ltr'>eii</span> <span class='ocrx_word' id='word_1_948' title='bbox 972 2400 1036 2425; x_wconf 69' lang='lat' dir='ltr'>tacta.</span> <span class='ocrx_word' id='word_1_949' title='bbox 1049 2404 1097 2421; x_wconf 79' lang='lat' dir='ltr'>tum</span> <span class='ocrx_word' id='word_1_950' title='bbox 1110 2399 1207 2420; x_wconf 67' lang='lat' dir='ltr'>maxime</span> <span class='ocrx_word' id='word_1_951' title='bbox 1218 2406 1244 2419; x_wconf 73' lang='lat' dir='ltr'>ex</span> <span class='ocrx_word' id='word_1_952' title='bbox 1255 2399 1311 2419; x_wconf 78' lang='lat' dir='ltr'>hut.</span> <span class='ocrx_word' id='word_1_953' title='bbox 1323 2398 1337 2418; x_wconf 91' lang='grc' dir='ltr'>Ι.</span> <span class='ocrx_word' id='word_1_954' title='bbox 1351 2398 1395 2418; x_wconf 93' lang='grc' dir='ltr'><strong><em>ΙΙΙ.</em></strong></span> <span class='ocrx_word' id='word_1_955' title='bbox 1407 2401 1463 2418; x_wconf 73' lang='lat' dir='ltr'>eser.</span> <span class='ocrx_word' id='word_1_956' title='bbox 1482 2401 1578 2417; x_wconf 73' lang='lat' dir='ltr'>conat-n</span> <span class='ocrx_word' id='word_1_957' title='bbox 1589 2400 1621 2417; x_wconf 81' lang='lat' dir='ltr'>nt</span> <span class='ocrx_word' id='word_1_958' title='bbox 1631 2398 1730 2416; x_wconf 68' lang='lat' dir='ltr'>memet«.</span> 
     </span>
     <span class='ocr_line' id='line_1_127' title="bbox 935 2431 1730 2462; baseline -0.008 -6"><span class='ocrx_word' id='word_1_959' title='bbox 935 2443 965 2460; x_wconf 76' lang='lat' dir='ltr'>re,</span> <span class='ocrx_word' id='word_1_960' title='bbox 978 2435 1055 2456; x_wconf 73' lang='lat' dir='ltr'>Cicero</span> <span class='ocrx_word' id='word_1_961' title='bbox 1064 2435 1117 2455; x_wconf 71' lang='lat' dir='ltr'>huic</span> <span class='ocrx_word' id='word_1_962' title='bbox 1128 2435 1185 2455; x_wconf 63' lang='lat' dir='ltr'>tiam</span> <span class='ocrx_word' id='word_1_963' title='bbox 1195 2434 1333 2462; x_wconf 66' lang='lat' dir='ltr'>profluuium</span> <span class='ocrx_word' id='word_1_964' title='bbox 1344 2432 1463 2461; x_wconf 71' lang='lat' dir='ltr'>praumiu&#39;t</span> <span class='ocrx_word' id='word_1_965' title='bbox 1474 2431 1640 2452; x_wconf 27' lang='lat' dir='ltr'>huiuscemodi*</span> <span class='ocrx_word' id='word_1_966' title='bbox 1660 2431 1730 2451; x_wconf 69' lang='lat' dir='ltr'>homi-</span> 
     </span>
     <span class='ocr_line' id='line_1_128' title="bbox 935 2466 1729 2497; baseline -0.008 -5"><span class='ocrx_word' id='word_1_967' title='bbox 935 2478 984 2491; x_wconf 63' lang='lat' dir='ltr'>nem</span> <span class='ocrx_word' id='word_1_968' title='bbox 995 2479 1020 2491; x_wconf 81' lang='lat' dir='ltr'>m</span> <span class='ocrx_word' id='word_1_969' title='bbox 1031 2471 1077 2497; x_wconf 64' lang='lat' dir='ltr'>tegf</span> <span class='ocrx_word' id='word_1_970' title='bbox 1088 2474 1169 2491; x_wconf 76' lang='lat' dir='ltr'>natum</span> <span class='ocrx_word' id='word_1_971' title='bbox 1180 2477 1237 2493; x_wconf 68' lang='lat' dir='ltr'>ene.</span> <span class='ocrx_word' id='word_1_972' title='bbox 1249 2473 1274 2489; x_wconf 82' lang='lat' dir='ltr'>nt</span> <span class='ocrx_word' id='word_1_973' title='bbox 1285 2469 1373 2489; x_wconf 69' lang='lat' dir='ltr'>ratione</span> <span class='ocrx_word' id='word_1_974' title='bbox 1381 2485 1386 2492; x_wconf 85' lang='lat'>,</span> <span class='ocrx_word' id='word_1_975' title='bbox 1397 2476 1441 2496; x_wconf 72' lang='lat' dir='ltr'>qum</span> <span class='ocrx_word' id='word_1_976' title='bbox 1453 2468 1499 2488; x_wconf 66' lang='lat' dir='ltr'>mla·</span> <span class='ocrx_word' id='word_1_977' title='bbox 1510 2475 1523 2487; x_wconf 73' lang='lat' dir='ltr'>a</span> <span class='ocrx_word' id='word_1_978' title='bbox 1536 2467 1613 2487; x_wconf 74' lang='lat' dir='ltr'>cctrriu</span> <span class='ocrx_word' id='word_1_979' title='bbox 1624 2466 1729 2487; x_wconf 70' lang='lat' dir='ltr'>aninum-</span> 
     </span>
     <span class='ocr_line' id='line_1_129' title="bbox 935 2501 1731 2533; baseline -0.006 -7"><span class='ocrx_word' id='word_1_980' title='bbox 935 2507 995 2527; x_wconf 78' lang='lat' dir='ltr'>tibm</span> <span class='ocrx_word' id='word_1_981' title='bbox 1011 2505 1120 2533; x_wconf 60' lang='lat' dir='ltr'>‘&#39;lfffffl‘·</span> <span class='ocrx_word' id='word_1_982' title='bbox 1135 2505 1235 2525; x_wconf 66' lang='lat' dir='ltr'>&#39;tudima</span> <span class='ocrx_word' id='word_1_983' title='bbox 1248 2505 1339 2524; x_wconf 68' lang='lat' dir='ltr'>esculea</span> <span class='ocrx_word' id='word_1_984' title='bbox 1351 2502 1475 2530; x_wconf 72' lang='lat' dir='ltr'>napienrine</span> <span class='ocrx_word' id='word_1_985' title='bbox 1487 2501 1701 2530; x_wconf 65' lang='lat' dir='ltr'>stcntfiri&#39;osruntur</span> <span class='ocrx_word' id='word_1_986' title='bbox 1710 2505 1731 2522; x_wconf 74' lang='lat' dir='ltr'>ct</span> 
     </span>
     <span class='ocr_line' id='line_1_130' title="bbox 935 2537 1730 2566; baseline -0.006 -5"><span class='ocrx_word' id='word_1_987' title='bbox 935 2541 1044 2561; x_wconf 72' lang='lat' dir='ltr'>hutini-o.</span> <span class='ocrx_word' id='word_1_988' title='bbox 1074 2541 1111 2561; x_wconf 79' lang='lat' dir='ltr'>Ita</span> <span class='ocrx_word' id='word_1_989' title='bbox 1125 2541 1213 2563; x_wconf 74' lang='lat' dir='ltr'>Cicero.</span> <span class='ocrx_word' id='word_1_990' title='bbox 1222 2544 1345 2566; x_wconf 60' lang='lat' dir='ltr'>nunquam</span> <span class='ocrx_word' id='word_1_991' title='bbox 1356 2540 1381 2558; x_wconf 68' lang='lat' dir='ltr'>ute</span> <span class='ocrx_word' id='word_1_992' title='bbox 1392 2537 1484 2558; x_wconf 68' lang='lat' dir='ltr'>iustitia</span> <span class='ocrx_word' id='word_1_993' title='bbox 1496 2537 1626 2564; x_wconf 68' lang='lat' dir='ltr'>disputant</span> <span class='ocrx_word' id='word_1_994' title='bbox 1634 2553 1639 2560; x_wconf 84' lang='lat'>.</span> <span class='ocrx_word' id='word_1_995' title='bbox 1649 2538 1674 2557; x_wconf 70' lang='lat' dir='ltr'>dr</span> <span class='ocrx_word' id='word_1_996' title='bbox 1686 2545 1730 2564; x_wconf 72' lang='lat' dir='ltr'>qum</span> 
     </span>
     <span class='ocr_line' id='line_1_131' title="bbox 934 2572 1731 2603; baseline -0.006 -6"><span class='ocrx_word' id='word_1_997' title='bbox 934 2576 992 2596; x_wconf 64' lang='lat' dir='ltr'>mum</span> <span class='ocrx_word' id='word_1_998' title='bbox 1011 2576 1057 2597; x_wconf 85' lang='grc' dir='ltr'><strong><em>ΙΙΙ,</em></strong></span> <span class='ocrx_word' id='word_1_999' title='bbox 1073 2575 1144 2603; x_wconf 66' lang='lat' dir='ltr'>&#39;gine</span> <span class='ocrx_word' id='word_1_1000' title='bbox 1158 2576 1222 2603; x_wconf 78' lang='lat' dir='ltr'>apud</span> <span class='ocrx_word' id='word_1_1001' title='bbox 1237 2574 1394 2600; x_wconf 65' lang='lat' dir='ltr'>Aug-antinum</span> <span class='ocrx_word' id='word_1_1002' title='bbox 1409 2573 1509 2597; x_wconf 68' lang='lat' dir='ltr'>dicitnr,</span> <span class='ocrx_word' id='word_1_1003' title='bbox 1523 2572 1600 2600; x_wconf 66' lang='lat' dir='ltr'>sarilo</span> <span class='ocrx_word' id='word_1_1004' title='bbox 1613 2572 1690 2600; x_wconf 71' lang='lat' dir='ltr'>potuit</span> <span class='ocrx_word' id='word_1_1005' title='bbox 1705 2573 1731 2592; x_wconf 74' lang='lat' dir='ltr'>dc</span> 
     </span>
     <span class='ocr_line' id='line_1_132' title="bbox 935 2607 1650 2636; baseline -0.006 -4"><span class='ocrx_word' id='word_1_1006' title='bbox 935 2615 1006 2632; x_wconf 68' lang='lat' dir='ltr'>triente</span> <span class='ocrx_word' id='word_1_1007' title='bbox 1016 2611 1118 2632; x_wconf 71' lang='lat' dir='ltr'>&#39;nmmum</span> <span class='ocrx_word' id='word_1_1008' title='bbox 1128 2610 1243 2633; x_wconf 74' lang='lat' dir='ltr'>etim-rm,</span> <span class='ocrx_word' id='word_1_1009' title='bbox 1255 2613 1280 2629; x_wconf 77' lang='lat' dir='ltr'>ut</span> <span class='ocrx_word' id='word_1_1010' title='bbox 1291 2616 1348 2636; x_wconf 71' lang='lat' dir='ltr'>qum«</span> <span class='ocrx_word' id='word_1_1011' title='bbox 1358 2609 1388 2629; x_wconf 66' lang='grc' dir='ltr'>εἰ(</span> <span class='ocrx_word' id='word_1_1012' title='bbox 1398 2615 1445 2629; x_wconf 74' lang='lat' dir='ltr'>una</span> <span class='ocrx_word' id='word_1_1013' title='bbox 1456 2614 1530 2634; x_wconf 66' lang='lat' dir='ltr'>rapas</span> <span class='ocrx_word' id='word_1_1014' title='bbox 1540 2607 1650 2628; x_wconf 63' lang='lat' dir='ltr'>fueriti-e.</span> 
     </span>
    </p>
   </div>
   <div class='ocr_carea' id='block_1_39' title="bbox 1272 2659 1433 2664">
    <p class='ocr_par' dir='ltr' id='par_1_42' title="bbox 1272 2659 1433 2664">
     <span class='ocr_line' id='line_1_133' title="bbox 1272 2659 1433 2664; baseline 0 0"><span class='ocrx_word' id='word_1_1015' title='bbox 1272 2659 1433 2664; x_wconf 95' lang='lat' dir='ltr'> </span> 
     </span>
    </p>
   </div>
  </div>
 </body>
</html>
