1941 3052
423 132 474 159 DE
508 131 691 159 NATURA
721 131 905 158 DEORUM
937 132 1018 158 LIB.
1050 132 1087 159 ΙΙ.

84 212 192 231 sursum
208 202 348 233 deorsum,
366 202 436 229 ultro
451 204 517 229 citro
532 203 761 234 commeantibus,
785 202 880 229 mundi

83 242 201 278 partium
212 241 364 267 coniunctio
374 241 536 267 continetur.
577 242 617 267 85.
639 240 712 273 Quae
723 245 768 266 aut
779 241 881 274 sempi-

84 284 158 306 terna
168 279 204 305 sit
214 286 323 304 necesse
335 282 387 309 est,
406 278 456 304 hoc
472 277 565 304 eodem
580 283 688 309 ornatu,
706 286 787 313 quem
803 277 881 303 vide-

83 325 155 347 mus,
168 320 214 342 aut
223 320 293 342 certe
300 315 486 350 perdiuturna,
495 324 654 350 permanens
661 315 694 341 ad
701 315 880 351 longinquum

84 358 110 380 et
125 353 289 380 immensum
305 361 389 387 paene
404 357 521 387 tempus.
563 353 681 385 Quorum
699 353 833 378 utrumvis
852 356 882 378 ut

84 392 132 422 sit,
159 391 282 425 sequitur
306 394 400 416 natura
420 389 554 416 mundum
574 390 767 416 administrari.
808 389 880 421 Quae

83 429 156 455 enim
170 428 298 454 classium
316 428 466 463 navigatio,
489 432 534 453 aut
545 436 614 462 quae
626 428 766 453 instructio
777 427 881 452 exerci-

83 471 135 497 tus,
149 470 194 492 aut
204 465 308 500 (rursus
319 469 350 491 ut
359 473 398 496 ea,
412 473 481 500 quae
493 469 586 491 natura
597 465 688 495 efficit,
702 464 882 499 conferamus)

83 512 152 538 quae
163 504 311 538 procreatio
322 502 386 528 vitis
399 507 444 528 aut
455 502 572 533 arboris,
589 511 658 537 quae
670 511 748 536 porro
758 502 882 527 animan-

83 541 118 567 tis
130 540 215 576 ligura
226 539 454 574 conformatioque
466 540 649 566 membrorum
661 544 759 566 tantam
772 544 881 565 naturae

83 577 229 604 sollertiam
243 577 391 613 significat,
407 582 534 612 quantam
551 578 609 612 ipse
625 576 762 603 mundus?
776 577 829 602 Aut
840 577 882 602 ni-

83 614 122 642 hil
134 616 271 651 igiturest,
286 614 358 649 quod
369 615 500 641 sentiente
512 620 604 641 natura
617 619 732 650 regatur,
746 619 791 641 aut
802 623 882 640 mun-

83 652 149 679 dum
160 653 217 688 regi
228 651 411 678 confitendum
423 657 472 679 est.
513 654 554 678 86.
576 653 691 683 Etenim,
704 652 752 686 qui
763 651 881 686 reliquas

83 695 192 717 naturas
207 698 301 716 omnes
315 698 462 724 earumque
481 690 584 715 semina
599 690 746 720 contineat,
769 691 817 724 qui
834 698 883 723 po—

82 732 134 754 test
145 728 203 762 ipse
215 736 267 753 non
279 732 372 753 natura
384 727 586 753 administrari?
605 731 643 758 ut,
659 728 683 753 si
693 727 741 761 qui
752 726 845 752 dentes
857 730 883 752 et

83 765 252 800 pubertatem
268 769 361 791 natura
377 764 449 791 dicat
464 765 606 795 exsistere,
623 765 714 799 ipsum
729 768 818 790 autem
833 763 882 790 ho-

82 803 195 834 minem,
208 803 253 828 cui
264 811 294 828 ea
305 803 444 833 exsistant,
458 811 511 828 non
523 807 643 828 constare
655 806 758 831 natura,
775 810 827 827 non
839 802 882 827 in-

82 840 186 876 telligat
195 848 225 866 ea
233 860 239 871 ,
255 848 324 874 quae
340 839 450 866 efferant
460 839 564 874 aliquid
575 848 609 865 ex
620 847 692 869 sese,
709 838 881 873 perfectiores

82 877 181 904 habere
193 882 310 907 naturas,
324 885 405 911 quam
417 885 456 908 ea,
470 885 538 911 quae
550 885 584 902 ex
596 877 629 902 iis
641 876 794 903 efferantur,

138 914 262 941 XXXIV.
284 914 413 940 Omnium
426 919 514 940 autem
526 921 629 945 rerum,
647 922 717 948 quae
729 919 823 940 natura
834 913 882 939 ad-

82 952 282 983 ministrantur,
301 952 446 978 seminator
457 956 483 977 et
492 956 563 978 sator
573 955 599 977 et
613 960 724 986 parens,
743 956 772 977 ut
788 952 823 977 ita
839 951 883 977 di-

81 997 155 1020 cam,
173 994 253 1024 atque
269 989 396 1015 educator
411 994 436 1015 et
446 989 513 1015 altor
524 993 564 1015 est
574 989 707 1020 mundus,
724 989 879 1023 omniaque,

81 1028 153 1053 sicut
168 1026 288 1052 membra
303 1031 329 1053 et
344 1031 432 1061 partes
447 1035 523 1058 suas,
549 1027 699 1052 nutricatur
713 1031 738 1053 et
753 1027 880 1052 continet.

80 1063 158 1096 Quod
169 1065 193 1090 si
204 1064 300 1090 mundi
312 1069 400 1099 partes
412 1069 506 1090 natura
517 1063 752 1095 administrantur,
772 1072 882 1090 necesse

80 1106 121 1128 est
136 1101 270 1128 mundum
287 1102 377 1136 ipsum
394 1107 487 1128 natura
502 1101 699 1128 administrari:
722 1102 801 1128 cuius
819 1102 882 1136 qui—

80 1139 143 1166 dem
154 1139 350 1165 administratio
363 1139 430 1165 nihil
443 1139 522 1165 habet
535 1139 561 1165 in
575 1147 617 1170 se,
635 1139 708 1174 quod
720 1138 881 1174 reprehendi

80 1177 179 1212 possit:
198 1185 236 1209 *ex
253 1177 286 1202 iis
302 1176 374 1203 enim
391 1177 508 1208 naturis,
526 1185 595 1211 quae
614 1181 701 1207 erant,
722 1176 794 1211 quod
810 1176 881 1202 effici

80 1215 214 1249 optimum
230 1214 330 1248 potuit,
353 1213 477 1241 effectum
493 1218 542 1240 est.
583 1214 625 1241 87.
647 1215 743 1240 Doceat
757 1223 819 1250 ergo
832 1214 882 1240 ali—

80 1252 143 1286 quis
164 1252 285 1286 potuisse
301 1251 410 1278 melius.
451 1252 505 1278 Sed
521 1260 600 1278 nemo
617 1260 747 1286 umquam
763 1251 878 1282 docebit,

81 1293 115 1320 et,
129 1289 152 1315 si
164 1289 227 1324 quis
238 1289 371 1324 corrigere
382 1289 487 1324 aliquid
500 1289 583 1320 volet,
602 1294 647 1315 aut
658 1289 776 1315 deterius
792 1289 878 1319 faciet,

80 1331 126 1353 aut
137 1326 174 1357 id,
190 1326 263 1361 quod
276 1327 333 1352 lieri
345 1335 395 1353 non
409 1328 537 1361 potuerit,
554 1326 728 1353 desiderabit.
769 1326 846 1359 Quod
858 1327 881 1352 si

79 1372 173 1390 omnes
185 1364 281 1390 mundi
293 1369 381 1398 partes
394 1365 428 1391 ita
441 1365 600 1391 constitutae
611 1369 686 1395 sunt,
705 1369 735 1390 ut
746 1373 833 1399 neque
848 1364 881 1391 ad

80 1409 161 1427 usum
173 1401 297 1427 meliores
309 1402 444 1436 potuerint
456 1410 528 1433 esse,
545 1410 632 1437 neque
644 1402 677 1428 ad
689 1402 806 1436 speciem
819 1402 881 1436 pul-

79 1438 212 1465 chriores:
231 1439 388 1471 videamus,
407 1444 497 1466 utrum
514 1448 543 1465 ea
560 1439 702 1466 fortuitane
718 1440 785 1470 sint,
803 1448 835 1465 an
850 1448 881 1466 eo

79 1481 163 1507 statu,
177 1485 230 1511 quo
241 1477 382 1503 cohaerere
395 1477 469 1503 nullo
481 1477 559 1503 modo
571 1478 718 1511 potuerint,
733 1477 786 1503 nisi
798 1486 880 1503 sensu

80 1513 234 1540 moderante
254 1513 403 1549 divinaque
424 1514 604 1549 providentia.
645 1514 672 1540 Si
688 1523 751 1550 ergo
768 1514 878 1541 meliora

79 1555 143 1577 sunt
158 1559 203 1582 ea,
221 1559 291 1586 quae
307 1556 415 1583 natura,
433 1561 514 1586 quam
531 1552 590 1583 illa,
608 1561 677 1587 quae
693 1557 747 1578 arte
764 1551 880 1587 perfecta

79 1592 151 1619 sunt,
165 1597 214 1615 nec
226 1597 268 1615 ars
279 1588 362 1616 efficit
372 1589 523 1624 quidquam
535 1590 593 1616 sine
605 1590 720 1616 ratione:
742 1598 774 1616 ne
786 1594 879 1616 natura

79 1625 191 1661 quidem
203 1626 313 1652 rationis
324 1635 421 1661 expers
432 1631 473 1653 est
485 1627 616 1654 habenda.
657 1627 709 1659 Qut
723 1627 805 1663 igitur
815 1636 880 1653 con-

80 1664 167 1694 venit,
190 1664 300 1699 signum
316 1669 361 1690 aut
376 1664 497 1691 tabulam
514 1666 612 1699 pictam
628 1673 714 1699 quum
729 1665 877 1699 aspexeris,

79 1701 148 1727 scire
160 1701 310 1727 adhibitam
321 1710 380 1728 csse
392 1706 488 1733 artem,
506 1711 647 1737 quumque
664 1702 756 1737 procul
768 1711 878 1728 cursum

78 1738 183 1774 navigii
200 1738 315 1770 videris,
333 1748 385 1766 non
400 1739 538 1770 dubitare,
557 1741 623 1774 quin
641 1740 667 1765 id
684 1741 785 1766 ratione
799 1745 879 1775 atque

79 1780 133 1802 arte
145 1781 297 1810 moveatur;
315 1781 361 1803 aut
372 1777 397 1808 *,
415 1786 500 1812 quum
512 1776 641 1803 solarium
653 1782 699 1803 aut
712 1777 879 1812 descriptum

79 1817 125 1840 aut
139 1822 173 1840 ex
188 1822 258 1848 aqua
273 1814 467 1849 contemplere,
487 1814 638 1850 intelligere
653 1814 782 1841 declarari
802 1816 879 1841 boras

79 1855 142 1882 arte,
156 1859 209 1877 non
220 1860 298 1877 casu:
313 1851 446 1878 mundum
457 1857 556 1883 autem,
570 1853 617 1887 qui
630 1856 655 1878 et
666 1852 713 1878 has
726 1853 798 1887 ipsas
810 1858 879 1879 artes

78 1892 105 1915 et
119 1896 212 1914 earum
226 1888 341 1915 artifices
357 1893 383 1915 et
397 1894 492 1916 cuncta
507 1889 713 1924 complectatur,
731 1890 838 1916 consilii
855 1896 880 1917 et

79 1925 190 1951 rationis
201 1933 260 1951 esse
275 1930 412 1960 expertem
429 1926 542 1961 putare?
574 1929 615 1953 88.
637 1927 714 1959 Quod
730 1928 753 1953 si
770 1928 796 1954 in
813 1928 880 1964 Scy-

79 1962 163 1989 thiam
175 1967 221 1989 aut
233 1963 429 1989 inBritanniam
440 1964 582 1998 sphaeram
594 1963 876 1998 aliquistulerithanc‚

78 2008 161 2035 quam
173 2008 260 2034 nuper
273 1999 413 2026 familiaris
426 2005 514 2027 noster
527 2001 790 2033 effecitP0sidonius,
799 2003 879 2029 cuius

78 2036 203 2073 singulae
214 2038 404 2064 conversiones
416 2038 488 2064 idem
501 2038 623 2064 efficiunt
635 2039 661 2064 in
673 2038 728 2064 sole
739 2040 803 2066 etin
817 2040 878 2066 luna

78 2075 142 2101 etin
154 2075 277 2110 quinque
288 2075 374 2101 stellis
385 2075 546 2107 errantibus,
555 2075 628 2110 quod
639 2075 757 2102 eflicitur
768 2077 794 2103 in
807 2077 880 2104 caelo

78 2112 196 2147 singulis
207 2112 305 2138 diebus
315 2117 341 2139 ct
352 2113 490 2139 noctibus:
508 2114 571 2148 quis
588 2113 614 2139 in
632 2113 677 2140 illa
692 2113 816 2140 barbaria
828 2115 880 2141 du-

79 2149 154 2180 bitet,
168 2150 234 2184 quin
247 2158 276 2176 ea
288 2150 401 2184 sphaera
413 2151 448 2176 sit
460 2150 575 2185 perfecta
588 2150 706 2177 ratione?
721 2151 832 2178 XXXV.
847 2153 878 2178 lli

78 2191 167 2213 autem
179 2187 304 2213 dubitant
315 2187 348 2213 de
365 2188 481 2219 mundo,
496 2197 530 2214 ex
540 2197 594 2223 quo
604 2193 630 2214 et
639 2189 764 2215 oriuntur
774 2194 799 2215 et
812 2190 879 2216 liunt

77 2224 181 2255 omnia,
199 2233 299 2251 casune
311 2225 369 2259 ipse
381 2226 416 2251 sit
430 2225 540 2252 effectus
550 2230 596 2252 aut
607 2226 764 2252 necessitate
776 2226 876 2262 aliqua,

78 2270 111 2288 an
123 2262 224 2288 ratione
236 2270 265 2288 ac
277 2267 365 2288 mente
381 2262 488 2293 divina,
507 2267 532 2289 et
543 2262 733 2289 Archimedem
745 2264 879 2290 arbitran-

78 2303 121 2325 tur
136 2298 198 2334 plus
214 2299 333 2325 valuisse
349 2299 376 2326 in
393 2300 532 2326 imitandis
547 2300 677 2334 sphaerae
692 2302 878 2328 conversioni-

77 2335 143 2367 bus,
159 2345 241 2371 quam
258 2341 380 2363 naturam
393 2337 419 2363 in
435 2337 600 2369 efficiendis,
619 2339 775 2372 praesertim
792 2348 877 2374 quum

78 2373 300 2408 multispartibus
312 2375 367 2400 sint
378 2374 422 2401 illa
436 2374 561 2409 perfecta,
570 2383 651 2410 quam
664 2375 728 2402 hacc
740 2376 876 2407 simulata,
900 2375 902 2399 ἲ

77 2410 224 2438 sollertius.
265 2413 305 2438 89.
329 2412 410 2447 Atqui
426 2412 470 2438 ille.
489 2412 562 2447 apud
580 2412 682 2438 Attium
705 2418 806 2447 pastor,
830 2415 878 2448 qui

77 2456 174 2475 navem
187 2457 335 2484 numquam
348 2455 408 2476 ante
420 2449 546 2480 vidisset,
571 2454 599 2476 ut
610 2449 702 2484 procul
715 2450 840 2477 divinum
853 2456 878 2477 et

77 2493 179 2512 novum
195 2486 352 2513 vehiculum
364 2487 578 2522 Argonautarum
595 2495 608 2513 o
625 2492 713 2513 monte
725 2489 875 2523 conspexit.

77 2523 165 2558 primo
176 2523 312 2550 admirans
324 2529 349 2550 ct
360 2525 527 2559 perterritus,
543 2524 592 2550 hoc
604 2524 682 2550 modo
695 2524 827 2560 loquitur:

405 2576 442 2581 ——
454 2565 527 2588 ιάιιια
538 2563 613 2587 moles
625 2563 729 2591 labatur,

113 2599 279 2631 sremebtmcla
289 2607 322 2624 ex
333 2600 394 2629 allo,
410 2602 505 2633 inflanti
515 2602 599 2625 sonita
610 2603 632 2625 el
643 2601 751 2632 spirim:

112 2643 176 2667 prae
188 2643 214 2660 se
225 2637 307 2662 aradus
318 2637 403 2666 volvit,
418 2639 527 2663 vortices
537 2639 563 2662 vi
572 2639 694 2669 suscitat,-

114 2674 168 2698 rut't
178 2674 316 2706 prolapsa;
324 2675 432 2707 pe'luyus
443 2676 580 2708 1·cspe›·9n‘t;
592 2676 674 2706 reflat.

908 1691 910 1695 Δ
932 1665 1009 1700 quasi
1023 1674 1085 1691 vero
1097 1674 1148 1692 non
1160 1665 1259 1692 Graius
1271 1665 1321 1691 hoc
1332 1665 1412 1692 dicat.

908 1719 910 1731 η,
933 1703 1074 1738 Siquidem
1088 1712 1135 1729 uos
1148 1712 1198 1729 non
1211 1704 1397 1738 quasiGracce
1411 1702 1564 1738 loquentem
1576 1702 1730 1729 audiamus.

1119 132 1210 159 CAP.
1242 135 1392 161 30—37.
1666 138 1728 164 1119

968 204 1010 229 Ita
1020 206 1080 230 dum
1090 206 1261 237 interruptum
1273 208 1362 232 credas
1373 207 1484 232 nimbum
1494 208 1598 237 volvier,

968 243 1028 267 dum
1039 244 1106 274 quod
1116 244 1222 268 sublime
1233 246 1313 269 ventis
1323 245 1459 276 expulsum
1469 246 1528 277 rapi

968 287 1071 309 aarum,
1084 282 1129 305 αιὶι
1139 282 1260 312 procellis
1269 282 1308 306 vel
1319 282 1433 314 ylobosos
1445 283 1558 307 turbines

969 318 1091 342 exsistere
1102 319 1165 342 ictos
1176 320 1251 343 undis
1263 320 1473 344 concursantibus
1480 329 1487 344 .-

969 356 1019 378 m'si
1033 356 1098 386 quas
1112 359 1244 380 terrestres
1255 355 1346 381 Pontus
1357 354 1457 389 slra'qes
1468 359 1562 382 conciet
1570 366 1578 381 .-

969 395 1014 416 aut
1024 394 1089 423 [urle
1102 392 1198 421 Triton,
1209 395 1311 425 fuscina
1322 396 1433 419 evertens
1443 402 1539 426 specus,

969 430 1055 453 subter
1066 430 1167 454 radices
1176 432 1277 462 penitus
1288 433 1399 456 undante
1411 433 1437 457 in
1447 433 1513 464 frelo

971 467 1058 490 molem
1069 469 1101 491 er
1109 469 1238 500 profundo
1247 470 1355 493 saxeam
1365 470 1400 494 ad
1411 470 1506 493 caelum
1519 466 1604 493 e'ruil?

933 501 1041 528 Dubitat
1053 503 1152 537 primo,
1171 512 1240 538 quae
1251 505 1286 530 sit
1297 513 1326 530 ea
1339 510 1446 536 natura,
1462 514 1543 540 quam
1554 506 1639 532 cernit
1655 506 1731 541 igno-

934 543 1000 565 tam:
1025 539 1163 575 idemque,
1188 542 1335 568 iuvenibus
1355 543 1436 574 visis,
1459 542 1605 578 auditoque
1624 544 1731 569 nautico

933 581 1022 608 cantu,

969 617 1006 640 sir
1018 617 1120 641 incitati
1130 620 1153 641 et
1163 617 1264 642 alacres
1274 619 1366 643 rostris
1373 619 1531 650 perfremunt

970 653 1091 685 delphini.
1102 668 1139 671 —

934 690 998 715 Item
1011 689 1062 715 alia
1074 689 1168 716 multa.

971 742 984 746 -
994 742 1007 745 -
1018 727 1122 753 Silvani
1131 729 1193 753 melo

972 766 1126 790 consimilem
1137 767 1171 790 ad
1181 774 1258 791 aures
1272 768 1375 791 clintum
1386 770 1408 791 et
1419 767 1537 791 auditum
1546 769 1631 799 refert.

934 802 975 827 90.
998 802 1067 836 Ergo
1083 806 1112 828 ut
1128 802 1172 827 hic
1190 803 1276 836 primo
1297 807 1406 837 aspectu
1428 803 1578 829 inanimum
1600 802 1731 837 quiddam

933 847 1070 873 sensuque
1086 848 1201 865 vacuum
1212 848 1240 865 se
1252 844 1327 874 putat
1337 848 1459 872 cernere3
1474 845 1533 874 post
1543 845 1631 866 autem
1643 841 1731 876 signis

933 876 1106 907 certioribus,
1124 877 1203 911 quale
1215 877 1250 903 sit
1264 876 1304 907 id,
1322 877 1355 903 de
1369 886 1423 912 quo
1434 877 1618 908 dubitaverat,
1637 879 1733 913 incipit

933 914 1081 948 suspicari:
1104 915 1143 940 sic
1154 914 1310 949 philosophi
1325 914 1489 945 debuerunt.
1506 916 1529 941 si
1543 914 1608 941 forte
1619 923 1664 941 eos
1676 916 1733 950 pri-

934 960 994 977 mus
1007 956 1131 986 aspectus
1144 952 1238 977 mundi
1249 952 1463 982 conturbaverat,
1476 957 1576 986 postea,
1592 961 1678 987 quum
1690 954 1733 979 vi-

933 989 1037 1015 dissent
1049 994 1136 1015 motus
1148 990 1207 1015 eius
1219 989 1308 1015 finitos
1319 994 1345 1015 et
1356 990 1521 1024 aequabiles,
1533 991 1678 1024 omniaque
1690 999 1733 1016 ra-

934 1027 967 1053 tis
979 1026 1121 1053 ordinibus
1133 1026 1268 1053 moderata
1280 1027 1500 1062 immutabilique
1511 1028 1673 1059 constantia,
1690 1029 1733 1054 in-

934 1064 1054 1099 telligere
1066 1065 1154 1090 inesse
1165 1064 1284 1099 aliquem
1296 1073 1348 1091 non
1360 1064 1448 1091 solum
1461 1065 1636 1091 habitatorem
1648 1066 1675 1091 in
1683 1065 1732 1091 hac

933 1101 1083 1128 caelestiae
1095 1102 1188 1128 divina
1200 1102 1293 1133 domo,
1311 1102 1358 1128 sed
1371 1103 1451 1128 etiam
1463 1108 1592 1129 rectorem
1604 1107 1629 1129 et
1640 1103 1733 1129 mode—

933 1144 1046 1166 ratorem
1058 1144 1084 1166 et
1094 1144 1232 1174 tamquam
1244 1139 1419 1166 architectum
1432 1141 1497 1166 tanti
1511 1141 1600 1175 operis
1613 1141 1732 1175 tantique

933 1177 1065 1203 muneris.
1106 1176 1230 1204 XXXVI.
1253 1178 1331 1203 Nunc
1352 1182 1442 1203 autem
1463 1178 1531 1203 mihi
1552 1177 1679 1204 videntur
1699 1186 1733 1204 ne

932 1215 1066 1249 suspicari
1077 1215 1197 1249 quidem,
1211 1219 1310 1250 quanta
1321 1215 1357 1241 sit
1367 1215 1564 1242 admirabilitas
1575 1215 1732 1242 caelestium

933 1261 1022 1278 rerum
1034 1257 1113 1287 atque
1128 1254 1304 1279 terrestrium.

989 1292 1030 1316 91.
1043 1291 1178 1325 Principio
1189 1291 1262 1316 enim
1275 1295 1342 1316 terra
1351 1311 1356 1321 ,
1365 1290 1416 1316 sita
1429 1290 1455 1316 in
1467 1289 1555 1316 media
1568 1294 1640 1324 parte
1653 1298 1733 1316 mun-

932 1327 974 1358 di,
992 1327 1156 1354 circumfusa
1173 1327 1295 1362 undiquc
1311 1332 1350 1353 est
1365 1327 1413 1353 hac
1428 1327 1538 1353 animali
1553 1327 1733 1362 spirabilique

933 1369 1035 1396 natura,
1052 1366 1096 1391 cui
1108 1374 1204 1391 nomen
1216 1370 1256 1391 est
1267 1374 1319 1396 aer,
1329 1365 1461 1391 Graecum
1475 1365 1542 1391 illud
1554 1364 1732 1399 quidem,sc(l

932 1407 1089 1437 perceptum
1106 1404 1157 1429 iam
1175 1407 1263 1429 tamen
1281 1411 1332 1428 usu
1348 1411 1362 1428 a
1375 1403 1486 1429 nostris:
1506 1404 1597 1429 tritum
1609 1403 1733 1428 estenim

932 1449 980 1475 pro
993 1441 1095 1467 Latino.
1138 1441 1212 1466 llunc
1229 1449 1323 1466 rursus
1340 1440 1511 1475 amplectitur
1527 1441 1676 1466 immensus
1688 1449 1733 1466 ae-

933 1478 1004 1508 ther,
1026 1479 1073 1513 qui
1093 1482 1196 1504 constat
1210 1487 1244 1504 ex
1260 1478 1400 1504 altissimis
1416 1478 1537 1513 ignibus.
1578 1478 1734 1504 Mutuemur

933 1515 982 1541 boc
1002 1524 1111 1550 quoque
1133 1516 1246 1541 verbum
1265 1515 1425 1550 dicaturque
1447 1520 1499 1541 tam
1521 1515 1611 1541 aether
1628 1515 1730 1546 Latine,

932 1562 1013 1588 quam
1027 1553 1127 1579 dicitur
1137 1562 1190 1584 aer,
1207 1554 1257 1579 etsi
1270 1554 1458 1587 interpretatur
1469 1553 1617 1579 Pacuvius:

971 1591 1031 1621 Ilo'c,
1045 1593 1111 1624 quod
1123 1600 1239 1621 nientoro,
1253 1594 1334 1617 no'slri
1346 1592 1452 1619 caelum,
1462 1591 1539 1617 Graia·
1547 1592 1677 1624 perhibent
1688 1594 1733 1616 ue-

1344 1630 1416 1654 !hera
1426 1643 1463 1648 —

1455 1665 1486 1691 At
1499 1665 1589 1691 Latine
1603 1664 1730 1700 loquitur.

932 1741 1011 1767 Docet
1024 1741 1094 1766 idem
1106 1741 1158 1767 alio
1171 1740 1240 1767 loco:

972 1779 1119 1811 (Ji-aiamim
1132 1782 1162 1805 de
1173 1781 1236 1804 istac
1244 1779 1254 1790 ⁸
1266 1781 1350 1812 ‹iper-i!
1362 1781 1417 1811 ipsa
1429 1780 1521 1804 oratio.

932 1817 973 1842 9¹2.
996 1816 1046 1842 Sed
1064 1816 1096 1842 ad
1113 1816 1213 1842 maiora
1229 1815 1381 1842 redeamus.
1422 1815 1462 1842 Ex
1478 1814 1584 1841 aethere
1596 1815 1679 1850 igitur
1690 1815 1733 1841 in-

909 1850 910 1853 *
933 1854 1116 1880 numerabiles
1129 1853 1250 1880 flammae
1262 1853 1382 1879 siderum
1395 1853 1543 1883 exsistunt,
1560 1861 1676 1887 quorum
1693 1858 1734 1879 est

932 1892 1058 1926 princeps
1070 1891 1123 1922 sol,
1137 1892 1226 1917 omnia
1238 1891 1389 1917 clarissima
1402 1890 1460 1916 luce
1471 1890 1647 1920 collustrans,
1661 1890 1734 1916 mul-

932 1930 965 1955 tis
978 1929 1100 1963 partibus
1113 1930 1197 1955 maior
1208 1934 1288 1963 atque
1299 1928 1426 1963 amplior,
1445 1937 1526 1963 quam
1542 1933 1609 1954 terra
1622 1928 1733 1954 univer-

931 1976 973 1992 sa:
992 1967 1090 1992 deinde
1107 1967 1210 2001 reliqua
1227 1966 1315 1993 sidera
1328 1965 1564 2001 magnitudinibus
1580 1966 1731 1991 immensis.

931 2004 1018 2038 Atque
1032 2004 1059 2030 hi
1072 2005 1136 2030 tanti
1150 2005 1226 2039 ignes
1238 2009 1346 2039 tamque
1358 2003 1436 2030 multi
1449 2012 1500 2029 non
1513 2002 1592 2029 modo
1604 2002 1672 2029 nihil
1685 2012 1733 2029 no-

931 2046 992 2067 cent
1004 2042 1080 2067 terris
1092 2042 1228 2076 rebusque
1241 2042 1426 2071 terrestribus,
1443 2040 1490 2067 sed
1503 2041 1537 2067 ita
1550 2045 1675 2075 prosunt,
1693 2045 1730 2069 ut,

931 2079 953 2104 si
966 2083 1035 2104 mota
1049 2079 1104 2105 loco
1116 2080 1178 2110 sint,
1192 2078 1354 2114 conflagrare
1367 2084 1449 2105 terras
1462 2087 1570 2104 necesse
1581 2079 1615 2104 sit
1626 2087 1639 2104 a
1652 2079 1732 2103 tantis

931 2116 1083 2145 ardoribus,
1099 2117 1279 2142 moderatione
1291 2121 1316 2142 ct
1328 2117 1519 2151 temperatione
1530 2115 1646 2141 sublata.

988 2153 1124 2179 XXXVII.
1141 2155 1182 2179 93.
1206 2154 1253 2179 llic
1264 2162 1314 2188 ego
1326 2162 1377 2179 non
1389 2154 1472 2179 mirer
1482 2162 1541 2179 esse
1552 2160 1728 2187 quemquam.

931 2191 978 2224 qui
991 2190 1044 2216 sihi
1057 2190 1344 2224 persua‹leat,corpora
1356 2191 1489 2225 quaedam
1500 2190 1585 2216 solida
1597 2195 1676 2224 atque
1690 2189 1731 2214 in-

931 2227 1043 2253 dividua
1057 2228 1083 2253 vi
1100 2233 1124 2253 ct
1139 2228 1270 2262 gravitate
1287 2227 1348 2253 ferri
1365 2228 1553 2262 mundumque
1568 2227 1638 2253 eflici
1652 2235 1731 2252 ortia-

932 2265 1068 2291 tissimum
1085 2269 1109 2290 et
1125 2264 1339 2299 [mli-herrinnun
1355 2274 1389 2291 ex
1404 2274 1496 2291 eorum
1513 2273 1654 2299 corporum
1666 2272 1731 2289 con-

931 2303 1055 2327 cursione
1078 2301 1203 2328 fortuita?
1224 2302 1276 2328 lloc
1296 2303 1344 2336 qui
1365 2303 1501 2329 existimet
1521 2303 1577 2328 lieri
1599 2302 1728 2336 potuisse.

932 2349 982 2365 non
1001 2339 1135 2373 intelligo.
1152 2348 1200 2365 cur
1217 2348 1268 2365 nou
1286 2339 1357 2365 idem
1375 2344 1462 2374 putet,
1479 2341 1502 2366 si
1519 2338 1730 2365 innumerabiles

931 2377 1013 2402 unius
1024 2381 1049 2402 et
1062 2377 1158 2411 viginti
1171 2376 1270 2402 formae
1284 2376 1441 2405 litterarum,
1452 2377 1491 2402 vel
1504 2385 1600 2402 aureae
1613 2375 1730 2410 volqua-

932 2414 1050 2443 leslihet,
1069 2414 1160 2448 aliquo
1176 2415 1367 2442 coniiciantur.
1388 2423 1464 2448 posse
1481 2423 1514 2440 ex
1531 2414 1573 2439 his
1590 2413 1616 2439 in
1633 2418 1728 2439 terram

907 2451 908 2456 ¹
930 2452 1053 2477 excussis
1065 2451 1174 2477 aiuialcs
1187 2452 1280 2480 Ennii.
1295 2456 1323 2477 ut
1335 2451 1462 2485 deinceps
1476 2451 1527 2485 legi
1540 2451 1656 2485 possint,
1670 2450 1729 2476 efli-

906 2494 909 2533 ἐ
929 2489 967 2518 ci;
982 2488 1053 2524 quod
1067 2490 1156 2514 nescio
1168 2498 1200 2515 an
1213 2498 1245 2515 nc
1259 2490 1283 2514 in
1297 2497 1349 2514 uno
1360 2489 1470 2523 quidem
1485 2497 1563 2514 versu
1576 2488 1659 2522 possit
1671 2492 1729 2514 tau-

930 2531 986 2552 tum
1003 2526 1091 2552 valere
1108 2526 1222 2553 fortuna.
1263 2527 1304 2552 95.
1328 2527 1372 2552 lsti
1393 2531 1481 2552 autem
1497 2525 1727 2561 quemadmodum

929 2568 1096 2594 asseverant,
1114 2573 1148 2590 ex
1163 2563 1332 2598 corpusculis
1345 2573 1395 2589 non
1412 2563 1513 2594 colore,
1531 2572 1582 2590 non
1599 2562 1727 2598 qualitate

928 2601 1028 2635 aliqua,
1042 2610 1123 2636 (ptam
1137 2601 1362 2634 n‹n‹in,mGrnoci
1376 2606 1479 2631 vocant,
1493 2610 1543 2627 non
1555 2609 1637 2627 sensu
1651 2609 1727 2635 prae-

928 2638 1002 2668 ditis,
1020 2638 1067 2664 scd
1082 2638 1305 2665 concurrentiluts
1317 2644 1415 2664 temere
1427 2644 1506 2674 atque
1517 2647 1581 2665 casu
1593 2638 1725 2664 mundum

928 2684 987 2702 esse
1008 2675 1176 2711 perfectum?
1197 2675 1238 2702 vel
1261 2676 1474 2703 innumerabiles
1495 2677 1584 2712 potius
1606 2676 1632 2702 in
1652 2676 1725 2702 omni
