1941 3052
240 143 289 168 652

812 141 853 165 07.
889 140 923 166 M.
957 140 987 166 T.
1023 139 1295 167 ctctzttuMS

241 213 364 239 tremens:
388 220 474 246 neque
491 210 573 237 ullius
590 211 683 236 borum
702 210 727 235 in
741 209 893 236 ulciscendo
904 209 1032 235 acerbitas
1052 219 1055 240 ι
1086 214 1169 244 putat.
1195 211 1275 242 Quasi
1289 219 1350 236 vero
1361 219 1412 237 non
1424 219 1507 237 unum
1520 211 1645 246 idemque
1655 211 1756 238 bellum
1768 212 1874 239 sincon-

241 258 378 284 progressa
392 249 457 274 ultra
470 253 578 274 mortem
592 252 639 272 est.

242 296 286 313 ves
299 287 378 312 nimi„
389 285 504 311 erudelis
517 284 666 318 putabatur.

240 325 266 350 in
278 323 376 349 scelere
389 331 443 356 par,
458 322 635 351 invisitatum,
651 321 799 347 inauditum
809 341 814 350 ,
831 320 925 350 ferum,
939 321 1033 346 barba·
1053 344 1055 357 Ι,

241 370 309 386 rum.
353 361 440 393 ltaque
455 367 569 392 quorum
586 367 723 383 summum
735 357 869 391 qimndam
883 359 949 384 inter
960 358 1032 392 ipsos

239 398 329 423 odium
343 396 497 430 bellumque
509 396 678 425 meministis,
691 395 798 421 eosdem
812 400 900 429 postea
911 395 1033 428 singula·
1052 414 1055 434 ι

241 435 259 459 ri
279 435 344 459 inu-r
359 442 388 458 se
403 441 534 458 consensu
551 437 575 458 et
591 441 678 458 autore
693 432 814 458 devinxit
835 432 1032 466 impurissimae

240 475 346 497 :laturae
371 474 396 496 et
422 470 591 504 turpissimae
618 470 685 495 vitae
706 469 864 495 similitudo.

240 550 281 571 tur
293 544 432 570 Antonius.

240 582 310 608 libus
321 581 537 615 exercitibusque
550 582 655 612 nostris,
665 590 750 615 neque
761 581 826 607 dum
838 586 959 607 senatum
971 590 1032 607 cum
1053 607 1055 615 ι

240 618 338 653 populo
355 619 470 644 llomano
484 619 652 652 conspirasse
667 619 810 648 sensisset,
829 618 912 644 fretus
926 618 1032 644 Antonii
1053 618 1055 658 j

238 656 323 690 copiis
338 664 366 682 ea
382 655 481 682 scelera
496 656 628 690 suscepit,
645 665 714 690 quae
729 656 824 682 llomae
841 656 893 682 iam
909 660 1032 690 suscepta

239 693 414 719 arbitrabatur
429 702 442 719 a
458 693 530 719 socio
546 692 642 719 furoris
658 694 710 719 sui.
752 696 776 720 3.
797 693 867 725 Quid
883 702 946 728 ergo
962 693 1032 719 bunc

238 730 312 756 aliud
324 730 424 760 moliri,
441 730 508 765 quid
524 735 613 765 optare
628 730 754 760 censetis,
777 735 822 757 aut
832 739 913 765 quam
924 731 1033 756 omnino
1053 735 1055 780 Ι

238 776 359 794 caussam
374 776 433 794 esse
449 766 530 793 belli?
550 767 662 798 Omnes,
684 768 731 802 qui
747 767 829 794 libere
843 768 876 794 de
896 767 1032 802 republica

239 805 386 836 sensimus,
409 805 456 839 qui
472 804 567 839 dignas
583 805 659 831 nobis
674 806 818 831 sententias
834 805 967 835 diximus.
985 805 1032 839 qui

239 841 368 876 populum
390 842 538 868 Romanum
556 842 669 868 liberum
690 851 749 868 esse
770 842 919 872 voluimus,
940 843 1033 868 statuit
1053 844 1063 890 ¹¹}

238 879 284 906 ille
294 879 403 914 quidem
417 879 668 909 nonini111i‹·os,sed
682 879 783 906 hostes:
798 881 895 906 maiora
907 884 993 905 tamen
1006 879 1031 905 in

239 925 299 947 nos,
317 925 398 951 quam
415 917 440 943 in
457 916 572 946 hostem,
594 916 726 951 supplicia
743 917 898 943 meditatur:
922 921 1032 943 mortem
1053 899 1055 934 l

209 965 214 972 ¹
239 958 347 980 naturae
359 962 469 988 poenam
483 958 557 988 putat
568 962 634 985 esse,
648 954 799 981 iracundiae
814 959 940 980 tormenta
953 959 1031 988 atque
1053 942 1055 979 l

238 992 395 1018 cruciatum.
435 990 527 1023 Qualis
548 991 630 1026 igitur
645 991 729 1018 hostis
748 991 888 1018 habendus
905 997 943 1017 est
960 992 995 1021 is,
1018 999 1031 1016 a

238 1037 291 1063 quo
308 1029 405 1054 victore
420 1029 442 1054 si
453 1029 588 1054 cruciatus
599 1029 682 1058 absit,
705 1037 776 1055 mors
787 1030 814 1055 in
826 1028 946 1055 beneficii
961 1032 1032 1063 parte
1052 1014 1055 1041 l

239 1065 411 1092 numeretur?
432 1066 461 1091 ll.
474 1065 661 1097 Quamobrem,
675 1071 761 1100 patres
772 1067 925 1100 conscripti,
937 1074 1033 1100 quam-
1052 1060 1055 1104 J

237 1111 318 1138 quam
336 1102 466 1129 hortatore
482 1111 532 1129 non
548 1104 644 1138 egetis.
667 1103 728 1138 (ipsi
748 1104 819 1129 enim
836 1108 923 1129 vestra
939 1108 1032 1137 sponte

238 1140 377 1166 exarsistis
392 1139 424 1166 ad
442 1139 569 1166 libertatis
581 1140 776 1175 recuperandae
787 1140 983 1175 cupiditatem)
994 1145 1032 1166 ta-

239 1186 299 1204 men
315 1186 346 1204 eo
360 1178 458 1203 maiore
473 1178 562 1203 animo
572 1178 715 1212 studioque
728 1178 875 1204 libertatem
887 1177 1030 1208 defendite,

237 1223 291 1249 quo
306 1215 404 1241 maiora
420 1215 551 1249 proposita
569 1215 645 1241 victis
660 1215 793 1249 supplicia
808 1215 946 1242 servitutis
959 1215 1033 1241 vide-

239 1253 282 1278 tis.
324 1253 347 1278 t.
370 1253 397 1278 In
410 1252 523 1278 Galliam
540 1252 638 1278 invasit
652 1252 798 1284 Antonius,
815 1253 842 1279 in
855 1252 944 1279 Asiam
956 1252 1034 1279 Dola-

238 1288 321 1315 bella:
336 1289 361 1315 in
373 1289 486 1315 alienam
498 1294 610 1324 uterque
622 1290 796 1324 provinciam.
834 1290 916 1316 Alteri
927 1298 956 1316 se
966 1290 1034 1316 Bru·

238 1331 281 1352 tus
296 1326 405 1357 obiecit,
429 1327 614 1361 impetumque
634 1326 746 1353 furentis
761 1332 840 1362 atque
853 1327 943 1354 omnia
957 1327 1034 1353 dive-

238 1371 299 1390 xare
313 1372 343 1390 ac
358 1363 472 1397 diripere
487 1364 620 1398 cupientis
637 1365 704 1390 vitae
719 1373 783 1391 suae
794 1364 912 1399 periculo
922 1364 1034 1399 colliga-

238 1401 288 1431 vit,
305 1409 447 1436 progressu
463 1402 561 1432 arcuit,
579 1410 593 1427 a
605 1401 691 1428 reditu
703 1401 860 1428 refrenavit:
877 1401 994 1428 obsideri
1005 1410 1033 1428 se

238 1446 334 1472 passus
345 1447 378 1464 ex
389 1442 501 1473 utraque
512 1443 585 1473 parte
594 1439 753 1466 constrinxit
763 1439 920 1466 Antonium.
960 1438 1034 1466 Alter

237 1476 264 1501 in
275 1475 366 1501 Asiam
377 1475 483 1510 irrupit.
524 1475 596 1502 Cur?
615 1476 652 1507 Si,
667 1481 696 1503 ut
706 1477 733 1503 in
745 1476 860 1512 Syriam,
874 1477 980 1511 patebat
990 1477 1033 1503 via

236 1517 305 1539 certa
321 1521 408 1547 neque
424 1512 516 1548 longa:
538 1513 605 1548 quid
619 1522 688 1548 opus
703 1513 755 1540 fuit
769 1523 831 1540 cum
844 1513 947 1550 legione
957 1522 1034 1549 prae-

239 1550 321 1576 misso
332 1550 419 1576 Marso
435 1551 523 1576 nescio
537 1559 591 1585 quo
602 1550 725 1582 Octavio,
742 1551 868 1578 scelerato
880 1551 980 1578 latrone
994 1555 1034 1578 at—

237 1595 290 1621 que
301 1592 402 1622 egente,
418 1588 466 1622 qui
477 1587 650 1622 popularetur
659 1597 746 1624 agros,
759 1593 867 1615 vexaret
877 1589 967 1619 urbes,
980 1597 1032 1615 non

238 1624 270 1650 ad
281 1632 357 1659 spem
369 1625 568 1652 constituendae
579 1626 617 1651 rei
628 1625 777 1655 familiaris,
785 1634 866 1660 quam
873 1630 961 1652 tenere
970 1634 1032 1652 eum

239 1670 316 1695 posse
328 1666 433 1697 negant,
442 1663 489 1696 qui
502 1667 611 1689 norunt:
624 1662 702 1697 (mihi
712 1663 784 1689 enim
792 1663 946 1689 hicsenator
957 1664 1034 1699 igno-

239 1703 281 1724 tus
293 1698 358 1733 est:)
370 1698 417 1724 sed
428 1699 460 1725 ad
472 1704 637 1733 praesentem
649 1704 755 1734 pastum
768 1699 946 1726 mendicitatis
957 1708 1030 1731 suae,

237 1740 396 1761 consecutus
412 1740 452 1762 est
469 1736 616 1767 Dolabella,
635 1736 708 1763 nulla
723 1737 877 1771 suspicione
891 1737 964 1763 belli.
1005 1738 1031 1764 5.

238 1772 304 1804 Quis
320 1773 391 1798 enim
407 1772 434 1798 id
451 1773 570 1806 putaret?
590 1773 701 1800 Secutae
716 1773 906 1800 collocutiones
917 1773 1033 1800 familia-

238 1809 359 1835 rissimae
369 1818 430 1835 cum
442 1810 585 1841 Trebonio,
597 1810 809 1845 complexusque
819 1819 940 1837 summae
952 1811 1033 1838 bene-

238 1846 369 1872 volentiae
385 1845 444 1872 falsi
462 1847 563 1873 indices
578 1849 738 1874 exstiterunt
752 1848 780 1874 in
792 1857 880 1874 amore
890 1848 1029 1875 simulato:

237 1882 368 1913 dexterae,
381 1892 448 1918 quae
461 1884 521 1910 fidei
532 1889 613 1911 testes
623 1893 682 1911 esse
692 1884 826 1916 solebant,
843 1885 953 1919 pertidia
969 1890 1033 1912 sunt

238 1924 263 1946 et
287 1920 386 1946 scelere
410 1920 534 1947 violatae:
561 1926 706 1948 nocturnus
729 1922 854 1948 introitus
877 1922 1029 1958 Smyrnam,

237 1957 315 1992 quasi
328 1958 353 1983 in
366 1957 483 1983 hostium
495 1958 602 1988 urbem,
625 1967 693 1993 quae
704 1963 744 1985 est
756 1959 974 1986 fidelissimorum
985 1969 1033 1986 an-

239 1995 506 2029 tiquissimorumque
527 1996 673 2022 sociorum:
700 2004 845 2030 oppressus
867 1996 1030 2024 Trebonius:

237 2032 269 2062 si,
283 2036 312 2057 ut
323 2031 355 2057 ab
366 2040 404 2061 eo,
418 2033 465 2067 qui
476 2037 565 2066 aperte
576 2033 660 2059 hostis
671 2038 750 2064 esset,
763 2033 900 2060 incautus:
913 2035 945 2064 si,
959 2040 987 2061 ut
999 2035 1032 2060 ab
1053 2046 1061 2056 ν

237 2077 280 2099 eo,
298 2069 345 2103 qui
356 2069 423 2094 civis
434 2070 513 2095 etiam
525 2074 582 2096 tum
593 2071 709 2104 speciem
721 2070 842 2101 haberet,
861 2071 950 2097 miser.
991 2072 1032 2098 Ex

237 2114 291 2140 quo
307 2106 434 2132 nimirum
450 2106 640 2133 documentum
655 2116 702 2133 nos
713 2116 806 2142 capere
819 2107 922 2134 fortuna
935 2109 1028 2139 voluit,

237 2142 303 2177 quid
314 2147 384 2169 esset
395 2144 471 2169 victis
485 2144 724 2171 extimescendum.
760 2145 932 2171 Consularem
945 2146 1032 2172 homi-

239 2189 308 2210 nem,
316 2180 448 2206 consulari
460 2181 572 2215 imperio
584 2182 843 2216 provinciamAsiam
855 2183 1028 2214 obtinentem,

237 2217 366 2243 Samiario
377 2217 463 2244 exsuli
475 2218 596 2245 tradidit:
609 2219 754 2245 interlicere
765 2224 872 2254 captum
883 2221 972 2246 statim
985 2229 1032 2247 no-

239 2253 300 2284 luit,
317 2263 349 2280 ne
366 2255 460 2285 nimis,
477 2255 568 2286 credo,
587 2256 613 2282 in
630 2257 739 2282 victoria
755 2256 872 2283 liberalis
884 2257 1029 2284 videretur.

236 2291 325 2323 Quum
342 2291 484 2318 verborum
498 2292 667 2319 contumeliis
682 2294 813 2328 optimum
830 2295 919 2320 virum
930 2295 1031 2321 incesto

237 2337 281 2354 ore
293 2328 446 2360 lacerasset,
469 2334 526 2356 tum
538 2330 695 2356 verberibus
706 2339 735 2356 ac
747 2331 884 2357 tormentis
896 2333 1032 2366 quaestio-

238 2374 297 2391 nem
319 2366 413 2392 habuit
434 2367 561 2401 pecuniae
581 2367 713 2401 publicae,
736 2367 817 2402 idque
838 2377 885 2402 per
904 2369 1028 2395 biduum.

237 2402 297 2428 Post
312 2403 461 2430 cervicibus
477 2409 557 2438 caput
567 2404 695 2435 abscidit,
717 2404 799 2439 idque
810 2405 921 2432 affixum
932 2406 1030 2441 gestari

237 2439 316 2466 iussit
330 2440 356 2466 in
373 2440 440 2475 pilo:
462 2441 597 2476 reliquum
611 2450 708 2476 corpus
724 2446 836 2468 tractum
852 2447 931 2477 atque
947 2443 1031 2469 lania-

237 2480 294 2501 tum
309 2476 404 2504 abiecit
419 2478 446 2504 in
461 2487 542 2504 mare.
582 2480 607 2504 6.
629 2478 697 2505 Cum
718 2478 767 2504 hoc
785 2478 939 2506 bellandum
955 2480 1031 2506 hoste

237 2516 290 2543 est,
307 2514 384 2539 cuius
396 2515 543 2541 taeterrima
554 2515 710 2542 crudelitate
720 2515 807 2542 omnis
819 2516 939 2543 barbaria
949 2525 1031 2552 supe-

238 2553 291 2574 rata
307 2554 356 2575 est.
395 2550 466 2582 Quid
481 2552 573 2587 loquar
587 2552 620 2578 de
631 2552 710 2578 caede
721 2552 821 2579 civium
832 2553 1030 2580 Romanorum?

237 2585 270 2612 de
279 2585 426 2620 direptione
438 2587 576 2615 fanorum?
594 2588 660 2622 Quis
672 2593 724 2619 est,
744 2589 791 2624 qui
803 2599 850 2624 pro
861 2599 949 2617 rerum
961 2596 1030 2618 atro-

237 2623 314 2648 citate
324 2623 460 2657 deplorare
472 2630 557 2652 tantas
567 2626 729 2653 calamitates
739 2626 837 2661 queat?
851 2627 884 2653 Et
895 2636 966 2654 nunc
977 2632 1029 2654 tota

238 2660 299 2685 Asia
316 2664 439 2696 vagatur,
461 2662 552 2689 volitat
567 2667 596 2690 ut
610 2672 670 2698 rex;
692 2672 741 2691 nos
756 2663 808 2691 alio
822 2663 893 2691 bello
906 2664 1029 2692 distineri

680 248 850 278 Quantulum!
864 255 945 280 poena
959 247 984 273 in
995 247 1032 273 ci·
1053 248 1055 280 ἔ
1086 252 1121 272 tra
1140 247 1188 272 boc
1203 248 1296 281 iugum
1318 248 1460 281 impiorum
1483 248 1624 275 netarium.

707 286 730 310 2.
753 284 818 309 Ecce
836 283 882 309 tibi
894 284 1031 317 geminum
1053 288 1061 323 2,

1061 1738 1063 1746 '
1084 1738 1193 1764 alterius
1205 1737 1310 1764 facinus
1320 1738 1412 1764 subire
1422 1739 1535 1773 cogitur.

1059 2383 1060 2386 ¹
1081 2370 1146 2396 vitia
1160 2378 1212 2396 non
1228 2370 1383 2404 inquirenti.

1665 250 1707 275 ΙΙΙ.
1730 250 1874 284 imaginem

1085 284 1119 309 M.
1128 285 1233 310 Antonii
1245 284 1410 310 crudelitatis
1422 285 1447 311 in
1456 285 1587 311 [minimus
1597 287 1718 312 cernitis.
1733 295 1765 313 ex
1778 287 1825 312 boc
1836 286 1875 313 et·

1085 322 1143 347 licta
1159 326 1212 347 eat:
1235 322 1268 347 ab
1289 322 1337 347 boc
1358 321 1402 348 illa
1419 322 1566 348 Dolabellae
1585 323 1716 349 scelerum
1739 329 1875 358 praecepta

1084 363 1147 384 sunt
1159 358 1262 384 tradita.
1304 359 1373 384 Num
1387 358 1526 388 leniorem.
1538 368 1619 394 «luam
1631 369 1657 386 in
1670 362 1730 386 ,tm
1743 361 1875 387 Dolabella

1086 394 1148 425 suit,
1167 396 1192 421 in
1210 395 1294 425 ltalia.
1313 397 1336 421 si
1349 395 1436 426 liceat,
1455 396 1508 422 sore
1521 398 1618 430 putatis
1629 398 1791 424 Antonium?
1812 397 1876 424 Mihi

1053 445 1061 462 ῃ
1084 432 1193 466 (pridem
1206 438 1230 458 et
1242 433 1286 459 ille
1299 434 1452 467 pervenisse
1465 433 1582 463 ridetur,
1595 435 1682 468 quoad
1695 435 1816 469 progredi
1830 443 1877 469 po-

905 470 974 504 Ergo
995 469 1030 499 id.
1052 467 1061 483 ⁴¹

238 507 309 542 quod
323 506 382 533 [ecit
394 506 535 537 Dolabella,
550 507 576 532 in
587 515 642 541 quo
653 507 746 541 potuit,
761 506 853 532 multis
866 506 935 532 idem
948 507 1034 532 mina·
1052 501 1061 529 l

473 543 526 570 Sed
543 543 587 569 ille
598 552 682 578 quum
696 544 785 578 procul
797 544 901 570 abesset
911 553 925 569 a
935 552 1032 570 consu·
1053 574 1061 580 Η

1085 470 1164 495 tuerit
1185 469 1232 496 seri
1255 470 1370 496 bominis
1391 471 1517 500 amentia.
1541 479 1627 505 neque
1643 472 1773 498 Antonius
1795 472 1877 498 ullius

1084 506 1210 541 supplicii
1222 507 1380 538 adhibendi,
1397 508 1418 533 si
1432 512 1586 542 potestatem
1599 508 1705 539 babeat,
1724 509 1805 535 ullam
1817 517 1877 535 esso

1085 549 1186 578 partem
1199 544 1350 570 relicturus.
1390 545 1415 571 7.
1439 545 1528 571 Ponite
1548 545 1629 579 igitur
1639 550 1699 571 ante
1709 546 1812 576 oculos,
1831 554 1878 580 pa·

1085 586 1137 607 tres
1147 582 1300 616 conscripti,
1314 582 1437 608 miseram
1450 582 1521 608 illam
1533 582 1642 616 quidem
1655 587 1679 608 et
1690 581 1804 609 flebilem
1816 591 1877 617 sp&
1917 583 1924 586 “

1084 620 1165 649 ciem,
1183 619 1229 644 sed
1246 619 1278 645 ad
1295 619 1443 645 incitandos
1458 619 1561 645 animos
1574 624 1674 645 vestros
1687 621 1875 646 necessariam:

1085 661 1243 682 nocturnum
1256 657 1385 691 impetum
1398 657 1424 683 in
1437 656 1529 682 urbem
1541 656 1619 682 Asiae
1634 656 1809 683 clarissimam
1818 677 1824 688 ,
1842 658 1878 683 ir-

1085 694 1234 727 ruptionem
1247 699 1407 720 armatorum
1420 695 1446 720 in
1458 694 1581 719 Trebonii
1594 693 1714 724 domum,
1729 703 1814 729 quurn
1826 695 1878 721 mi-

1084 740 1126 756 ser
1138 730 1182 757 ille
1194 731 1268 765 prius
1282 731 1412 757 latronum
1424 730 1528 765 gladios
1541 730 1824 766 videret.quam,quae
1835 739 1878 758 res

1084 773 1167 798 esset,
1182 768 1314 794 audisset:
1338 768 1449 794 furentis
1462 769 1598 794 introitum
1610 768 1772 799 Dolabellae,
1787 777 1878 795 vocem

1086 805 1217 839 impuram
1229 810 1308 840 atquo
1318 814 1348 831 os
1360 805 1426 832 illud
1439 805 1546 835 infame,
1560 805 1677 836 vincula,
1691 806 1878 836 verbera.ecu-

1086 842 1169 873 lcum,
1191 847 1313 869 tortorem
1325 843 1529 877 carnificemque
1541 842 1712 869 Samiarium.
1751 843 1825 875 Quae
1836 847 1878 869 tu-

1086 879 1147 906 lisse
1163 879 1240 906 illum
1257 879 1358 906 sortiter
1372 885 1397 906 et
1412 881 1540 914 patienter
1556 879 1654 906 serunt.
1694 881 1788 916 Magna
1809 880 1876 910 laus,

1085 925 1197 952 meoque
1209 917 1308 943 iudicio
1317 917 1438 944 omnium
1451 917 1576 943 maxima.
1597 917 1645 943 Est
1655 918 1726 943 enim
1737 918 1876 952 sapientis.

1084 954 1218 989 quidquid
1234 954 1334 981 homini
1350 955 1468 981 accidere
1485 955 1582 989 possit.
1599 954 1626 980 id
1643 955 1828 989 praemeditari
1840 954 1879 981 se-

1084 992 1196 1018 rendum
1209 992 1311 1018 modice
1321 1000 1389 1021 esse.
1403 993 1425 1018 si
1437 992 1563 1018 evenerit.
1604 991 1710 1018 Maioris
1721 993 1829 1018 omnino
1838 996 1881 1018 est

1083 1029 1187 1055 consilii
1201 1029 1348 1063 providere,
1362 1038 1394 1056 ne
1405 1029 1471 1064 quid
1484 1028 1535 1055 tale
1545 1029 1658 1055 accidat:
1671 1030 1753 1055 animi
1765 1038 1815 1056 non
1828 1029 1880 1055 mi-

1085 1067 1156 1093 noris
1168 1066 1268 1093 fortiter
1280 1066 1359 1097 ferre,
1376 1068 1399 1093 si
1411 1067 1538 1093 evenerit.
1578 1067 1603 1091 8.
1625 1067 1662 1092 Ac
1673 1066 1806 1092 Dolabella
1816 1066 1879 1101 qui-

1083 1103 1145 1130 dem
1162 1109 1214 1130 tam
1226 1103 1276 1130 suit
1286 1104 1427 1130 immemor
1439 1103 1627 1134 humanitatis,
1644 1112 1808 1138 quamquam
1819 1104 1879 1130 eius

1085 1149 1232 1176 numquam
1246 1142 1376 1176 particeps
1387 1141 1451 1171 suit,
1469 1145 1497 1167 ut
1508 1148 1585 1166 suam
1596 1140 1773 1167 insatiabilem
1784 1140 1879 1167 crude-

1060 1198 1062 1203 ,
1085 1178 1185 1204 litatem
1205 1179 1354 1205 exercuerit
1374 1187 1426 1204 non
1445 1177 1533 1204 solum
1553 1177 1581 1203 in
1597 1178 1672 1209 vivo.
1694 1178 1742 1204 sed
1756 1179 1836 1205 etiam
1850 1178 1879 1205 in

1085 1220 1188 1242 mortuo
1196 1236 1202 1246 ‚
1219 1221 1299 1250 atque
1314 1216 1341 1242 in
1352 1216 1410 1242 eius
1421 1223 1528 1250 corpore
1541 1214 1679 1242 lacerando
1689 1220 1768 1250 atque
1779 1223 1879 1242 vexan-

1084 1252 1131 1283 do,
1148 1261 1233 1288 quum
1249 1254 1368 1279 animum
1385 1253 1481 1279 satiare
1492 1261 1544 1278 non
1556 1257 1658 1286 posset,
1675 1253 1766 1280 oculos
1777 1253 1880 1288 paverit

1084 1299 1158 1317 suos.
1198 1291 1241 1317 lv.
1263 1290 1285 1317 O
1307 1290 1392 1317 multo
1411 1290 1532 1317 miserior
1552 1289 1699 1321 Dolabella,
1720 1298 1802 1324 quam
1821 1290 1877 1321 ille.

1061 1346 1063 1354 ,
1084 1336 1165 1362 quem
1177 1332 1205 1354 tu
1216 1328 1398 1354 miserrimum
1409 1336 1468 1354 esse
1479 1327 1602 1354 voluisti!
1615 1327 1721 1354 Dolores
1731 1327 1879 1354 Trebonius

1061 1383 1063 1398 ÷
1084 1365 1195 1400 pertulit
1209 1373 1334 1401 magnos:
1357 1365 1449 1396 multi,
1466 1374 1500 1392 ex
1510 1363 1596 1391 morbi
1611 1365 1739 1400 gravitate
1750 1365 1877 1391 maiores:

1084 1411 1152 1438 quos
1169 1407 1256 1429 tamen
1271 1411 1323 1430 non
1339 1403 1464 1433 miseros.
1487 1402 1534 1430 sed
1549 1401 1694 1429 laboriosos
1708 1401 1826 1428 solemus
1836 1401 1880 1428 di-

1084 1449 1153 1467 cere.
1193 1441 1301 1476 Longus
1313 1439 1363 1466 fuit
1372 1440 1447 1467 dolor
1457 1440 1548 1467 bidui:
1565 1445 1591 1467 at
1600 1439 1786 1474 compluribus
1796 1447 1880 1466 anno-

1085 1486 1145 1504 rum
1161 1486 1240 1512 saepe
1254 1477 1408 1505 multorum.
1448 1478 1502 1504 Nec
1512 1486 1575 1505 vero
1587 1478 1708 1514 graviora
1718 1481 1782 1503 sunt
1791 1476 1880 1503 cami-

1085 1515 1166 1542 ficum
1181 1519 1324 1546 tormenta,
1341 1523 1423 1550 quam
1439 1515 1574 1542 interdum
1584 1515 1763 1542 cruciamenta
1773 1513 1880 1540 morbo-

1084 1561 1155 1579 rum.
1195 1554 1220 1579 9.
1242 1552 1300 1579 Alia
1310 1557 1387 1583 sunt,
1404 1552 1468 1583 alia.
1480 1553 1592 1587 inquam
1601 1573 1607 1584 ,
1619 1560 1635 1578 o
1645 1551 1820 1586 perditissimi
1830 1550 1880 1577 ho-

1085 1590 1171 1616 mines
1186 1594 1212 1616 et
1225 1590 1416 1621 amentissimi,
1438 1589 1524 1616 multo
1539 1589 1686 1616 miseriora.
1726 1588 1807 1618 Nam,
1824 1595 1879 1622 quo

1085 1628 1168 1653 maior
1179 1627 1220 1652 vis
1230 1631 1271 1653 est
1279 1627 1361 1653 animi
1369 1647 1375 1658 ,
1388 1635 1470 1662 quam
1480 1627 1610 1662 corporis,
1624 1626 1673 1652 hoc
1683 1629 1747 1652 sunt
1756 1625 1878 1660 graviora

1084 1672 1122 1694 ea,
1136 1672 1205 1699 quae
1214 1664 1404 1699 concipiuntur
1413 1665 1511 1695 animo,
1519 1672 1599 1699 quam
1611 1662 1666 1693 illa,
1679 1670 1748 1697 quae
1758 1670 1876 1696 corpore.

1084 1702 1205 1727 Miserior
1216 1701 1307 1736 igitur,
1320 1702 1367 1736 qui
1379 1702 1493 1736 suscipit
1502 1702 1530 1727 in
1541 1709 1570 1727 se
1581 1700 1678 1729 scelus,
1691 1708 1772 1734 quam
1784 1699 1817 1729 is,
1829 1700 1878 1734 qui

1575 1738 1715 1764 Cruciatus
1726 1741 1767 1762 est
1776 1745 1790 1762 a
1800 1736 1879 1763 Dola-

1084 1775 1153 1802 bella
1169 1775 1331 1802 Trebonius:
1347 1779 1373 1801 et
1388 1775 1498 1810 quidem
1514 1783 1527 1801 a
1544 1773 1812 1810 Karthaginiensibus
1827 1773 1879 1799 Re-

1083 1812 1174 1848 gulus.
1214 1812 1271 1845 Qua
1286 1821 1314 1838 re
1323 1821 1408 1847 quum
1420 1811 1600 1838 crudelissimi
1611 1811 1692 1838 Poeni
1704 1810 1813 1837 iudicati
1824 1811 1879 1836 sint

1060 1879 1061 1886 ἵ
1083 1851 1110 1876 in
1127 1850 1215 1880 hoste,
1238 1849 1304 1885 quid
1320 1850 1347 1875 in
1362 1850 1421 1875 cive
1436 1849 1468 1875 de
1483 1849 1618 1875 Dolabella
1632 1848 1805 1875 iudicandum
1821 1847 1879 1874 est?

1083 1887 1124 1914 An
1140 1895 1203 1913 vero
1218 1887 1268 1913 hoc
1282 1886 1473 1913 conterendum
1485 1886 1544 1912 est?
1563 1891 1608 1912 aut
1618 1885 1806 1915 dubitandum,
1819 1889 1878 1911 uter

1084 1923 1224 1951 miserior?
1234 1925 1300 1954 isne.
1313 1924 1392 1950 cuius
1404 1928 1514 1950 mortem
1525 1928 1633 1950 senatus
1644 1921 1815 1958 populusque
1826 1922 1878 1948 Ro—

1060 1978 1061 1983 «
1084 1970 1180 1988 manus
1191 1961 1378 1995 uleiscicupit:
1392 1969 1425 1987 an
1436 1961 1469 1991 iS,
1478 1961 1526 1995 qui
1536 1961 1641 1987 cunctis
1652 1964 1760 1986 senatus
1771 1963 1879 1985 senten-

1084 1999 1128 2025 tiis
1149 1999 1233 2025 hostis
1253 2003 1294 2024 est
1313 1997 1465 2024 iudicatus?
1484 1998 1550 2024 Nam
1569 1998 1663 2024 ceteris
1683 1996 1793 2032 quidem
1809 1996 1878 2022 vitae

1083 2036 1217 2070 partibus,
1234 2036 1296 2070 quis
1311 2040 1364 2066 est,
1381 2035 1429 2070 qui
1446 2035 1531 2069 possit
1544 2035 1603 2061 sine
1618 2034 1742 2061 Trebonii
1761 2033 1879 2060 maxima
1913 2052 1917 2055 >

1083 2072 1243 2099 contumelia
1264 2072 1382 2099 conferre
1397 2073 1479 2098 vitam
1494 2072 1618 2098 Trebonii
1633 2080 1696 2098 cum
1710 2069 1879 2097 Dolabellae?

1082 2110 1199 2136 Alterius
1211 2109 1362 2140 consilium,
1375 2110 1523 2145 ingenium,
1538 2109 1738 2139 humanitatem,
1750 2108 1879 2134 innoeen-

1083 2148 1160 2178 tiam,
1182 2146 1395 2183 magnitudinem
1411 2147 1493 2173 animi
1507 2147 1535 2172 in
1551 2147 1634 2181 patria
1650 2144 1797 2175 liberanda,
1813 2144 1877 2179 quis

1082 2183 1203 2220 ignorat?
1222 2184 1297 2210 alteri
1317 2192 1332 2210 a
1352 2192 1436 2219 puero
1455 2191 1502 2218 pro
1521 2183 1625 2209 deliciis
1644 2182 1787 2209 crudelitas
1811 2181 1874 2208 fuit:

1082 2221 1180 2248 deinde
1194 2229 1224 2247 ea
1242 2221 1385 2247 libidinum
1401 2220 1552 2255 turpitudo,
1574 2225 1604 2246 ut
1619 2220 1646 2246 in
1662 2219 1711 2246 hoc
1725 2219 1759 2245 sit
1770 2226 1877 2253 semper

1082 2259 1141 2293 ipse
1157 2258 1282 2289 laetatus,
1299 2258 1373 2293 quod
1388 2266 1417 2284 ea
1434 2257 1543 2288 faceret,
1560 2265 1630 2292 quae
1644 2257 1697 2283 sibi
1707 2256 1787 2282 obiici
1799 2263 1832 2282 ne
1842 2255 1876 2282 ab

1082 2296 1191 2322 inimico
1205 2295 1315 2330 quidem
1330 2299 1440 2330 possent
1455 2294 1614 2321 verecundo.
1655 2295 1695 2319 40.
1716 2293 1749 2319 Et
1764 2292 1822 2323 hic,
1837 2292 1876 2319 dii

1081 2332 1259 2359 immortales!
1275 2332 1420 2367 aliquando
1431 2331 1481 2358 fuit
1492 2340 1578 2358 meus.
1599 2329 1708 2357 Occulta
1719 2330 1791 2356 enim
1801 2334 1876 2356 erant

1422 2369 1515 2404 Neque
1525 2376 1596 2395 nunc
1607 2367 1716 2393 fortasse
1728 2367 1832 2393 alienus
1841 2366 1875 2393 ab

1081 2415 1112 2433 eo
1122 2415 1222 2437 essem,
1245 2407 1297 2433 nisi
1308 2406 1354 2433 ille
1365 2406 1455 2437 vobis.
1477 2406 1529 2432 nisi
1540 2404 1681 2431 moenibus
1692 2404 1804 2438 patriae,
1821 2403 1875 2430 nisi

1081 2443 1145 2470 huic
1151 2443 1220 2474 urbi,
1229 2443 1340 2470 nisidiis
1352 2443 1503 2478 penatibus,
1516 2442 1569 2468 nisi
1579 2442 1631 2468 aris
1642 2446 1668 2467 et
1678 2440 1743 2467 focis
1753 2441 1874 2467 omnium

1082 2485 1211 2512 nostrum,
1233 2481 1285 2507 nisi
1295 2481 1413 2515 denique
1425 2484 1533 2506 naturae
1543 2483 1568 2505 et
1578 2478 1737 2504 humanitati
1747 2478 1874 2504 inventus

1081 2523 1152 2544 esset
1166 2518 1302 2544 inimicus.
1343 2518 1365 2544 Α
1374 2525 1430 2552 quo
1443 2515 1584 2547 admoniti,
1601 2515 1759 2551 diligentius
1768 2519 1794 2541 et
1805 2514 1875 2550 vigi-

1082 2554 1179 2581 lantius
1190 2563 1333 2581 caveamus
1343 2554 1497 2581 Antonium.

1136 2592 1167 2618 V.
1188 2592 1295 2618 Etenim
1304 2590 1438 2618 Dolabella
1451 2599 1504 2617 non
1517 2590 1554 2616 ita
1566 2589 1666 2616 multos
1676 2597 1768 2616 secum
1779 2588 1874 2615 hahuit

1081 2633 1156 2655 notos
1171 2633 1197 2655 et
1211 2629 1331 2664 insignes
1347 2628 1471 2655 latrones.
1509 2627 1543 2653 At
1554 2627 1660 2657 videtis,
1677 2635 1745 2662 quos
1755 2630 1781 2653 et
1790 2633 1872 2660 quam

1081 2665 1179 2693 multos
1190 2665 1285 2693 habeat
1293 2665 1435 2693 Antonius.
1465 2664 1586 2692 Primum
1597 2664 1627 2691 L.
1641 2663 1757 2691 fratrem.
1785 2661 1872 2696 Quam
