1941 3052
408 179 462 205 DE
493 177 809 206 INVENTIONE
847 178 931 204 LIB.
966 179 998 204 II.

43 251 130 279 dicent
143 250 294 277 defensores
306 249 428 276 futurum
439 249 532 282 fuisse,
545 250 596 276 nisi
607 249 635 276 id
645 249 745 276 factum
756 254 833 281 esset,

43 298 96 325 quo
112 288 145 315 de
159 287 226 315 facto
240 288 371 314 iudicium
385 292 433 319 est,
450 287 571 314 futurum
584 287 667 313 fuisse
681 287 833 323 negabitur,

43 331 87 354 aut
108 327 131 353 si
150 326 199 352 alia
217 326 317 352 ratione
336 330 361 352 et
378 325 457 352 aliam
475 325 509 352 ob
528 333 664 356 caussam,
681 333 711 351 ac
725 324 795 350 dicet
808 333 837 351 se

42 373 103 391 reus
121 363 229 395 secisse,
246 363 472 390 demonstrabitur
490 371 547 389 esse
566 362 675 388 sactum.
715 362 781 388 Eius
799 362 837 388 rei

42 401 205 428 confirmatio
228 405 253 427 et
270 401 334 427 item
353 401 482 427 contraria
500 400 532 426 de
551 404 624 435 parte
643 400 786 426 infirmatio
804 408 838 426 ex

42 437 211 466 coniecturali
229 439 417 465 constitutione
434 442 565 464 sumetur.
603 437 649 463 Sin
664 443 751 463 autem
767 442 837 463 certo

42 476 148 503 nomine
166 475 290 502 maleficii
310 476 449 502 vocabitur
462 476 489 501 in
504 475 644 505 iudicium,
661 475 731 500 sicut
745 476 772 501 in
787 475 837 500 hac

42 521 144 544 caussa,
160 512 231 548 (nam
246 514 390 539 maiestatis
405 512 726 547 arcessitur,)definitione
736 517 761 537 et
770 512 837 538 defi-
857 512 859 520 ‘

42 551 150 577 nitionis
168 551 317 585 praeceptis
336 551 373 577 nti
392 550 532 585 oportebit.
567 549 651 575 XXV.
679 550 767 583 Atque
786 549 835 575 hoc

41 587 150 623 quidem
166 588 325 623 plerumque
339 589 366 614 in
380 596 477 623 genere
491 587 594 617 accidit,
609 590 638 612 ut
648 590 673 611 et
683 587 834 612 coniectura

41 629 67 652 et
79 625 233 652 definitione
247 626 376 652 utendum
391 626 434 651 sit.
457 624 502 650 Sin
516 623 589 650 aliud
603 632 712 658 quoque
726 623 836 658 aliquod
857 644 858 648 .

40 671 126 699 genus
140 663 248 693 incidet,
264 663 322 689 eius
336 662 441 698 generis
456 665 594 695 praecepta
610 661 700 687 licebit
715 661 767 687 1100
778 662 835 695 pari
857 673 858 676 ¹

41 701 140 727 ratione
155 700 304 727 transferre.
326 701 393 726 Nam
407 699 552 725 accusatori
567 699 682 724 maxime
696 703 735 724 est
749 699 777 724 in
787 699 837 725 hoc
857 713 858 717 =

40 737 243 768 elaborandum,
261 741 290 763 ut
303 737 331 763 id
344 737 435 771 ipsum
450 736 558 766 factum,
575 740 683 770 propter
696 736 768 770 quod
783 736 835 762 sibi
857 737 858 771 J

41 783 102 802 reus
121 774 229 801 concedi
248 779 322 809 putat
340 779 468 809 oportere,
485 782 566 808 quam
581 773 706 808 plurimis
720 774 836 799 infirmet
857 772 858 796 i

237 811 313 844 Quod
333 811 409 837 facile
428 815 480 842 est,
501 811 524 837 si
539 820 621 845 quam
636 810 761 845 plurimis
772 819 836 837 con·
857 837 858 845 ,

857 849 858 852 ’
887 848 995 874 XXVII.
1011 848 1065 874 Iloc
1088 849 1116 874 in
1137 856 1234 883 genere
1257 856 1366 873 caussae
1385 848 1512 882 primum,
1533 848 1636 883 siquid
1651 857 1684 874 ex

70 812 197 838 tionibus.

41 821 224 876 ι51111111101111105
239 849 392 885 aggreditur
402 849 429 875 id
441 848 600 883 improbare.
616 849 658 874 75.
675 849 734 883 Ipsa
746 853 834 874 autem

41 887 212 922 comparatio,
233 891 351 921 separata
366 895 379 913 a
393 887 488 912 ceteris
499 886 644 921 generibus
659 887 836 912 controversi-

41 933 129 955 arum,
154 924 193 950 sic
211 932 244 950 ex
262 933 310 950 sua
328 924 354 950 vi
373 924 597 954 considerabitur,
618 924 640 950 si
659 923 741 955 illud,
762 924 835 958 quod

41 962 248 997 comparabitur,
275 966 320 988 aut
342 970 394 988 non
411 961 553 987 honestum
572 965 618 987 aut
636 970 688 987 non
708 961 773 987 utile
790 966 835 987 aut
856 990 858 999 ί

40 1008 92 1026 000
119 999 299 1025 necessarium
323 998 407 1025 fuisse
430 1003 475 1025 aut
497 1008 549 1024 non
572 1003 643 1025 tanto
664 1007 742 1033 opere
769 998 834 1024 utile
856 1004 858 1025 1

41 1041 85 1063 aut
103 1045 155 1063 non
174 1041 244 1063 tanto
262 1045 340 1071 opere
358 1036 499 1063 honestum
523 1041 568 1062 aut
586 1045 638 1062 non
658 1040 730 1062 tanto
755 1045 835 1071 opere

40 1075 218 1100 necessarium
232 1074 466 1100 demonstrabitur.
498 1073 598 1099 Deinde
612 1078 713 1108 oportet
726 1083 835 1100 accusa-

40 1115 123 1138 torem
141 1111 222 1143 illud,
244 1111 318 1146 quod
332 1112 390 1146 ipse
404 1115 505 1147 arguat,
522 1111 555 1137 ab
569 1120 607 1142 eo,
624 1111 697 1146 quod
711 1111 835 1138 defensor

39 1154 180 1184 comparat,
197 1158 328 1184 separare.
356 1149 384 1175 Id
399 1153 487 1175 31110111
502 1148 588 1179 130101,
605 1149 627 1175 51
642 1149 835 1175 demonstrabit
856 1173 857 1176 ,

39 1195 91 1213 non
109 1187 143 1213 ita
163 1186 218 1213 fieri
236 1186 320 1213 solere
338 1195 425 1221 neque
443 1190 562 1221 oportere
581 1195 669 1221 neque
683 1195 741 1212 esse
755 1187 835 1213 ratio-

39 1232 112 1255 nem,
133 1233 215 1259 quare
233 1224 283 1250 1100
300 1229 407 1259 propter
424 1224 474 1250 1100
488 1224 540 1255 fiat,
558 1228 586 1250 ut
600 1228 707 1259 propter
720 1224 834 1250 salutem

39 1261 156 1288 militum
174 1270 217 1292 ea,
234 1270 302 1297 quae
316 1262 411 1288 salutis
425 1270 519 1288 caussa
534 1266 682 1296 comparata
697 1266 769 1293 sunt,
786 1262 835 1288 ho-

39 1299 125 1326 stibus
149 1299 294 1325 tradantur.
327 1299 420 1325 Postea
443 1307 595 1334 comparare
618 1299 750 1334 oportebit
772 1308 833 1325 cum

38 1335 166 1363 beneficio
188 1336 348 1363 maleficium
371 1341 396 1363 et
413 1337 522 1363 omnino
544 1337 585 1367 id,
611 1337 683 1371 quod
702 1338 831 1372 arguitur,

38 1383 100 1401 cum
114 1382 159 1405 eo,
175 1374 247 1408 quod
262 1374 360 1400 factum
374 1374 407 1400 ab
421 1374 559 1400 defensore
574 1373 697 1400 laudatur
711 1379 756 1400 aut
770 1374 835 1400 faci-

38 1411 138 1438 endum
157 1411 240 1438 fuisse
258 1412 462 1443 demonstratur,
479 1411 636 1437 contendere
651 1416 684 1443 et,
698 1411 748 1437 1100
761 1416 835 1438 exte-

39 1449 158 1480 nuando,
178 1448 302 1475 maleficii
317 1449 529 1485 magnitudinem
544 1448 626 1475 simul
641 1449 782 1484 adaugere.
805 1449 834 1475 Id

38 1486 95 1513 fieri
123 1487 230 1521 poterit,
255 1487 279 1512 si
301 1486 527 1513 demonstrabitur
549 1486 702 1517 honestius,
728 1487 831 1518 utilius,

38 1524 123 1559 magis
138 1524 317 1550 necessarium
332 1524 416 1550 fuisse
430 1523 465 1555 id,
482 1523 554 1559 quod
569 1524 658 1550 vitarit
667 1533 738 1555 1005,
752 1533 832 1558 quam

37 1561 114 1593 illud,
140 1561 213 1596 quod
236 1561 336 1587 fecerit.
371 1562 413 1587 76.
430 1561 537 1587 Honesti
564 1565 652 1587 autem
676 1565 702 1587 et
720 1562 794 1587 utilis
809 1566 835 1588 et

39 1599 180 1626 necessarii
202 1599 244 1625 vis
266 1603 291 1625 et
313 1602 406 1625 natura
426 1599 453 1625 in
471 1598 671 1624 deliberationis
685 1600 833 1633 praeceptis

38 1640 221 1672 cognoscetur.
254 1636 355 1662 Deinde
377 1636 509 1671 oportebit
526 1636 612 1670 ipsam
632 1635 707 1662 illam
725 1645 834 1671 compa-

38 1674 148 1701 rativam
171 1674 359 1700 iudicationem
383 1681 515 1708 exponere
551 1677 687 1708 tamquam
709 1682 833 1700 caussam

39 1711 239 1739 deliberativam
261 1715 286 1737 et
307 1711 341 1737 de
362 1719 393 1737 ea
415 1719 449 1737 ex
466 1710 665 1737 deliberationis
684 1712 833 1746 praeceptis

39 1748 163 1783 deinceps
177 1748 274 1775 dicere.
309 1747 349 1775 Sit
363 1748 434 1774 enim
448 1748 514 1774 haec
527 1748 664 1779 iudicatio,
677 1757 759 1783 quam
773 1753 832 1775 ante

39 1786 227 1821 exposuimus:
253 1785 343 1818 Quum
365 1794 458 1812 omnes
479 1785 591 1820 perituri
614 1785 714 1812 milites
733 1790 830 1817 essent,

40 1823 91 1851 nisi
104 1823 137 1850 ad
151 1823 219 1850 hanc
229 1824 378 1858 pactionem
392 1823 538 1854 venissent,
547 1827 638 1849 utrum
652 1824 738 1850 satius
752 1823 834 1850 fuerit

39 1861 124 1896 perire
139 1860 246 1892 milites,
263 1869 295 1887 an
310 1860 342 1887 ad
356 1860 424 1887 hanc
438 1861 587 1895 pactionem
601 1861 703 1887 venire.
732 1861 786 1887 Iloc
799 1870 833 1888 ex

41 1897 103 1925 locis
117 1898 323 1930 deliberationis,
343 1898 421 1933 quasi
436 1897 554 1933 aliquam
568 1898 596 1924 in
609 1898 832 1924 consultationem

0 1938 1 1952 ³
40 1943 80 1962 res
94 1936 190 1967 veniat,
207 1936 311 1962 tractari
324 1935 467 1970 oportebit.
482 1935 579 1962 XXVI.
594 1935 722 1962 Defensor
731 1940 829 1967 autem,
854 1958 855 1966 ,

40 1973 138 2008 quibus
161 1973 189 1999 in
213 1972 278 1999 locis
304 1973 337 2000 ab
363 1977 514 1999 accusatore
538 1972 604 1999 aliae
627 1974 832 1999 constitutiones
854 1971 855 2007 J

39 2014 116 2037 erunt
132 2010 265 2042 inductae,
285 2011 313 2037 in
331 2011 364 2037 iis
378 2011 437 2045 ipse
450 2019 559 2045 quoque
574 2019 607 2036 ex
622 2010 718 2036 iisdem
732 2011 833 2037 consti-
853 2022 855 2041 ς

40 2048 187 2075 tutionibus
209 2047 391 2075 defensionem
415 2048 592 2082 comparabit3
620 2052 720 2074 ceteros
743 2053 832 2074 autem
853 2074 854 2079 ,

39 2091 130 2112 omnes
142 2085 273 2120 locos,qui
284 2085 316 2112 ad
326 2086 412 2120 ipsam
418 2085 641 2120 comparationem
649 2085 788 2120 pertinebu
794 2090 829 2117 nt,
853 2088 854 2097 ¹

40 2129 74 2149 ex
93 2123 222 2149 contrario
241 2123 371 2149 tractabit.
405 2123 447 2149 77.
468 2123 529 2149 Loci
543 2131 699 2149 communes
713 2123 829 2154 inerunt,

40 2161 198 2187 accusatoris
215 2161 243 2187 in
257 2169 328 2192 eum,
348 2160 396 2195 qui
422 2169 507 2195 quum
522 2159 555 2185 de
569 2159 636 2186 facto
650 2160 723 2194 turpi
742 2160 832 2195 aliquo

41 2201 84 2224 aut
93 2197 181 2224 inutili
193 2202 238 2224 aut
248 2201 361 2232 utroque
372 2197 491 2228 fateatur,
499 2201 609 2232 quaerat
619 2201 706 2224 tamen
713 2197 831 2232 aliquam

40 2233 230 2266 defensionem,
251 2239 277 2261 et
295 2234 355 2261 facti
374 2234 545 2261 inutilitatem
568 2238 613 2261 aut
636 2235 830 2269 turpitudinem

40 2279 100 2299 cum
110 2272 292 2308 indignatione
303 2271 432 2307 proferre,
448 2271 605 2303 defensoris,
615 2272 720 2298 nullum
731 2272 831 2299 factum

39 2307 133 2336 inutile
148 2318 234 2344 neque
244 2314 330 2345 turpe,
344 2317 430 2344 neque
440 2309 502 2336 item
514 2309 579 2335 utile
590 2318 677 2344 neque
688 2310 830 2336 honestum

40 2347 126 2381 putari
143 2351 276 2382 oportere,
298 2347 358 2378 nisi,
375 2355 429 2382 quo
447 2347 544 2378 animo,
560 2355 613 2381 quo
634 2351 760 2381 tempore,
777 2356 830 2382 (103

40 2381 73 2410 de
84 2392 178 2411 caussa
193 2383 292 2411 factum
308 2385 351 2416 511,
368 2383 546 2419 intelligatur,
566 2383 699 2418 (101100115
712 2385 748 2411 113
758 2393 831 2411 com-

39 2421 128 2448 munis
142 2425 190 2453 est,
203 2426 233 2448 ut
247 2422 315 2448 11000
330 2425 455 2448 1130131115
471 2421 498 2447 111
513 2421 561 2447 1130
575 2430 669 2447 caussa
688 2431 784 2457 niagno
798 2422 831 2448 ad

39 2458 254 2493 persuadendum
264 2463 398 2486 momento
408 2459 515 2485 futurus
525 2458 569 2490 sit,
582 2463 606 2484 et
616 2458 681 2485 alter
693 2459 775 2490 locus,
784 2468 831 2494 per

39 2502 120 2530 quem
139 2505 234 2532 magna
253 2505 315 2523 cum
334 2496 539 2531 amplificatione
557 2495 679 2522 beneficii
695 2497 831 2532 magnitu—

39 2531 73 2559 do
81 2540 115 2559 ex
125 2533 238 2560 utilitate
249 2538 294 2560 aut
304 2534 440 2560 honestate
451 2537 495 2559 aut
507 2532 566 2559 facti
578 2533 773 2560 necessitudine
783 2534 831 2559 de-

39 2574 212 2603 01005001οη
227 2571 270 2597 78.
283 2575 308 2598 et
318 2572 420 2602 tertius,
434 2579 481 2605 per
490 2578 570 2605 quein
582 2578 623 2596 res
633 2579 759 2605 expressa
771 2580 831 2597 ver-

39 2604 81 2634 bis
91 2611 149 2634 ante
159 2607 250 2635 oculos
260 2617 361 2639 eorum,
374 2608 421 2643 qui
432 2607 554 2637 audiunt,
568 2607 684 2641 ponitur,
694 2612 722 2634 ut
736 2608 788 2642 ipsi
802 2616 830 2634 50

39 2650 145 2680 quoque
156 2644 226 2671 idem
238 2644 353 2673 facturos
364 2645 448 2672 fuisse
459 2645 628 2675 arbitrentur,
637 2645 659 2670 si
669 2645 722 2671 sibi
734 2645 778 2671 illa
789 2654 830 2671 res

41 2684 118 2717 atque
132 2690 161 2708 ea
175 2681 289 2709 faciendi
303 2691 398 2710 caussa
412 2691 459 2718 per
473 2682 543 2708 idem
560 2686 665 2716 tenipus
680 2682 828 2708 accidisset.

92 2718 192 2746 Relatio
206 2720 326 2747 criminis
341 2725 483 2756 est,quum
498 2728 568 2750 1005,
582 2718 608 2745 id
622 2719 695 2754 quod
710 2720 831 2756 arguitur

1033 178 1132 205 CAP.
1159 181 1310 206 22—28.
1649 182 1676 205 (il

888 248 1037 281 confessus,
1066 250 1175 276 alterius
1194 259 1221 276 se
1235 250 1376 276 inductum
1391 254 1498 284 peccato
1515 251 1572 276 iure
1588 249 1682 276 fecisse

888 286 1060 314 demonstrat.
1075 288 1112 313 Ea
1123 292 1162 314 est
1172 287 1342 314 huiusmodi:
1356 288 1480 313 Horatius
1489 289 1585 314 occisis
1596 288 1682 313 tribus

889 323 1013 351 Curiatiis
1037 330 1062 352 et
1080 325 1186 352 duobus
1205 325 1312 351 amissis
1332 324 1457 350 fratribus
1476 325 1585 351 domum
1600 333 1628 351 se
1643 326 1684 351 vi-

888 366 944 388 ctor
962 363 1071 397 recepit.
1109 364 1134 389 Is
1152 362 1340 389 animadvertit
1357 371 1474 388 sororem
1493 371 1569 388 suam
1584 362 1616 388 de
1631 361 1684 388 fra-

889 404 959 425 trum
983 405 1067 426 morte
1089 409 1142 426 non
1165 400 1341 430 laborantem,
1368 400 1460 434 sponsi
1479 405 1568 425 autem
1587 408 1683 426 nomen

889 436 1067 471 appellantem
1082 437 1227 464 identidem
1243 437 1352 463 Curiatii
1363 446 1424 463 cum
1435 437 1537 472 gemitu
1548 436 1684 463 011311100-

889 475 999 500 tatione:
1021 474 1130 510 indigne
1145 484 1250 509 passus,
1260 475 1391 510 virginem
1405 474 1515 500 occidit:
1532 479 1681 500 accusatur.

888 512 929 537 79.
946 512 1057 538 Intentio
1071 517 1125 538 est:
1148 513 1247 538 Iniuria
1261 520 1377 538 sororem
1391 512 1522 538 occidisti.
1556 511 1683 546 Depulsio

888 553 941 574 est:
974 550 1033 575 Iure
1051 549 1146 575 occidi.
1193 549 1318 581 Quaestio
1345 554 1398 575 est:
1426 550 1520 575 Iurene
1546 549 1682 576 occiderit.

857 596 865 616 ,¹
888 586 962 612 Ratio
985 591 1037 612 est:
1066 586 1112 612 illa
1134 587 1206 613 enim
1224 587 1343 612 hostium
1362 591 1473 613 mortem
1493 586 1610 622 lugebat,
1632 586 1681 612 fra-

889 628 959 649 trum
978 623 1144 658 negligebat,
1172 633 1214 650 me
1234 628 1258 650 et
1277 623 1408 658 populum
1422 624 1571 650 Romanum
1586 624 1683 650 w‘cisse

888 660 999 686 moleste
1018 660 1127 687 ferebat.
1162 661 1307 687 lnfirmatio
1326 666 1379 687 cst:
1409 662 1507 687 Tamen
1521 661 1685 688 311311010-

888 698 1039 724 demnatam
1055 699 1142 724 necari
1156 707 1209 725 non
1222 699 1349 733 oportuit.
1376 699 1416 724 Ex
1429 707 1482 733 qua
1497 699 1624 725 iudicatio
1639 699 1680 724 fit:

887 734 977 767 Quum
995 736 1099 761 Iloratia
1124 735 1235 762 fratrum
1254 740 1365 761 mortem
1385 736 1539 771 negligeret,
1564 737 1683 762 hostium

888 772 999 808 lugeret,
1016 772 1103 799 fratris
1122 778 1147 799 et
1160 773 1254 807 populi
1267 773 1379 799 Romani
1394 774 1502 799 victoria
1518 782 1569 800 non
1582 774 1684 809 gaude-

887 815 934 840 ret,
959 811 1140 844 oportueritne
1163 819 1221 836 eam
1243 819 1257 836 a
1280 810 1359 836 fratre
1382 810 1563 836 indemnatam
1578 810 1684 837 necari?

887 885 981 911 ceteris
1000 885 1107 911 dabitur
1125 885 1372 916 constitutionibus,
1389 886 1460 911 sumi
1474 885 1614 920 oportebit,
1631 886 1683 912 sic—

886 923 926 948 uti
949 923 976 948 in
990 923 1187 957 comparatione
1207 927 1379 957 praeceptum
1398 927 1452 955 est,
1476 928 1576 957 postea,
1593 925 1615 949 si
1630 932 1682 958 qua

888 959 1000 986 facultas
1023 961 1081 991 erit,
1107 969 1155 995 per
1177 960 1295 995 aliquam
1317 960 1535 987 constitutionem
1549 960 1637 992 illum,
1655 962 1683 986 in

887 1006 969 1032 quem
991 998 1093 1024 crimen
1117 997 1297 1029 transferetur,
1322 997 1479 1030 defendere3
1509 999 1550 1024 80.
1575 997 1680 1029 deinde,

887 1035 974 1061 levius
993 1044 1060 1066 esse,
1081 1035 1155 1070 quod
1173 1036 1201 1061 in
1215 1034 1328 1061 alterum
1342 1040 1481 1069 peccatum
1495 1044 1556 1061 reus
1571 1035 1684 1061 transfe-

886 1077 934 1104 rat,
959 1081 1041 1107 quam
1063 1072 1137 1108 quod
1159 1073 1217 1107 ipse
1239 1073 1400 1107 susceperit,
1427 1078 1517 1107 postea
1536 1073 1683 1099 tralationis

886 1110 1009 1145 partibus
1032 1111 1071 1136 uti
1093 1115 1118 1136 et
1140 1110 1288 1142 ostendere,
1313 1119 1327 1136 a
1341 1119 1395 1145 quo
1409 1115 1433 1136 et
1448 1119 1495 1144 per
1508 1119 1576 1145 quos
1590 1115 1615 1136 et
1629 1119 1683 1145 quo

886 1148 965 1174 modo
982 1152 1008 1174 et
1025 1156 1078 1183 quo
1097 1153 1216 1182 tempore
1234 1152 1279 1174 aut
1297 1148 1339 1183 agi
1354 1151 1399 1174 aut
1413 1147 1525 1174 iudicari
1543 1153 1588 1174 aut
1602 1149 1682 1174 statui

886 1185 918 1211 de
933 1194 963 1211 ea
977 1194 1004 1211 re
1018 1186 1186 1218 convenerit,
1215 1194 1244 1211 ac
1258 1185 1340 1211 simul
1354 1185 1493 1211 ostendere
1508 1194 1560 1212 non
1574 1190 1677 1220 oportu-

886 1223 939 1249 isse
958 1227 1017 1249 ante
1040 1223 1216 1257 supplicium,
1241 1232 1323 1258 quam
1338 1223 1479 1254 iudicium,
1504 1223 1680 1257 interponere.

886 1261 954 1286 Tum
970 1260 1042 1296 leges
1056 1269 1164 1295 quoque
1178 1266 1203 1286 et
1217 1260 1316 1287 iudicia
1330 1260 1534 1287 demonstranda
1549 1265 1620 1292 sunt,
1636 1270 1683 1295 per

885 1306 954 1333 quae
968 1299 1084 1333 potuerit
1097 1298 1125 1324 id
1140 1302 1287 1333 peccatum,
1304 1298 1374 1333 quod
1386 1302 1480 1333 sponte
1494 1307 1542 1324 sua
1557 1307 1618 1324 rcus
1633 1307 1683 1333 pu-

886 1336 959 1362 nitus
973 1336 1017 1367 sit,
1034 1336 1155 1362 moribus
1169 1340 1194 1362 et
1208 1335 1307 1362 iudicio
1322 1335 1462 1362 vindicari.
1488 1335 1587 1362 Deinde
1602 1344 1683 1371 nega-

886 1382 913 1399 re
931 1373 1040 1399 debebit
1059 1373 1146 1399 audiri
1164 1378 1286 1408 oportere
1303 1373 1339 1405 id,
1356 1373 1429 1408 quod
1444 1373 1470 1399 iu
1485 1382 1547 1403 eum
1561 1374 1682 1399 criminis

885 1410 1045 1442 conferatur,
1062 1411 1094 1437 de
1108 1420 1162 1446 quo
1176 1412 1199 1437 is
1214 1412 1280 1445 ipse,
1301 1411 1348 1445 qui
1363 1410 1489 1442 conferat,
1506 1411 1637 1437 iudicium
1653 1412 1683 1436 ti-

886 1449 923 1474 eri
938 1448 1066 1480 1101110111;
1087 1453 1112 1474 01
1126 1448 1162 1479 1(1,
1176 1448 1249 1483 quod
1263 1448 1411 1475 iudicatum
1427 1457 1478 1475 non
1493 1449 1536 1480 sit,
1553 1457 1600 1483 pro
1615 1448 1683 1474 infe-

886 1490 927 1512 cto
942 1485 1033 1511 11311011
1047 1490 1182 1520 oportere:
1199 1488 1241 1511 St.
1257 1491 1348 1520 postea
1363 1487 1558 1520 impudentiam
1572 1485 1683 1512 demon—

886 1527 969 1549 strare
987 1531 1088 1554 eorum,
1109 1524 1157 1557 qui
1176 1532 1238 1549 00111
1257 1532 1328 1549 nunc
1343 1523 1415 1558 apud
1429 1524 1532 1549 iudices
1546 1529 1680 1553 accusent,

885 1569 967 1595 quem
981 1561 1039 1586 sine
1054 1560 1191 1586 iudicibus
1206 1561 1257 1595 ipsi
1272 1560 1486 1591 condemnarint,
1511 1565 1535 1587 et
1549 1561 1582 1587 de
1596 1569 1627 1587 eo
1640 1561 1683 1586 iu-

885 1598 987 1624 dicium
1004 1597 1108 1629 1301301,
1128 1598 1160 1623 (10
1174 1606 1228 1632 quo
1242 1598 1295 1624 iam
1310 1598 1362 1632 ipsi
1377 1598 1542 1632 supplicium
1557 1607 1683 1632 sumpse-

886 1636 948 1661 rint.
983 1636 1076 1661 Postea
1095 1635 1320 1669 perturbationem
1341 1635 1433 1661 iudicii
1457 1635 1574 1661 futuram
1596 1634 1683 1671 [dice-

886 1671 967 1708 mus],
988 1677 1014 1698 et
1031 1672 1134 1698 iudices
1154 1672 1270 1707 longius,
1292 1681 1372 1707 (1113111
1389 1677 1544 1707 potestatem
1557 1673 1679 1703 habeant,

885 1718 1084 1746 progressuros,
1101 1710 1123 1736 si
1138 1710 1220 1735 simul
1236 1714 1261 1736 et
1274 1710 1306 1735 de
1322 1719 1364 1736 reo
1379 1715 1403 1736 et
1418 1710 1450 1736 de
1465 1719 1503 1741 00,
1524 1719 1605 1744 quem
1620 1719 1682 1736 reus

885 1752 987 1783 arguat,
1004 1746 1162 1780 iudicarint,
1179 1747 1284 1778 deinde,
1301 1747 1351 1773 1100
1365 1748 1387 1773 51
1402 1748 1578 1773 000511111111111
1593 1748 1635 1777 sit,
1654 1752 1682 1773 ut

884 1789 991 1820 peccata
1006 1785 1129 1812 homines
1144 1784 1258 1819 peccatis
1273 1789 1297 1811 et
1312 1785 1424 1811 iniurias
1435 1784 1682 1811 iniuriisulciscan-

884 1827 936 1854 tur,
962 1827 1095 1857 quantum
1120 1822 1351 1849 incommodorum
1378 1827 1570 1857 consequatur,
1603 1832 1633 1848 ac
1659 1823 1680 1848 si

883 1860 956 1886 idem
970 1860 1056 1886 facere
1070 1860 1137 1894 ipse,
1154 1860 1201 1894 qui
1216 1865 1288 1886 nunc
1302 1864 1416 1891 accuset,
1433 1860 1572 1891 voluisset,
1586 1869 1618 1886 ne
1633 1860 1681 1886 lioc

883 1897 995 1932 quidem
1014 1898 1073 1932 ipso
1091 1897 1242 1932 quidquam
1256 1906 1325 1932 opus
1340 1896 1425 1924 fuisse
1439 1897 1553 1929 iudicio,
1582 1898 1604 1923 si
1621 1906 1681 1923 vcro

883 1935 964 1961 ceteri
978 1943 1087 1970 quoque
1101 1934 1173 1961 idem
1188 1934 1293 1966 faciant,
1309 1935 1418 1961 omnino
1433 1935 1563 1961 indicium
1575 1935 1680 1961 11111111111

884 1972 1016 1998 futurum.
1052 1974 1092 1998 82.
1117 1972 1209 1998 Postea
1232 1971 1467 2003 demonstrabitur,
1494 1981 1525 1998 110
1544 1973 1566 1998 si
1581 1972 1681 1998 iudicio

882 2010 994 2045 quidem
1009 2009 1053 2036 illa
1067 2009 1191 2036 damnata
1205 2014 1283 2041 essct,
1300 2010 1327 2035 in
1341 2018 1422 2044 quam
1436 2009 1464 2036 id
1475 2010 1576 2036 crimen
1590 2010 1623 2035 ab
1638 2019 1680 2036 reo

882 2047 1048 2078 conferatur,
1067 2048 1187 2082 potuisse
1206 2047 1278 2073 bunc
1296 2047 1386 2082 ipsum
1405 2047 1437 2073 (10
1456 2047 1500 2073 1113
1515 2047 1680 2082 supplicium

883 2094 1003 2118 sumere3
1015 2093 1098 2119 quare
1108 2093 1167 2111 esse
1178 2084 1329 2120 indignum,
1338 2093 1410 2116 cum,
1418 2085 1465 2120 qui
1477 2094 1509 2110 nc
1519 2085 1551 2110 de
1557 2084 1680 2110 damnata

882 2122 994 2157 quidem
1013 2131 1111 2157 poenas
1130 2130 1236 2148 sumere
1256 2122 1395 2156 potuisset,
1416 2122 1448 2148 de
1466 2131 1495 2147 ca
1514 2122 1679 2156 supplicium

883 2160 1043 2194 sumpsisse,
1060 2168 1128 2194 quae
1143 2168 1175 2185 ne
1189 2159 1302 2186 adducta
1318 2159 1428 2194 quidem
1446 2160 1480 2185 sit
1495 2160 1521 2185 in
1537 2159 1678 2186 iudiciuin.

883 2197 983 2223 Deinde
998 2196 1153 2231 postulabit,
1171 2202 1199 2223 ut
1215 2196 1312 2232 legem,
1328 2206 1381 2232 (1113
1396 2196 1453 2232 lege
1473 2196 1572 2228 fecerit,
1592 2196 1680 2231 profe-

883 2239 932 2261 rat.
967 2234 1075 2265 Deinde,
1096 2234 1326 2269 quemadmodum
1346 2235 1373 2260 in
1393 2235 1589 2268 comparatione
1604 2242 1680 2268 prae-

882 2271 1060 2306 cipiebamus,
1078 2276 1106 2298 nt
1121 2271 1198 2303 illud,
1214 2272 1287 2306 quod
1302 2272 1680 2306 comparabatur,extenuare—

883 2314 926 2335 tur
949 2309 982 2335 ab
1004 2313 1156 2335 accusatore
1178 2318 1260 2344 (1113111
1281 2309 1406 2338 maxime,
1426 2309 1505 2335 sicin
1521 2309 1679 2343 liocgenere

882 2346 1014 2381 oportebit
1029 2346 1103 2372 illius
1116 2346 1233 2381 culpam,
1243 2347 1269 2372 in
1284 2355 1365 2380 quem
1380 2347 1480 2372 crimen
1495 2345 1677 2375 transferetur,

882 2392 944 2410 cum
963 2383 1046 2410 liuius
1065 2383 1203 2415 maleficio,
1224 2384 1271 2418 (1111
1289 2392 1317 2409 50
1332 2384 1389 2409 iure
1405 2383 1499 2409 fecisse
1512 2383 1591 2414 dieat,
1606 2392 1679 2409 com—

883 2429 984 2455 parare.
1023 2421 1115 2447 Postea
1134 2420 1372 2447 demonstramlum
1391 2425 1439 2450 est,
1465 2429 1515 2446 non
1539 2429 1597 2446 esse
1611 2420 1678 2446 illud

882 2457 1025 2488 eiusmodi.
1043 2463 1071 2484 ut
1084 2458 1118 2484 ob
1133 2458 1158 2484 id
1175 2458 1223 2484 hoc
1238 2458 1293 2484 fieri
1308 2458 1470 2484 conweniret.
1494 2458 1617 2484 Extrema
1627 2463 1676 2487 cst,

883 2500 912 2521 ut
931 2495 958 2521 in
977 2496 1182 2529 comparatione,
1203 2495 1352 2529 assumptio
1372 2494 1542 2521 iudicationis
1559 2500 1584 2521 et
1602 2495 1634 2521 (10
1649 2505 1677 2521 ea

883 2542 929 2567 per
947 2532 1181 2566 amplilicationem
1201 2541 1234 2558 cx
1251 2532 1451 2558 deliberationis
1471 2534 1618 2567 praeceptis
1637 2533 1678 2559 ‹ti—

881 2570 943 2596 ctio.
960 2569 1080 2596 XXVIII.
1093 2572 1133 2595 83.
1143 2569 1269 2595 Defensor
1282 2574 1380 2599 11010111,
1397 2578 1465 2604 quae
1480 2578 1526 2604 per
1539 2570 1604 2596 alias
1615 2579 1678 2596 con-

882 2607 1035 2633 stitutiones
1054 2607 1225 2638 inducentur,
1246 2616 1280 2633 cx
1299 2607 1330 2632 iis
1349 2606 1421 2637 locis,
1438 2608 1485 2642 qui
1500 2607 1588 2634 traditi
1603 2614 1674 2638 sunt,

882 2645 1042 2676 infirmabit,
1079 2645 1164 2679 ipsam
1188 2649 1277 2670 autem
1302 2643 1455 2671 relationem
1482 2645 1674 2680 comprobabit,

883 2682 1000 2716 primuni
1015 2681 1137 2717 augendo
1151 2682 1218 2712 eius.
1232 2682 1350 2716 inquom
1362 2681 1439 2708 refert
1450 2682 1675 2716 ci·iinen,culpmn

882 2723 907 2746 ct
921 2719 1070 2751 audaciam,
1090 2725 1115 2746 ct
1128 2728 1210 2755 quam
1224 2719 1341 2746 maxime
1356 2728 1402 2754 prr
1417 2719 1636 2756 intligmitioucni,
1653 2721 1676 2746 si
