<?xml version="1.0" encoding="UTF-8"?>
<!DOCTYPE html PUBLIC "-//W3C//DTD XHTML 1.0 Transitional//EN"
    "http://www.w3.org/TR/xhtml1/DTD/xhtml1-transitional.dtd">
<html xmlns="http://www.w3.org/1999/xhtml" xml:lang="en" lang="en">
 <head>
  <title>
</title>
<meta http-equiv="Content-Type" content="text/html;charset=utf-8" />
  <meta name='ocr-system' content='tesseract 3.04.00' />
  <meta name='ocr-capabilities' content='ocr_page ocr_carea ocr_par ocr_line ocrx_word'/>
</head>
<body>
  <div class='ocr_page' id='page_1' title='image "./operaomniaunovol00ciceuoft_0697.png"; bbox 0 0 1941 3052; ppageno 0'>
   <div class='ocr_carea' id='block_1_1' title="bbox 0 2023 5 3046">
    <p class='ocr_par' dir='ltr' id='par_1_1' title="bbox 0 2023 5 3046">
     <span class='ocr_line' id='line_1_1' title="bbox 0 2023 5 3046; baseline 0 0"><span class='ocrx_word' id='word_1_1' title='bbox 0 2023 5 3046; x_wconf 95' lang='lat' dir='ltr'> </span> 
     </span>
    </p>
   </div>
   <div class='ocr_carea' id='block_1_2' title="bbox 348 81 1440 109">
    <p class='ocr_par' dir='ltr' id='par_1_2' title="bbox 348 81 1440 109">
     <span class='ocr_line' id='line_1_2' title="bbox 348 81 1440 109; baseline 0.001 -1"><span class='ocrx_word' id='word_1_2' title='bbox 348 81 677 109; x_wconf 87' lang='lat' dir='ltr'>EPISTOLARUM</span> <span class='ocrx_word' id='word_1_3' title='bbox 707 82 761 108; x_wconf 87' lang='lat' dir='ltr'>AD</span> <span class='ocrx_word' id='word_1_4' title='bbox 789 81 1020 109; x_wconf 88' lang='lat' dir='ltr'>DIVERSOS</span> <span class='ocrx_word' id='word_1_5' title='bbox 1050 82 1132 109; x_wconf 90' lang='lat' dir='ltr'>LIB.</span> <span class='ocrx_word' id='word_1_6' title='bbox 1154 83 1190 109; x_wconf 93' lang='lat' dir='ltr'>II.</span> <span class='ocrx_word' id='word_1_7' title='bbox 1222 83 1284 109; x_wconf 87' lang='grc' dir='ltr'>ΕΡ.</span> <span class='ocrx_word' id='word_1_8' title='bbox 1307 84 1378 109; x_wconf 79' lang='lat'>5—</span> <span class='ocrx_word' id='word_1_9' title='bbox 1402 85 1440 109; x_wconf 84' lang='grc'>10.</span> 
     </span>
    </p>
   </div>
   <div class='ocr_carea' id='block_1_3' title="bbox 70 152 872 1497">
    <p class='ocr_par' dir='ltr' id='par_1_3' title="bbox 70 152 872 1497">
     <span class='ocr_line' id='line_1_3' title="bbox 75 152 872 190; baseline -0.004 -9"><span class='ocrx_word' id='word_1_10' title='bbox 75 162 144 190; x_wconf 86' lang='lat' dir='ltr'>quae</span> <span class='ocrx_word' id='word_1_11' title='bbox 155 153 213 188; x_wconf 86' lang='lat' dir='ltr'>ipse</span> <span class='ocrx_word' id='word_1_12' title='bbox 224 156 293 179; x_wconf 89' lang='lat' dir='ltr'>recta</span> <span class='ocrx_word' id='word_1_13' title='bbox 303 160 362 179; x_wconf 84' lang='lat' dir='ltr'>esse</span> <span class='ocrx_word' id='word_1_14' title='bbox 376 154 485 179; x_wconf 88' lang='lat' dir='ltr'>senties.</span> <span class='ocrx_word' id='word_1_15' title='bbox 526 155 551 180; x_wconf 74' lang='lat'>2.</span> <span class='ocrx_word' id='word_1_16' title='bbox 572 152 648 185; x_wconf 89' lang='lat' dir='ltr'>Quod</span> <span class='ocrx_word' id='word_1_17' title='bbox 663 153 691 179; x_wconf 92' lang='lat' dir='ltr'>in</span> <span class='ocrx_word' id='word_1_18' title='bbox 702 152 729 179; x_wconf 89' lang='lat' dir='ltr'>id</span> <span class='ocrx_word' id='word_1_19' title='bbox 741 152 872 188; x_wconf 89' lang='lat' dir='ltr'>reipubli-</span> 
     </span>
     <span class='ocr_line' id='line_1_4' title="bbox 75 189 870 226; baseline -0.003 -8"><span class='ocrx_word' id='word_1_20' title='bbox 75 199 120 218; x_wconf 88' lang='lat' dir='ltr'>cae</span> <span class='ocrx_word' id='word_1_21' title='bbox 135 195 241 225; x_wconf 89' lang='lat' dir='ltr'>tempus</span> <span class='ocrx_word' id='word_1_22' title='bbox 254 198 305 216; x_wconf 91' lang='lat' dir='ltr'>non</span> <span class='ocrx_word' id='word_1_23' title='bbox 316 189 456 221; x_wconf 89' lang='lat' dir='ltr'>incideris,</span> <span class='ocrx_word' id='word_1_24' title='bbox 478 190 525 217; x_wconf 92' lang='lat' dir='ltr'>sed</span> <span class='ocrx_word' id='word_1_25' title='bbox 541 191 658 222; x_wconf 85' lang='lat' dir='ltr'>veneris,</span> <span class='ocrx_word' id='word_1_26' title='bbox 678 190 788 226; x_wconf 92' lang='lat' dir='ltr'>(iudicio</span> <span class='ocrx_word' id='word_1_27' title='bbox 799 191 870 216; x_wconf 90' lang='lat' dir='ltr'>enim</span> 
     </span>
     <span class='ocr_line' id='line_1_5' title="bbox 75 227 872 262; baseline -0.001 -7"><span class='ocrx_word' id='word_1_28' title='bbox 75 232 130 259; x_wconf 82' lang='lat' dir='ltr'>tuo,</span> <span class='ocrx_word' id='word_1_29' title='bbox 143 236 196 254; x_wconf 91' lang='lat' dir='ltr'>non</span> <span class='ocrx_word' id='word_1_30' title='bbox 206 236 270 254; x_wconf 91' lang='lat' dir='ltr'>casu</span> <span class='ocrx_word' id='word_1_31' title='bbox 280 228 308 254; x_wconf 93' lang='lat' dir='ltr'>in</span> <span class='ocrx_word' id='word_1_32' title='bbox 319 227 408 262; x_wconf 90' lang='lat' dir='ltr'>ipsum</span> <span class='ocrx_word' id='word_1_33' title='bbox 421 227 565 254; x_wconf 85' lang='lat' dir='ltr'><strong>discrimen</strong></span> <span class='ocrx_word' id='word_1_34' title='bbox 576 236 664 254; x_wconf 92' lang='lat' dir='ltr'>rerum</span> <span class='ocrx_word' id='word_1_35' title='bbox 676 227 812 254; x_wconf 81' lang='lat' dir='ltr'><strong>contulisti</strong></span> <span class='ocrx_word' id='word_1_36' title='bbox 824 228 872 253; x_wconf 88' lang='lat' dir='ltr'>tri-</span> 
     </span>
     <span class='ocr_line' id='line_1_6' title="bbox 74 264 872 300; baseline -0.001 -8"><span class='ocrx_word' id='word_1_37' title='bbox 74 265 205 292; x_wconf 91' lang='lat' dir='ltr'>bunatum</span> <span class='ocrx_word' id='word_1_38' title='bbox 216 264 314 299; x_wconf 82' lang='lat' dir='ltr'>tuum‚)</span> <span class='ocrx_word' id='word_1_39' title='bbox 325 264 441 299; x_wconf 87' lang='lat' dir='ltr'>profecto</span> <span class='ocrx_word' id='word_1_40' title='bbox 454 265 537 296; x_wconf 87' lang='lat' dir='ltr'>vides,</span> <span class='ocrx_word' id='word_1_41' title='bbox 550 269 648 300; x_wconf 90' lang='lat' dir='ltr'>quanta</span> <span class='ocrx_word' id='word_1_42' title='bbox 659 266 701 291; x_wconf 90' lang='lat' dir='ltr'>vis</span> <span class='ocrx_word' id='word_1_43' title='bbox 712 265 739 291; x_wconf 93' lang='lat' dir='ltr'>in</span> <span class='ocrx_word' id='word_1_44' title='bbox 750 264 872 299; x_wconf 86' lang='lat' dir='ltr'>republi-</span> 
     </span>
     <span class='ocr_line' id='line_1_7' title="bbox 74 302 870 337; baseline 0 -9"><span class='ocrx_word' id='word_1_45' title='bbox 74 311 104 329; x_wconf 87' lang='lat' dir='ltr'>ca</span> <span class='ocrx_word' id='word_1_46' title='bbox 115 307 264 337; x_wconf 89' lang='lat' dir='ltr'>temporum</span> <span class='ocrx_word' id='word_1_47' title='bbox 275 302 323 333; x_wconf 90' lang='lat' dir='ltr'>sit,</span> <span class='ocrx_word' id='word_1_48' title='bbox 336 306 435 337; x_wconf 86' lang='lat' dir='ltr'>quanta</span> <span class='ocrx_word' id='word_1_49' title='bbox 446 303 559 328; x_wconf 88' lang='lat' dir='ltr'>varietas</span> <span class='ocrx_word' id='word_1_50' title='bbox 573 311 671 334; x_wconf 84' lang='lat' dir='ltr'>rerum,</span> <span class='ocrx_word' id='word_1_51' title='bbox 684 311 766 337; x_wconf 90' lang='lat' dir='ltr'>quam</span> <span class='ocrx_word' id='word_1_52' title='bbox 777 302 870 328; x_wconf 75' lang='lat' dir='ltr'>incerti</span> 
     </span>
     <span class='ocr_line' id='line_1_8' title="bbox 74 338 871 374; baseline -0.001 -8"><span class='ocrx_word' id='word_1_53' title='bbox 74 340 175 370; x_wconf 82' lang='lat' dir='ltr'>exitus,</span> <span class='ocrx_word' id='word_1_54' title='bbox 188 348 269 374; x_wconf 89' lang='lat' dir='ltr'>quam</span> <span class='ocrx_word' id='word_1_55' title='bbox 281 338 412 365; x_wconf 84' lang='lat' dir='ltr'>flexibiles</span> <span class='ocrx_word' id='word_1_56' title='bbox 424 340 564 366; x_wconf 91' lang='lat' dir='ltr'>hominum</span> <span class='ocrx_word' id='word_1_57' title='bbox 576 340 739 373; x_wconf 76' lang='lat' dir='ltr'>voluntates,</span> <span class='ocrx_word' id='word_1_58' title='bbox 751 339 817 374; x_wconf 90' lang='lat' dir='ltr'>quid</span> <span class='ocrx_word' id='word_1_59' title='bbox 828 339 871 365; x_wconf 93' lang='lat' dir='ltr'>in-</span> 
     </span>
     <span class='ocr_line' id='line_1_9' title="bbox 74 376 871 412; baseline -0.001 -9"><span class='ocrx_word' id='word_1_60' title='bbox 74 377 218 407; x_wconf 86' lang='lat' dir='ltr'>sidiarum,</span> <span class='ocrx_word' id='word_1_61' title='bbox 234 376 299 411; x_wconf 92' lang='lat' dir='ltr'>quid</span> <span class='ocrx_word' id='word_1_62' title='bbox 312 377 436 403; x_wconf 78' lang='lat' dir='ltr'>vanitatis</span> <span class='ocrx_word' id='word_1_63' title='bbox 447 378 474 403; x_wconf 92' lang='lat' dir='ltr'>in</span> <span class='ocrx_word' id='word_1_64' title='bbox 486 377 548 408; x_wconf 87' lang='lat' dir='ltr'>vita,</span> <span class='ocrx_word' id='word_1_65' title='bbox 561 386 613 403; x_wconf 90' lang='lat' dir='ltr'>non</span> <span class='ocrx_word' id='word_1_66' title='bbox 625 377 732 408; x_wconf 91' lang='lat' dir='ltr'>dubito,</span> <span class='ocrx_word' id='word_1_67' title='bbox 748 377 815 412; x_wconf 90' lang='lat' dir='ltr'>quin</span> <span class='ocrx_word' id='word_1_68' title='bbox 826 384 871 402; x_wconf 90' lang='lat' dir='ltr'>co-</span> 
     </span>
     <span class='ocr_line' id='line_1_10' title="bbox 74 413 871 450; baseline -0.001 -10"><span class='ocrx_word' id='word_1_69' title='bbox 74 415 152 450; x_wconf 87' lang='lat' dir='ltr'>gites.</span> <span class='ocrx_word' id='word_1_70' title='bbox 175 414 236 445; x_wconf 89' lang='lat' dir='ltr'>Sed,</span> <span class='ocrx_word' id='word_1_71' title='bbox 250 414 344 440; x_wconf 90' lang='lat' dir='ltr'>amabo</span> <span class='ocrx_word' id='word_1_72' title='bbox 354 418 391 445; x_wconf 89' lang='lat' dir='ltr'>te,</span> <span class='ocrx_word' id='word_1_73' title='bbox 405 423 466 440; x_wconf 89' lang='lat' dir='ltr'>cura</span> <span class='ocrx_word' id='word_1_74' title='bbox 479 418 504 440; x_wconf 91' lang='lat' dir='ltr'>et</span> <span class='ocrx_word' id='word_1_75' title='bbox 516 415 600 450; x_wconf 87' lang='lat' dir='ltr'>cogita</span> <span class='ocrx_word' id='word_1_76' title='bbox 613 414 679 440; x_wconf 90' lang='lat' dir='ltr'>nihil</span> <span class='ocrx_word' id='word_1_77' title='bbox 695 415 765 445; x_wconf 84' lang='lat' dir='ltr'>novi,</span> <span class='ocrx_word' id='word_1_78' title='bbox 779 414 826 440; x_wconf 90' lang='lat' dir='ltr'>sed</span> <span class='ocrx_word' id='word_1_79' title='bbox 837 413 871 439; x_wconf 89' lang='lat' dir='ltr'>il-</span> 
     </span>
     <span class='ocr_line' id='line_1_11' title="bbox 75 450 871 486; baseline -0.001 -9"><span class='ocrx_word' id='word_1_80' title='bbox 75 452 121 478; x_wconf 90' lang='lat' dir='ltr'>lud</span> <span class='ocrx_word' id='word_1_81' title='bbox 133 451 217 482; x_wconf 90' lang='lat' dir='ltr'>idem,</span> <span class='ocrx_word' id='word_1_82' title='bbox 235 451 308 486; x_wconf 90' lang='lat' dir='ltr'>quod</span> <span class='ocrx_word' id='word_1_83' title='bbox 322 452 398 478; x_wconf 89' lang='lat' dir='ltr'>initio</span> <span class='ocrx_word' id='word_1_84' title='bbox 412 452 522 486; x_wconf 83' lang='lat' dir='ltr'>scripsi:</span> <span class='ocrx_word' id='word_1_85' title='bbox 546 457 632 478; x_wconf 89' lang='lat' dir='ltr'>tecum</span> <span class='ocrx_word' id='word_1_86' title='bbox 645 451 766 486; x_wconf 86' lang='lat' dir='ltr'>loquere:</span> <span class='ocrx_word' id='word_1_87' title='bbox 789 456 813 477; x_wconf 88' lang='lat' dir='ltr'>te</span> <span class='ocrx_word' id='word_1_88' title='bbox 824 450 871 476; x_wconf 87' lang='lat' dir='ltr'>ad-</span> 
     </span>
     <span class='ocr_line' id='line_1_12' title="bbox 73 488 870 523; baseline -0.003 -8"><span class='ocrx_word' id='word_1_89' title='bbox 73 489 137 515; x_wconf 88' lang='lat' dir='ltr'>hibe</span> <span class='ocrx_word' id='word_1_90' title='bbox 150 489 175 515; x_wconf 93' lang='lat' dir='ltr'>in</span> <span class='ocrx_word' id='word_1_91' title='bbox 187 488 343 515; x_wconf 90' lang='lat' dir='ltr'>consilium:</span> <span class='ocrx_word' id='word_1_92' title='bbox 362 493 386 515; x_wconf 87' lang='lat' dir='ltr'>te</span> <span class='ocrx_word' id='word_1_93' title='bbox 397 489 473 515; x_wconf 91' lang='lat' dir='ltr'>audi:</span> <span class='ocrx_word' id='word_1_94' title='bbox 492 489 540 515; x_wconf 89' lang='lat' dir='ltr'>tibi</span> <span class='ocrx_word' id='word_1_95' title='bbox 554 489 719 523; x_wconf 64' lang='lat' dir='ltr'>obtempera,</span> <span class='ocrx_word' id='word_1_96' title='bbox 737 488 811 514; x_wconf 83' lang='lat' dir='ltr'>alteri</span> <span class='ocrx_word' id='word_1_97' title='bbox 822 488 870 522; x_wconf 92' lang='lat' dir='ltr'>qui</span> 
     </span>
     <span class='ocr_line' id='line_1_13' title="bbox 74 525 870 561; baseline -0.001 -9"><span class='ocrx_word' id='word_1_98' title='bbox 74 526 172 552; x_wconf 90' lang='lat' dir='ltr'>melius</span> <span class='ocrx_word' id='word_1_99' title='bbox 183 526 325 552; x_wconf 90' lang='lat' dir='ltr'>consilium</span> <span class='ocrx_word' id='word_1_100' title='bbox 336 526 399 552; x_wconf 87' lang='lat' dir='ltr'>dare</span> <span class='ocrx_word' id='word_1_101' title='bbox 410 527 507 561; x_wconf 88' lang='lat' dir='ltr'>possit,</span> <span class='ocrx_word' id='word_1_102' title='bbox 522 535 604 561; x_wconf 90' lang='lat' dir='ltr'>quam</span> <span class='ocrx_word' id='word_1_103' title='bbox 618 530 660 556; x_wconf 87' lang='lat' dir='ltr'>tu,</span> <span class='ocrx_word' id='word_1_104' title='bbox 674 534 726 552; x_wconf 91' lang='lat' dir='ltr'>non</span> <span class='ocrx_word' id='word_1_105' title='bbox 740 525 817 551; x_wconf 86' lang='lat' dir='ltr'>facile</span> <span class='ocrx_word' id='word_1_106' title='bbox 828 525 870 551; x_wconf 94' lang='lat' dir='ltr'>in-</span> 
     </span>
     <span class='ocr_line' id='line_1_14' title="bbox 74 562 867 598; baseline -0.001 -9"><span class='ocrx_word' id='word_1_107' title='bbox 74 564 159 590; x_wconf 88' lang='lat' dir='ltr'>veniri</span> <span class='ocrx_word' id='word_1_108' title='bbox 175 568 272 598; x_wconf 89' lang='lat' dir='ltr'>potest:</span> <span class='ocrx_word' id='word_1_109' title='bbox 296 564 345 589; x_wconf 91' lang='lat' dir='ltr'>tibi</span> <span class='ocrx_word' id='word_1_110' title='bbox 360 572 422 590; x_wconf 83' lang='lat' dir='ltr'>vero</span> <span class='ocrx_word' id='word_1_111' title='bbox 437 564 489 598; x_wconf 91' lang='lat' dir='ltr'>ipsi</span> <span class='ocrx_word' id='word_1_112' title='bbox 504 568 575 590; x_wconf 87' lang='lat' dir='ltr'>certe</span> <span class='ocrx_word' id='word_1_113' title='bbox 589 571 666 589; x_wconf 89' lang='lat' dir='ltr'>nemo</span> <span class='ocrx_word' id='word_1_114' title='bbox 677 563 773 589; x_wconf 91' lang='lat' dir='ltr'>melius</span> <span class='ocrx_word' id='word_1_115' title='bbox 784 562 867 588; x_wconf 88' lang='lat' dir='ltr'>dabit.</span> 
     </span>
     <span class='ocr_line' id='line_1_15' title="bbox 73 599 869 636; baseline -0.003 -9"><span class='ocrx_word' id='word_1_116' title='bbox 73 601 114 627; x_wconf 91' lang='lat' dir='ltr'>Dii</span> <span class='ocrx_word' id='word_1_117' title='bbox 126 601 303 627; x_wconf 87' lang='lat' dir='ltr'>immortales!</span> <span class='ocrx_word' id='word_1_118' title='bbox 316 609 364 627; x_wconf 90' lang='lat' dir='ltr'>cur</span> <span class='ocrx_word' id='word_1_119' title='bbox 373 609 422 636; x_wconf 86' lang='lat' dir='ltr'>ego</span> <span class='ocrx_word' id='word_1_120' title='bbox 433 609 484 627; x_wconf 90' lang='lat' dir='ltr'>non</span> <span class='ocrx_word' id='word_1_121' title='bbox 496 601 601 631; x_wconf 84' lang='lat' dir='ltr'>adsum,</span> <span class='ocrx_word' id='word_1_122' title='bbox 615 600 657 626; x_wconf 93' lang='lat' dir='ltr'>vel</span> <span class='ocrx_word' id='word_1_123' title='bbox 668 604 799 635; x_wconf 88' lang='lat' dir='ltr'>spectator</span> <span class='ocrx_word' id='word_1_124' title='bbox 812 599 869 625; x_wconf 89' lang='lat' dir='ltr'>lau-</span> 
     </span>
     <span class='ocr_line' id='line_1_16' title="bbox 73 637 869 672; baseline -0.003 -8"><span class='ocrx_word' id='word_1_125' title='bbox 73 637 139 664; x_wconf 89' lang='lat' dir='ltr'>dum</span> <span class='ocrx_word' id='word_1_126' title='bbox 155 643 275 669; x_wconf 82' lang='lat' dir='ltr'>tuarum,</span> <span class='ocrx_word' id='word_1_127' title='bbox 293 637 335 664; x_wconf 92' lang='lat' dir='ltr'>vel</span> <span class='ocrx_word' id='word_1_128' title='bbox 351 639 496 672; x_wconf 78' lang='lat' dir='ltr'>particeps,</span> <span class='ocrx_word' id='word_1_129' title='bbox 515 637 557 664; x_wconf 91' lang='lat' dir='ltr'>vel</span> <span class='ocrx_word' id='word_1_130' title='bbox 573 638 675 668; x_wconf 85' lang='lat' dir='ltr'>socius,</span> <span class='ocrx_word' id='word_1_131' title='bbox 693 637 735 663; x_wconf 89' lang='lat' dir='ltr'>vel</span> <span class='ocrx_word' id='word_1_132' title='bbox 747 637 869 663; x_wconf 84' lang='lat' dir='ltr'>minister</span> 
     </span>
     <span class='ocr_line' id='line_1_17' title="bbox 73 674 869 705; baseline -0.003 -3"><span class='ocrx_word' id='word_1_133' title='bbox 73 675 260 702; x_wconf 87' lang='lat' dir='ltr'>consiliorum!</span> <span class='ocrx_word' id='word_1_134' title='bbox 282 676 387 702; x_wconf 89' lang='lat' dir='ltr'>tametsi</span> <span class='ocrx_word' id='word_1_135' title='bbox 402 675 451 701; x_wconf 89' lang='lat' dir='ltr'>hoc</span> <span class='ocrx_word' id='word_1_136' title='bbox 466 676 577 701; x_wconf 90' lang='lat' dir='ltr'>minime</span> <span class='ocrx_word' id='word_1_137' title='bbox 592 675 641 701; x_wconf 89' lang='lat' dir='ltr'>tibi</span> <span class='ocrx_word' id='word_1_138' title='bbox 659 675 745 705; x_wconf 84' lang='lat' dir='ltr'>deest,</span> <span class='ocrx_word' id='word_1_139' title='bbox 769 674 816 700; x_wconf 86' lang='lat' dir='ltr'>sed</span> <span class='ocrx_word' id='word_1_140' title='bbox 831 679 869 700; x_wconf 91' lang='lat' dir='ltr'>ta-</span> 
     </span>
     <span class='ocr_line' id='line_1_18' title="bbox 74 711 869 748; baseline -0.003 -9"><span class='ocrx_word' id='word_1_141' title='bbox 74 721 135 739; x_wconf 87' lang='lat' dir='ltr'>men</span> <span class='ocrx_word' id='word_1_142' title='bbox 146 712 261 739; x_wconf 84' lang='lat' dir='ltr'>efficeret</span> <span class='ocrx_word' id='word_1_143' title='bbox 271 712 427 748; x_wconf 81' lang='lat' dir='ltr'>magnitudo</span> <span class='ocrx_word' id='word_1_144' title='bbox 438 717 463 738; x_wconf 88' lang='lat' dir='ltr'>et</span> <span class='ocrx_word' id='word_1_145' title='bbox 474 713 515 738; x_wconf 90' lang='lat' dir='ltr'>vis</span> <span class='ocrx_word' id='word_1_146' title='bbox 526 713 623 738; x_wconf 86' lang='lat' dir='ltr'>amoris</span> <span class='ocrx_word' id='word_1_147' title='bbox 634 713 700 742; x_wconf 85' lang='lat' dir='ltr'>mei,</span> <span class='ocrx_word' id='word_1_148' title='bbox 718 711 830 738; x_wconf 89' lang='lat' dir='ltr'>consilio</span> <span class='ocrx_word' id='word_1_149' title='bbox 844 715 869 737; x_wconf 93' lang='lat' dir='ltr'>te</span> 
     </span>
     <span class='ocr_line' id='line_1_19' title="bbox 73 749 869 785; baseline -0.001 -9"><span class='ocrx_word' id='word_1_150' title='bbox 73 755 104 776; x_wconf 91' lang='lat' dir='ltr'>ut</span> <span class='ocrx_word' id='word_1_151' title='bbox 114 758 220 785; x_wconf 86' lang='lat' dir='ltr'>possem</span> <span class='ocrx_word' id='word_1_152' title='bbox 231 750 333 776; x_wconf 90' lang='lat' dir='ltr'>iuvare.</span> <span class='ocrx_word' id='word_1_153' title='bbox 365 751 387 776; x_wconf 88' lang='grc'>3.</span> <span class='ocrx_word' id='word_1_154' title='bbox 402 749 524 776; x_wconf 84' lang='lat' dir='ltr'>Scribam</span> <span class='ocrx_word' id='word_1_155' title='bbox 536 749 569 776; x_wconf 89' lang='lat' dir='ltr'>ad</span> <span class='ocrx_word' id='word_1_156' title='bbox 580 754 604 776; x_wconf 91' lang='lat' dir='ltr'>te</span> <span class='ocrx_word' id='word_1_157' title='bbox 615 749 692 784; x_wconf 89' lang='lat' dir='ltr'>plura</span> <span class='ocrx_word' id='word_1_158' title='bbox 704 749 782 775; x_wconf 84' lang='lat' dir='ltr'>alias:</span> <span class='ocrx_word' id='word_1_159' title='bbox 802 757 869 783; x_wconf 90' lang='lat' dir='ltr'>pau-</span> 
     </span>
     <span class='ocr_line' id='line_1_20' title="bbox 73 786 869 813; baseline -0.001 0"><span class='ocrx_word' id='word_1_160' title='bbox 73 788 112 813; x_wconf 89' lang='lat' dir='ltr'>cis</span> <span class='ocrx_word' id='word_1_161' title='bbox 133 788 204 813; x_wconf 92' lang='lat' dir='ltr'>enim</span> <span class='ocrx_word' id='word_1_162' title='bbox 225 786 321 813; x_wconf 90' lang='lat' dir='ltr'>diebus</span> <span class='ocrx_word' id='word_1_163' title='bbox 340 794 412 813; x_wconf 91' lang='lat' dir='ltr'>eram</span> <span class='ocrx_word' id='word_1_164' title='bbox 433 787 567 813; x_wconf 90' lang='lat' dir='ltr'>missurus</span> <span class='ocrx_word' id='word_1_165' title='bbox 582 786 742 813; x_wconf 91' lang='lat' dir='ltr'>domesticos</span> <span class='ocrx_word' id='word_1_166' title='bbox 759 786 869 812; x_wconf 87' lang='lat' dir='ltr'>tabella-</span> 
     </span>
     <span class='ocr_line' id='line_1_21' title="bbox 73 823 868 859; baseline 0 -9"><span class='ocrx_word' id='word_1_167' title='bbox 73 825 140 851; x_wconf 88' lang='lat' dir='ltr'>rios:</span> <span class='ocrx_word' id='word_1_168' title='bbox 153 828 191 854; x_wconf 90' lang='lat' dir='ltr'>ut,</span> <span class='ocrx_word' id='word_1_169' title='bbox 199 824 324 859; x_wconf 88' lang='lat' dir='ltr'>quoniam</span> <span class='ocrx_word' id='word_1_170' title='bbox 331 832 395 851; x_wconf 89' lang='lat' dir='ltr'>sane</span> <span class='ocrx_word' id='word_1_171' title='bbox 401 823 512 850; x_wconf 78' lang='lat' dir='ltr'>feliciter</span> <span class='ocrx_word' id='word_1_172' title='bbox 523 828 548 850; x_wconf 91' lang='lat' dir='ltr'>et</span> <span class='ocrx_word' id='word_1_173' title='bbox 559 833 591 850; x_wconf 83' lang='lat' dir='ltr'>ex</span> <span class='ocrx_word' id='word_1_174' title='bbox 602 833 660 850; x_wconf 90' lang='lat' dir='ltr'>mea</span> <span class='ocrx_word' id='word_1_175' title='bbox 671 824 801 850; x_wconf 89' lang='lat' dir='ltr'>sententia</span> <span class='ocrx_word' id='word_1_176' title='bbox 813 832 868 850; x_wconf 89' lang='lat' dir='ltr'>rem</span> 
     </span>
     <span class='ocr_line' id='line_1_22' title="bbox 72 861 868 898; baseline 0 -11"><span class='ocrx_word' id='word_1_177' title='bbox 72 862 220 898; x_wconf 82' lang='lat' dir='ltr'>gessimus,</span> <span class='ocrx_word' id='word_1_178' title='bbox 243 862 308 887; x_wconf 93' lang='lat' dir='ltr'>·unis</span> <span class='ocrx_word' id='word_1_179' title='bbox 330 861 424 888; x_wconf 89' lang='lat' dir='ltr'>litteris</span> <span class='ocrx_word' id='word_1_180' title='bbox 444 862 524 888; x_wconf 90' lang='lat' dir='ltr'>totius</span> <span class='ocrx_word' id='word_1_181' title='bbox 545 862 652 888; x_wconf 87' lang='lat' dir='ltr'>aestatis</span> <span class='ocrx_word' id='word_1_182' title='bbox 673 870 714 888; x_wconf 87' lang='lat' dir='ltr'>res</span> <span class='ocrx_word' id='word_1_183' title='bbox 729 865 819 897; x_wconf 84' lang='lat' dir='ltr'>gestas</span> <span class='ocrx_word' id='word_1_184' title='bbox 835 861 868 887; x_wconf 89' lang='lat' dir='ltr'>ad</span> 
     </span>
     <span class='ocr_line' id='line_1_23' title="bbox 72 898 868 934; baseline 0 -9"><span class='ocrx_word' id='word_1_185' title='bbox 72 903 195 925; x_wconf 88' lang='lat' dir='ltr'>senatum</span> <span class='ocrx_word' id='word_1_186' title='bbox 216 898 418 933; x_wconf 86' lang='lat' dir='ltr'>perscriberem.</span> <span class='ocrx_word' id='word_1_187' title='bbox 458 899 495 925; x_wconf 90' lang='lat' dir='ltr'>De</span> <span class='ocrx_word' id='word_1_188' title='bbox 514 899 662 925; x_wconf 86' lang='lat' dir='ltr'>sacerdotio</span> <span class='ocrx_word' id='word_1_189' title='bbox 681 903 726 925; x_wconf 90' lang='lat' dir='ltr'>tuo</span> <span class='ocrx_word' id='word_1_190' title='bbox 739 903 868 934; x_wconf 89' lang='lat' dir='ltr'>quantam</span> 
     </span>
     <span class='ocr_line' id='line_1_24' title="bbox 72 936 869 971; baseline 0 -9"><span class='ocrx_word' id='word_1_191' title='bbox 72 945 162 963; x_wconf 86' lang='lat' dir='ltr'>curam</span> <span class='ocrx_word' id='word_1_192' title='bbox 182 936 364 967; x_wconf 81' lang='lat' dir='ltr'>adhibuerim,</span> <span class='ocrx_word' id='word_1_193' title='bbox 387 944 553 971; x_wconf 87' lang='lat' dir='ltr'>quamquam</span> <span class='ocrx_word' id='word_1_194' title='bbox 573 936 677 963; x_wconf 86' lang='lat' dir='ltr'>difficili</span> <span class='ocrx_word' id='word_1_195' title='bbox 697 937 724 962; x_wconf 93' lang='lat' dir='ltr'>in</span> <span class='ocrx_word' id='word_1_196' title='bbox 741 945 768 962; x_wconf 93' lang='lat' dir='ltr'>re</span> <span class='ocrx_word' id='word_1_197' title='bbox 789 941 869 970; x_wconf 86' lang='lat' dir='ltr'>atque</span> 
     </span>
     <span class='ocr_line' id='line_1_25' title="bbox 72 973 869 1012; baseline 0 -12"><span class='ocrx_word' id='word_1_198' title='bbox 72 982 175 1004; x_wconf 83' lang='lat' dir='ltr'>caussa,</span> <span class='ocrx_word' id='word_1_199' title='bbox 184 982 328 1009; x_wconf 83' lang='lat' dir='ltr'>cognosces</span> <span class='ocrx_word' id='word_1_200' title='bbox 339 982 372 1000; x_wconf 87' lang='lat' dir='ltr'>ex</span> <span class='ocrx_word' id='word_1_201' title='bbox 383 974 416 1000; x_wconf 86' lang='lat' dir='ltr'>iis</span> <span class='ocrx_word' id='word_1_202' title='bbox 429 973 531 1012; x_wconf 77' lang='lat' dir='ltr'>litterjs,</span> <span class='ocrx_word' id='word_1_203' title='bbox 547 974 760 1009; x_wconf 83' lang='lat' dir='ltr'>quasThrasoni‚</span> <span class='ocrx_word' id='word_1_204' title='bbox 775 973 869 1000; x_wconf 90' lang='lat' dir='ltr'>liberto</span> 
     </span>
     <span class='ocr_line' id='line_1_26' title="bbox 72 1010 869 1047; baseline 0 -10"><span class='ocrx_word' id='word_1_205' title='bbox 72 1015 127 1042; x_wconf 87' lang='lat' dir='ltr'>tuo,</span> <span class='ocrx_word' id='word_1_206' title='bbox 139 1010 211 1037; x_wconf 85' lang='lat' dir='ltr'>dedi.</span> <span class='ocrx_word' id='word_1_207' title='bbox 252 1012 276 1038; x_wconf 76' lang='lat'>4.</span> <span class='ocrx_word' id='word_1_208' title='bbox 298 1011 343 1042; x_wconf 88' lang='lat' dir='ltr'>Te,</span> <span class='ocrx_word' id='word_1_209' title='bbox 357 1012 394 1037; x_wconf 91' lang='lat' dir='ltr'>mi</span> <span class='ocrx_word' id='word_1_210' title='bbox 406 1011 494 1042; x_wconf 90' lang='lat' dir='ltr'>Curio,</span> <span class='ocrx_word' id='word_1_211' title='bbox 508 1020 555 1047; x_wconf 90' lang='lat' dir='ltr'>pro</span> <span class='ocrx_word' id='word_1_212' title='bbox 567 1016 610 1038; x_wconf 89' lang='lat' dir='ltr'>tua</span> <span class='ocrx_word' id='word_1_213' title='bbox 624 1010 775 1038; x_wconf 87' lang='lat' dir='ltr'>incredibili</span> <span class='ocrx_word' id='word_1_214' title='bbox 786 1011 814 1037; x_wconf 87' lang='lat' dir='ltr'>in</span> <span class='ocrx_word' id='word_1_215' title='bbox 826 1019 869 1037; x_wconf 89' lang='lat' dir='ltr'>me</span> 
     </span>
     <span class='ocr_line' id='line_1_27' title="bbox 72 1048 868 1085; baseline 0.001 -11"><span class='ocrx_word' id='word_1_216' title='bbox 72 1048 256 1075; x_wconf 86' lang='lat' dir='ltr'>benevolentia</span> <span class='ocrx_word' id='word_1_217' title='bbox 271 1057 383 1083; x_wconf 90' lang='lat' dir='ltr'>meaque</span> <span class='ocrx_word' id='word_1_218' title='bbox 400 1049 462 1074; x_wconf 93' lang='lat' dir='ltr'>item</span> <span class='ocrx_word' id='word_1_219' title='bbox 479 1049 505 1075; x_wconf 89' lang='lat' dir='ltr'>in</span> <span class='ocrx_word' id='word_1_220' title='bbox 518 1054 542 1075; x_wconf 91' lang='lat' dir='ltr'>te</span> <span class='ocrx_word' id='word_1_221' title='bbox 553 1048 697 1085; x_wconf 87' lang='lat' dir='ltr'>singulari,</span> <span class='ocrx_word' id='word_1_222' title='bbox 716 1057 779 1084; x_wconf 85' lang='lat' dir='ltr'>rogo</span> <span class='ocrx_word' id='word_1_223' title='bbox 789 1053 868 1083; x_wconf 86' lang='lat' dir='ltr'>atque</span> 
     </span>
     <span class='ocr_line' id='line_1_28' title="bbox 72 1086 868 1121; baseline 0 -9"><span class='ocrx_word' id='word_1_224' title='bbox 72 1094 130 1117; x_wconf 85' lang='lat' dir='ltr'>oro,</span> <span class='ocrx_word' id='word_1_225' title='bbox 144 1094 176 1112; x_wconf 91' lang='lat' dir='ltr'>ne</span> <span class='ocrx_word' id='word_1_226' title='bbox 188 1086 300 1120; x_wconf 84' lang='lat' dir='ltr'>patiare,</span> <span class='ocrx_word' id='word_1_227' title='bbox 313 1086 462 1121; x_wconf 85' lang='lat' dir='ltr'>quidquam</span> <span class='ocrx_word' id='word_1_228' title='bbox 475 1086 541 1113; x_wconf 88' lang='lat' dir='ltr'>mihi</span> <span class='ocrx_word' id='word_1_229' title='bbox 553 1086 586 1112; x_wconf 90' lang='lat' dir='ltr'>ad</span> <span class='ocrx_word' id='word_1_230' title='bbox 598 1087 666 1113; x_wconf 90' lang='lat' dir='ltr'>hanc</span> <span class='ocrx_word' id='word_1_231' title='bbox 677 1086 868 1121; x_wconf 84' lang='lat' dir='ltr'>provincialem</span> 
     </span>
     <span class='ocr_line' id='line_1_29' title="bbox 72 1123 525 1159; baseline 0.002 -10"><span class='ocrx_word' id='word_1_232' title='bbox 72 1123 220 1150; x_wconf 84' lang='lat' dir='ltr'>molestiam</span> <span class='ocrx_word' id='word_1_233' title='bbox 236 1124 364 1158; x_wconf 90' lang='lat' dir='ltr'>temporis</span> <span class='ocrx_word' id='word_1_234' title='bbox 379 1124 525 1159; x_wconf 87' lang='lat' dir='ltr'>prorogari.</span> 
     </span>
     <span class='ocr_line' id='line_1_30' title="bbox 72 1160 865 1196; baseline -0.001 -9"><span class='ocrx_word' id='word_1_235' title='bbox 72 1169 157 1196; x_wconf 91' lang='lat' dir='ltr'>quum</span> <span class='ocrx_word' id='word_1_236' title='bbox 172 1165 197 1186; x_wconf 90' lang='lat' dir='ltr'>te</span> <span class='ocrx_word' id='word_1_237' title='bbox 212 1160 350 1187; x_wconf 90' lang='lat' dir='ltr'>tribunum</span> <span class='ocrx_word' id='word_1_238' title='bbox 366 1161 453 1195; x_wconf 89' lang='lat' dir='ltr'>plebis</span> <span class='ocrx_word' id='word_1_239' title='bbox 465 1162 515 1187; x_wconf 88' lang='lat' dir='ltr'>isto</span> <span class='ocrx_word' id='word_1_240' title='bbox 526 1170 594 1188; x_wconf 90' lang='lat' dir='ltr'>anno</span> <span class='ocrx_word' id='word_1_241' title='bbox 606 1161 660 1188; x_wconf 86' lang='lat' dir='ltr'>sore</span> <span class='ocrx_word' id='word_1_242' title='bbox 672 1170 723 1187; x_wconf 90' lang='lat' dir='ltr'>non</span> <span class='ocrx_word' id='word_1_243' title='bbox 735 1165 865 1196; x_wconf 76' lang='lat' dir='ltr'>putarem,</span> 
     </span>
     <span class='ocr_line' id='line_1_31' title="bbox 71 1198 868 1233; baseline -0.001 -8"><span class='ocrx_word' id='word_1_244' title='bbox 71 1199 190 1233; x_wconf 87' lang='lat' dir='ltr'>itemque</span> <span class='ocrx_word' id='word_1_245' title='bbox 205 1198 287 1233; x_wconf 88' lang='lat' dir='ltr'>petivi</span> <span class='ocrx_word' id='word_1_246' title='bbox 301 1199 409 1233; x_wconf 89' lang='lat' dir='ltr'>saepius</span> <span class='ocrx_word' id='word_1_247' title='bbox 424 1207 471 1233; x_wconf 90' lang='lat' dir='ltr'>per</span> <span class='ocrx_word' id='word_1_248' title='bbox 486 1198 599 1225; x_wconf 83' lang='lat' dir='ltr'>litteras:</span> <span class='ocrx_word' id='word_1_249' title='bbox 622 1198 669 1225; x_wconf 93' lang='lat' dir='ltr'>sed</span> <span class='ocrx_word' id='word_1_250' title='bbox 685 1203 741 1225; x_wconf 90' lang='lat' dir='ltr'>tum</span> <span class='ocrx_word' id='word_1_251' title='bbox 757 1198 835 1233; x_wconf 87' lang='lat' dir='ltr'>quasi</span> <span class='ocrx_word' id='word_1_252' title='bbox 854 1207 868 1224; x_wconf 88' lang='lat' dir='ltr'>a</span> 
     </span>
     <span class='ocr_line' id='line_1_32' title="bbox 71 1235 869 1271; baseline 0.001 -10"><span class='ocrx_word' id='word_1_253' title='bbox 71 1240 192 1262; x_wconf 86' lang='lat' dir='ltr'>senatore</span> <span class='ocrx_word' id='word_1_254' title='bbox 208 1235 387 1266; x_wconf 88' lang='lat' dir='ltr'>nobilissimo,</span> <span class='ocrx_word' id='word_1_255' title='bbox 407 1240 464 1262; x_wconf 89' lang='lat' dir='ltr'>tum</span> <span class='ocrx_word' id='word_1_256' title='bbox 479 1236 512 1262; x_wconf 92' lang='lat' dir='ltr'>ab</span> <span class='ocrx_word' id='word_1_257' title='bbox 527 1235 694 1262; x_wconf 87' lang='lat' dir='ltr'>adolescente</span> <span class='ocrx_word' id='word_1_258' title='bbox 705 1236 869 1271; x_wconf 88' lang='lat' dir='ltr'>gratiosissi-</span> 
     </span>
     <span class='ocr_line' id='line_1_33' title="bbox 72 1273 867 1308; baseline 0.001 -9"><span class='ocrx_word' id='word_1_259' title='bbox 72 1282 129 1300; x_wconf 84' lang='lat' dir='ltr'>mo:</span> <span class='ocrx_word' id='word_1_260' title='bbox 148 1281 218 1299; x_wconf 90' lang='lat' dir='ltr'>nunc</span> <span class='ocrx_word' id='word_1_261' title='bbox 229 1281 243 1298; x_wconf 90' lang='lat' dir='ltr'>a</span> <span class='ocrx_word' id='word_1_262' title='bbox 254 1273 362 1300; x_wconf 86' lang='lat' dir='ltr'>tribuno</span> <span class='ocrx_word' id='word_1_263' title='bbox 373 1273 473 1308; x_wconf 86' lang='lat' dir='ltr'>plebis,</span> <span class='ocrx_word' id='word_1_264' title='bbox 491 1278 517 1300; x_wconf 91' lang='lat' dir='ltr'>et</span> <span class='ocrx_word' id='word_1_265' title='bbox 527 1282 541 1299; x_wconf 88' lang='lat' dir='ltr'>a</span> <span class='ocrx_word' id='word_1_266' title='bbox 552 1273 667 1300; x_wconf 87' lang='lat' dir='ltr'>Curione</span> <span class='ocrx_word' id='word_1_267' title='bbox 678 1274 798 1300; x_wconf 88' lang='lat' dir='ltr'>tribuno:</span> <span class='ocrx_word' id='word_1_268' title='bbox 816 1282 867 1299; x_wconf 92' lang='lat' dir='ltr'>non</span> 
     </span>
     <span class='ocr_line' id='line_1_34' title="bbox 71 1310 868 1346; baseline 0.001 -10"><span class='ocrx_word' id='word_1_269' title='bbox 71 1315 102 1337; x_wconf 86' lang='lat' dir='ltr'>ut</span> <span class='ocrx_word' id='word_1_270' title='bbox 116 1310 273 1336; x_wconf 82' lang='lat' dir='ltr'>decernatur</span> <span class='ocrx_word' id='word_1_271' title='bbox 288 1310 390 1345; x_wconf 89' lang='lat' dir='ltr'>aliquid</span> <span class='ocrx_word' id='word_1_272' title='bbox 406 1311 481 1342; x_wconf 87' lang='lat' dir='ltr'>novi,</span> <span class='ocrx_word' id='word_1_273' title='bbox 504 1310 586 1346; x_wconf 86' lang='lat' dir='ltr'>(quod</span> <span class='ocrx_word' id='word_1_274' title='bbox 602 1311 670 1338; x_wconf 87' lang='lat' dir='ltr'>solet</span> <span class='ocrx_word' id='word_1_275' title='bbox 691 1319 750 1337; x_wconf 89' lang='lat' dir='ltr'>esse</span> <span class='ocrx_word' id='word_1_276' title='bbox 770 1310 868 1337; x_wconf 85' lang='lat' dir='ltr'>diflici-</span> 
     </span>
     <span class='ocr_line' id='line_1_35' title="bbox 72 1346 868 1383; baseline 0 -9"><span class='ocrx_word' id='word_1_277' title='bbox 72 1346 151 1383; x_wconf 88' lang='lat' dir='ltr'>lius:)</span> <span class='ocrx_word' id='word_1_278' title='bbox 165 1347 212 1374; x_wconf 86' lang='lat' dir='ltr'>sed</span> <span class='ocrx_word' id='word_1_279' title='bbox 228 1352 258 1374; x_wconf 88' lang='lat' dir='ltr'>ut</span> <span class='ocrx_word' id='word_1_280' title='bbox 272 1356 306 1380; x_wconf 84' lang='lat' dir='ltr'>ne</span> <span class='ocrx_word' id='word_1_281' title='bbox 320 1348 386 1383; x_wconf 88' lang='lat' dir='ltr'>quid</span> <span class='ocrx_word' id='word_1_282' title='bbox 403 1348 464 1375; x_wconf 89' lang='lat' dir='ltr'>novi</span> <span class='ocrx_word' id='word_1_283' title='bbox 476 1348 646 1375; x_wconf 82' lang='lat' dir='ltr'>decernatur:</span> <span class='ocrx_word' id='word_1_284' title='bbox 669 1353 694 1375; x_wconf 83' lang='lat' dir='ltr'>et</span> <span class='ocrx_word' id='word_1_285' title='bbox 705 1353 734 1375; x_wconf 88' lang='lat' dir='ltr'>ut</span> <span class='ocrx_word' id='word_1_286' title='bbox 744 1353 868 1375; x_wconf 88' lang='lat' dir='ltr'>senatus-</span> 
     </span>
     <span class='ocr_line' id='line_1_36' title="bbox 71 1384 868 1421; baseline 0.001 -10"><span class='ocrx_word' id='word_1_287' title='bbox 71 1384 223 1412; x_wconf 91' lang='lat' dir='ltr'>consultum</span> <span class='ocrx_word' id='word_1_288' title='bbox 235 1389 260 1411; x_wconf 89' lang='lat' dir='ltr'>et</span> <span class='ocrx_word' id='word_1_289' title='bbox 272 1384 342 1421; x_wconf 81' lang='lat' dir='ltr'>leges</span> <span class='ocrx_word' id='word_1_290' title='bbox 354 1385 495 1417; x_wconf 83' lang='lat' dir='ltr'>defendas,</span> <span class='ocrx_word' id='word_1_291' title='bbox 511 1394 595 1421; x_wconf 86' lang='lat' dir='ltr'>eaque</span> <span class='ocrx_word' id='word_1_292' title='bbox 607 1386 672 1412; x_wconf 89' lang='lat' dir='ltr'>mihi</span> <span class='ocrx_word' id='word_1_293' title='bbox 684 1385 800 1412; x_wconf 88' lang='lat' dir='ltr'>conditio</span> <span class='ocrx_word' id='word_1_294' title='bbox 811 1394 868 1412; x_wconf 84' lang='lat' dir='ltr'>ma-</span> 
     </span>
     <span class='ocr_line' id='line_1_37' title="bbox 71 1422 866 1458; baseline 0.001 -10"><span class='ocrx_word' id='word_1_295' title='bbox 71 1426 144 1453; x_wconf 86' lang='lat' dir='ltr'>neat,</span> <span class='ocrx_word' id='word_1_296' title='bbox 162 1431 214 1458; x_wconf 89' lang='lat' dir='ltr'>qua</span> <span class='ocrx_word' id='word_1_297' title='bbox 230 1422 364 1457; x_wconf 85' lang='lat' dir='ltr'>profectus</span> <span class='ocrx_word' id='word_1_298' title='bbox 381 1432 453 1449; x_wconf 94' lang='lat' dir='ltr'>sum.</span> <span class='ocrx_word' id='word_1_299' title='bbox 494 1423 547 1450; x_wconf 82' lang='lat' dir='ltr'>Hoc</span> <span class='ocrx_word' id='word_1_300' title='bbox 563 1428 587 1450; x_wconf 85' lang='lat' dir='ltr'>te</span> <span class='ocrx_word' id='word_1_301' title='bbox 602 1423 773 1450; x_wconf 83' lang='lat' dir='ltr'>vehementer</span> <span class='ocrx_word' id='word_1_302' title='bbox 787 1424 866 1450; x_wconf 89' lang='lat' dir='ltr'>etiam</span> 
     </span>
     <span class='ocr_line' id='line_1_38' title="bbox 70 1459 457 1497; baseline 0.003 -11"><span class='ocrx_word' id='word_1_303' title='bbox 70 1464 150 1495; x_wconf 85' lang='lat' dir='ltr'>atque</span> <span class='ocrx_word' id='word_1_304' title='bbox 160 1460 238 1486; x_wconf 87' lang='lat' dir='ltr'>etiam</span> <span class='ocrx_word' id='word_1_305' title='bbox 251 1468 322 1496; x_wconf 86' lang='lat' dir='ltr'>rogo.</span> <span class='ocrx_word' id='word_1_306' title='bbox 363 1459 457 1497; x_wconf 70' lang='lat' dir='ltr'>[Vale]</span> 
     </span>
    </p>
   </div>
   <div class='ocr_carea' id='block_1_4' title="bbox 70 1532 867 1663">
    <p class='ocr_par' dir='ltr' id='par_1_4' title="bbox 70 1532 867 1663">
     <span class='ocr_line' id='line_1_39' title="bbox 123 1532 866 1558; baseline 0 -5"><span class='ocrx_word' id='word_1_307' title='bbox 123 1532 185 1553; x_wconf 80' lang='lat' dir='ltr'>vm.</span> <span class='ocrx_word' id='word_1_308' title='bbox 202 1532 278 1553; x_wconf 76' lang='lat' dir='ltr'>ARG.</span> <span class='ocrx_word' id='word_1_309' title='bbox 295 1532 372 1554; x_wconf 80' lang='lat' dir='ltr'>Cicero</span> <span class='ocrx_word' id='word_1_310' title='bbox 384 1532 504 1554; x_wconf 72' lang='lat' dir='ltr'>Caecilium</span> <span class='ocrx_word' id='word_1_311' title='bbox 521 1536 605 1558; x_wconf 81' lang='lat' dir='ltr'>monet,</span> <span class='ocrx_word' id='word_1_312' title='bbox 621 1536 645 1554; x_wconf 87' lang='lat' dir='ltr'>ut</span> <span class='ocrx_word' id='word_1_313' title='bbox 661 1533 783 1554; x_wconf 70' lang='lat' dir='ltr'>severiores</span> <span class='ocrx_word' id='word_1_314' title='bbox 794 1540 829 1553; x_wconf 74' lang='lat' dir='ltr'>res</span> <span class='ocrx_word' id='word_1_315' title='bbox 840 1533 866 1553; x_wconf 78' lang='lat' dir='ltr'>ad</span> 
     </span>
     <span class='ocr_line' id='line_1_40' title="bbox 71 1567 867 1595; baseline 0.003 -8"><span class='ocrx_word' id='word_1_316' title='bbox 71 1574 95 1588; x_wconf 73' lang='lat' dir='ltr'>se</span> <span class='ocrx_word' id='word_1_317' title='bbox 108 1567 238 1594; x_wconf 69' lang='lat' dir='ltr'>perscribat.</span> <span class='ocrx_word' id='word_1_318' title='bbox 263 1567 321 1588; x_wconf 76' lang='lat' dir='ltr'>{dem</span> <span class='ocrx_word' id='word_1_319' title='bbox 333 1575 356 1588; x_wconf 73' lang='lat' dir='ltr'>ue</span> <span class='ocrx_word' id='word_1_320' title='bbox 366 1575 413 1588; x_wconf 80' lang='lat' dir='ltr'>cum</span> <span class='ocrx_word' id='word_1_321' title='bbox 425 1568 543 1595; x_wconf 73' lang='lat' dir='ltr'>Pompeio.</span> <span class='ocrx_word' id='word_1_322' title='bbox 560 1568 594 1588; x_wconf 87' lang='lat' dir='ltr'>rui</span> <span class='ocrx_word' id='word_1_323' title='bbox 606 1568 704 1589; x_wconf 73' lang='lat' dir='ltr'>Caelium</span> <span class='ocrx_word' id='word_1_324' title='bbox 717 1575 803 1595; x_wconf 73' lang='lat' dir='ltr'>operam</span> <span class='ocrx_word' id='word_1_325' title='bbox 815 1569 867 1589; x_wconf 72' lang='lat' dir='ltr'>dare</span> 
     </span>
     <span class='ocr_line' id='line_1_41' title="bbox 70 1602 866 1631; baseline 0 -7"><span class='ocrx_word' id='word_1_326' title='bbox 70 1603 143 1630; x_wconf 80' lang='lat' dir='ltr'>cupit,</span> <span class='ocrx_word' id='word_1_327' title='bbox 159 1605 181 1623; x_wconf 85' lang='lat' dir='ltr'>et</span> <span class='ocrx_word' id='word_1_328' title='bbox 191 1610 237 1623; x_wconf 82' lang='lat' dir='ltr'>rum</span> <span class='ocrx_word' id='word_1_329' title='bbox 248 1602 342 1624; x_wconf 74' lang='lat' dir='ltr'>Caninio</span> <span class='ocrx_word' id='word_1_330' title='bbox 354 1602 448 1623; x_wconf 73' lang='lat' dir='ltr'>Athenis</span> <span class='ocrx_word' id='word_1_331' title='bbox 459 1602 530 1623; x_wconf 71' lang='lat' dir='ltr'>fuisse</span> <span class='ocrx_word' id='word_1_332' title='bbox 541 1603 626 1624; x_wconf 77' lang='lat' dir='ltr'>scribit.</span> <span class='ocrx_word' id='word_1_333' title='bbox 659 1604 761 1631; x_wconf 83' lang='lat' dir='ltr'>Denique</span> <span class='ocrx_word' id='word_1_334' title='bbox 771 1611 805 1624; x_wconf 77' lang='lat' dir='ltr'>res</span> <span class='ocrx_word' id='word_1_335' title='bbox 815 1611 866 1625; x_wconf 75' lang='lat' dir='ltr'>suas</span> 
     </span>
     <span class='ocr_line' id='line_1_42' title="bbox 71 1637 682 1663; baseline -0.003 -5"><span class='ocrx_word' id='word_1_336' title='bbox 71 1637 212 1658; x_wconf 69' lang='lat' dir='ltr'>commendat.</span> <span class='ocrx_word' id='word_1_337' title='bbox 263 1639 358 1661; x_wconf 69' lang='lat' dir='ltr'>(Athenis,</span> <span class='ocrx_word' id='word_1_338' title='bbox 367 1639 458 1663; x_wconf 81' lang='lat' dir='ltr'>Sulpicio,</span> <span class='ocrx_word' id='word_1_339' title='bbox 468 1641 559 1658; x_wconf 78' lang='lat' dir='ltr'>Marcello</span> <span class='ocrx_word' id='word_1_340' title='bbox 570 1647 617 1659; x_wconf 71' lang='lat' dir='ltr'>con.</span> <span class='ocrx_word' id='word_1_341' title='bbox 627 1642 682 1662; x_wconf 67' lang='lat'>503.)</span> 
     </span>
    </p>
   </div>
   <div class='ocr_carea' id='block_1_5' title="bbox 116 1682 813 1711">
    <p class='ocr_par' dir='ltr' id='par_1_5' title="bbox 116 1682 813 1711">
     <span class='ocr_line' id='line_1_43' title="bbox 116 1682 813 1711; baseline 0.004 -3"><span class='ocrx_word' id='word_1_342' title='bbox 116 1682 152 1709; x_wconf 91' lang='lat' dir='ltr'>M.</span> <span class='ocrx_word' id='word_1_343' title='bbox 168 1682 198 1709; x_wconf 90' lang='lat' dir='ltr'>T.</span> <span class='ocrx_word' id='word_1_344' title='bbox 214 1682 243 1709; x_wconf 91' lang='lat' dir='ltr'>C.</span> <span class='ocrx_word' id='word_1_345' title='bbox 259 1682 497 1710; x_wconf 82' lang='lat' dir='ltr'>PROCONSUL</span> <span class='ocrx_word' id='word_1_346' title='bbox 518 1683 546 1710; x_wconf 92' lang='lat' dir='ltr'>S.</span> <span class='ocrx_word' id='word_1_347' title='bbox 562 1684 592 1710; x_wconf 95' lang='lat' dir='ltr'>D.</span> <span class='ocrx_word' id='word_1_348' title='bbox 609 1684 644 1710; x_wconf 90' lang='lat' dir='ltr'>M.</span> <span class='ocrx_word' id='word_1_349' title='bbox 661 1684 813 1711; x_wconf 82' lang='lat' dir='ltr'>CAELIO.</span> 
     </span>
    </p>
   </div>
   <div class='ocr_carea' id='block_1_6' title="bbox 69 1718 867 2658">
    <p class='ocr_par' dir='ltr' id='par_1_6' title="bbox 69 1718 867 2542">
     <span class='ocr_line' id='line_1_44' title="bbox 127 1718 866 1757; baseline 0.004 -7"><span class='ocrx_word' id='word_1_350' title='bbox 127 1725 150 1750; x_wconf 80' lang='lat' dir='ltr'>l.</span> <span class='ocrx_word' id='word_1_351' title='bbox 173 1718 269 1756; x_wconf 73' lang='lat' dir='ltr'>Quid?</span> <span class='ocrx_word' id='word_1_352' title='bbox 284 1728 311 1751; x_wconf 91' lang='lat' dir='ltr'>tu</span> <span class='ocrx_word' id='word_1_353' title='bbox 329 1733 372 1751; x_wconf 87' lang='lat' dir='ltr'>me</span> <span class='ocrx_word' id='word_1_354' title='bbox 388 1725 437 1751; x_wconf 89' lang='lat' dir='ltr'>hoc</span> <span class='ocrx_word' id='word_1_355' title='bbox 453 1725 501 1751; x_wconf 91' lang='lat' dir='ltr'>tibi</span> <span class='ocrx_word' id='word_1_356' title='bbox 513 1725 655 1753; x_wconf 88' lang='lat' dir='ltr'>mandasse</span> <span class='ocrx_word' id='word_1_357' title='bbox 666 1727 818 1757; x_wconf 81' lang='lat' dir='ltr'>existimas,</span> <span class='ocrx_word' id='word_1_358' title='bbox 838 1730 866 1752; x_wconf 87' lang='lat' dir='ltr'>ut</span> 
     </span>
     <span class='ocr_line' id='line_1_45' title="bbox 70 1760 866 1797; baseline 0.004 -10"><span class='ocrx_word' id='word_1_359' title='bbox 70 1760 136 1787; x_wconf 88' lang='lat' dir='ltr'>mihi</span> <span class='ocrx_word' id='word_1_360' title='bbox 147 1760 324 1797; x_wconf 81' lang='lat' dir='ltr'>gladiatorum</span> <span class='ocrx_word' id='word_1_361' title='bbox 336 1763 555 1797; x_wconf 80' lang='lat' dir='ltr'>compositiones,</span> <span class='ocrx_word' id='word_1_362' title='bbox 573 1767 602 1790; x_wconf 94' lang='lat' dir='ltr'>ut</span> <span class='ocrx_word' id='word_1_363' title='bbox 618 1763 769 1790; x_wconf 85' lang='lat' dir='ltr'>vadimonia</span> <span class='ocrx_word' id='word_1_364' title='bbox 785 1764 866 1790; x_wconf 89' lang='lat' dir='ltr'>dilata</span> 
     </span>
     <span class='ocr_line' id='line_1_46' title="bbox 70 1798 863 1836; baseline 0.005 -12"><span class='ocrx_word' id='word_1_365' title='bbox 70 1802 95 1825; x_wconf 91' lang='lat' dir='ltr'>et</span> <span class='ocrx_word' id='word_1_366' title='bbox 106 1798 209 1825; x_wconf 88' lang='lat' dir='ltr'>Chresti</span> <span class='ocrx_word' id='word_1_367' title='bbox 221 1799 435 1834; x_wconf 90' lang='lat' dir='ltr'>compilationem</span> <span class='ocrx_word' id='word_1_368' title='bbox 447 1801 579 1832; x_wconf 84' lang='lat' dir='ltr'>mitteres,</span> <span class='ocrx_word' id='word_1_369' title='bbox 598 1804 623 1827; x_wconf 89' lang='lat' dir='ltr'>et</span> <span class='ocrx_word' id='word_1_370' title='bbox 637 1809 679 1832; x_wconf 88' lang='lat' dir='ltr'>ea,</span> <span class='ocrx_word' id='word_1_371' title='bbox 696 1810 765 1836; x_wconf 86' lang='lat' dir='ltr'>quae</span> <span class='ocrx_word' id='word_1_372' title='bbox 777 1801 863 1832; x_wconf 81' lang='lat' dir='ltr'>nobis,</span> 
     </span>
     <span class='ocr_line' id='line_1_47' title="bbox 69 1836 862 1870; baseline 0.004 -8"><span class='ocrx_word' id='word_1_373' title='bbox 69 1844 156 1870; x_wconf 88' lang='lat' dir='ltr'>quum</span> <span class='ocrx_word' id='word_1_374' title='bbox 176 1836 274 1862; x_wconf 80' lang='lat' dir='ltr'>Romae</span> <span class='ocrx_word' id='word_1_375' title='bbox 294 1845 404 1867; x_wconf 83' lang='lat' dir='ltr'>sumus,</span> <span class='ocrx_word' id='word_1_376' title='bbox 428 1846 532 1864; x_wconf 85' lang='lat' dir='ltr'>narrare</span> <span class='ocrx_word' id='word_1_377' title='bbox 552 1845 630 1865; x_wconf 84' lang='lat' dir='ltr'>nemo</span> <span class='ocrx_word' id='word_1_378' title='bbox 650 1838 763 1865; x_wconf 71' lang='lat' dir='ltr'>audeat?</span> <span class='ocrx_word' id='word_1_379' title='bbox 788 1839 862 1870; x_wconf 87' lang='lat' dir='ltr'>Vide,</span> 
     </span>
     <span class='ocr_line' id='line_1_48' title="bbox 70 1873 866 1910; baseline 0.005 -11"><span class='ocrx_word' id='word_1_380' title='bbox 70 1877 201 1907; x_wconf 86' lang='lat' dir='ltr'>quantum</span> <span class='ocrx_word' id='word_1_381' title='bbox 213 1873 261 1900; x_wconf 86' lang='lat' dir='ltr'>tibi</span> <span class='ocrx_word' id='word_1_382' title='bbox 273 1882 332 1900; x_wconf 91' lang='lat' dir='ltr'>meo</span> <span class='ocrx_word' id='word_1_383' title='bbox 342 1874 442 1901; x_wconf 87' lang='lat' dir='ltr'>iudicio</span> <span class='ocrx_word' id='word_1_384' title='bbox 453 1875 582 1901; x_wconf 80' lang='lat' dir='ltr'>tribuam:</span> <span class='ocrx_word' id='word_1_385' title='bbox 596 1875 654 1910; x_wconf 86' lang='lat' dir='ltr'>(nec</span> <span class='ocrx_word' id='word_1_386' title='bbox 661 1876 812 1902; x_wconf 88' lang='lat' dir='ltr'>mehercule</span> <span class='ocrx_word' id='word_1_387' title='bbox 824 1877 866 1903; x_wconf 92' lang='lat' dir='ltr'>in-</span> 
     </span>
     <span class='ocr_line' id='line_1_49' title="bbox 70 1910 866 1949; baseline 0.005 -13"><span class='ocrx_word' id='word_1_388' title='bbox 70 1910 152 1936; x_wconf 84' lang='lat' dir='ltr'>iuria:</span> <span class='ocrx_word' id='word_1_389' title='bbox 166 1910 439 1947; x_wconf 72' lang='grc' dir='ltr'>πολιιικώτερονεηᾶιῃ</span> <span class='ocrx_word' id='word_1_390' title='bbox 447 1916 471 1938; x_wconf 88' lang='lat' dir='ltr'>te</span> <span class='ocrx_word' id='word_1_391' title='bbox 483 1912 571 1939; x_wconf 90' lang='lat' dir='ltr'>adhuc</span> <span class='ocrx_word' id='word_1_392' title='bbox 581 1913 715 1939; x_wconf 91' lang='lat' dir='ltr'>neminem</span> <span class='ocrx_word' id='word_1_393' title='bbox 726 1914 838 1949; x_wconf 82' lang='lat' dir='ltr'>cognovi</span> <span class='ocrx_word' id='word_1_394' title='bbox 849 1914 866 1949; x_wconf 77' lang='lat' dir='ltr'>z)</span> 
     </span>
     <span class='ocr_line' id='line_1_50' title="bbox 71 1946 867 1985; baseline 0.006 -12"><span class='ocrx_word' id='word_1_395' title='bbox 71 1955 103 1973; x_wconf 84' lang='lat' dir='ltr'>ne</span> <span class='ocrx_word' id='word_1_396' title='bbox 115 1946 160 1973; x_wconf 90' lang='lat' dir='ltr'>illa</span> <span class='ocrx_word' id='word_1_397' title='bbox 171 1947 280 1982; x_wconf 86' lang='lat' dir='ltr'>quidem</span> <span class='ocrx_word' id='word_1_398' title='bbox 292 1957 356 1975; x_wconf 91' lang='lat' dir='ltr'>curo</span> <span class='ocrx_word' id='word_1_399' title='bbox 366 1948 434 1975; x_wconf 87' lang='lat' dir='ltr'>mihi</span> <span class='ocrx_word' id='word_1_400' title='bbox 445 1949 555 1980; x_wconf 83' lang='lat' dir='ltr'>scribas,</span> <span class='ocrx_word' id='word_1_401' title='bbox 568 1958 637 1985; x_wconf 84' lang='lat' dir='ltr'>quae</span> <span class='ocrx_word' id='word_1_402' title='bbox 649 1951 774 1977; x_wconf 87' lang='lat' dir='ltr'>maximis</span> <span class='ocrx_word' id='word_1_403' title='bbox 785 1952 813 1978; x_wconf 91' lang='lat' dir='ltr'>in</span> <span class='ocrx_word' id='word_1_404' title='bbox 824 1960 867 1977; x_wconf 90' lang='lat' dir='ltr'>re-</span> 
     </span>
     <span class='ocr_line' id='line_1_51' title="bbox 70 1984 866 2023; baseline 0.006 -13"><span class='ocrx_word' id='word_1_405' title='bbox 70 1984 122 2011; x_wconf 87' lang='lat' dir='ltr'>bus</span> <span class='ocrx_word' id='word_1_406' title='bbox 138 1984 300 2020; x_wconf 87' lang='lat' dir='ltr'>reipublicae</span> <span class='ocrx_word' id='word_1_407' title='bbox 314 1989 444 2021; x_wconf 85' lang='lat' dir='ltr'>geruntur</span> <span class='ocrx_word' id='word_1_408' title='bbox 458 1986 590 2021; x_wconf 88' lang='lat' dir='ltr'>quotidie,</span> <span class='ocrx_word' id='word_1_409' title='bbox 614 1987 665 2013; x_wconf 86' lang='lat' dir='ltr'>nisi</span> <span class='ocrx_word' id='word_1_410' title='bbox 687 1988 753 2023; x_wconf 90' lang='lat' dir='ltr'>quid</span> <span class='ocrx_word' id='word_1_411' title='bbox 771 1988 804 2014; x_wconf 81' lang='lat' dir='ltr'>ad</span> <span class='ocrx_word' id='word_1_412' title='bbox 823 1997 866 2015; x_wconf 86' lang='lat' dir='ltr'>me</span> 
     </span>
     <span class='ocr_line' id='line_1_52' title="bbox 70 2022 864 2057; baseline 0.005 -9"><span class='ocrx_word' id='word_1_413' title='bbox 70 2022 161 2057; x_wconf 87' lang='lat' dir='ltr'>ipsum</span> <span class='ocrx_word' id='word_1_414' title='bbox 177 2022 329 2057; x_wconf 84' lang='lat' dir='ltr'>pertinebit.</span> <span class='ocrx_word' id='word_1_415' title='bbox 370 2022 493 2050; x_wconf 86' lang='lat' dir='ltr'>Scribent</span> <span class='ocrx_word' id='word_1_416' title='bbox 512 2023 571 2056; x_wconf 70' lang='lat' dir='ltr'>alii,</span> <span class='ocrx_word' id='word_1_417' title='bbox 593 2024 671 2051; x_wconf 89' lang='lat' dir='ltr'>multi</span> <span class='ocrx_word' id='word_1_418' title='bbox 692 2025 864 2053; x_wconf 87' lang='lat' dir='ltr'>nuntiabunt.</span> 
     </span>
     <span class='ocr_line' id='line_1_53' title="bbox 70 2058 867 2097; baseline 0.006 -12"><span class='ocrx_word' id='word_1_419' title='bbox 70 2058 185 2086; x_wconf 86' lang='lat' dir='ltr'>Perferet</span> <span class='ocrx_word' id='word_1_420' title='bbox 196 2059 278 2086; x_wconf 86' lang='lat' dir='ltr'>multa</span> <span class='ocrx_word' id='word_1_421' title='bbox 289 2060 368 2086; x_wconf 89' lang='lat' dir='ltr'>etiam</span> <span class='ocrx_word' id='word_1_422' title='bbox 380 2060 439 2095; x_wconf 84' lang='lat' dir='ltr'>ipse</span> <span class='ocrx_word' id='word_1_423' title='bbox 450 2069 549 2087; x_wconf 88' lang='lat' dir='ltr'>rumor.</span> <span class='ocrx_word' id='word_1_424' title='bbox 575 2061 662 2094; x_wconf 82' lang='lat' dir='ltr'>Quare</span> <span class='ocrx_word' id='word_1_425' title='bbox 672 2070 721 2097; x_wconf 84' lang='lat' dir='ltr'>ego</span> <span class='ocrx_word' id='word_1_426' title='bbox 732 2071 780 2089; x_wconf 87' lang='lat' dir='ltr'>nec</span> <span class='ocrx_word' id='word_1_427' title='bbox 790 2071 867 2097; x_wconf 87' lang='lat' dir='ltr'>prae-</span> 
     </span>
     <span class='ocr_line' id='line_1_54' title="bbox 70 2096 865 2136; baseline 0.005 -13"><span class='ocrx_word' id='word_1_428' title='bbox 70 2096 145 2123; x_wconf 86' lang='lat' dir='ltr'>terita</span> <span class='ocrx_word' id='word_1_429' title='bbox 156 2105 204 2123; x_wconf 89' lang='lat' dir='ltr'>nec</span> <span class='ocrx_word' id='word_1_430' title='bbox 215 2097 363 2132; x_wconf 77' lang='lat' dir='ltr'>praesentia</span> <span class='ocrx_word' id='word_1_431' title='bbox 374 2098 421 2124; x_wconf 83' lang='lat' dir='ltr'>abs</span> <span class='ocrx_word' id='word_1_432' title='bbox 433 2102 466 2128; x_wconf 81' lang='lat' dir='ltr'>te.</span> <span class='ocrx_word' id='word_1_433' title='bbox 475 2098 531 2129; x_wconf 85' lang='lat' dir='ltr'>sed,</span> <span class='ocrx_word' id='word_1_434' title='bbox 544 2102 574 2125; x_wconf 90' lang='lat' dir='ltr'>ut</span> <span class='ocrx_word' id='word_1_435' title='bbox 585 2099 618 2125; x_wconf 86' lang='lat' dir='ltr'>ab</span> <span class='ocrx_word' id='word_1_436' title='bbox 628 2099 735 2126; x_wconf 91' lang='lat' dir='ltr'>homine</span> <span class='ocrx_word' id='word_1_437' title='bbox 747 2099 824 2136; x_wconf 82' lang='lat' dir='ltr'>longe</span> <span class='ocrx_word' id='word_1_438' title='bbox 839 2101 865 2127; x_wconf 93' lang='lat' dir='ltr'>in</span> 
     </span>
     <span class='ocr_line' id='line_1_55' title="bbox 71 2134 867 2171; baseline 0.005 -11"><span class='ocrx_word' id='word_1_439' title='bbox 71 2138 206 2169; x_wconf 86' lang='lat' dir='ltr'>posterum</span> <span class='ocrx_word' id='word_1_440' title='bbox 217 2135 408 2169; x_wconf 78' lang='lat' dir='ltr'>prospiciente,</span> <span class='ocrx_word' id='word_1_441' title='bbox 423 2134 510 2162; x_wconf 85' lang='lat' dir='ltr'>futura</span> <span class='ocrx_word' id='word_1_442' title='bbox 522 2141 656 2171; x_wconf 83' lang='lat' dir='ltr'>exspecto,</span> <span class='ocrx_word' id='word_1_443' title='bbox 670 2141 700 2163; x_wconf 91' lang='lat' dir='ltr'>ut</span> <span class='ocrx_word' id='word_1_444' title='bbox 710 2145 742 2163; x_wconf 89' lang='lat' dir='ltr'>ex</span> <span class='ocrx_word' id='word_1_445' title='bbox 754 2138 807 2163; x_wconf 81' lang='lat' dir='ltr'>tuis</span> <span class='ocrx_word' id='word_1_446' title='bbox 823 2137 867 2164; x_wconf 88' lang='lat' dir='ltr'>lit-</span> 
     </span>
     <span class='ocr_line' id='line_1_56' title="bbox 70 2171 867 2209; baseline 0.004 -11"><span class='ocrx_word' id='word_1_447' title='bbox 70 2171 141 2203; x_wconf 80' lang='lat' dir='ltr'>teris,</span> <span class='ocrx_word' id='word_1_448' title='bbox 154 2180 239 2207; x_wconf 90' lang='lat' dir='ltr'>quum</span> <span class='ocrx_word' id='word_1_449' title='bbox 252 2171 363 2198; x_wconf 84' lang='lat' dir='ltr'>formam</span> <span class='ocrx_word' id='word_1_450' title='bbox 375 2172 537 2207; x_wconf 81' lang='lat' dir='ltr'>reipublicae</span> <span class='ocrx_word' id='word_1_451' title='bbox 550 2173 671 2205; x_wconf 82' lang='lat' dir='ltr'>viderim,</span> <span class='ocrx_word' id='word_1_452' title='bbox 683 2174 763 2209; x_wconf 88' lang='lat' dir='ltr'>quale</span> <span class='ocrx_word' id='word_1_453' title='bbox 774 2174 867 2201; x_wconf 78' lang='lat' dir='ltr'>aedifi-</span> 
     </span>
     <span class='ocr_line' id='line_1_57' title="bbox 70 2208 866 2246; baseline 0.005 -11"><span class='ocrx_word' id='word_1_454' title='bbox 70 2208 141 2235; x_wconf 83' lang='lat' dir='ltr'>cium</span> <span class='ocrx_word' id='word_1_455' title='bbox 153 2208 274 2236; x_wconf 87' lang='lat' dir='ltr'>futurum</span> <span class='ocrx_word' id='word_1_456' title='bbox 286 2210 328 2240; x_wconf 82' lang='lat' dir='ltr'>sit,</span> <span class='ocrx_word' id='word_1_457' title='bbox 341 2210 409 2236; x_wconf 88' lang='lat' dir='ltr'>scire</span> <span class='ocrx_word' id='word_1_458' title='bbox 420 2210 531 2244; x_wconf 88' lang='lat' dir='ltr'>possim.</span> <span class='ocrx_word' id='word_1_459' title='bbox 571 2212 596 2237; x_wconf 76' lang='lat'>2.</span> <span class='ocrx_word' id='word_1_460' title='bbox 616 2211 709 2246; x_wconf 86' lang='lat' dir='ltr'>Neque</span> <span class='ocrx_word' id='word_1_461' title='bbox 720 2216 807 2238; x_wconf 85' lang='lat' dir='ltr'>tamen</span> <span class='ocrx_word' id='word_1_462' title='bbox 819 2212 866 2239; x_wconf 84' lang='lat' dir='ltr'>ad-</span> 
     </span>
     <span class='ocr_line' id='line_1_58' title="bbox 70 2245 865 2285; baseline 0.005 -13"><span class='ocrx_word' id='word_1_463' title='bbox 70 2245 123 2272; x_wconf 88' lang='lat' dir='ltr'>huc</span> <span class='ocrx_word' id='word_1_464' title='bbox 133 2245 225 2278; x_wconf 79' lang='lat' dir='ltr'>habeo,</span> <span class='ocrx_word' id='word_1_465' title='bbox 239 2247 312 2281; x_wconf 83' lang='lat' dir='ltr'>quod</span> <span class='ocrx_word' id='word_1_466' title='bbox 323 2251 348 2273; x_wconf 87' lang='lat' dir='ltr'>te</span> <span class='ocrx_word' id='word_1_467' title='bbox 359 2255 492 2274; x_wconf 86' lang='lat' dir='ltr'>accusem.</span> <span class='ocrx_word' id='word_1_468' title='bbox 533 2247 626 2283; x_wconf 83' lang='lat' dir='ltr'>Neque</span> <span class='ocrx_word' id='word_1_469' title='bbox 637 2249 709 2275; x_wconf 87' lang='lat' dir='ltr'>enim</span> <span class='ocrx_word' id='word_1_470' title='bbox 722 2249 780 2280; x_wconf 83' lang='lat' dir='ltr'>suit,</span> <span class='ocrx_word' id='word_1_471' title='bbox 793 2250 865 2285; x_wconf 89' lang='lat' dir='ltr'>quod</span> 
     </span>
     <span class='ocr_line' id='line_1_59' title="bbox 71 2283 866 2322; baseline 0.005 -13"><span class='ocrx_word' id='word_1_472' title='bbox 71 2285 99 2310; x_wconf 88' lang='lat' dir='ltr'>tu</span> <span class='ocrx_word' id='word_1_473' title='bbox 111 2283 172 2318; x_wconf 89' lang='lat' dir='ltr'>plus</span> <span class='ocrx_word' id='word_1_474' title='bbox 184 2283 323 2319; x_wconf 88' lang='lat' dir='ltr'>providere</span> <span class='ocrx_word' id='word_1_475' title='bbox 335 2293 525 2320; x_wconf 79' lang='lat' dir='ltr'>posses,quam</span> <span class='ocrx_word' id='word_1_476' title='bbox 536 2286 627 2320; x_wconf 83' lang='lat' dir='ltr'>quivis</span> <span class='ocrx_word' id='word_1_477' title='bbox 639 2290 768 2317; x_wconf 87' lang='lat' dir='ltr'>nostrum,</span> <span class='ocrx_word' id='word_1_478' title='bbox 778 2287 866 2322; x_wconf 84' lang='lat' dir='ltr'>inpri-</span> 
     </span>
     <span class='ocr_line' id='line_1_60' title="bbox 71 2320 865 2357; baseline 0.006 -11"><span class='ocrx_word' id='word_1_479' title='bbox 71 2320 176 2355; x_wconf 85' lang='lat' dir='ltr'>misque</span> <span class='ocrx_word' id='word_1_480' title='bbox 187 2329 248 2357; x_wconf 84' lang='lat' dir='ltr'>ego,</span> <span class='ocrx_word' id='word_1_481' title='bbox 262 2322 309 2356; x_wconf 91' lang='lat' dir='ltr'>qui</span> <span class='ocrx_word' id='word_1_482' title='bbox 321 2330 382 2348; x_wconf 90' lang='lat' dir='ltr'>cum</span> <span class='ocrx_word' id='word_1_483' title='bbox 394 2322 521 2357; x_wconf 84' lang='lat' dir='ltr'>Pompeio</span> <span class='ocrx_word' id='word_1_484' title='bbox 535 2323 687 2357; x_wconf 80' lang='lat' dir='ltr'>complures</span> <span class='ocrx_word' id='word_1_485' title='bbox 707 2323 766 2350; x_wconf 84' lang='lat' dir='ltr'>dies</span> <span class='ocrx_word' id='word_1_486' title='bbox 783 2324 865 2351; x_wconf 89' lang='lat' dir='ltr'>nullis</span> 
     </span>
     <span class='ocr_line' id='line_1_61' title="bbox 71 2357 863 2394; baseline 0.005 -10"><span class='ocrx_word' id='word_1_487' title='bbox 71 2357 99 2384; x_wconf 88' lang='lat' dir='ltr'>in</span> <span class='ocrx_word' id='word_1_488' title='bbox 109 2357 182 2390; x_wconf 75' lang='lat' dir='ltr'>aliis,</span> <span class='ocrx_word' id='word_1_489' title='bbox 200 2359 252 2386; x_wconf 88' lang='lat' dir='ltr'>nisi</span> <span class='ocrx_word' id='word_1_490' title='bbox 263 2359 296 2385; x_wconf 89' lang='lat' dir='ltr'>de</span> <span class='ocrx_word' id='word_1_491' title='bbox 308 2359 459 2394; x_wconf 80' lang='lat' dir='ltr'>republica,</span> <span class='ocrx_word' id='word_1_492' title='bbox 472 2360 643 2387; x_wconf 83' lang='lat' dir='ltr'>sermonibus</span> <span class='ocrx_word' id='word_1_493' title='bbox 656 2365 776 2387; x_wconf 81' lang='lat' dir='ltr'>versatus</span> <span class='ocrx_word' id='word_1_494' title='bbox 787 2370 863 2388; x_wconf 88' lang='lat' dir='ltr'>sum:</span> 
     </span>
     <span class='ocr_line' id='line_1_62' title="bbox 71 2397 864 2431; baseline 0.005 -10"><span class='ocrx_word' id='word_1_495' title='bbox 71 2402 138 2429; x_wconf 79' lang='lat' dir='ltr'>quae</span> <span class='ocrx_word' id='word_1_496' title='bbox 149 2403 198 2422; x_wconf 89' lang='lat' dir='ltr'>nec</span> <span class='ocrx_word' id='word_1_497' title='bbox 208 2401 321 2431; x_wconf 83' lang='lat' dir='ltr'>possunt</span> <span class='ocrx_word' id='word_1_498' title='bbox 331 2397 413 2423; x_wconf 89' lang='lat' dir='ltr'>scribi</span> <span class='ocrx_word' id='word_1_499' title='bbox 426 2405 473 2423; x_wconf 88' lang='lat' dir='ltr'>nec</span> <span class='ocrx_word' id='word_1_500' title='bbox 483 2397 623 2423; x_wconf 81' lang='lat' dir='ltr'>scribenda</span> <span class='ocrx_word' id='word_1_501' title='bbox 635 2402 706 2424; x_wconf 87' lang='lat' dir='ltr'>sunt.</span> <span class='ocrx_word' id='word_1_502' title='bbox 751 2398 864 2425; x_wconf 82' lang='lat' dir='ltr'>Tantum</span> 
     </span>
     <span class='ocr_line' id='line_1_63' title="bbox 72 2430 862 2470; baseline 0.004 -11"><span class='ocrx_word' id='word_1_503' title='bbox 72 2430 174 2464; x_wconf 76' lang='lat' dir='ltr'>habeto.</span> <span class='ocrx_word' id='word_1_504' title='bbox 187 2433 273 2460; x_wconf 89' lang='lat' dir='ltr'>civem</span> <span class='ocrx_word' id='word_1_505' title='bbox 285 2434 422 2470; x_wconf 81' lang='lat' dir='ltr'>egregium</span> <span class='ocrx_word' id='word_1_506' title='bbox 434 2443 492 2461; x_wconf 82' lang='lat' dir='ltr'>esse</span> <span class='ocrx_word' id='word_1_507' title='bbox 506 2435 673 2470; x_wconf 81' lang='lat' dir='ltr'>Pompeium,</span> <span class='ocrx_word' id='word_1_508' title='bbox 686 2435 754 2461; x_wconf 82' lang='lat' dir='ltr'>etad</span> <span class='ocrx_word' id='word_1_509' title='bbox 765 2437 862 2467; x_wconf 82' lang='lat' dir='ltr'>omnin.</span> 
     </span>
     <span class='ocr_line' id='line_1_64' title="bbox 71 2470 865 2507; baseline 0.004 -11"><span class='ocrx_word' id='word_1_510' title='bbox 71 2475 139 2503; x_wconf 79' lang='lat' dir='ltr'>quae</span> <span class='ocrx_word' id='word_1_511' title='bbox 150 2470 312 2505; x_wconf 80' lang='lat' dir='ltr'>providenda</span> <span class='ocrx_word' id='word_1_512' title='bbox 326 2475 390 2498; x_wconf 92' lang='lat' dir='ltr'>sunt</span> <span class='ocrx_word' id='word_1_513' title='bbox 401 2472 428 2498; x_wconf 91' lang='lat' dir='ltr'>in</span> <span class='ocrx_word' id='word_1_514' title='bbox 440 2471 589 2507; x_wconf 82' lang='lat' dir='ltr'>republica,</span> <span class='ocrx_word' id='word_1_515' title='bbox 607 2477 632 2499; x_wconf 83' lang='lat' dir='ltr'>et</span> <span class='ocrx_word' id='word_1_516' title='bbox 643 2473 732 2499; x_wconf 89' lang='lat' dir='ltr'>nnimo</span> <span class='ocrx_word' id='word_1_517' title='bbox 741 2477 766 2499; x_wconf 87' lang='lat' dir='ltr'>ot</span> <span class='ocrx_word' id='word_1_518' title='bbox 777 2474 865 2500; x_wconf 84' lang='lat' dir='ltr'>cousi-</span> 
     </span>
     <span class='ocr_line' id='line_1_65' title="bbox 73 2504 251 2542; baseline 0.017 -11"><span class='ocrx_word' id='word_1_519' title='bbox 73 2504 108 2532; x_wconf 92' lang='lat' dir='ltr'>lio</span> <span class='ocrx_word' id='word_1_520' title='bbox 120 2511 251 2542; x_wconf 78' lang='lat' dir='ltr'>paratum.</span> 
     </span>
    </p>

    <p class='ocr_par' dir='ltr' id='par_1_7' title="bbox 72 2544 863 2658">
     <span class='ocr_line' id='line_1_66' title="bbox 109 2544 803 2580; baseline 0.004 -9"><span class='ocrx_word' id='word_1_521' title='bbox 109 2544 216 2576; x_wconf 77' lang='lat' dir='ltr'>„Quare</span> <span class='ocrx_word' id='word_1_522' title='bbox 225 2547 260 2572; x_wconf 85' lang='lat' dir='ltr'>da</span> <span class='ocrx_word' id='word_1_523' title='bbox 273 2550 296 2572; x_wconf 79' lang='grc' dir='ltr'>ιο</span> <span class='ocrx_word' id='word_1_524' title='bbox 307 2547 416 2579; x_wconf 72' lang='grc' dir='ltr'><strong><em>Ῑιοηιίηι·;</em></strong></span> <span class='ocrx_word' id='word_1_525' title='bbox 428 2548 615 2580; x_wconf 73' lang='lat' dir='ltr'>contplcceclttr.</span> <span class='ocrx_word' id='word_1_526' title='bbox 629 2549 692 2573; x_wconf 75' lang='lat' dir='ltr'>mihi</span> <span class='ocrx_word' id='word_1_527' title='bbox 703 2549 803 2574; x_wconf 73' lang='lat' dir='ltr'>crede.“</span> 
     </span>
     <span class='ocr_line' id='line_1_67' title="bbox 72 2579 863 2620; baseline 0.006 -13"><span class='ocrx_word' id='word_1_528' title='bbox 72 2579 125 2607; x_wconf 77' lang='lat' dir='ltr'>lum</span> <span class='ocrx_word' id='word_1_529' title='bbox 144 2581 226 2609; x_wconf 90' lang='lat' dir='ltr'>iidem</span> <span class='ocrx_word' id='word_1_530' title='bbox 247 2582 287 2609; x_wconf 94' lang='lat' dir='ltr'>illi</span> <span class='ocrx_word' id='word_1_531' title='bbox 307 2588 333 2610; x_wconf 89' lang='lat' dir='ltr'>et</span> <span class='ocrx_word' id='word_1_532' title='bbox 352 2583 415 2611; x_wconf 89' lang='lat' dir='ltr'>boni</span> <span class='ocrx_word' id='word_1_533' title='bbox 435 2588 460 2611; x_wconf 89' lang='lat' dir='ltr'>et</span> <span class='ocrx_word' id='word_1_534' title='bbox 481 2584 543 2611; x_wconf 79' lang='lat' dir='ltr'>mali</span> <span class='ocrx_word' id='word_1_535' title='bbox 564 2584 636 2611; x_wconf 85' lang='lat' dir='ltr'>cives</span> <span class='ocrx_word' id='word_1_536' title='bbox 657 2585 795 2615; x_wconf 87' lang='lat' dir='ltr'>videntur,</span> <span class='ocrx_word' id='word_1_537' title='bbox 816 2585 863 2620; x_wconf 87' lang='lat' dir='ltr'>qui</span> 
     </span>
     <span class='ocr_line' id='line_1_68' title="bbox 73 2617 863 2658; baseline 0.008 -14"><span class='ocrx_word' id='word_1_538' title='bbox 73 2617 148 2645; x_wconf 88' lang='lat' dir='ltr'>nobis</span> <span class='ocrx_word' id='word_1_539' title='bbox 168 2619 251 2647; x_wconf 86' lang='lat' dir='ltr'>videri</span> <span class='ocrx_word' id='word_1_540' title='bbox 271 2620 366 2648; x_wconf 84' lang='lat' dir='ltr'>solent.</span> <span class='ocrx_word' id='word_1_541' title='bbox 407 2624 431 2649; x_wconf 88' lang='grc'>3.</span> <span class='ocrx_word' id='word_1_542' title='bbox 457 2622 515 2658; x_wconf 80' lang='lat' dir='ltr'>Ego</span> <span class='ocrx_word' id='word_1_543' title='bbox 533 2630 619 2658; x_wconf 91' lang='lat' dir='ltr'>quum</span> <span class='ocrx_word' id='word_1_544' title='bbox 639 2622 750 2650; x_wconf 79' lang='lat' dir='ltr'>Athenis</span> <span class='ocrx_word' id='word_1_545' title='bbox 770 2622 863 2650; x_wconf 81' lang='lat' dir='ltr'>decem</span> 
     </span>
    </p>
   </div>
   <div class='ocr_carea' id='block_1_7' title="bbox 565 1124 891 1162">
    <p class='ocr_par' dir='ltr' id='par_1_8' title="bbox 565 1124 891 1162">
     <span class='ocr_line' id='line_1_69' title="bbox 565 1124 891 1162; baseline -0.003 -12"><span class='ocrx_word' id='word_1_546' title='bbox 565 1124 694 1150; x_wconf 85' lang='lat' dir='ltr'>Praesens</span> <span class='ocrx_word' id='word_1_547' title='bbox 710 1128 798 1150; x_wconf 88' lang='lat' dir='ltr'>tecum</span> <span class='ocrx_word' id='word_1_548' title='bbox 814 1124 865 1159; x_wconf 88' lang='lat' dir='ltr'>egi,</span> <span class='ocrx_word' id='word_1_549' title='bbox 889 1141 891 1162; x_wconf 33' lang='grc' dir='ltr'>ξ</span> 
     </span>
    </p>
   </div>
   <div class='ocr_carea' id='block_1_8' title="bbox 894 160 901 1792">
    <p class='ocr_par' dir='ltr' id='par_1_9' title="bbox 894 160 901 1792">
     <span class='ocr_line' id='line_1_70' title="bbox 894 160 901 1792; baseline 0 0"><span class='ocrx_word' id='word_1_550' title='bbox 894 160 901 1792; x_wconf 95' lang='lat' dir='ltr'> </span> 
     </span>
    </p>
   </div>
   <div class='ocr_carea' id='block_1_9' title="bbox 887 159 895 2607">
    <p class='ocr_par' dir='ltr' id='par_1_10' title="bbox 887 159 895 2607">
     <span class='ocr_line' id='line_1_71' title="bbox 887 159 895 2607; baseline 0 0"><span class='ocrx_word' id='word_1_551' title='bbox 887 159 895 2607; x_wconf 95' lang='lat' dir='ltr'> </span> 
     </span>
    </p>
   </div>
   <div class='ocr_carea' id='block_1_10' title="bbox 893 2104 897 2608">
    <p class='ocr_par' dir='ltr' id='par_1_11' title="bbox 893 2104 897 2608">
     <span class='ocr_line' id='line_1_72' title="bbox 893 2104 897 2608; baseline 0 0"><span class='ocrx_word' id='word_1_552' title='bbox 893 2104 897 2608; x_wconf 95' lang='lat' dir='ltr'> </span> 
     </span>
    </p>
   </div>
   <div class='ocr_carea' id='block_1_11' title="bbox 1668 86 1717 111">
    <p class='ocr_par' dir='ltr' id='par_1_12' title="bbox 1668 86 1717 111">
     <span class='ocr_line' id='line_1_73' title="bbox 1668 86 1717 111; baseline 0 0"><span class='ocrx_word' id='word_1_553' title='bbox 1668 86 1717 111; x_wconf 76' lang='lat'>673</span> 
     </span>
    </p>
   </div>
   <div class='ocr_carea' id='block_1_12' title="bbox 922 152 1719 417">
    <p class='ocr_par' dir='ltr' id='par_1_13' title="bbox 922 152 1719 417">
     <span class='ocr_line' id='line_1_74' title="bbox 922 152 1719 189; baseline 0.003 -10"><span class='ocrx_word' id='word_1_554' title='bbox 922 153 996 187; x_wconf 92' lang='lat' dir='ltr'>ipsos</span> <span class='ocrx_word' id='word_1_555' title='bbox 1011 152 1069 179; x_wconf 91' lang='lat' dir='ltr'>dies</span> <span class='ocrx_word' id='word_1_556' title='bbox 1080 152 1192 180; x_wconf 89' lang='lat' dir='ltr'>fuissem</span> <span class='ocrx_word' id='word_1_557' title='bbox 1201 174 1207 184; x_wconf 90' lang='lat'>,</span> <span class='ocrx_word' id='word_1_558' title='bbox 1224 153 1395 189; x_wconf 88' lang='lat' dir='ltr'>multumque</span> <span class='ocrx_word' id='word_1_559' title='bbox 1407 162 1512 180; x_wconf 92' lang='lat' dir='ltr'>mecum</span> <span class='ocrx_word' id='word_1_560' title='bbox 1524 153 1618 180; x_wconf 86' lang='lat' dir='ltr'>Gallus</span> <span class='ocrx_word' id='word_1_561' title='bbox 1630 159 1719 181; x_wconf 87' lang='lat' dir='ltr'>noster</span> 
     </span>
     <span class='ocr_line' id='line_1_75' title="bbox 923 190 1719 226; baseline 0.003 -10"><span class='ocrx_word' id='word_1_562' title='bbox 923 190 1066 221; x_wconf 87' lang='lat' dir='ltr'>Caninius,</span> <span class='ocrx_word' id='word_1_563' title='bbox 1095 191 1281 225; x_wconf 83' lang='lat' dir='ltr'>proficiscebar</span> <span class='ocrx_word' id='word_1_564' title='bbox 1308 191 1370 217; x_wconf 90' lang='lat' dir='ltr'>inde</span> <span class='ocrx_word' id='word_1_565' title='bbox 1394 191 1479 226; x_wconf 87' lang='lat' dir='ltr'>pridie</span> <span class='ocrx_word' id='word_1_566' title='bbox 1504 191 1591 218; x_wconf 89' lang='lat' dir='ltr'>Nonas</span> <span class='ocrx_word' id='word_1_567' title='bbox 1612 191 1719 223; x_wconf 89' lang='lat' dir='ltr'>Quinti-</span> 
     </span>
     <span class='ocr_line' id='line_1_76' title="bbox 924 227 1717 263; baseline 0.001 -10"><span class='ocrx_word' id='word_1_568' title='bbox 924 227 976 258; x_wconf 86' lang='lat' dir='ltr'>les,</span> <span class='ocrx_word' id='word_1_569' title='bbox 997 236 1083 262; x_wconf 90' lang='lat' dir='ltr'>quum</span> <span class='ocrx_word' id='word_1_570' title='bbox 1105 228 1154 255; x_wconf 88' lang='lat' dir='ltr'>hoc</span> <span class='ocrx_word' id='word_1_571' title='bbox 1174 228 1207 254; x_wconf 90' lang='lat' dir='ltr'>ad</span> <span class='ocrx_word' id='word_1_572' title='bbox 1225 233 1249 254; x_wconf 90' lang='lat' dir='ltr'>te</span> <span class='ocrx_word' id='word_1_573' title='bbox 1262 228 1408 255; x_wconf 89' lang='lat' dir='ltr'>litterarum</span> <span class='ocrx_word' id='word_1_574' title='bbox 1428 228 1500 254; x_wconf 87' lang='lat' dir='ltr'>dedi.</span> <span class='ocrx_word' id='word_1_575' title='bbox 1551 228 1610 254; x_wconf 94' lang='lat' dir='ltr'>Tibi</span> <span class='ocrx_word' id='word_1_576' title='bbox 1631 237 1717 263; x_wconf 90' lang='lat' dir='ltr'>quum</span> 
     </span>
     <span class='ocr_line' id='line_1_77' title="bbox 922 265 1718 300; baseline 0.003 -10"><span class='ocrx_word' id='word_1_577' title='bbox 922 265 1010 290; x_wconf 90' lang='lat' dir='ltr'>omnia</span> <span class='ocrx_word' id='word_1_578' title='bbox 1030 273 1089 291; x_wconf 84' lang='lat' dir='ltr'>mea</span> <span class='ocrx_word' id='word_1_579' title='bbox 1109 266 1372 292; x_wconf 86' lang='lat' dir='ltr'>commendatissima</span> <span class='ocrx_word' id='word_1_580' title='bbox 1387 274 1446 292; x_wconf 88' lang='lat' dir='ltr'>esse</span> <span class='ocrx_word' id='word_1_581' title='bbox 1461 266 1553 300; x_wconf 89' lang='lat' dir='ltr'>cupio,</span> <span class='ocrx_word' id='word_1_582' title='bbox 1576 270 1634 292; x_wconf 90' lang='lat' dir='ltr'>tum</span> <span class='ocrx_word' id='word_1_583' title='bbox 1650 266 1718 292; x_wconf 87' lang='lat' dir='ltr'>nihil</span> 
     </span>
     <span class='ocr_line' id='line_1_78' title="bbox 922 302 1716 338; baseline 0.003 -11"><span class='ocrx_word' id='word_1_584' title='bbox 922 302 1021 337; x_wconf 88' lang='lat' dir='ltr'>magis,</span> <span class='ocrx_word' id='word_1_585' title='bbox 1044 311 1125 336; x_wconf 89' lang='lat' dir='ltr'>quam</span> <span class='ocrx_word' id='word_1_586' title='bbox 1137 311 1169 329; x_wconf 89' lang='lat' dir='ltr'>ne</span> <span class='ocrx_word' id='word_1_587' title='bbox 1181 308 1288 337; x_wconf 88' lang='lat' dir='ltr'>tempus</span> <span class='ocrx_word' id='word_1_588' title='bbox 1298 303 1375 330; x_wconf 91' lang='lat' dir='ltr'>nobis</span> <span class='ocrx_word' id='word_1_589' title='bbox 1388 303 1540 337; x_wconf 86' lang='lat' dir='ltr'>provinciae</span> <span class='ocrx_word' id='word_1_590' title='bbox 1551 307 1716 338; x_wconf 79' lang='lat' dir='ltr'>prorogetur.</span> 
     </span>
     <span class='ocr_line' id='line_1_79' title="bbox 923 339 1716 376; baseline 0.003 -12"><span class='ocrx_word' id='word_1_591' title='bbox 923 339 951 364; x_wconf 91' lang='lat' dir='ltr'>In</span> <span class='ocrx_word' id='word_1_592' title='bbox 967 347 997 365; x_wconf 94' lang='lat' dir='ltr'>eo</span> <span class='ocrx_word' id='word_1_593' title='bbox 1014 339 1080 365; x_wconf 85' lang='lat' dir='ltr'>mihi</span> <span class='ocrx_word' id='word_1_594' title='bbox 1096 344 1159 366; x_wconf 88' lang='lat' dir='ltr'>sunt</span> <span class='ocrx_word' id='word_1_595' title='bbox 1173 341 1272 366; x_wconf 89' lang='lat' dir='ltr'>omnia.</span> <span class='ocrx_word' id='word_1_596' title='bbox 1312 340 1389 372; x_wconf 89' lang='lat' dir='ltr'>Quod</span> <span class='ocrx_word' id='word_1_597' title='bbox 1399 340 1520 376; x_wconf 80' lang='lat' dir='ltr'>quando,</span> <span class='ocrx_word' id='word_1_598' title='bbox 1537 345 1563 366; x_wconf 88' lang='lat' dir='ltr'>et</span> <span class='ocrx_word' id='word_1_599' title='bbox 1572 340 1716 375; x_wconf 89' lang='lat' dir='ltr'>quomodo,</span> 
     </span>
     <span class='ocr_line' id='line_1_80' title="bbox 922 377 1716 417; baseline 0.003 -15"><span class='ocrx_word' id='word_1_600' title='bbox 922 380 947 402; x_wconf 92' lang='lat' dir='ltr'>et</span> <span class='ocrx_word' id='word_1_601' title='bbox 957 384 1004 411; x_wconf 90' lang='lat' dir='ltr'>per</span> <span class='ocrx_word' id='word_1_602' title='bbox 1014 385 1082 411; x_wconf 92' lang='lat' dir='ltr'>quos</span> <span class='ocrx_word' id='word_1_603' title='bbox 1093 377 1227 413; x_wconf 86' lang='lat' dir='ltr'>agendum</span> <span class='ocrx_word' id='word_1_604' title='bbox 1239 379 1282 409; x_wconf 87' lang='lat' dir='ltr'>sit,</span> <span class='ocrx_word' id='word_1_605' title='bbox 1296 382 1324 404; x_wconf 91' lang='lat' dir='ltr'>tu</span> <span class='ocrx_word' id='word_1_606' title='bbox 1335 378 1435 413; x_wconf 87' lang='lat' dir='ltr'>optime</span> <span class='ocrx_word' id='word_1_607' title='bbox 1447 378 1603 404; x_wconf 87' lang='lat' dir='ltr'>constitues.</span> <span class='ocrx_word' id='word_1_608' title='bbox 1621 377 1716 417; x_wconf 75' lang='lat' dir='ltr'>[Vale]</span> 
     </span>
    </p>
   </div>
   <div class='ocr_carea' id='block_1_13' title="bbox 921 470 1718 566">
    <p class='ocr_par' dir='ltr' id='par_1_14' title="bbox 921 470 1718 566">
     <span class='ocr_line' id='line_1_81' title="bbox 975 470 1718 498; baseline 0.001 -8"><span class='ocrx_word' id='word_1_609' title='bbox 975 470 1016 490; x_wconf 84' lang='lat' dir='ltr'>lx.</span> <span class='ocrx_word' id='word_1_610' title='bbox 1035 470 1112 490; x_wconf 77' lang='lat' dir='ltr'>ARG.</span> <span class='ocrx_word' id='word_1_611' title='bbox 1132 470 1263 491; x_wconf 81' lang='lat' dir='ltr'>Gratulatur</span> <span class='ocrx_word' id='word_1_612' title='bbox 1273 471 1417 495; x_wconf 75' lang='lat' dir='ltr'>aedilitatem,</span> <span class='ocrx_word' id='word_1_613' title='bbox 1427 471 1493 491; x_wconf 80' lang='lat' dir='ltr'>Hirro</span> <span class='ocrx_word' id='word_1_614' title='bbox 1504 470 1648 498; x_wconf 78' lang='lat' dir='ltr'>competitore</span> <span class='ocrx_word' id='word_1_615' title='bbox 1659 470 1718 490; x_wconf 78' lang='lat' dir='ltr'>deie-</span> 
     </span>
     <span class='ocr_line' id='line_1_82' title="bbox 921 504 1391 532; baseline 0.004 -8"><span class='ocrx_word' id='word_1_616' title='bbox 921 507 964 529; x_wconf 85' lang='lat' dir='ltr'>cto,</span> <span class='ocrx_word' id='word_1_617' title='bbox 976 511 1038 531; x_wconf 87' lang='lat' dir='ltr'>quem</span> <span class='ocrx_word' id='word_1_618' title='bbox 1048 504 1131 525; x_wconf 74' lang='lat' dir='ltr'>veteris</span> <span class='ocrx_word' id='word_1_619' title='bbox 1141 509 1220 532; x_wconf 80' lang='lat' dir='ltr'>poetae</span> <span class='ocrx_word' id='word_1_620' title='bbox 1228 505 1303 526; x_wconf 76' lang='lat' dir='ltr'>vei-his</span> <span class='ocrx_word' id='word_1_621' title='bbox 1314 505 1391 526; x_wconf 73' lang='lat' dir='ltr'>eludit.</span> 
     </span>
     <span class='ocr_line' id='line_1_83' title="bbox 1067 541 1574 566; baseline 0.004 -7"><span class='ocrx_word' id='word_1_622' title='bbox 1067 542 1096 563; x_wconf 90' lang='lat' dir='ltr'>(In</span> <span class='ocrx_word' id='word_1_623' title='bbox 1106 541 1174 560; x_wconf 73' lang='lat' dir='ltr'>vicinia</span> <span class='ocrx_word' id='word_1_624' title='bbox 1185 543 1251 563; x_wconf 66' lang='lat' dir='ltr'>Tauri,</span> <span class='ocrx_word' id='word_1_625' title='bbox 1260 542 1351 566; x_wconf 70' lang='lat' dir='ltr'>Sulpicio.</span> <span class='ocrx_word' id='word_1_626' title='bbox 1362 543 1453 561; x_wconf 66' lang='lat' dir='ltr'>Man-ello</span> <span class='ocrx_word' id='word_1_627' title='bbox 1463 549 1508 560; x_wconf 70' lang='lat' dir='ltr'>coss.</span> <span class='ocrx_word' id='word_1_628' title='bbox 1518 543 1574 565; x_wconf 80' lang='lat'>703.)</span> 
     </span>
    </p>
   </div>
   <div class='ocr_carea' id='block_1_14' title="bbox 953 584 1685 612">
    <p class='ocr_par' dir='ltr' id='par_1_15' title="bbox 953 584 1685 612">
     <span class='ocr_line' id='line_1_84' title="bbox 953 584 1685 612; baseline 0.003 -2"><span class='ocrx_word' id='word_1_629' title='bbox 953 585 988 611; x_wconf 89' lang='grc' dir='ltr'>Μ.</span> <span class='ocrx_word' id='word_1_630' title='bbox 1004 585 1035 611; x_wconf 86' lang='grc' dir='ltr'>Τ,</span> <span class='ocrx_word' id='word_1_631' title='bbox 1050 584 1079 611; x_wconf 92' lang='lat' dir='ltr'>C.</span> <span class='ocrx_word' id='word_1_632' title='bbox 1094 584 1121 611; x_wconf 90' lang='lat' dir='ltr'>S.</span> <span class='ocrx_word' id='word_1_633' title='bbox 1143 585 1172 610; x_wconf 93' lang='lat' dir='ltr'>D.</span> <span class='ocrx_word' id='word_1_634' title='bbox 1190 585 1311 611; x_wconf 81' lang='lat' dir='ltr'>CAELIO</span> <span class='ocrx_word' id='word_1_635' title='bbox 1326 585 1413 612; x_wconf 88' lang='lat' dir='ltr'>RUFO</span> <span class='ocrx_word' id='word_1_636' title='bbox 1427 586 1502 612; x_wconf 89' lang='lat' dir='ltr'>AED.</span> <span class='ocrx_word' id='word_1_637' title='bbox 1519 586 1594 612; x_wconf 68' lang='lat' dir='ltr'>CER.</span> <span class='ocrx_word' id='word_1_638' title='bbox 1612 585 1685 612; x_wconf 87' lang='lat' dir='ltr'>DES.</span> 
     </span>
    </p>
   </div>
   <div class='ocr_carea' id='block_1_15' title="bbox 918 621 1720 1707">
    <p class='ocr_par' dir='ltr' id='par_1_16' title="bbox 978 621 1719 662">
     <span class='ocr_line' id='line_1_85' title="bbox 978 621 1719 662; baseline 0.001 -11"><span class='ocrx_word' id='word_1_639' title='bbox 978 627 1001 651; x_wconf 77' lang='lat'>⁴.</span> <span class='ocrx_word' id='word_1_640' title='bbox 1014 621 1138 652; x_wconf 88' lang='lat' dir='ltr'>Primum</span> <span class='ocrx_word' id='word_1_641' title='bbox 1152 626 1209 656; x_wconf 90' lang='lat' dir='ltr'>tibi,</span> <span class='ocrx_word' id='word_1_642' title='bbox 1219 631 1248 652; x_wconf 90' lang='lat' dir='ltr'>ut</span> <span class='ocrx_word' id='word_1_643' title='bbox 1258 626 1350 655; x_wconf 82' lang='lat' dir='ltr'>debeo,</span> <span class='ocrx_word' id='word_1_644' title='bbox 1358 626 1476 662; x_wconf 82' lang='lat' dir='ltr'>gratulor</span> <span class='ocrx_word' id='word_1_645' title='bbox 1488 626 1622 661; x_wconf 89' lang='lat' dir='ltr'>laetorque</span> <span class='ocrx_word' id='word_1_646' title='bbox 1631 635 1719 661; x_wconf 89' lang='lat' dir='ltr'>quum</span> 
     </span>
    </p>

    <p class='ocr_par' dir='ltr' id='par_1_17' title="bbox 918 663 1720 1109">
     <span class='ocr_line' id='line_1_86' title="bbox 921 663 1718 699; baseline 0.003 -11"><span class='ocrx_word' id='word_1_647' title='bbox 921 663 1063 697; x_wconf 82' lang='lat' dir='ltr'>praesenti,</span> <span class='ocrx_word' id='word_1_648' title='bbox 1077 667 1134 689; x_wconf 91' lang='lat' dir='ltr'>tum</span> <span class='ocrx_word' id='word_1_649' title='bbox 1145 663 1224 689; x_wconf 83' lang='lat' dir='ltr'>etiam</span> <span class='ocrx_word' id='word_1_650' title='bbox 1236 668 1338 697; x_wconf 80' lang='lat' dir='ltr'>sperata</span> <span class='ocrx_word' id='word_1_651' title='bbox 1349 668 1392 689; x_wconf 89' lang='lat' dir='ltr'>tua</span> <span class='ocrx_word' id='word_1_652' title='bbox 1405 664 1542 699; x_wconf 81' lang='lat' dir='ltr'>dignitate,</span> <span class='ocrx_word' id='word_1_653' title='bbox 1556 664 1652 695; x_wconf 83' lang='lat' dir='ltr'>serius,</span> <span class='ocrx_word' id='word_1_654' title='bbox 1666 672 1718 690; x_wconf 90' lang='lat' dir='ltr'>non</span> 
     </span>
     <span class='ocr_line' id='line_1_87' title="bbox 920 699 1718 736; baseline 0.003 -11"><span class='ocrx_word' id='word_1_655' title='bbox 920 699 1082 735; x_wconf 84' lang='lat' dir='ltr'>negligentia</span> <span class='ocrx_word' id='word_1_656' title='bbox 1097 708 1167 730; x_wconf 88' lang='lat' dir='ltr'>mea,</span> <span class='ocrx_word' id='word_1_657' title='bbox 1183 700 1230 726; x_wconf 86' lang='lat' dir='ltr'>sed</span> <span class='ocrx_word' id='word_1_658' title='bbox 1241 701 1406 736; x_wconf 85' lang='lat' dir='ltr'>ignoratione</span> <span class='ocrx_word' id='word_1_659' title='bbox 1417 709 1504 727; x_wconf 88' lang='lat' dir='ltr'>rerum</span> <span class='ocrx_word' id='word_1_660' title='bbox 1516 701 1648 727; x_wconf 89' lang='lat' dir='ltr'>omnium.</span> <span class='ocrx_word' id='word_1_661' title='bbox 1689 702 1718 727; x_wconf 92' lang='lat' dir='ltr'>In</span> 
     </span>
     <span class='ocr_line' id='line_1_88' title="bbox 921 737 1719 773; baseline 0.001 -11"><span class='ocrx_word' id='word_1_662' title='bbox 921 737 963 763; x_wconf 92' lang='lat' dir='ltr'>his</span> <span class='ocrx_word' id='word_1_663' title='bbox 974 738 1046 763; x_wconf 87' lang='lat' dir='ltr'>enim</span> <span class='ocrx_word' id='word_1_664' title='bbox 1058 746 1118 763; x_wconf 91' lang='lat' dir='ltr'>sum</span> <span class='ocrx_word' id='word_1_665' title='bbox 1132 737 1209 768; x_wconf 84' lang='lat' dir='ltr'>locis,</span> <span class='ocrx_word' id='word_1_666' title='bbox 1227 746 1281 772; x_wconf 90' lang='lat' dir='ltr'>quo</span> <span class='ocrx_word' id='word_1_667' title='bbox 1293 742 1318 763; x_wconf 90' lang='lat' dir='ltr'>et</span> <span class='ocrx_word' id='word_1_668' title='bbox 1334 742 1440 772; x_wconf 87' lang='lat' dir='ltr'>propter</span> <span class='ocrx_word' id='word_1_669' title='bbox 1455 738 1676 773; x_wconf 86' lang='lat' dir='ltr'>longinquitatem</span> <span class='ocrx_word' id='word_1_670' title='bbox 1693 743 1719 763; x_wconf 86' lang='lat' dir='ltr'>et</span> 
     </span>
     <span class='ocr_line' id='line_1_89' title="bbox 920 774 1720 809; baseline 0.001 -9"><span class='ocrx_word' id='word_1_671' title='bbox 920 779 1027 809; x_wconf 90' lang='lat' dir='ltr'>propter</span> <span class='ocrx_word' id='word_1_672' title='bbox 1043 774 1178 801; x_wconf 88' lang='lat' dir='ltr'>latrocinia</span> <span class='ocrx_word' id='word_1_673' title='bbox 1194 775 1346 801; x_wconf 88' lang='lat' dir='ltr'>tardissime</span> <span class='ocrx_word' id='word_1_674' title='bbox 1364 775 1452 801; x_wconf 86' lang='lat' dir='ltr'>omnia</span> <span class='ocrx_word' id='word_1_675' title='bbox 1467 775 1646 809; x_wconf 56' lang='lat' dir='ltr'>perferuntur.</span> <span class='ocrx_word' id='word_1_676' title='bbox 1686 775 1720 801; x_wconf 81' lang='lat' dir='ltr'>Et</span> 
     </span>
     <span class='ocr_line' id='line_1_90' title="bbox 920 811 1718 847; baseline 0 -9"><span class='ocrx_word' id='word_1_677' title='bbox 920 820 1005 847; x_wconf 91' lang='lat' dir='ltr'>quum</span> <span class='ocrx_word' id='word_1_678' title='bbox 1021 811 1151 847; x_wconf 87' lang='lat' dir='ltr'>gratulor,</span> <span class='ocrx_word' id='word_1_679' title='bbox 1174 816 1231 838; x_wconf 88' lang='lat' dir='ltr'>tum</span> <span class='ocrx_word' id='word_1_680' title='bbox 1248 821 1322 843; x_wconf 90' lang='lat' dir='ltr'>vero,</span> <span class='ocrx_word' id='word_1_681' title='bbox 1341 813 1442 847; x_wconf 86' lang='lat' dir='ltr'>quibus</span> <span class='ocrx_word' id='word_1_682' title='bbox 1459 812 1547 838; x_wconf 86' lang='lat' dir='ltr'>verbis</span> <span class='ocrx_word' id='word_1_683' title='bbox 1559 812 1608 838; x_wconf 88' lang='lat' dir='ltr'>tibi</span> <span class='ocrx_word' id='word_1_684' title='bbox 1619 813 1718 847; x_wconf 84' lang='lat' dir='ltr'>gratias</span> 
     </span>
     <span class='ocr_line' id='line_1_91' title="bbox 920 849 1719 885; baseline 0 -10"><span class='ocrx_word' id='word_1_685' title='bbox 920 858 1005 885; x_wconf 84' lang='lat' dir='ltr'>agam,</span> <span class='ocrx_word' id='word_1_686' title='bbox 1020 858 1071 875; x_wconf 90' lang='lat' dir='ltr'>non</span> <span class='ocrx_word' id='word_1_687' title='bbox 1083 850 1198 884; x_wconf 80' lang='lat' dir='ltr'>reperio.</span> <span class='ocrx_word' id='word_1_688' title='bbox 1216 849 1288 885; x_wconf 89' lang='lat' dir='ltr'>quod</span> <span class='ocrx_word' id='word_1_689' title='bbox 1300 850 1333 875; x_wconf 92' lang='lat' dir='ltr'>ita</span> <span class='ocrx_word' id='word_1_690' title='bbox 1346 849 1431 876; x_wconf 88' lang='lat' dir='ltr'>factus</span> <span class='ocrx_word' id='word_1_691' title='bbox 1443 851 1495 880; x_wconf 82' lang='lat' dir='ltr'>sis,</span> <span class='ocrx_word' id='word_1_692' title='bbox 1514 854 1543 875; x_wconf 93' lang='lat' dir='ltr'>ut</span> <span class='ocrx_word' id='word_1_693' title='bbox 1555 849 1660 875; x_wconf 86' lang='lat' dir='ltr'>dederis</span> <span class='ocrx_word' id='word_1_694' title='bbox 1672 858 1719 875; x_wconf 89' lang='lat' dir='ltr'>no-</span> 
     </span>
     <span class='ocr_line' id='line_1_92' title="bbox 920 886 1719 921; baseline 0 -8"><span class='ocrx_word' id='word_1_695' title='bbox 920 887 976 917; x_wconf 85' lang='lat' dir='ltr'>bis,</span> <span class='ocrx_word' id='word_1_696' title='bbox 994 886 1222 921; x_wconf 86' lang='lat' dir='ltr'>quemadmodum</span> <span class='ocrx_word' id='word_1_697' title='bbox 1239 887 1384 921; x_wconf 84' lang='lat' dir='ltr'>scripseras</span> <span class='ocrx_word' id='word_1_698' title='bbox 1402 887 1435 913; x_wconf 87' lang='lat' dir='ltr'>ad</span> <span class='ocrx_word' id='word_1_699' title='bbox 1451 895 1506 918; x_wconf 88' lang='lat' dir='ltr'>me,</span> <span class='ocrx_word' id='word_1_700' title='bbox 1524 895 1594 921; x_wconf 89' lang='lat' dir='ltr'>quae</span> <span class='ocrx_word' id='word_1_701' title='bbox 1612 895 1719 921; x_wconf 88' lang='lat' dir='ltr'>semper</span> 
     </span>
     <span class='ocr_line' id='line_1_93' title="bbox 920 924 1719 959; baseline 0 -9"><span class='ocrx_word' id='word_1_702' title='bbox 920 924 1006 950; x_wconf 90' lang='lat' dir='ltr'>ridere</span> <span class='ocrx_word' id='word_1_703' title='bbox 1017 933 1168 958; x_wconf 88' lang='lat' dir='ltr'>possemus.</span> <span class='ocrx_word' id='word_1_704' title='bbox 1209 925 1300 959; x_wconf 87' lang='lat' dir='ltr'>Itaque</span> <span class='ocrx_word' id='word_1_705' title='bbox 1310 933 1395 959; x_wconf 90' lang='lat' dir='ltr'>quum</span> <span class='ocrx_word' id='word_1_706' title='bbox 1412 925 1530 959; x_wconf 90' lang='lat' dir='ltr'>primum</span> <span class='ocrx_word' id='word_1_707' title='bbox 1545 924 1650 954; x_wconf 82' lang='lat' dir='ltr'>audivi,</span> <span class='ocrx_word' id='word_1_708' title='bbox 1670 933 1719 959; x_wconf 86' lang='lat' dir='ltr'>ego</span> 
     </span>
     <span class='ocr_line' id='line_1_94' title="bbox 920 961 1718 997; baseline -0.001 -9"><span class='ocrx_word' id='word_1_709' title='bbox 920 961 965 988; x_wconf 89' lang='lat' dir='ltr'>ille</span> <span class='ocrx_word' id='word_1_710' title='bbox 976 962 1035 996; x_wconf 88' lang='lat' dir='ltr'>ipse</span> <span class='ocrx_word' id='word_1_711' title='bbox 1047 961 1132 988; x_wconf 88' lang='lat' dir='ltr'>factus</span> <span class='ocrx_word' id='word_1_712' title='bbox 1144 970 1218 993; x_wconf 79' lang='lat' dir='ltr'>sum,</span> <span class='ocrx_word' id='word_1_713' title='bbox 1237 963 1290 988; x_wconf 87' lang='lat' dir='ltr'>scis</span> <span class='ocrx_word' id='word_1_714' title='bbox 1301 970 1381 996; x_wconf 87' lang='lat' dir='ltr'>quem</span> <span class='ocrx_word' id='word_1_715' title='bbox 1393 961 1494 989; x_wconf 85' lang='lat' dir='ltr'>dicam:</span> <span class='ocrx_word' id='word_1_716' title='bbox 1517 962 1614 997; x_wconf 87' lang='lat' dir='ltr'>egique</span> <span class='ocrx_word' id='word_1_717' title='bbox 1625 970 1718 988; x_wconf 88' lang='lat' dir='ltr'>omnes</span> 
     </span>
     <span class='ocr_line' id='line_1_95' title="bbox 918 998 1720 1034; baseline -0.001 -9"><span class='ocrx_word' id='word_1_718' title='bbox 918 999 980 1026; x_wconf 88' lang='lat' dir='ltr'>illos</span> <span class='ocrx_word' id='word_1_719' title='bbox 998 998 1191 1030; x_wconf 80' lang='lat' dir='ltr'>adolescentes,</span> <span class='ocrx_word' id='word_1_720' title='bbox 1214 1008 1283 1034; x_wconf 87' lang='lat' dir='ltr'>quos</span> <span class='ocrx_word' id='word_1_721' title='bbox 1299 999 1344 1025; x_wconf 89' lang='lat' dir='ltr'>ille</span> <span class='ocrx_word' id='word_1_722' title='bbox 1360 1000 1457 1025; x_wconf 88' lang='lat' dir='ltr'>actitat.</span> <span class='ocrx_word' id='word_1_723' title='bbox 1499 1001 1523 1025; x_wconf 63' lang='lat'>2.</span> <span class='ocrx_word' id='word_1_724' title='bbox 1546 998 1658 1025; x_wconf 82' lang='lat' dir='ltr'>Difficile</span> <span class='ocrx_word' id='word_1_725' title='bbox 1679 1003 1720 1024; x_wconf 85' lang='lat' dir='ltr'>est</span> 
     </span>
     <span class='ocr_line' id='line_1_96' title="bbox 920 1036 1719 1072; baseline -0.001 -9"><span class='ocrx_word' id='word_1_726' title='bbox 920 1036 1003 1072; x_wconf 91' lang='lat' dir='ltr'>loqui.</span> <span class='ocrx_word' id='word_1_727' title='bbox 1045 1037 1080 1062; x_wconf 91' lang='lat' dir='ltr'>Te</span> <span class='ocrx_word' id='word_1_728' title='bbox 1091 1041 1179 1063; x_wconf 85' lang='lat' dir='ltr'>autem</span> <span class='ocrx_word' id='word_1_729' title='bbox 1191 1036 1375 1071; x_wconf 89' lang='lat' dir='ltr'>contemplans</span> <span class='ocrx_word' id='word_1_730' title='bbox 1387 1037 1538 1067; x_wconf 77' lang='lat' dir='ltr'>absentem,</span> <span class='ocrx_word' id='word_1_731' title='bbox 1555 1040 1579 1062; x_wconf 87' lang='lat' dir='ltr'>et</span> <span class='ocrx_word' id='word_1_732' title='bbox 1590 1037 1668 1071; x_wconf 86' lang='lat' dir='ltr'>quasi</span> <span class='ocrx_word' id='word_1_733' title='bbox 1681 1040 1719 1062; x_wconf 86' lang='lat' dir='ltr'>te-</span> 
     </span>
     <span class='ocr_line' id='line_1_97' title="bbox 919 1073 1222 1109; baseline 0 -9"><span class='ocrx_word' id='word_1_734' title='bbox 919 1083 980 1100; x_wconf 90' lang='lat' dir='ltr'>cum</span> <span class='ocrx_word' id='word_1_735' title='bbox 992 1082 1079 1100; x_wconf 90' lang='lat' dir='ltr'>coram</span> <span class='ocrx_word' id='word_1_736' title='bbox 1093 1073 1222 1109; x_wconf 84' lang='lat' dir='ltr'>loquerer,</span> 
     </span>
    </p>

    <p class='ocr_par' dir='ltr' id='par_1_18' title="bbox 995 1111 1719 1146">
     <span class='ocr_line' id='line_1_98' title="bbox 995 1111 1719 1146; baseline -0.004 -8"><span class='ocrx_word' id='word_1_737' title='bbox 995 1111 1053 1138; x_wconf 82' lang='lat' dir='ltr'>Non</span> <span class='ocrx_word' id='word_1_738' title='bbox 1066 1114 1164 1145; x_wconf 60' lang='lat' dir='ltr'>edepol,</span> <span class='ocrx_word' id='word_1_739' title='bbox 1182 1117 1306 1146; x_wconf 77' lang='lat' dir='ltr'>quantam</span> <span class='ocrx_word' id='word_1_740' title='bbox 1320 1120 1374 1137; x_wconf 87' lang='lat' dir='ltr'>rem</span> <span class='ocrx_word' id='word_1_741' title='bbox 1389 1114 1482 1144; x_wconf 69' lang='lat' dir='ltr'>cyeris.</span> <span class='ocrx_word' id='word_1_742' title='bbox 1499 1120 1580 1145; x_wconf 81' lang='lat' dir='ltr'>neque</span> <span class='ocrx_word' id='word_1_743' title='bbox 1594 1114 1719 1145; x_wconf 59' lang='lat' dir='ltr'>quantum</span> 
     </span>
    </p>

    <p class='ocr_par' dir='ltr' id='par_1_19' title="bbox 1332 1151 1543 1182">
     <span class='ocr_line' id='line_1_99' title="bbox 1332 1151 1543 1182; baseline -0.005 -7"><span class='ocrx_word' id='word_1_744' title='bbox 1332 1151 1435 1182; x_wconf 77' lang='lat' dir='ltr'>[acinus</span> <span class='ocrx_word' id='word_1_745' title='bbox 1445 1151 1543 1182; x_wconf 64' lang='lat' dir='ltr'>seceris.</span> 
     </span>
    </p>

    <p class='ocr_par' dir='ltr' id='par_1_20' title="bbox 919 1184 1719 1250">
     <span class='ocr_line' id='line_1_100' title="bbox 919 1184 1719 1222; baseline -0.001 -10"><span class='ocrx_word' id='word_1_746' title='bbox 919 1185 996 1218; x_wconf 89' lang='lat' dir='ltr'>Quod</span> <span class='ocrx_word' id='word_1_747' title='bbox 1011 1187 1074 1221; x_wconf 88' lang='lat' dir='ltr'>quia</span> <span class='ocrx_word' id='word_1_748' title='bbox 1089 1191 1191 1221; x_wconf 83' lang='lat' dir='ltr'>praeter</span> <span class='ocrx_word' id='word_1_749' title='bbox 1206 1186 1359 1222; x_wconf 90' lang='lat' dir='ltr'>opinionem</span> <span class='ocrx_word' id='word_1_750' title='bbox 1377 1186 1444 1212; x_wconf 89' lang='lat' dir='ltr'>mihi</span> <span class='ocrx_word' id='word_1_751' title='bbox 1460 1186 1602 1215; x_wconf 83' lang='lat' dir='ltr'>acciderat,</span> <span class='ocrx_word' id='word_1_752' title='bbox 1620 1184 1719 1212; x_wconf 87' lang='lat' dir='ltr'>refere-</span> 
     </span>
     <span class='ocr_line' id='line_1_101' title="bbox 919 1224 1173 1250; baseline 0 0"><span class='ocrx_word' id='word_1_753' title='bbox 919 1224 980 1250; x_wconf 90' lang='lat' dir='ltr'>bam</span> <span class='ocrx_word' id='word_1_754' title='bbox 993 1232 1035 1249; x_wconf 91' lang='lat' dir='ltr'>me</span> <span class='ocrx_word' id='word_1_755' title='bbox 1046 1224 1078 1250; x_wconf 89' lang='lat' dir='ltr'>ad</span> <span class='ocrx_word' id='word_1_756' title='bbox 1091 1224 1173 1250; x_wconf 91' lang='lat' dir='ltr'>illud:</span> 
     </span>
    </p>

    <p class='ocr_par' dir='ltr' id='par_1_21' title="bbox 918 1262 1717 1408">
     <span class='ocr_line' id='line_1_102' title="bbox 994 1262 1424 1295; baseline -0.002 -8"><span class='ocrx_word' id='word_1_757' title='bbox 994 1262 1145 1287; x_wconf 70' lang='lat' dir='ltr'>Incredibile</span> <span class='ocrx_word' id='word_1_758' title='bbox 1156 1263 1202 1288; x_wconf 87' lang='lat' dir='ltr'>hoc</span> <span class='ocrx_word' id='word_1_759' title='bbox 1211 1264 1283 1295; x_wconf 77' lang='lat' dir='ltr'>sactu</span> <span class='ocrx_word' id='word_1_760' title='bbox 1294 1263 1424 1287; x_wconf 76' lang='lat' dir='ltr'>obiicitur.</span> 
     </span>
     <span class='ocr_line' id='line_1_103' title="bbox 919 1297 1717 1333; baseline -0.005 -8"><span class='ocrx_word' id='word_1_761' title='bbox 919 1299 1036 1333; x_wconf 82' lang='lat' dir='ltr'>Repente</span> <span class='ocrx_word' id='word_1_762' title='bbox 1047 1307 1110 1325; x_wconf 88' lang='lat' dir='ltr'>vero</span> <span class='ocrx_word' id='word_1_763' title='bbox 1120 1299 1218 1325; x_wconf 88' lang='lat' dir='ltr'>incessi</span> <span class='ocrx_word' id='word_1_764' title='bbox 1229 1300 1344 1324; x_wconf 68' lang='lat' dir='ltr'>omnious</span> <span class='ocrx_word' id='word_1_765' title='bbox 1356 1300 1498 1324; x_wconf 76' lang='lat' dir='ltr'>laetitiis...</span> <span class='ocrx_word' id='word_1_766' title='bbox 1528 1297 1556 1323; x_wconf 91' lang='lat' dir='ltr'>In</span> <span class='ocrx_word' id='word_1_767' title='bbox 1567 1305 1622 1331; x_wconf 87' lang='lat' dir='ltr'>quo</span> <span class='ocrx_word' id='word_1_768' title='bbox 1632 1305 1717 1331; x_wconf 88' lang='lat' dir='ltr'>quum</span> 
     </span>
     <span class='ocr_line' id='line_1_104' title="bbox 918 1334 1716 1372; baseline -0.004 -10"><span class='ocrx_word' id='word_1_769' title='bbox 918 1336 1087 1372; x_wconf 75' lang='lat' dir='ltr'>obiurgator,</span> <span class='ocrx_word' id='word_1_770' title='bbox 1104 1336 1177 1371; x_wconf 88' lang='lat' dir='ltr'>quod</span> <span class='ocrx_word' id='word_1_771' title='bbox 1193 1336 1277 1362; x_wconf 84' lang='lat' dir='ltr'>nimio</span> <span class='ocrx_word' id='word_1_772' title='bbox 1291 1335 1390 1371; x_wconf 84' lang='lat' dir='ltr'>gaudio</span> <span class='ocrx_word' id='word_1_773' title='bbox 1405 1343 1488 1370; x_wconf 84' lang='lat' dir='ltr'>paene</span> <span class='ocrx_word' id='word_1_774' title='bbox 1499 1334 1664 1368; x_wconf 82' lang='lat' dir='ltr'>desiperem,</span> <span class='ocrx_word' id='word_1_775' title='bbox 1682 1334 1716 1359; x_wconf 85' lang='lat' dir='ltr'>ita</span> 
     </span>
     <span class='ocr_line' id='line_1_105' title="bbox 919 1373 1163 1408; baseline 0 -9"><span class='ocrx_word' id='word_1_776' title='bbox 919 1382 962 1400; x_wconf 88' lang='lat' dir='ltr'>me</span> <span class='ocrx_word' id='word_1_777' title='bbox 972 1373 1163 1408; x_wconf 73' lang='lat' dir='ltr'>defendebam:</span> 
     </span>
    </p>

    <p class='ocr_par' dir='ltr' id='par_1_22' title="bbox 918 1411 1718 1707">
     <span class='ocr_line' id='line_1_106' title="bbox 994 1411 1430 1444; baseline -0.007 -7"><span class='ocrx_word' id='word_1_778' title='bbox 994 1411 1048 1444; x_wconf 76' lang='lat' dir='ltr'>Eyo</span> <span class='ocrx_word' id='word_1_779' title='bbox 1059 1412 1211 1443; x_wconf 76' lang='lat' dir='ltr'>voluptatem</span> <span class='ocrx_word' id='word_1_780' title='bbox 1223 1412 1305 1436; x_wconf 67' lang='lat' dir='ltr'>(inimi</span> <span class='ocrx_word' id='word_1_781' title='bbox 1315 1412 1430 1435; x_wconf 78' lang='lat' dir='ltr'>nimium.</span> 
     </span>
     <span class='ocr_line' id='line_1_107' title="bbox 919 1445 1715 1483; baseline -0.006 -8"><span class='ocrx_word' id='word_1_782' title='bbox 919 1448 989 1480; x_wconf 88' lang='lat' dir='ltr'>Quid</span> <span class='ocrx_word' id='word_1_783' title='bbox 1000 1447 1127 1483; x_wconf 70' lang='lat' dir='ltr'>quaeris?</span> <span class='ocrx_word' id='word_1_784' title='bbox 1137 1448 1201 1474; x_wconf 90' lang='lat' dir='ltr'>dum</span> <span class='ocrx_word' id='word_1_785' title='bbox 1215 1447 1291 1473; x_wconf 90' lang='lat' dir='ltr'>illum</span> <span class='ocrx_word' id='word_1_786' title='bbox 1304 1447 1385 1476; x_wconf 81' lang='lat' dir='ltr'>rideo,</span> <span class='ocrx_word' id='word_1_787' title='bbox 1395 1454 1478 1481; x_wconf 68' lang='lat' dir='ltr'>paene</span> <span class='ocrx_word' id='word_1_788' title='bbox 1489 1454 1549 1472; x_wconf 89' lang='lat' dir='ltr'>sum</span> <span class='ocrx_word' id='word_1_789' title='bbox 1563 1445 1648 1471; x_wconf 82' lang='lat' dir='ltr'>factus</span> <span class='ocrx_word' id='word_1_790' title='bbox 1660 1445 1715 1471; x_wconf 75' lang='lat' dir='ltr'>ille.</span> 
     </span>
     <span class='ocr_line' id='line_1_108' title="bbox 920 1482 1715 1520; baseline -0.005 -8"><span class='ocrx_word' id='word_1_791' title='bbox 920 1488 943 1512; x_wconf 78' lang='lat'>3.</span> <span class='ocrx_word' id='word_1_792' title='bbox 965 1485 1017 1511; x_wconf 84' lang='lat' dir='ltr'>Sed</span> <span class='ocrx_word' id='word_1_793' title='bbox 1034 1486 1097 1512; x_wconf 91' lang='lat' dir='ltr'>haec</span> <span class='ocrx_word' id='word_1_794' title='bbox 1113 1485 1251 1520; x_wconf 78' lang='lat' dir='ltr'>pluribuS,</span> <span class='ocrx_word' id='word_1_795' title='bbox 1270 1484 1407 1519; x_wconf 87' lang='lat' dir='ltr'>multaque</span> <span class='ocrx_word' id='word_1_796' title='bbox 1423 1483 1473 1509; x_wconf 85' lang='lat' dir='ltr'>alia</span> <span class='ocrx_word' id='word_1_797' title='bbox 1486 1483 1555 1509; x_wconf 85' lang='lat' dir='ltr'>etde</span> <span class='ocrx_word' id='word_1_798' title='bbox 1567 1487 1590 1509; x_wconf 88' lang='lat' dir='ltr'>te</span> <span class='ocrx_word' id='word_1_799' title='bbox 1602 1482 1670 1508; x_wconf 88' lang='lat' dir='ltr'>etad</span> <span class='ocrx_word' id='word_1_800' title='bbox 1682 1487 1715 1512; x_wconf 84' lang='lat' dir='ltr'>te,</span> 
     </span>
     <span class='ocr_line' id='line_1_109' title="bbox 918 1519 1716 1558; baseline -0.005 -9"><span class='ocrx_word' id='word_1_801' title='bbox 918 1532 1003 1558; x_wconf 88' lang='lat' dir='ltr'>quum</span> <span class='ocrx_word' id='word_1_802' title='bbox 1020 1524 1138 1557; x_wconf 89' lang='lat' dir='ltr'>primum</span> <span class='ocrx_word' id='word_1_803' title='bbox 1155 1531 1199 1549; x_wconf 85' lang='lat' dir='ltr'>ero</span> <span class='ocrx_word' id='word_1_804' title='bbox 1213 1522 1316 1557; x_wconf 83' lang='lat' dir='ltr'>aliquid</span> <span class='ocrx_word' id='word_1_805' title='bbox 1333 1526 1425 1548; x_wconf 79' lang='lat' dir='ltr'>nactus</span> <span class='ocrx_word' id='word_1_806' title='bbox 1441 1521 1498 1547; x_wconf 88' lang='lat' dir='ltr'>otii.</span> <span class='ocrx_word' id='word_1_807' title='bbox 1539 1520 1574 1546; x_wconf 81' lang='lat' dir='ltr'>Te</span> <span class='ocrx_word' id='word_1_808' title='bbox 1586 1528 1662 1549; x_wconf 73' lang='lat' dir='ltr'>vcro,</span> <span class='ocrx_word' id='word_1_809' title='bbox 1680 1519 1716 1545; x_wconf 91' lang='lat' dir='ltr'>mi</span> 
     </span>
     <span class='ocr_line' id='line_1_110' title="bbox 918 1558 1715 1596; baseline -0.006 -9"><span class='ocrx_word' id='word_1_810' title='bbox 918 1560 1000 1590; x_wconf 83' lang='lat' dir='ltr'>Rufe,</span> <span class='ocrx_word' id='word_1_811' title='bbox 1013 1560 1111 1596; x_wconf 86' lang='lat' dir='ltr'>diligo,</span> <span class='ocrx_word' id='word_1_812' title='bbox 1127 1569 1208 1595; x_wconf 87' lang='lat' dir='ltr'>quem</span> <span class='ocrx_word' id='word_1_813' title='bbox 1221 1560 1287 1585; x_wconf 91' lang='lat' dir='ltr'>mihi</span> <span class='ocrx_word' id='word_1_814' title='bbox 1301 1559 1403 1585; x_wconf 85' lang='lat' dir='ltr'>fortuna</span> <span class='ocrx_word' id='word_1_815' title='bbox 1414 1558 1487 1584; x_wconf 80' lang='lat' dir='ltr'>dedit</span> <span class='ocrx_word' id='word_1_816' title='bbox 1498 1558 1715 1592; x_wconf 74' lang='lat' dir='ltr'>amplificatorem</span> 
     </span>
     <span class='ocr_line' id='line_1_111' title="bbox 918 1594 1718 1633; baseline -0.006 -9"><span class='ocrx_word' id='word_1_817' title='bbox 918 1598 1056 1633; x_wconf 81' lang='lat' dir='ltr'>dignitatis</span> <span class='ocrx_word' id='word_1_818' title='bbox 1073 1606 1159 1628; x_wconf 83' lang='lat' dir='ltr'>meae,</span> <span class='ocrx_word' id='word_1_819' title='bbox 1178 1597 1290 1623; x_wconf 85' lang='lat' dir='ltr'>ultorem</span> <span class='ocrx_word' id='word_1_820' title='bbox 1307 1605 1358 1623; x_wconf 91' lang='lat' dir='ltr'>non</span> <span class='ocrx_word' id='word_1_821' title='bbox 1375 1596 1453 1622; x_wconf 87' lang='lat' dir='ltr'>modo</span> <span class='ocrx_word' id='word_1_822' title='bbox 1469 1596 1651 1624; x_wconf 77' lang='lat' dir='ltr'>inimicorum,</span> <span class='ocrx_word' id='word_1_823' title='bbox 1670 1594 1718 1620; x_wconf 85' lang='lat' dir='ltr'>sed</span> 
     </span>
     <span class='ocr_line' id='line_1_112' title="bbox 918 1632 1716 1667; baseline -0.005 -6"><span class='ocrx_word' id='word_1_824' title='bbox 918 1636 998 1661; x_wconf 88' lang='lat' dir='ltr'>etiam</span> <span class='ocrx_word' id='word_1_825' title='bbox 1020 1635 1171 1661; x_wconf 87' lang='lat' dir='ltr'>invidorum</span> <span class='ocrx_word' id='word_1_826' title='bbox 1199 1643 1334 1661; x_wconf 85' lang='lat' dir='ltr'>meorum:</span> <span class='ocrx_word' id='word_1_827' title='bbox 1358 1638 1386 1659; x_wconf 92' lang='lat' dir='ltr'>ut</span> <span class='ocrx_word' id='word_1_828' title='bbox 1404 1642 1448 1659; x_wconf 81' lang='lat' dir='ltr'>eos</span> <span class='ocrx_word' id='word_1_829' title='bbox 1468 1633 1562 1667; x_wconf 80' lang='lat' dir='ltr'>partim</span> <span class='ocrx_word' id='word_1_830' title='bbox 1584 1632 1716 1658; x_wconf 78' lang='lat' dir='ltr'>scelerum</span> 
     </span>
     <span class='ocr_line' id='line_1_113' title="bbox 918 1667 1715 1707; baseline -0.006 -8"><span class='ocrx_word' id='word_1_831' title='bbox 918 1681 1040 1704; x_wconf 87' lang='lat' dir='ltr'>suorum,</span> <span class='ocrx_word' id='word_1_832' title='bbox 1054 1673 1150 1707; x_wconf 87' lang='lat' dir='ltr'>partim</span> <span class='ocrx_word' id='word_1_833' title='bbox 1162 1672 1241 1699; x_wconf 87' lang='lat' dir='ltr'>etiam</span> <span class='ocrx_word' id='word_1_834' title='bbox 1256 1672 1417 1707; x_wconf 87' lang='lat' dir='ltr'>ineptiarum</span> <span class='ocrx_word' id='word_1_835' title='bbox 1429 1670 1584 1705; x_wconf 84' lang='lat' dir='ltr'>poeniteret.</span> <span class='ocrx_word' id='word_1_836' title='bbox 1620 1667 1715 1706; x_wconf 66' lang='lat' dir='ltr'>[Vale]</span> 
     </span>
    </p>
   </div>
   <div class='ocr_carea' id='block_1_16' title="bbox 918 1759 1716 1893">
    <p class='ocr_par' dir='ltr' id='par_1_23' title="bbox 918 1759 1716 1862">
     <span class='ocr_line' id='line_1_114' title="bbox 971 1759 1716 1787; baseline -0.007 -3"><span class='ocrx_word' id='word_1_837' title='bbox 971 1764 1001 1784; x_wconf 80' lang='lat' dir='ltr'>X.</span> <span class='ocrx_word' id='word_1_838' title='bbox 1018 1764 1094 1784; x_wconf 63' lang='lat' dir='ltr'>ARG.</span> <span class='ocrx_word' id='word_1_839' title='bbox 1115 1765 1214 1787; x_wconf 72' lang='lat' dir='ltr'>Querens</span> <span class='ocrx_word' id='word_1_840' title='bbox 1230 1763 1256 1782; x_wconf 69' lang='lat' dir='ltr'>sle</span> <span class='ocrx_word' id='word_1_841' title='bbox 1271 1760 1409 1785; x_wconf 72' lang='lat' dir='ltr'>tabellariis,</span> <span class='ocrx_word' id='word_1_842' title='bbox 1430 1760 1517 1781; x_wconf 75' lang='lat' dir='ltr'>occulte</span> <span class='ocrx_word' id='word_1_843' title='bbox 1531 1759 1630 1781; x_wconf 65' lang='lat' dir='ltr'>caelium</span> <span class='ocrx_word' id='word_1_844' title='bbox 1646 1759 1716 1783; x_wconf 61' lang='lat' dir='ltr'>negli-</span> 
     </span>
     <span class='ocr_line' id='line_1_115' title="bbox 918 1797 1716 1824; baseline -0.008 -4"><span class='ocrx_word' id='word_1_845' title='bbox 918 1798 1005 1824; x_wconf 73' lang='lat' dir='ltr'>gentiae</span> <span class='ocrx_word' id='word_1_846' title='bbox 1015 1798 1139 1819; x_wconf 69' lang='lat' dir='ltr'>litterarum</span> <span class='ocrx_word' id='word_1_847' title='bbox 1149 1801 1247 1819; x_wconf 75' lang='lat' dir='ltr'>accunt:</span> <span class='ocrx_word' id='word_1_848' title='bbox 1267 1804 1302 1817; x_wconf 72' lang='lat' dir='ltr'>res</span> <span class='ocrx_word' id='word_1_849' title='bbox 1312 1803 1365 1817; x_wconf 71' lang='lat' dir='ltr'>sun·</span> <span class='ocrx_word' id='word_1_850' title='bbox 1376 1797 1398 1817; x_wconf 84' lang='lat' dir='ltr'>in</span> <span class='ocrx_word' id='word_1_851' title='bbox 1411 1797 1493 1816; x_wconf 68' lang='lat' dir='ltr'>Amano</span> <span class='ocrx_word' id='word_1_852' title='bbox 1509 1799 1582 1821; x_wconf 68' lang='lat' dir='ltr'>gentas</span> <span class='ocrx_word' id='word_1_853' title='bbox 1597 1799 1671 1815; x_wconf 73' lang='lat' dir='ltr'>narrat</span> <span class='ocrx_word' id='word_1_854' title='bbox 1687 1799 1716 1817; x_wconf 83' lang='lat' dir='ltr'>et,</span> 
     </span>
     <span class='ocr_line' id='line_1_116' title="bbox 918 1830 1629 1862; baseline -0.007 -7"><span class='ocrx_word' id='word_1_855' title='bbox 918 1841 945 1855; x_wconf 79' lang='lat' dir='ltr'>ne</span> <span class='ocrx_word' id='word_1_856' title='bbox 954 1833 1070 1862; x_wconf 72' lang='lat' dir='ltr'>pruvincia</span> <span class='ocrx_word' id='word_1_857' title='bbox 1081 1836 1224 1861; x_wconf 80' lang='lat' dir='ltr'>prorogetur,</span> <span class='ocrx_word' id='word_1_858' title='bbox 1236 1836 1308 1857; x_wconf 80' lang='lat' dir='ltr'>rogat:</span> <span class='ocrx_word' id='word_1_859' title='bbox 1319 1832 1346 1852; x_wconf 78' lang='lat' dir='ltr'>de</span> <span class='ocrx_word' id='word_1_860' title='bbox 1356 1838 1400 1858; x_wconf 80' lang='lat' dir='ltr'>rep.</span> <span class='ocrx_word' id='word_1_861' title='bbox 1410 1831 1471 1858; x_wconf 80' lang='lat' dir='ltr'>cupit</span> <span class='ocrx_word' id='word_1_862' title='bbox 1481 1830 1564 1852; x_wconf 73' lang='lat' dir='ltr'>certior</span> <span class='ocrx_word' id='word_1_863' title='bbox 1573 1830 1629 1850; x_wconf 76' lang='lat' dir='ltr'>neri.</span> 
     </span>
    </p>

    <p class='ocr_par' dir='ltr' id='par_1_24' title="bbox 1011 1868 1625 1893">
     <span class='ocr_line' id='line_1_117' title="bbox 1011 1868 1625 1893; baseline -0.007 -4"><span class='ocrx_word' id='word_1_864' title='bbox 1011 1872 1041 1893; x_wconf 80' lang='lat' dir='ltr'>(ln</span> <span class='ocrx_word' id='word_1_865' title='bbox 1052 1870 1116 1888; x_wconf 74' lang='lat' dir='ltr'>eutriu</span> <span class='ocrx_word' id='word_1_866' title='bbox 1126 1870 1150 1888; x_wconf 78' lang='lat' dir='ltr'>ml</span> <span class='ocrx_word' id='word_1_867' title='bbox 1160 1869 1297 1889; x_wconf 66' lang='lat' dir='ltr'>Pindenissum,</span> <span class='ocrx_word' id='word_1_868' title='bbox 1308 1869 1399 1892; x_wconf 71' lang='lat' dir='ltr'>Sulpicio,</span> <span class='ocrx_word' id='word_1_869' title='bbox 1410 1868 1501 1887; x_wconf 65' lang='lat' dir='ltr'>Marcello</span> <span class='ocrx_word' id='word_1_870' title='bbox 1511 1875 1558 1885; x_wconf 70' lang='lat' dir='ltr'>mu.</span> <span class='ocrx_word' id='word_1_871' title='bbox 1570 1868 1625 1889; x_wconf 57' lang='lat'>705³.)</span> 
     </span>
    </p>
   </div>
   <div class='ocr_carea' id='block_1_17' title="bbox 914 1910 1716 2657">
    <p class='ocr_par' dir='ltr' id='par_1_25' title="bbox 969 1910 1661 1978">
     <span class='ocr_line' id='line_1_118' title="bbox 969 1910 1661 1941; baseline -0.006 0"><span class='ocrx_word' id='word_1_872' title='bbox 969 1915 1004 1941; x_wconf 84' lang='lat' dir='ltr'>M.</span> <span class='ocrx_word' id='word_1_873' title='bbox 1027 1915 1056 1941; x_wconf 90' lang='lat' dir='ltr'>T.</span> <span class='ocrx_word' id='word_1_874' title='bbox 1080 1914 1109 1941; x_wconf 94' lang='lat' dir='ltr'>C.</span> <span class='ocrx_word' id='word_1_875' title='bbox 1131 1914 1209 1940; x_wconf 87' lang='lat' dir='ltr'>IMP.</span> <span class='ocrx_word' id='word_1_876' title='bbox 1231 1913 1260 1939; x_wconf 87' lang='lat' dir='ltr'>S.</span> <span class='ocrx_word' id='word_1_877' title='bbox 1282 1913 1312 1939; x_wconf 88' lang='lat' dir='ltr'>D.</span> <span class='ocrx_word' id='word_1_878' title='bbox 1335 1913 1370 1938; x_wconf 76' lang='lat' dir='ltr'>M.</span> <span class='ocrx_word' id='word_1_879' title='bbox 1393 1911 1538 1938; x_wconf 75' lang='lat' dir='ltr'>CAELIO</span> <span class='ocrx_word' id='word_1_880' title='bbox 1560 1910 1661 1937; x_wconf 81' lang='lat' dir='ltr'>RUFO</span> 
     </span>
     <span class='ocr_line' id='line_1_119' title="bbox 1114 1949 1514 1978; baseline -0.005 -1"><span class='ocrx_word' id='word_1_881' title='bbox 1114 1951 1249 1978; x_wconf 77' lang='lat' dir='ltr'>AEDILI</span> <span class='ocrx_word' id='word_1_882' title='bbox 1269 1950 1413 1977; x_wconf 82' lang='lat' dir='ltr'>CURULI</span> <span class='ocrx_word' id='word_1_883' title='bbox 1435 1949 1514 1975; x_wconf 79' lang='lat' dir='ltr'>DES.</span> 
     </span>
    </p>

    <p class='ocr_par' dir='ltr' id='par_1_26' title="bbox 914 1984 1716 2657">
     <span class='ocr_line' id='line_1_120' title="bbox 975 1984 1714 2024; baseline -0.007 -9"><span class='ocrx_word' id='word_1_884' title='bbox 975 1991 999 2015; x_wconf 77' lang='lat' dir='ltr'>l.</span> <span class='ocrx_word' id='word_1_885' title='bbox 1022 1984 1070 2015; x_wconf 86' lang='lat' dir='ltr'>Tu</span> <span class='ocrx_word' id='word_1_886' title='bbox 1081 1989 1156 2020; x_wconf 78' lang='lat' dir='ltr'>vide,</span> <span class='ocrx_word' id='word_1_887' title='bbox 1168 1997 1250 2024; x_wconf 81' lang='lat' dir='ltr'>quam</span> <span class='ocrx_word' id='word_1_888' title='bbox 1262 1988 1295 2014; x_wconf 75' lang='lat' dir='ltr'>ad</span> <span class='ocrx_word' id='word_1_889' title='bbox 1306 1996 1349 2014; x_wconf 89' lang='lat' dir='ltr'>me</span> <span class='ocrx_word' id='word_1_890' title='bbox 1362 1987 1462 2014; x_wconf 84' lang='lat' dir='ltr'>litterae</span> <span class='ocrx_word' id='word_1_891' title='bbox 1475 1996 1525 2013; x_wconf 89' lang='lat' dir='ltr'>non</span> <span class='ocrx_word' id='word_1_892' title='bbox 1537 1985 1714 2021; x_wconf 80' lang='lat' dir='ltr'>perferantur.</span> 
     </span>
     <span class='ocr_line' id='line_1_121' title="bbox 918 2021 1716 2061; baseline -0.008 -8"><span class='ocrx_word' id='word_1_893' title='bbox 918 2027 975 2053; x_wconf 88' lang='lat' dir='ltr'>Non</span> <span class='ocrx_word' id='word_1_894' title='bbox 987 2027 1058 2053; x_wconf 83' lang='lat' dir='ltr'>enim</span> <span class='ocrx_word' id='word_1_895' title='bbox 1070 2035 1181 2061; x_wconf 89' lang='lat' dir='ltr'>possum</span> <span class='ocrx_word' id='word_1_896' title='bbox 1192 2025 1299 2056; x_wconf 79' lang='lat' dir='ltr'>adduci,</span> <span class='ocrx_word' id='word_1_897' title='bbox 1313 2030 1342 2052; x_wconf 93' lang='lat' dir='ltr'>ut</span> <span class='ocrx_word' id='word_1_898' title='bbox 1352 2025 1399 2051; x_wconf 83' lang='lat' dir='ltr'>abs</span> <span class='ocrx_word' id='word_1_899' title='bbox 1411 2029 1444 2054; x_wconf 79' lang='lat' dir='ltr'>te,</span> <span class='ocrx_word' id='word_1_900' title='bbox 1458 2028 1630 2059; x_wconf 86' lang='lat' dir='ltr'>posteaquam</span> <span class='ocrx_word' id='word_1_901' title='bbox 1644 2021 1716 2048; x_wconf 86' lang='lat' dir='ltr'>acdi-</span> 
     </span>
     <span class='ocr_line' id='line_1_122' title="bbox 919 2061 1716 2098; baseline -0.006 -8"><span class='ocrx_word' id='word_1_902' title='bbox 919 2063 951 2090; x_wconf 88' lang='lat' dir='ltr'>lis</span> <span class='ocrx_word' id='word_1_903' title='bbox 962 2072 991 2090; x_wconf 89' lang='lat' dir='ltr'>es</span> <span class='ocrx_word' id='word_1_904' title='bbox 1002 2063 1097 2093; x_wconf 78' lang='lat' dir='ltr'>factus,</span> <span class='ocrx_word' id='word_1_905' title='bbox 1106 2063 1193 2090; x_wconf 84' lang='lat' dir='ltr'>nullas</span> <span class='ocrx_word' id='word_1_906' title='bbox 1206 2068 1297 2098; x_wconf 86' lang='lat' dir='ltr'>putem</span> <span class='ocrx_word' id='word_1_907' title='bbox 1309 2063 1397 2095; x_wconf 77' lang='lat' dir='ltr'>datus3</span> <span class='ocrx_word' id='word_1_908' title='bbox 1411 2061 1566 2097; x_wconf 82' lang='lat' dir='ltr'>praesertim</span> <span class='ocrx_word' id='word_1_909' title='bbox 1578 2068 1662 2095; x_wconf 89' lang='lat' dir='ltr'>quum</span> <span class='ocrx_word' id='word_1_910' title='bbox 1673 2068 1716 2085; x_wconf 78' lang='lat' dir='ltr'>es-</span> 
     </span>
     <span class='ocr_line' id='line_1_123' title="bbox 917 2096 1715 2136; baseline -0.006 -9"><span class='ocrx_word' id='word_1_911' title='bbox 917 2104 958 2127; x_wconf 85' lang='lat' dir='ltr'>set</span> <span class='ocrx_word' id='word_1_912' title='bbox 973 2105 1043 2127; x_wconf 76' lang='lat' dir='ltr'>tanta</span> <span class='ocrx_word' id='word_1_913' title='bbox 1058 2110 1113 2132; x_wconf 86' lang='lat' dir='ltr'>res,</span> <span class='ocrx_word' id='word_1_914' title='bbox 1137 2105 1223 2127; x_wconf 78' lang='lat' dir='ltr'>tantae</span> <span class='ocrx_word' id='word_1_915' title='bbox 1238 2100 1438 2136; x_wconf 68' lang='lat' dir='ltr'>gratulationis,</span> <span class='ocrx_word' id='word_1_916' title='bbox 1456 2099 1489 2125; x_wconf 87' lang='lat' dir='ltr'>de</span> <span class='ocrx_word' id='word_1_917' title='bbox 1505 2103 1542 2128; x_wconf 85' lang='lat' dir='ltr'>te.</span> <span class='ocrx_word' id='word_1_918' title='bbox 1564 2098 1628 2132; x_wconf 81' lang='lat' dir='ltr'>quia</span> <span class='ocrx_word' id='word_1_919' title='bbox 1642 2096 1715 2131; x_wconf 85' lang='lat' dir='ltr'>quod</span> 
     </span>
     <span class='ocr_line' id='line_1_124' title="bbox 917 2135 1716 2172; baseline -0.006 -8"><span class='ocrx_word' id='word_1_920' title='bbox 917 2138 1072 2172; x_wconf 76' lang='lat' dir='ltr'>sperabam:</span> <span class='ocrx_word' id='word_1_921' title='bbox 1085 2138 1118 2164; x_wconf 89' lang='lat' dir='ltr'>de</span> <span class='ocrx_word' id='word_1_922' title='bbox 1130 2137 1227 2168; x_wconf 73' lang='lat' dir='ltr'>IIillo‘,</span> <span class='ocrx_word' id='word_1_923' title='bbox 1239 2137 1346 2172; x_wconf 82' lang='lat' dir='ltr'>(balbus</span> <span class='ocrx_word' id='word_1_924' title='bbox 1357 2137 1428 2163; x_wconf 84' lang='lat' dir='ltr'>enim</span> <span class='ocrx_word' id='word_1_925' title='bbox 1439 2135 1599 2170; x_wconf 83' lang='lat' dir='ltr'>sum,)quod</span> <span class='ocrx_word' id='word_1_926' title='bbox 1606 2143 1657 2161; x_wconf 92' lang='lat' dir='ltr'>non</span> <span class='ocrx_word' id='word_1_927' title='bbox 1665 2143 1716 2168; x_wconf 89' lang='lat' dir='ltr'>pu-</span> 
     </span>
     <span class='ocr_line' id='line_1_125' title="bbox 918 2172 1713 2210; baseline -0.006 -9"><span class='ocrx_word' id='word_1_928' title='bbox 918 2179 1010 2201; x_wconf 84' lang='lat' dir='ltr'>taram.</span> <span class='ocrx_word' id='word_1_929' title='bbox 1051 2174 1133 2210; x_wconf 81' lang='lat' dir='ltr'>Atqui</span> <span class='ocrx_word' id='word_1_930' title='bbox 1144 2175 1183 2201; x_wconf 80' lang='lat' dir='ltr'>sic</span> <span class='ocrx_word' id='word_1_931' title='bbox 1194 2174 1302 2204; x_wconf 80' lang='lat' dir='ltr'>habeto.</span> <span class='ocrx_word' id='word_1_932' title='bbox 1321 2173 1422 2200; x_wconf 85' lang='lat' dir='ltr'>nullam</span> <span class='ocrx_word' id='word_1_933' title='bbox 1434 2181 1476 2199; x_wconf 84' lang='lat' dir='ltr'>mo</span> <span class='ocrx_word' id='word_1_934' title='bbox 1490 2172 1629 2207; x_wconf 83' lang='lat' dir='ltr'>epistolam</span> <span class='ocrx_word' id='word_1_935' title='bbox 1642 2180 1713 2197; x_wconf 71' lang='lat' dir='ltr'>necc-</span> 
     </span>
     <span class='ocr_line' id='line_1_126' title="bbox 918 2208 1716 2247; baseline -0.006 -9"><span class='ocrx_word' id='word_1_936' title='bbox 918 2213 990 2247; x_wconf 87' lang='lat' dir='ltr'>pisse</span> <span class='ocrx_word' id='word_1_937' title='bbox 1001 2216 1074 2238; x_wconf 84' lang='lat' dir='ltr'>tuam</span> <span class='ocrx_word' id='word_1_938' title='bbox 1086 2216 1146 2246; x_wconf 90' lang='lat' dir='ltr'>post</span> <span class='ocrx_word' id='word_1_939' title='bbox 1156 2212 1263 2238; x_wconf 77' lang='lat' dir='ltr'>comitia</span> <span class='ocrx_word' id='word_1_940' title='bbox 1275 2212 1324 2238; x_wconf 80' lang='lat' dir='ltr'>ista</span> <span class='ocrx_word' id='word_1_941' title='bbox 1337 2210 1482 2246; x_wconf 78' lang='lat' dir='ltr'>praeclara.</span> <span class='ocrx_word' id='word_1_942' title='bbox 1506 2218 1574 2244; x_wconf 80' lang='lat' dir='ltr'>quae</span> <span class='ocrx_word' id='word_1_943' title='bbox 1586 2217 1628 2235; x_wconf 87' lang='lat' dir='ltr'>me</span> <span class='ocrx_word' id='word_1_944' title='bbox 1641 2208 1716 2234; x_wconf 82' lang='lat' dir='ltr'>laeti-</span> 
     </span>
     <span class='ocr_line' id='line_1_127' title="bbox 918 2245 1714 2283; baseline -0.006 -8"><span class='ocrx_word' id='word_1_945' title='bbox 918 2250 953 2275; x_wconf 77' lang='lat' dir='ltr'>tia</span> <span class='ocrx_word' id='word_1_946' title='bbox 971 2249 1138 2276; x_wconf 79' lang='lat' dir='ltr'>extulerunt:</span> <span class='ocrx_word' id='word_1_947' title='bbox 1161 2258 1194 2275; x_wconf 85' lang='lat' dir='ltr'>ex</span> <span class='ocrx_word' id='word_1_948' title='bbox 1214 2257 1269 2283; x_wconf 89' lang='lat' dir='ltr'>quo</span> <span class='ocrx_word' id='word_1_949' title='bbox 1289 2257 1394 2278; x_wconf 85' lang='lat' dir='ltr'>vereor,</span> <span class='ocrx_word' id='word_1_950' title='bbox 1418 2256 1450 2274; x_wconf 84' lang='lat' dir='ltr'>ne</span> <span class='ocrx_word' id='word_1_951' title='bbox 1471 2247 1541 2273; x_wconf 86' lang='lat' dir='ltr'>idom</span> <span class='ocrx_word' id='word_1_952' title='bbox 1562 2246 1666 2272; x_wconf 74' lang='lat' dir='ltr'>eveniat</span> <span class='ocrx_word' id='word_1_953' title='bbox 1688 2245 1714 2271; x_wconf 89' lang='lat' dir='ltr'>in</span> 
     </span>
     <span class='ocr_line' id='line_1_128' title="bbox 917 2283 1713 2321; baseline -0.005 -9"><span class='ocrx_word' id='word_1_954' title='bbox 917 2295 990 2313; x_wconf 80' lang='lat' dir='ltr'>mens</span> <span class='ocrx_word' id='word_1_955' title='bbox 1002 2286 1110 2313; x_wconf 79' lang='lat' dir='ltr'>litteras.</span> <span class='ocrx_word' id='word_1_956' title='bbox 1132 2285 1265 2321; x_wconf 88' lang='lat' dir='ltr'>Equidem</span> <span class='ocrx_word' id='word_1_957' title='bbox 1278 2293 1426 2320; x_wconf 82' lang='lat' dir='ltr'>numquam</span> <span class='ocrx_word' id='word_1_958' title='bbox 1438 2284 1547 2310; x_wconf 84' lang='lat' dir='ltr'>domum</span> <span class='ocrx_word' id='word_1_959' title='bbox 1560 2283 1621 2309; x_wconf 78' lang='lat' dir='ltr'>misi</span> <span class='ocrx_word' id='word_1_960' title='bbox 1633 2291 1713 2308; x_wconf 78' lang='lat' dir='ltr'>unum</span> 
     </span>
     <span class='ocr_line' id='line_1_129' title="bbox 917 2320 1714 2358; baseline -0.006 -8"><span class='ocrx_word' id='word_1_961' title='bbox 917 2323 1071 2358; x_wconf 82' lang='lat' dir='ltr'>epistolam,</span> <span class='ocrx_word' id='word_1_962' title='bbox 1088 2324 1154 2358; x_wconf 88' lang='lat' dir='ltr'>quin</span> <span class='ocrx_word' id='word_1_963' title='bbox 1167 2328 1237 2349; x_wconf 80' lang='lat' dir='ltr'>esset</span> <span class='ocrx_word' id='word_1_964' title='bbox 1248 2322 1281 2349; x_wconf 82' lang='lat' dir='ltr'>ad</span> <span class='ocrx_word' id='word_1_965' title='bbox 1293 2328 1317 2349; x_wconf 83' lang='lat' dir='ltr'>te</span> <span class='ocrx_word' id='word_1_966' title='bbox 1329 2322 1423 2350; x_wconf 75' lang='lat' dir='ltr'>altera:</span> <span class='ocrx_word' id='word_1_967' title='bbox 1447 2330 1494 2347; x_wconf 81' lang='lat' dir='ltr'>nec</span> <span class='ocrx_word' id='word_1_968' title='bbox 1505 2321 1571 2347; x_wconf 87' lang='lat' dir='ltr'>mihi</span> <span class='ocrx_word' id='word_1_969' title='bbox 1583 2324 1623 2346; x_wconf 80' lang='lat' dir='ltr'>cst</span> <span class='ocrx_word' id='word_1_970' title='bbox 1637 2324 1661 2345; x_wconf 85' lang='lat' dir='ltr'>te</span> <span class='ocrx_word' id='word_1_971' title='bbox 1672 2320 1714 2345; x_wconf 90' lang='lat' dir='ltr'>iu-</span> 
     </span>
     <span class='ocr_line' id='line_1_130' title="bbox 916 2357 1714 2395; baseline -0.006 -8"><span class='ocrx_word' id='word_1_972' title='bbox 916 2361 1032 2387; x_wconf 81' lang='lat' dir='ltr'>cundius</span> <span class='ocrx_word' id='word_1_973' title='bbox 1044 2361 1193 2395; x_wconf 80' lang='lat' dir='ltr'>quidquam</span> <span class='ocrx_word' id='word_1_974' title='bbox 1206 2369 1254 2386; x_wconf 86' lang='lat' dir='ltr'>nec</span> <span class='ocrx_word' id='word_1_975' title='bbox 1264 2361 1362 2386; x_wconf 78' lang='lat' dir='ltr'>carius.</span> <span class='ocrx_word' id='word_1_976' title='bbox 1387 2359 1439 2385; x_wconf 81' lang='lat' dir='ltr'>Sed</span> <span class='ocrx_word' id='word_1_977' title='bbox 1450 2359 1532 2393; x_wconf 80' lang='lat' dir='ltr'>(balbi</span> <span class='ocrx_word' id='word_1_978' title='bbox 1545 2366 1595 2384; x_wconf 92' lang='lat' dir='ltr'>non</span> <span class='ocrx_word' id='word_1_979' title='bbox 1607 2357 1714 2390; x_wconf 85' lang='lat' dir='ltr'>sumus)</span> 
     </span>
     <span class='ocr_line' id='line_1_131' title="bbox 916 2394 1711 2431; baseline -0.005 -7"><span class='ocrx_word' id='word_1_980' title='bbox 916 2398 1015 2424; x_wconf 81' lang='lat' dir='ltr'>adrem</span> <span class='ocrx_word' id='word_1_981' title='bbox 1028 2397 1178 2424; x_wconf 81' lang='lat' dir='ltr'>redeamus.</span> <span class='ocrx_word' id='word_1_982' title='bbox 1212 2399 1237 2424; x_wconf 74' lang='lat'>2.</span> <span class='ocrx_word' id='word_1_983' title='bbox 1251 2397 1284 2424; x_wconf 90' lang='lat' dir='ltr'>Ut</span> <span class='ocrx_word' id='word_1_984' title='bbox 1293 2397 1399 2431; x_wconf 79' lang='lat' dir='ltr'>optasti,</span> <span class='ocrx_word' id='word_1_985' title='bbox 1413 2397 1447 2422; x_wconf 77' lang='lat' dir='ltr'>ita</span> <span class='ocrx_word' id='word_1_986' title='bbox 1459 2400 1508 2422; x_wconf 78' lang='lat' dir='ltr'>cst.</span> <span class='ocrx_word' id='word_1_987' title='bbox 1531 2394 1618 2421; x_wconf 47' lang='lat' dir='ltr'>Ventus</span> <span class='ocrx_word' id='word_1_988' title='bbox 1629 2394 1711 2423; x_wconf 78' lang='lat' dir='ltr'>enim,</span> 
     </span>
     <span class='ocr_line' id='line_1_132' title="bbox 916 2431 1712 2468; baseline -0.005 -7"><span class='ocrx_word' id='word_1_989' title='bbox 916 2436 968 2466; x_wconf 81' lang='lat' dir='ltr'>nis,</span> <span class='ocrx_word' id='word_1_990' title='bbox 992 2440 1094 2461; x_wconf 82' lang='lat' dir='ltr'>tantum</span> <span class='ocrx_word' id='word_1_991' title='bbox 1111 2435 1190 2462; x_wconf 89' lang='lat' dir='ltr'>modo</span> <span class='ocrx_word' id='word_1_992' title='bbox 1205 2439 1233 2461; x_wconf 81' lang='lat' dir='ltr'>ut</span> <span class='ocrx_word' id='word_1_993' title='bbox 1250 2434 1374 2460; x_wconf 82' lang='lat' dir='ltr'>haberem</span> <span class='ocrx_word' id='word_1_994' title='bbox 1387 2433 1498 2468; x_wconf 72' lang='lat' dir='ltr'>negotii,</span> <span class='ocrx_word' id='word_1_995' title='bbox 1516 2431 1588 2467; x_wconf 86' lang='lat' dir='ltr'>quod</span> <span class='ocrx_word' id='word_1_996' title='bbox 1600 2436 1669 2457; x_wconf 84' lang='lat' dir='ltr'>esset</span> <span class='ocrx_word' id='word_1_997' title='bbox 1680 2431 1712 2457; x_wconf 79' lang='lat' dir='ltr'>nd</span> 
     </span>
     <span class='ocr_line' id='line_1_133' title="bbox 917 2469 1712 2505; baseline -0.006 -6"><span class='ocrx_word' id='word_1_998' title='bbox 917 2472 1060 2499; x_wconf 80' lang='lat' dir='ltr'>laureolam</span> <span class='ocrx_word' id='word_1_999' title='bbox 1076 2473 1150 2499; x_wconf 80' lang='lat' dir='ltr'>satis.</span> <span class='ocrx_word' id='word_1_1000' title='bbox 1192 2472 1301 2498; x_wconf 76' lang='lat' dir='ltr'>Parthos</span> <span class='ocrx_word' id='word_1_1001' title='bbox 1317 2473 1409 2502; x_wconf 84' lang='lat' dir='ltr'>times,</span> <span class='ocrx_word' id='word_1_1002' title='bbox 1431 2471 1494 2505; x_wconf 83' lang='lat' dir='ltr'>quia</span> <span class='ocrx_word' id='word_1_1003' title='bbox 1511 2469 1612 2496; x_wconf 76' lang='lat' dir='ltr'>diffidis</span> <span class='ocrx_word' id='word_1_1004' title='bbox 1627 2470 1712 2504; x_wconf 78' lang='lat' dir='ltr'>copiis</span> 
     </span>
     <span class='ocr_line' id='line_1_134' title="bbox 917 2506 1713 2546; baseline -0.006 -9"><span class='ocrx_word' id='word_1_1005' title='bbox 917 2511 1023 2537; x_wconf 86' lang='lat' dir='ltr'>nostris.</span> <span class='ocrx_word' id='word_1_1006' title='bbox 1064 2510 1134 2546; x_wconf 83' lang='lat' dir='ltr'>Ergo</span> <span class='ocrx_word' id='word_1_1007' title='bbox 1149 2511 1183 2536; x_wconf 83' lang='lat' dir='ltr'>itn</span> <span class='ocrx_word' id='word_1_1008' title='bbox 1199 2509 1304 2535; x_wconf 81' lang='lat' dir='ltr'>accidit.</span> <span class='ocrx_word' id='word_1_1009' title='bbox 1339 2509 1405 2535; x_wconf 82' lang='lat' dir='ltr'>Nam</span> <span class='ocrx_word' id='word_1_1010' title='bbox 1422 2507 1541 2534; x_wconf 81' lang='lat' dir='ltr'>Parthico</span> <span class='ocrx_word' id='word_1_1011' title='bbox 1557 2506 1627 2533; x_wconf 84' lang='lat' dir='ltr'>bello</span> <span class='ocrx_word' id='word_1_1012' title='bbox 1643 2515 1713 2532; x_wconf 92' lang='lat' dir='ltr'>nun-</span> 
     </span>
     <span class='ocr_line' id='line_1_135' title="bbox 916 2546 1712 2582; baseline -0.005 -9"><span class='ocrx_word' id='word_1_1013' title='bbox 916 2548 991 2578; x_wconf 85' lang='lat' dir='ltr'>tiato,</span> <span class='ocrx_word' id='word_1_1014' title='bbox 1016 2547 1132 2574; x_wconf 88' lang='lat' dir='ltr'>locorum</span> <span class='ocrx_word' id='word_1_1015' title='bbox 1147 2547 1310 2582; x_wconf 80' lang='lat' dir='ltr'>quibusdam</span> <span class='ocrx_word' id='word_1_1016' title='bbox 1330 2546 1463 2581; x_wconf 72' lang='lat' dir='ltr'>angustiis</span> <span class='ocrx_word' id='word_1_1017' title='bbox 1479 2550 1504 2571; x_wconf 82' lang='lat' dir='ltr'>et</span> <span class='ocrx_word' id='word_1_1018' title='bbox 1525 2549 1617 2571; x_wconf 81' lang='lat' dir='ltr'>natura</span> <span class='ocrx_word' id='word_1_1019' title='bbox 1635 2552 1712 2570; x_wconf 84' lang='lat' dir='ltr'>mon·</span> 
     </span>
     <span class='ocr_line' id='line_1_136' title="bbox 916 2581 1712 2616; baseline -0.006 -5"><span class='ocrx_word' id='word_1_1020' title='bbox 916 2586 982 2611; x_wconf 88' lang='lat' dir='ltr'>tium</span> <span class='ocrx_word' id='word_1_1021' title='bbox 995 2584 1086 2612; x_wconf 80' lang='lat' dir='ltr'>fretus.</span> <span class='ocrx_word' id='word_1_1022' title='bbox 1095 2585 1127 2611; x_wconf 86' lang='lat' dir='ltr'>ad</span> <span class='ocrx_word' id='word_1_1023' title='bbox 1134 2585 1266 2611; x_wconf 79' lang='lat' dir='ltr'>Amanum</span> <span class='ocrx_word' id='word_1_1024' title='bbox 1279 2584 1424 2610; x_wconf 84' lang='lat' dir='ltr'>exercitum</span> <span class='ocrx_word' id='word_1_1025' title='bbox 1436 2582 1545 2612; x_wconf 80' lang='lat' dir='ltr'>adduxi,</span> <span class='ocrx_word' id='word_1_1026' title='bbox 1554 2582 1618 2608; x_wconf 80' lang='lat' dir='ltr'>sutis</span> <span class='ocrx_word' id='word_1_1027' title='bbox 1630 2581 1712 2616; x_wconf 82' lang='lat' dir='ltr'>prohe</span> 
     </span>
     <span class='ocr_line' id='line_1_137' title="bbox 914 2617 1710 2657; baseline -0.008 -7"><span class='ocrx_word' id='word_1_1028' title='bbox 914 2627 1037 2650; x_wconf 79' lang='lat' dir='ltr'>ornatum</span> <span class='ocrx_word' id='word_1_1029' title='bbox 1053 2622 1176 2653; x_wconf 77' lang='lat' dir='ltr'>auxiliis.</span> <span class='ocrx_word' id='word_1_1030' title='bbox 1199 2627 1225 2649; x_wconf 86' lang='lat' dir='ltr'>et</span> <span class='ocrx_word' id='word_1_1031' title='bbox 1239 2621 1355 2657; x_wconf 77' lang='lat' dir='ltr'>quadam</span> <span class='ocrx_word' id='word_1_1032' title='bbox 1370 2621 1449 2648; x_wconf 79' lang='lat' dir='ltr'>etiam</span> <span class='ocrx_word' id='word_1_1033' title='bbox 1465 2620 1619 2647; x_wconf 78' lang='lat' dir='ltr'>auctoritate</span> <span class='ocrx_word' id='word_1_1034' title='bbox 1639 2617 1710 2654; x_wconf 79' lang='lat' dir='ltr'>apud</span> 
     </span>
    </p>
   </div>
   <div class='ocr_carea' id='block_1_18' title="bbox 1471 2670 1504 2695">
    <p class='ocr_par' dir='ltr' id='par_1_27' title="bbox 1471 2670 1504 2695">
     <span class='ocr_line' id='line_1_138' title="bbox 1471 2670 1504 2695; baseline -0.03 0"><span class='ocrx_word' id='word_1_1035' title='bbox 1471 2670 1504 2695; x_wconf 75' lang='grc'>85</span> 
     </span>
    </p>
   </div>
  </div>
 </body>
</html>
