1941 3052
346 136 678 163 EPISTOLARUM
706 136 761 163 AD
791 136 996 163 ATTICUM
1026 136 1108 163 LIB.
1138 136 1190 163 XI.
1221 136 1317 162 511³
1338 137 1419 163 -7.
1654 139 1702 164 903

58 217 150 235 meum
165 206 320 238 consilium,
338 216 476 243 negasque
488 207 556 234 mihi
567 207 717 242 quidquam
730 206 775 233 tali
788 211 856 233 tem·
877 230 878 233 ,
906 206 994 233 Audio
1014 207 1102 238 enim,
1125 215 1187 233 eum
1207 216 1237 233 ea
1257 212 1367 233 senatus
1391 206 1513 233 consulta
1534 207 1701 242 improbare,

57 254 120 281 pore
131 245 221 280 potius
235 244 390 271 faciendum
402 244 497 271 fuisse.
524 245 609 271 Addis
619 245 709 275 etiam,
722 244 804 279 (quod
816 249 856 270 et-
906 253 975 279 quae
989 250 1048 278 post
1067 244 1219 270 discessum
1241 245 1411 271 tribunorum
1426 244 1492 271 facta
1504 250 1576 272 sunt.
1617 245 1704 278 Quare

56 284 81 310 si
102 283 170 309 mihi
184 282 273 309 levius
288 287 336 313 est,
355 291 437 317 quam
448 287 525 308 tuum
538 282 680 312 iudicium,
702 286 790 307 tamen
802 290 854 307 non
876 281 878 311 l
906 283 1015 316 poterit,
1035 282 1058 308 si
1075 281 1146 308 volet
1161 282 1214 308 sibi
1229 287 1364 312 constare,
1385 287 1489 308 nostros
1508 282 1614 309 lictores
1630 291 1704 309 com-

57 325 98 347 est
113 320 193 355 leve,)
208 320 304 346 ceteris
314 328 432 355 quoque,
450 320 478 345 id
489 324 538 350 est,
551 320 598 354 qui
610 319 717 353 pondus
729 319 852 349 habeant,
876 315 878 325 ¹
906 319 1029 353 probare.
1070 321 1095 346 2.
1113 318 1283 354 Quamquam
1299 319 1366 354 quid
1379 328 1428 355 ego
1443 319 1477 345 de
1492 319 1642 351 lictoribus,
1655 322 1704 355 qui

57 357 157 384 factum
168 362 289 384 nostrum
301 357 418 392 probari.
441 357 469 382 Id
481 357 504 383 si
516 357 551 383 ita
563 362 693 391 putarem,
708 356 796 382 levius
807 355 856 382 do-
906 365 991 390 paene
1003 365 1036 382 ex
1047 356 1121 382 Italia
1132 356 1261 383 decedere
1272 358 1324 383 sim
1336 356 1446 383 iussus‘?
1468 358 1535 383 Nam
1547 357 1580 383 ad
1594 366 1637 384 me
1651 359 1703 384 mi-

57 394 150 421 lerem.
181 396 206 422 2.
218 394 312 425 Crede,
325 394 427 429 inquis,
442 394 520 420 mihi.
546 393 632 420 Credo
642 393 784 428 equidem:
807 393 854 419 sed
877 390 878 404 ³
906 394 942 419 sit
962 394 1094 420 Antonius
1110 394 1265 428 exemplum
1281 394 1402 421 Caesaris
1418 394 1451 420 ad
1463 403 1490 420 se
1503 394 1661 426 litterarum,
1676 397 1703 422 in

56 433 122 463 scio,
135 441 217 467 quam
229 432 323 466 cupias
335 432 423 458 minui
434 431 553 457 dolorem
565 439 667 457 meum.
698 431 740 456 Me
750 430 855 456 disces-
876 434 878 465 ζ
906 431 1008 465 quibus
1020 436 1087 461 erat,
1104 440 1133 457 se
1144 432 1295 462 audivisse,
1309 432 1435 458 Catonem
1446 437 1471 458 et
1482 432 1512 458 L.
1525 432 1663 458 Metellum
1675 433 1702 458 in

55 470 125 496 sisse
145 470 179 496 ab
196 470 292 500 armis,
310 477 460 504 numquam
474 469 616 503 poenituit.
657 469 739 494 Tanta
760 468 854 494 eratin
906 467 1008 494 Italiam
1021 469 1140 499 venisse,
1160 469 1257 495 Romae
1272 474 1300 495 ut
1311 474 1399 495 essent
1410 469 1512 504 palam,
1546 469 1574 495 id
1585 470 1638 496 sibi
1650 479 1703 496 non

56 506 111 534 illis
123 507 278 538 crudelitas,
301 511 372 533 tanta
388 515 451 532 cum
467 506 588 532 barbaris
602 505 730 541 gentibus
741 506 855 531 coniun-
905 505 1020 539 placere,
1046 514 1078 531 ne
1099 507 1146 540 qui
1168 511 1255 532 motus
1276 515 1309 532 ex
1324 515 1354 533 eo
1371 506 1476 539 fierent,
1508 507 1702 542 prohiberique

55 545 121 575 ctio,
144 549 175 571 ut
195 553 248 571 non
268 544 442 574 nominatim,
464 543 512 569 sed
530 544 678 579 generatim
694 543 854 577 proscriptio
905 551 999 568 omnes
1017 543 1104 573 Italia,
1122 544 1176 569 nisi
1187 552 1302 578 quorum
1315 544 1371 578 ipse
1382 553 1505 570 caussam
1516 545 1700 580 cognovisset:

55 586 127 608 esset
141 581 295 614 informata3
319 586 349 608 ut
364 582 417 607 iam
427 581 550 607 omnium
562 580 664 606 iudicio
677 580 854 605 constitutum
905 579 993 614 deque
1016 589 1047 606 eo
1061 580 1248 607 vehementius
1269 587 1324 607 erat
1334 582 1475 616 scriptum.
1516 582 1606 616 Itaque
1620 582 1703 608 Anto-

55 624 135 650 esset‚
156 620 280 645 omnium
295 623 415 645 vestrum
431 618 501 644 bona
512 618 639 652 praedam
651 625 710 643 esse
722 617 797 642 illius
810 617 854 642 vi-
905 618 968 643 nius
988 617 1095 652 petebat
1115 626 1128 644 a
1149 626 1191 643 me
1207 626 1254 652 per
1270 618 1382 649 litteras,
1404 624 1433 645 ut
1449 619 1502 645 sibi
1518 619 1699 654 ignoscerem:

54 657 167 689 ctoriae;
200 659 329 687 vestram,
343 655 422 690 plane
433 655 508 681 dico:
536 663 686 689 numquam
698 654 770 679 enim
782 653 815 679 de
829 658 853 679 te
882 658 884 663 '
906 653 991 680 facere
1012 663 1040 680 se
1057 663 1109 680 non
1125 664 1218 689 posse,
1236 657 1302 690 quin
1320 656 1353 681 iis
1370 656 1464 682 litteris
1479 661 1592 691 pareret.
1633 657 1702 682 Tum

54 694 124 729 ipso,
138 694 192 720 nisi
203 693 400 723 crudelissime,
414 694 560 728 cogitatum
572 697 621 718 est.
657 690 745 723 Quare
757 690 854 717 volun-
875 705 877 708 ·
905 691 938 717 ad
959 700 1021 717 eum
1046 692 1109 718 misi
1130 693 1159 718 L.
1182 693 1316 723 Lamiam,
1338 694 1385 728 qui
1405 693 1600 720 demonstraret
1624 693 1702 719 illum

55 732 118 758 tatis
138 739 181 757 me
196 740 271 757 meae
287 739 437 765 numquam
452 729 613 764 poenitebit:
636 728 742 754 consilii
759 728 854 762 poeni·
875 744 883 752 η
904 728 1055 754 Dolabellae
1076 729 1192 760 dixisse,
1216 734 1246 756 ut
1256 730 1289 755 ad
1301 739 1342 756 me
1355 730 1496 761 scriberet,
1521 735 1549 757 ut
1560 731 1587 756 in
1599 730 1701 757 Italiam

55 772 102 795 tet.
141 769 171 795 In
190 768 291 804 oppido
306 767 397 802 aliquo
413 767 521 793 mallem
540 766 688 796 resedisse,
710 765 799 800 quoad
811 774 854 791 ar-
904 774 985 800 quam
993 766 1112 800 primum
1124 767 1258 799 venirem,
1276 767 1486 794 eiusmelitteris
1494 769 1610 794 venisse.
1633 769 1702 794 Tum

53 814 184 832 cessei-er.
224 806 314 832 Minus
334 805 466 831 sermonis
481 803 643 830 subiissem:
670 803 762 828 minus
777 811 854 828 acce·
905 803 950 828 ille
969 803 1055 829 edixit
1071 804 1120 834 ita,
1138 809 1168 830 ut
1186 813 1228 830 me
1240 805 1390 839 exciperet,
1408 810 1433 831 et
1444 804 1566 831 Laelium
1578 806 1702 831 nomina-

53 844 157 878 pissem
178 842 292 869 doloris:
315 843 406 876 ipsum
422 842 472 867 hoc
487 850 530 867 me
544 849 597 866 non
607 845 726 876 angeret.
766 840 854 866 Brun-
904 841 962 866 tim.
1002 840 1079 872 Quod
1095 850 1158 867 sane
1174 841 1283 868 nollem.
1324 842 1427 868 Poterat
1437 843 1510 868 enim
1522 843 1580 868 sine
1594 844 1702 868 nomine

53 881 119 907 disii
138 881 232 911 iacere,
246 880 274 906 in
287 888 381 906 omnes
394 884 483 913 partes
493 883 533 904 est
544 878 698 904 molestum.
738 877 852 912 Propius
874 896 876 907 Α
904 886 946 903 res
967 878 1026 912 ipsa
1047 879 1147 912 excipi.
1188 881 1212 905 3.
1227 879 1249 905 O
1264 878 1362 905 multas
1377 885 1402 905 et
1415 888 1511 914 graves
1525 879 1699 905 offensiones!

54 917 194 949 accedere,
217 921 246 943 ut
256 916 368 947 suades,
382 925 436 951 quo
451 915 530 942 modo
541 916 599 941 sine
612 914 765 945 lictoribus,
784 923 852 949 quos
904 923 972 950 quas
983 915 1108 950 quidem,
1126 920 1153 942 tu
1170 915 1218 942 das
1228 925 1350 950 operam,
1373 922 1402 942 ut
1413 917 1507 943 lenias.
1548 917 1602 942 Nec
1614 921 1701 943 tamen

53 955 172 990 populus
182 954 265 986 dedit,
279 953 409 989 possum‘?
422 954 470 988 qui
482 953 551 979 mihi
562 952 692 979 incolumi
703 952 787 978 adimi
800 961 852 978 non
904 952 973 978 nihil
993 952 1115 987 proficis:
1138 954 1205 988 quin
1222 954 1271 980 hoc
1284 955 1341 988 ipso
1356 955 1458 980 minuis
1469 954 1587 980 dolorem
1599 963 1700 985 meum,

52 996 176 1028 possunt.
225 991 298 1024 Quos
314 1000 363 1027 ego
377 999 449 1017 nunc
464 990 614 1025 paullisper
628 998 690 1015 cum
706 989 813 1015 bacillis
825 990 851 1015 in
904 989 990 1024 quod,
1003 995 1033 1016 ut
1044 991 1165 1021 minuas,
1179 995 1232 1017 tam
1244 991 1322 1017 valde
1337 991 1454 1023 laboras:
1481 991 1563 1026 idque
1575 991 1657 1018 velim
1669 1000 1702 1018 ne

53 1030 161 1057 turbam
175 1029 278 1055 conieci
293 1029 327 1055 ad
340 1028 472 1064 oppidum
488 1027 628 1058 accedens,
646 1036 678 1053 ne
690 1028 752 1062 quis
765 1028 853 1061 impe-
903 1036 1015 1062 gravere
1026 1036 1109 1062 quam
1119 1029 1279 1062 saepissime
1290 1028 1387 1056 facere.
1428 1030 1544 1055 Maxime
1556 1034 1645 1055 autem
1659 1038 1703 1055 as-

53 1072 97 1094 tus
118 1066 236 1093 militum
257 1066 341 1093 fieret.
381 1066 495 1100 Reliquo
515 1070 634 1100 tempore
649 1073 692 1090 me
708 1064 788 1091 domo
803 1079 850 1090 —.
903 1074 1026 1099 sequere,
1040 1066 1113 1100 quod
1125 1066 1176 1097 vis,
1192 1067 1216 1092 si
1228 1075 1270 1092 me
1282 1066 1438 1097 adduxeris,
1452 1067 1702 1097 utexistimem,me

53 1107 78 1131 3.
94 1105 130 1131 Te
140 1113 212 1131 nunc
223 1103 257 1130 ad
268 1103 387 1139 Oppium
398 1108 424 1130 et
434 1103 548 1130 Balbum
559 1112 609 1129 —:
626 1103 660 1128 iis
672 1101 788 1137 placeret
794 1110 852 1128 mo·
881 1115 882 1124 ι
904 1102 1035 1129 bonorum
1051 1103 1184 1129 iudicium
1201 1112 1253 1130 non
1265 1103 1388 1130 funditus
1399 1104 1561 1139 perdidisse.
1602 1104 1703 1136 Quam-

53 1142 87 1168 do
97 1142 210 1177 propius
221 1141 357 1171 accedere,
370 1145 400 1167 ut
414 1141 463 1167 hac
474 1140 507 1166 de
519 1149 547 1166 re
558 1140 770 1166 considerarem:
793 1148 852 1165 ere-
903 1149 985 1174 quam
1006 1141 1074 1175 quid
1095 1146 1123 1167 tu
1140 1141 1167 1167 in
1184 1150 1214 1167 ea
1229 1141 1322 1175 potes‘.>
1356 1142 1429 1168 Nihil
1441 1141 1555 1168 scilicet.
1596 1142 1661 1172 Sed,
1679 1142 1702 1167 si

53 1179 101 1210 do,
124 1179 179 1205 fore
199 1184 334 1208 auctores:
361 1179 401 1205 sic
421 1179 494 1204 enim
505 1178 649 1212 recipiunt.
670 1177 777 1204 Caesari
798 1185 851 1203 non
904 1178 972 1212 quid
989 1186 1031 1203 res
1047 1178 1123 1204 dabit
1139 1178 1188 1204 tibi
1208 1178 1356 1210 facultatis,
1371 1179 1399 1205 id
1415 1188 1457 1205 me
1473 1180 1591 1205 maxime
1607 1188 1703 1206 conso-

53 1216 132 1243 modo
152 1216 185 1243 de
209 1215 406 1247 conservanda,
429 1215 477 1242 sed
496 1216 577 1242 etiam
599 1215 632 1241 de
652 1215 775 1250 augenda
792 1223 851 1240 mea
873 1232 875 1248 s
903 1215 952 1241 lari
963 1217 1072 1250 poterit:
1104 1216 1177 1250 quod
1189 1225 1259 1243 nunc
1271 1217 1381 1251 quidem
1393 1217 1473 1243 video
1486 1226 1539 1243 non
1549 1225 1622 1247 esse;
1654 1216 1702 1243 sed

53 1254 184 1289 dignitate
208 1262 288 1280 curae
308 1253 377 1280 sore:
410 1261 507 1288 meque
528 1253 680 1283 hortantur,
703 1257 732 1278 ut
753 1260 851 1287 magno
903 1253 926 1278 si
942 1252 1023 1287 quid,
1047 1262 1081 1280 ex
1096 1254 1213 1286 eventis,
1246 1259 1275 1280 ut
1290 1254 1340 1280 hoc
1356 1263 1427 1280 nunc
1442 1254 1549 1280 accidit.
1590 1254 1703 1280 Dicebar

53 1292 143 1318 animo
154 1292 220 1324 sim;
253 1296 283 1318 ut
297 1292 388 1317 omnia
398 1299 505 1317 summa
516 1299 636 1325 sperem:
665 1298 694 1315 ea
706 1290 849 1324 spondent,
903 1290 1031 1317 debuisse
1047 1299 1109 1316 cum
1124 1291 1251 1326 Pompeio
1266 1292 1410 1326 profisisci.
1451 1292 1547 1318 Exitus
1564 1291 1638 1318 illius
1650 1293 1703 1317 mi-

52 1329 224 1359 confirmant,
247 1337 317 1363 quae
337 1328 450 1363 quidem
470 1328 538 1354 mihi
556 1327 734 1362 exploratiora
750 1332 848 1358 essent,
904 1328 963 1354 nuit
982 1329 1041 1354 eius
1059 1328 1142 1354 officii
1162 1329 1345 1363 praetermissi
1361 1329 1608 1364 reprehensionem.
1648 1328 1702 1355 Sed

53 1367 77 1393 si
89 1366 290 1392 remansissem.
331 1365 384 1392 Sed
396 1366 488 1401 ingero
499 1366 651 1400 praeterita.
679 1365 754 1395 Vide,
767 1373 852 1400 quae-
903 1374 937 1391 ex
959 1366 1088 1391 omnibus
1107 1366 1175 1392 nibil
1197 1367 1284 1401 magis
1306 1372 1394 1393 tamen
1415 1366 1596 1397 desideratur,
1619 1375 1702 1401 quam

53 1412 91 1435 so,
115 1404 199 1439 igitur
214 1411 253 1434 ea,
271 1411 340 1438 quae
352 1408 460 1434 restant,
486 1408 511 1429 et
522 1402 632 1437 explora
644 1410 706 1428 cum
717 1403 790 1435 istis,
814 1407 848 1433 et,
903 1403 975 1437 quod
998 1404 1025 1429 in
1042 1403 1158 1429 Africam
1176 1412 1227 1430 non
1244 1404 1331 1430 ierim.
1372 1404 1475 1430 Iudicio
1487 1404 1536 1430 hoc
1550 1412 1611 1429 sum
1623 1412 1699 1434 usus,

52 1441 77 1467 si
97 1441 206 1475 putabis
220 1449 289 1475 opus
305 1449 379 1471 esse,
403 1445 429 1467 et
444 1441 468 1466 si
479 1441 539 1466 istis
554 1440 684 1474 placebit.
698 1449 752 1475 quo
764 1441 850 1476 magis
903 1449 955 1466 non
976 1449 1034 1466 esse
1055 1441 1176 1467 barbaris
1191 1441 1302 1467 auxiliis
1319 1441 1508 1467 fallacissimae
1526 1442 1614 1477 gentis
1631 1450 1702 1467 rem-

52 1478 153 1504 factum
167 1483 288 1504 nostrum
303 1478 400 1504 Caesar
410 1478 513 1512 probet,
530 1478 609 1512 quasi
621 1477 654 1503 de
665 1486 776 1504 suorum
788 1486 852 1504 sen-
873 1487 874 1512 ἦ
903 1478 1042 1512 publicani
1063 1478 1275 1509 defendendam,
1308 1480 1465 1514 praesertim
1486 1483 1576 1505 contra
1597 1479 1702 1504 exerci-

52 1516 134 1542 tentia
150 1515 264 1546 factum,
283 1515 463 1541 adhibeantur
474 1515 638 1546 Trebonius,
652 1515 750 1546 Pansa,
767 1515 850 1550 siqui
873 1541 874 1546 ,
905 1520 961 1541 tuni
974 1524 1053 1550 saepe
1066 1516 1205 1542 victorem.
1246 1517 1303 1542 Non
1316 1517 1428 1551 probant
1441 1516 1562 1542 sortasse.
1603 1515 1701 1542 Multos

53 1553 112 1585 alii,
146 1553 320 1587 scribamque
335 1553 368 1579 ad
380 1553 535 1584 Caesarem,
558 1561 614 1582 me,
632 1552 768 1587 quidquid
780 1552 851 1579 sece-
903 1554 976 1579 enim
998 1554 1070 1579 viros
1091 1553 1175 1579 bonos
1192 1554 1218 1579 in
1235 1553 1352 1580 Africam
1370 1554 1477 1580 venisse
1493 1553 1587 1584 audio,
1605 1558 1631 1579 et
1646 1554 1702 1579 scio

52 1591 114 1621 rim,
127 1589 161 1616 de
175 1599 223 1616 sua
237 1590 369 1616 sententia
383 1589 489 1616 fecisse.
531 1591 554 1616 4.
577 1589 681 1616 Tulliae
693 1599 767 1616 meae
779 1599 852 1616 mor·
903 1590 987 1616 fuisse
1011 1595 1098 1617 antea.
1139 1590 1223 1617 Valde
1245 1591 1294 1617 boc
1315 1591 1371 1617 loco
1392 1600 1501 1626 urgeor,
1529 1591 1573 1617 hic
1592 1599 1701 1625 quoque

52 1627 104 1654 bus
125 1632 151 1654 et
165 1627 338 1653 imbecillitas
355 1628 474 1662 corporis
486 1636 529 1653 me
540 1628 688 1657 exanimat,
706 1636 788 1662 quam
801 1627 851 1654 tibi
902 1637 970 1663 opus
982 1633 1022 1654 est
1032 1637 1110 1654 casu:
1129 1627 1214 1663 aliqui
1225 1629 1279 1655 sint
1290 1637 1324 1655 ex
1336 1629 1378 1659 iis,
1391 1634 1445 1659 aut,
1459 1629 1482 1654 si
1494 1633 1698 1663 potest,omnes,

51 1664 174 1700 intelligo
196 1673 308 1700 magnae
323 1673 403 1691 curae
419 1674 491 1697 esse;
514 1665 586 1699 quod
598 1669 638 1691 est
649 1665 852 1701 mihigratissi-
903 1666 951 1700 qui
962 1665 1076 1692 salutem
1097 1670 1267 1700 anteponant.
1308 1667 1375 1692 Nam
1390 1667 1412 1692 si
1431 1671 1602 1700 perseverant
1617 1665 1702 1692 etob-

51 1711 138 1729 mum.
182 1704 207 1729 5.
229 1703 264 1728 De
276 1703 396 1737 Pompeii
408 1703 482 1729 exitu
493 1702 562 1728 mihi
573 1702 688 1728 dubium
700 1711 850 1738 numquam
873 1699 874 1706 ¹
903 1704 1000 1736 tinent,
1040 1703 1107 1738 quid
1123 1704 1200 1729 nobis
1212 1703 1332 1730 futurum
1344 1704 1392 1734 sit,
1406 1703 1492 1729 vides.
1534 1703 1619 1733 Dices,
1633 1702 1700 1737 quid

51 1739 112 1766 fuit.
162 1740 244 1766 Tanta
270 1740 343 1766 enim
365 1739 518 1775 desperatio
536 1748 626 1766 rerum
647 1741 707 1766 eius
727 1741 850 1767 omnium
904 1741 971 1772 illis,
995 1741 1018 1767 si
1040 1740 1212 1767 victierunt‘?
1242 1741 1382 1767 Honestior
1396 1746 1435 1767 est
1448 1740 1536 1776 plaga.
1577 1741 1645 1766 llaec
1658 1749 1700 1766 me

51 1785 145 1813 regum
166 1781 191 1804 et
205 1777 367 1812 populorum
382 1779 486 1804 animos
501 1782 652 1812 occuparat,
666 1783 704 1807 ut,
718 1787 851 1813 quocum-
902 1779 1067 1805 excruciant.
1109 1779 1132 1804 4.
1148 1778 1262 1813 Sulpicii
1282 1783 1371 1804 autem
1382 1778 1536 1808 consilium,
1559 1786 1611 1804 non
1634 1778 1702 1803 scri-

51 1823 104 1849 que
124 1815 257 1846 venisset,
281 1815 330 1841 boc
351 1820 473 1849 putarem
490 1815 622 1842 futurum.
664 1816 721 1841 Non
738 1824 850 1850 possum
903 1817 991 1850 psisti,
1009 1825 1057 1842 cur
1072 1824 1131 1842 meo
1146 1825 1198 1842 non
1215 1821 1404 1850 anteponeres:
1428 1815 1500 1851 quod
1515 1816 1564 1841 etsi
1581 1824 1632 1841 ιιοιι
1647 1820 1700 1841 tam

51 1852 111 1878 eius
131 1860 225 1878 casum
245 1860 299 1878 non
317 1852 420 1885 dolere;
449 1853 586 1879 hominem
608 1853 681 1879 enim
702 1854 847 1889 integrum,
902 1853 1050 1889 gloriosum
1063 1859 1111 1884 est,
1125 1862 1207 1888 quam
1219 1854 1336 1883 Catonis,
1351 1859 1438 1880 tamen
1450 1858 1474 1879 ct
1486 1853 1606 1887 periculo
1618 1861 1702 1878 vacu-

51 1893 77 1915 et
93 1894 197 1915 castum
209 1894 234 1915 et
244 1897 354 1925 gravem
365 1890 490 1925 cognovi.
522 1892 547 1916 6.
569 1890 604 1915 De
617 1891 718 1917 Fannio
729 1891 851 1917 consoler
903 1900 948 1917 um
960 1896 1000 1918 est
1014 1896 1039 1917 ct
1049 1891 1150 1917 dolore.
1172 1891 1329 1917 Extremum
1342 1896 1382 1917 cst
1392 1899 1494 1919 eorum,
1508 1891 1555 1925 qui
1568 1890 1700 1916 inm-haia

52 1925 95 1953 te‘?
118 1927 270 1952 Perniciosa
289 1926 448 1961 loquebatur
461 1927 494 1953 de
506 1928 645 1953 mansione
657 1932 711 1954 tua.
743 1929 773 1954 L.
787 1937 850 1955 vero
902 1934 975 1955 sunt.
1017 1929 1036 1955 li
1061 1934 1149 1955 tamen
1175 1929 1227 1963 ipsi
1248 1937 1277 1954 se
1299 1928 1348 1955 hoc
1372 1928 1470 1954 melius
1488 1928 1600 1958 babent,
1618 1936 1700 1962 quam

50 1963 182 1990 Lentulus
203 1964 336 1990 Hortensii
360 1963 471 1990 domum
492 1964 559 1995 sibi,
581 1969 606 1990 ct
621 1964 743 1991 Caesaris
760 1966 850 1992 hortos
903 1975 964 1997 nos,
982 1966 1055 2001 quod
1066 1966 1180 1992 etmulti
1192 1971 1255 1992 sunt
1269 1975 1322 1992 uuo
1335 1967 1361 1992 in
1374 1966 1443 1995 loco,
1467 1970 1501 1996 et,
1514 1973 1599 2000 quum
1612 1965 1637 1990 in
1651 1966 1701 1991 lta-

50 2006 76 2028 ct
94 2001 171 2027 Baias
193 2000 381 2035 desponderat.
431 2001 547 2027 Omnino
568 2001 632 2027 baec
655 2002 750 2028 eodem
771 2003 850 2029 modo
903 2003 966 2029 liam
981 2004 1113 2034 venerint,
1127 2003 1237 2030 domum
1250 2004 1339 2029 statim
1352 2003 1484 2029 venerint.
1517 2003 1586 2028 llaec
1599 2007 1626 2028 tu
1639 2011 1701 2037 per-

50 2047 84 2065 ex
105 2038 154 2064 hac
175 2042 248 2073 parte
271 2038 350 2064 liunt:
387 2039 440 2064 nisi
456 2038 529 2073 quod
547 2038 615 2065 illud
631 2044 687 2065 crat
701 2040 848 2066 inlinitum.
901 2050 950 2076 ge,
969 2046 998 2067 ut
1009 2040 1089 2071 sacis,
1104 2042 1227 2076 mitigare
1243 2046 1268 2067 et
1280 2041 1392 2075 probare
1403 2039 1633 2075 quamplurimis.
1674 2042 1698 2065 5.

49 2075 150 2103 Omnes
171 2076 256 2106 enim,
273 2076 321 2110 qui
338 2075 366 2101 in
383 2075 455 2102 ltalia
473 2081 638 2107 manserant,
662 2076 781 2103 hostium
798 2086 850 2104 nu-
902 2078 980 2110 Quod
993 2083 1016 2104 te
1028 2087 1157 2104 excusas:
1190 2086 1240 2113 ego
1253 2086 1316 2104 vero
1327 2083 1352 2104 ct
1364 2083 1423 2104 tuas
1435 2086 1545 2103 caussas
1560 2086 1653 2106 nosco,
1675 2082 1700 2102 et

49 2121 123 2140 mero
145 2112 324 2139 habebantur.
365 2112 418 2139 Sed
434 2113 516 2139 velim
533 2113 598 2139 baec
614 2113 759 2148 aliquando
775 2114 850 2141 solu-
879 2135 880 2151 ,
901 2124 960 2141 mea
973 2116 1101 2142 interesse
1113 2120 1191 2150 puto,
1215 2121 1239 2141 te
1252 2116 1311 2141 istic
1323 2123 1396 2145 esse,
1411 2114 1452 2140 vel
1464 2120 1492 2141 ut
1503 2123 1565 2140 cum
1578 2115 1625 2144 iis,
1638 2115 1700 2148 qui-

50 2151 116 2177 tiore
136 2151 236 2176 animo.
276 2151 301 2176 7.
326 2150 458 2182 Quintum
480 2150 586 2176 fratrem
603 2150 683 2177 audio
699 2151 848 2186 profectum
878 2156 880 2175 ι’
902 2153 952 2179 bus
967 2153 1113 2187 oportebit,
1131 2161 1209 2188 agas,
1227 2161 1295 2187 quac
1307 2157 1385 2178 erunt
1399 2152 1501 2187 agenda
1513 2151 1546 2177 de
1559 2151 1650 2180 nobis,
1673 2156 1699 2177 ιιι

50 2188 77 2214 in
89 2188 190 2219 Asiam,
205 2192 234 2214 ut
247 2187 445 2222 deprecaretur.
472 2188 508 2214 De
519 2187 574 2214 lilio
587 2188 654 2214 nihil
667 2189 770 2215 audivi.
796 2189 849 2215 Sed
900 2199 939 2220 ea,
962 2198 1031 2224 quac
1046 2190 1140 2224 egisti,
1166 2190 1193 2215 in
1209 2190 1360 2224 primisque
1372 2189 1421 2215 boc.
1436 2189 1517 2215 velim
1529 2188 1701 2215 animadver-

49 2233 149 2260 quaere
169 2234 203 2252 ex
218 2225 360 2256 Diochare,
374 2225 496 2251 Caesaris
513 2225 621 2256 liberto,
638 2234 719 2260 quem
735 2235 784 2261 ego
796 2235 848 2253 non
901 2233 953 2254 tas:
987 2226 1086 2253 multos
1107 2235 1166 2252 csse
1181 2227 1308 2256 arbitror,
1327 2227 1374 2261 qui
1390 2226 1424 2252 ad
1439 2227 1579 2252 Caesarem
1595 2225 1700 2251 ‹lctulc-

51 2262 118 2294 vidi,
140 2263 189 2298 qui
205 2263 270 2289 istas
281 2262 477 2288 Alexandrinas
490 2262 590 2289 litteras
602 2263 698 2290 attulit.
741 2265 764 2290 ls
779 2264 848 2290 dici-
901 2266 953 2291 rint
973 2264 1124 2290 delaturive
1145 2264 1213 2294 sint,
1237 2272 1278 2289 mc
1299 2269 1344 2290 aut
1359 2264 1495 2298 poenitere
1511 2263 1617 2289 consilii
1635 2263 1696 2290 mci.

51 2303 96 2326 tur
114 2299 236 2326 vidisse?
263 2299 390 2326 euntem‘?
422 2308 454 2326 an
467 2300 520 2326 iam
533 2300 559 2326 in
572 2299 653 2326 Asia?
693 2301 764 2327 Tuas
777 2301 847 2328 litte·
901 2307 945 2328 aut
960 2310 1011 2327 non
1027 2301 1153 2336 probare,
1170 2310 1239 2335 quac
1253 2301 1329 2326 liant:
1362 2309 1478 2334 quorum
1491 2301 1541 2326 etsi
1555 2306 1699 2334 utrumque

51 2345 108 2368 ¹¹⁸8,
128 2342 209 2372 prout
227 2345 269 2364 res
285 2337 415 2372 postulat,
433 2342 572 2372 exspecto:
597 2346 665 2372 quas
677 2338 758 2364 velim
769 2347 847 2365 cures
878 2365 879 2369 ,
902 2348 995 2365 verum
1012 2344 1066 2369 est;
1089 2343 1178 2364 tamen
1190 2338 1224 2364 ab
1236 2338 1290 2364 illis
1302 2338 1402 2363 dicitur
1413 2339 1503 2363 animo
1518 2347 1531 2363 ιι
1544 2347 1585 2363 me
1597 2337 1699 2363 alicun-

51 2382 134 2409 quam
144 2375 264 2410 primum
275 2374 308 2401 ad
320 2383 362 2401 mo
374 2374 556 2410 perferendas.
599 2383 634 2401 iv.
648 2375 706 2401 Kal.
720 2376 846 2402 Decemb.
870 2385 879 2412 χ
901 2382 939 2407 to,
957 2385 1008 2402 non
1024 2385 1078 2410 quo
1091 2376 1124 2401 ita
1138 2376 1333 2410 perspexerint.
1375 2375 1427 2400 Sed
1439 2380 1522 2400 totum
1538 2380 1565 2400 ιιι
1579 2375 1627 2400 hoc
1640 2374 1699 2400 Bal-

359 2426 384 2429 -
397 2425 565 2429 --------—-
878 2428 879 2448 g
901 2414 952 2439 bns
973 2414 1103 2439 sustinent
1118 2418 1142 2438 ct
1157 2414 1271 2447 Oppius.
1288 2418 1311 2438 ct
1327 2421 1419 2437 corum
1438 2412 1540 2437 crebris
1557 2411 1650 2437 litteris
1667 2411 1699 2437 il-

104 2443 154 2465 m·
177 2446 289 2468 (⁸¹³⁰d3’53·
300 2446 377 2464 cmm
388 2447 410 2463 ¹¹·
422 2447 474 2463 ⁵⁸¹⁸*
488 2447 624 2463 ¹¹⁴¹¹¹¹¹'‘⁴'‘“¹³'
637 2447 690 2467 ⁷⁰⁶³
870 2449 879 2498 li
901 2451 954 2477 lius
975 2450 1099 2476 voluntas
1120 2459 1181 2485 erga
1205 2459 1245 2475 mc
1266 2450 1451 2476 confirmetur.
1470 2454 1495 2474 et
1512 2449 1560 2475 boc
1576 2448 1654 2483 plane
1671 2454 1698 2474 ut

233 2488 252 2516 C
265 2488 271 2515 l
283 2489 302 2516 C
312 2490 332 2516 E
347 2490 364 2516 R
377 2489 399 2516 Ο
432 2490 452 2516 Α
465 2489 485 2515 Τ
496 2489 517 2515 Τ
528 2490 537 2515 l
548 2489 566 2515 C
578 2489 600 2515 Ο
630 2488 658 2516 S.
870 2489 871 2497 ¹
901 2488 958 2519 siat,
977 2487 1147 2523 diligentiam
1166 2487 1321 2514 adhibebis.
1362 2489 1386 2512 ὅ.
1408 2486 1527 2512 Alterum
1544 2492 1596 2516 cst,
1615 2494 1662 2512 cur
1675 2491 1701 2512 tc.

108 2526 132 2551 4.
153 2524 249 2552 Gratae
260 2531 321 2553 tuae
333 2527 400 2553 mihi
414 2526 515 2553 litterae
527 2531 598 2557 sunt,
612 2526 714 2561 quibus
725 2532 847 2553 accurato
870 2506 879 2562 ll,
900 2525 983 2551 nolim
1005 2524 1158 2557 discedere:
1189 2524 1262 2559 quod
1278 2524 1375 2549 scribis
1393 2523 1529 2557 ὙμιΙΙιιιιιι)
1540 2522 1696 2552 ι·ΠΙιιε.ιιιιιη-.

50 2562 233 2597 perscripsisti
248 2565 352 2595 omnia,
369 2573 439 2600 quae
455 2563 488 2589 ad
506 2572 547 2589 me
560 2565 691 2598 pertinere
703 2564 847 2590 arbitratus
870 2561 879 2597 i}
900 2569 988 2589 orem
1003 2563 1142 2588 miserum!
1160 2562 1227 2597 quid
1239 2561 1374 2587 scrihmn?
1393 2561 1510 2595 nmquid
1519 2551 1620 2587 velim-³?
1635 2561 1697 2586 Bre-

50 2606 90 2625 es.
131 2599 241 2626 Factum
255 2601 351 2636 igitur,
369 2606 399 2628 ut
411 2601 523 2632 scribis,
540 2601 599 2627 istis
613 2601 731 2635 placere,
750 2601 847 2627 iisdem
869 2581 879 2640 ly
899 2609 931 2626 vc
953 2600 1058 2626 faciam.
1100 2600 1237 2626 Lacrimae
1258 2600 1330 2625 enim
1352 2607 1380 2624 se
1401 2598 1491 2624 subito
1508 2597 1694 2633 profuderunt.

51 2636 110 2662 istis
131 2635 270 2664 lictoribus
289 2647 331 2665 me
352 2639 405 2670 uti,
427 2638 500 2674 quod
519 2647 678 2664 concessum
695 2638 786 2664 Sextio
801 2639 845 2667 sit,
870 2636 878 2657 3¹
898 2637 959 2663 Tibi
972 2637 1108 2672 permitto:
1132 2636 1290 2663 tuconsulc.
1313 2636 1427 2662 Tantum
1441 2635 1510 2665 vide,
1525 2644 1557 2662 ne
1569 2635 1617 2662 hoc
1630 2641 1697 2662 tem—

51 2673 95 2700 cui
113 2682 166 2700 non
181 2679 246 2709 puto
261 2684 324 2702 suos
335 2684 394 2703 esse
405 2684 560 2706 concessos,
579 2675 631 2702 sed
642 2675 676 2702 ab
689 2675 747 2711 ipso
760 2675 845 2702 datos.
899 2675 971 2710 poris
983 2674 1032 2701 tibi
1043 2674 1138 2701 obesse
1149 2674 1254 2709 aliquid
1266 2674 1359 2708 possit.
1401 2674 1519 2709 ignosce,
1535 2673 1646 2700 obsecro
1657 2678 1694 2700 te:
