1941 3052
235 98 284 123 702
811 99 853 123 7¹⁸».
887 98 921 123 M.
955 97 985 123 Τ.
1017 98 1060 124 Ct

290 165 319 185 {V
348 166 362 186 ,ἱ
373 166 414 185 'Ur‘
442 165 578 191 'ftumin-tum
591 165 685 185 auant·
701 165 837 186 naut-ntem
853 165 939 186 nul-tur
953 169 974 186 et
991 173 1031 186 ιιι·
1058 168 1061 206 ff

620 202 706 222 (numu,
717 202 795 218 (henra-
805 202 837 219 tv.
848 208 884 219 nn.
896 208 910 219 ι.
922 203 965 220 ‹mil-
977 204 1031 223 7⁰⁹)

236 209 258 218 -ι-
269 207 310 227 upa
321 200 443 220 attur-mun
455 200 571 226 promittit.

371 244 406 270 M.
428 245 458 270 τ.
480 243 510 270 c.
532 244 560 270 s
583 244 612 270 n.
635 244 666 270 Λ.
688 243 910 275 τοηουΛτο.
1058 226 1061 279 l

294 287 315 312 1.
339 280 422 315 Novi,
444 284 516 319 quod
532 284 564 310 ud
580 289 603 310 tt·
615 284 770 316 scriberem,
785 285 852 312 niliil
863 291 932 312 erat.-
955 291 981 313 et
992 292 1030 314 ta-
1051 282 1059 312 'l

236 331 295 348 mvn
308 323 330 347 si
342 322 408 356 quid
420 327 498 351 esset,
511 321 628 347 sciebam
642 326 689 348 tea
703 323 755 348 tuis
766 323 904 348 certiorem
918 323 974 350 lieri
986 333 1030 350 so-

237 359 298 384 lere.
340 359 374 384 nn
387 358 484 384 futuris
496 363 584 384 autem
598 358 678 384 rebus
689 359 737 385 etsi
750 368 856 394 semper
867 359 978 387 ‹listicite
989 366 1029 388 est

233 395 332 426 ‹lit-ere,
355 400 441 421 tamon
455 395 588 421 interilum
601 396 750 422 coniectura
762 397 850 431 possis
862 398 972 432 propius
984 407 1028 423 ac-

233 432 336 463 cedere,
345 441 430 467 quum
442 437 482 458 est
493 441 534 458 res
545 433 688 462 eiusmodi,
701 434 779 459 cuius
791 434 880 460 exitus
891 434 1027 468 provideri

234 470 326 504 possit.
369 470 444 495 Nunc
465 474 566 495 tantum
585 470 708 496 videmur
723 470 882 506 intelligere,
900 480 951 498 non
966 472 1028 498 diu-

233 511 341 532 turnum
355 506 456 532 bellum
472 506 558 533 l'ore':
582 508 632 533 etsi
645 507 670 533 id
685 508 773 542 ipsum
787 508 924 534 nonnullis
936 509 1028 535 viden-

234 548 275 569 tur
295 552 384 569 secus.
425 543 557 578 Equidem
574 553 658 579 quum
675 544 738 570 haec
750 545 910 575 scribebam,
923 545 1027 581 aliquid

234 581 285 605 iam
303 585 391 606 aetum
408 581 549 615 putabam:
572 590 623 607 non
639 581 712 616 quo‘?
724 582 818 608 —sed
832 582 935 617 quid“.>
954 583 1028 609 ditss-
1048 598 1050 614 l

233 617 293 643 cilis
314 622 369 643 crat
388 618 550 644 coniectura.
592 619 657 644 Nam
673 627 757 653 quum
776 620 864 645 omnis
879 619 943 646 belli
958 621 1026 647 Mars
1048 647 1049 655 ,

231 655 392 684 communis.
409 659 435 681 et
445 663 530 689 quum
542 664 649 690 semper
660 656 752 682 incerti
764 657 852 683 exitus
864 656 1026 692 praeliorum
1048 666 1049 694 1

231 692 298 718 sint:
332 696 388 718 tum
406 691 454 717 hoc
470 697 588 727 tempore
605 694 639 718 ita
652 701 763 728 magnae
775 694 911 729 utrimque
922 695 1024 729 copiae.
1048 709 1049 724 t

231 729 267 754 ita
288 733 392 763 paratae
408 728 440 754 ad
457 729 668 765 depugnandum
682 738 741 756 esse
752 730 888 761 dicuntur,
902 736 939 762 ut,
954 737 1026 758 uter·
1048 731 1056 755 ἢ

230 774 348 800 cumque
360 766 464 797 vicerit,
478 775 529 792 non
541 767 576 792 sit
588 768 685 793 mirum
699 766 829 794 futurum.
869 767 916 795 lna
928 769 954 795 in
966 769 1025 795 dies
1046 770 1049 806 ξ

231 802 353 837 singulos
370 804 455 838 magis
471 804 611 839 magisque
625 805 716 838 opinio
732 804 871 831 hominum
883 806 1025 832 coufirma-

231 844 282 870 tur,
295 840 400 866 etiamsi
413 841 481 866 inter
491 849 600 867 caussas
615 850 749 868 armorum
762 842 929 877 aliquantum
942 844 1025 870 inter·
1046 855 1048 865 i

230 877 278 906 sit,
293 881 380 903 tamen
397 878 465 904 inter
481 878 606 904 victorias
626 887 677 904 non
694 879 808 905 multum
822 879 1022 908 interfuturum.
1046 891 1055 916 η

230 913 333 940 Alteros
355 915 547 949 propemodum
568 915 619 941 iam
636 924 731 942 sumus
746 918 862 951 experti,
895 917 928 943 de
943 917 1024 945 altero
1046 914 1055 953 [ἐ

210 962 215 970 ·
231 960 308 977 nemo
324 956 364 977 est
378 952 444 986 quin
458 953 564 988 cogitet,
577 961 658 988 quam
670 954 704 980 sit
716 954 876 980 metuendus
887 955 971 981 iratus
983 956 1024 981 vi-
1046 966 1047 970 ¹

229 992 285 1014 ctor
304 994 432 1015 armatus.
466 991 491 1015 Ξ.
510 990 562 1015 lloc
585 990 640 1016 loco
655 991 678 1016 si
694 990 786 1017 videor
796 999 893 1027 augere
904 991 1023 1018 dolorem
1052 1007 1053 1013 ι

230 1030 315 1056 tuum,
329 1034 410 1061 quem
417 1026 577 1053 consolando
585 1027 671 1054 levare
678 1027 799 1059 debeam,
809 1027 891 1055 fateor
902 1037 944 1055 me
950 1038 1024 1055 com-

229 1063 354 1089 munium
384 1063 515 1090 malorum
539 1064 747 1091 consolationem
774 1065 875 1092 nullam
902 1066 1023 1093 invenire
1045 1068 1053 1103 ¹l

228 1105 333 1134 praeter
353 1100 436 1131 illam,
459 1109 527 1135 quae
544 1106 640 1131 tamen,
658 1103 681 1128 si
697 1103 785 1136 possis
800 1111 858 1129 eam
873 1104 1020 1138 suscipere,
1044 1098 1053 1149 l

228 1137 346 1163 maxima
367 1142 414 1168 est,
433 1146 540 1172 quaque
556 1147 605 1173 ego
615 1139 735 1174 quotidie
752 1140 838 1175 magis
855 1145 927 1166 utor:
959 1149 1023 1167 con-
1044 1140 1046 1185 l

228 1175 368 1200 scientiam
390 1180 475 1201 rectae
491 1175 635 1202 voluntatis
653 1177 798 1203 maximam
814 1177 1022 1204 consolationem

228 1219 287 1237 esse
304 1220 392 1237 rerum
405 1212 644 1243 incommodarum,
659 1222 706 1239 nec
723 1222 781 1240 esse
794 1214 880 1240 ullum
892 1223 1021 1250 magnum
1044 1222 1045 1250 1

227 1248 328 1274 malum
349 1253 452 1283 praeter
466 1249 584 1283 culpam.
610 1251 631 1276 A
642 1258 694 1284 qua
706 1251 813 1285 quando
825 1256 927 1278 tantum
939 1252 1022 1278 absu-
1044 1256 1045 1281 ξ

227 1293 297 1315 muS,
320 1290 349 1312 ut
360 1287 439 1312 etiam
451 1287 550 1320 optime
561 1288 737 1319 senserimus,
755 1293 922 1323 eventusque
935 1290 1021 1325 magis
1044 1301 1045 1305 ¹

227 1323 310 1348 nostri
330 1322 451 1354 consilii,
476 1332 557 1358 quam
581 1324 725 1351 consilium
749 1325 972 1360 reprehendatur,
996 1332 1022 1353 et

225 1359 334 1394 quando
340 1361 532 1395 praestitimus,
541 1361 613 1396 quod
619 1361 779 1389 debuimus:
795 1362 938 1394 moderate,
947 1364 1021 1398 quod
1042 1387 1051 1399 μ

225 1397 323 1427 evenit,
348 1396 475 1424 feramus.
516 1398 569 1424 Sed
585 1398 634 1425 hoc
646 1399 714 1425 mihi
729 1405 816 1426 tamen
829 1408 880 1426 non
891 1409 977 1431 sumo.
992 1406 1021 1428 ut
1042 1409 1043 1434 j

225 1438 249 1460 te
270 1433 391 1460 consoler
405 1434 438 1460 de
450 1435 641 1462 communibus
657 1437 783 1467 miseriis,
800 1445 869 1472 quae
880 1437 913 1463 ad
924 1446 1021 1465 conso·
1042 1450 1043 1457 ¹

226 1470 336 1497 landum
357 1472 466 1498 maioris
482 1473 584 1508 ingenii
609 1478 635 1500 et
657 1473 690 1500 ad
710 1473 850 1500 ferendum
872 1475 1019 1511 singularis

224 1508 332 1534 virtutis
353 1508 484 1545 indigent.
525 1510 594 1536 lllud
609 1511 697 1537 cuivis
713 1511 789 1538 facile
805 1516 845 1538 est
854 1511 958 1543 docere,
972 1521 1020 1539 cur

224 1546 368 1580 praecipue
382 1551 410 1572 tu
424 1546 514 1573 dolere
526 1547 594 1573 nihil
605 1547 714 1574 debeas.
736 1549 802 1575 Eius
812 1549 894 1580 enim,
906 1550 954 1584 qui
965 1555 1020 1576 tar·
1040 1562 1049 1584 μ’

223 1581 282 1608 dior
293 1583 320 1608 in
333 1587 356 1609 te
373 1582 486 1610 levando
501 1583 560 1615 suit,
576 1593 657 1619 quam
670 1585 724 1612 fore
736 1591 901 1620 putaremus.
916 1595 968 1613 non
979 1591 1020 1613 est
1040 1591 1049 1620 ζ4

223 1619 291 1645 mihi
312 1619 395 1646 <lubia
416 1620 448 1647 de
470 1626 514 1647 tua
531 1621 616 1648 salute
627 1624 768 1650 sententia.
809 1623 845 1649 De
856 1623 917 1649 aliis
929 1628 1018 1650 autem
1047 1642 1049 1656 ,

223 1664 275 1682 non
286 1656 400 1683 arbitror
410 1662 434 1684 te
445 1664 599 1693 exspectare
611 1660 678 1694 quid
689 1661 812 1687 sentiam.
835 1662 860 1687 3.
872 1659 1018 1695 Reliquum

222 1698 272 1723 est,
290 1698 319 1720 ut
334 1699 358 1720 te
369 1700 456 1730 angat,
475 1696 548 1730 quod
563 1696 638 1723 absis
652 1705 666 1723 a
678 1698 731 1723 tuis
743 1697 856 1723 tamdiu.
896 1698 948 1724 Res
959 1706 1017 1724 mo-
1046 1723 1047 1726 ,

223 1729 302 1760 lesta,
325 1732 481 1765 praesertim
503 1733 536 1759 ab
552 1733 586 1759 iis
600 1734 706 1768 pueris,
729 1734 832 1769 quibus
846 1734 914 1760 nihil
931 1740 1018 1769 potest
1039 1729 1048 1766 *l

222 1775 282 1794 esse
303 1766 436 1795 festivius.
467 1769 529 1800 Sed,
553 1774 581 1796 ut
601 1770 634 1796 ad
650 1775 674 1797 te
689 1772 786 1805 scripsi
802 1775 891 1801 antea,
909 1776 1016 1806 tempus

221 1808 262 1830 est
282 1805 425 1836 eiusmodi,
444 1811 473 1832 ut
484 1815 560 1832 suam
575 1808 691 1842 quisque
703 1809 883 1834 conditionem
896 1809 1017 1835 miserri—

221 1849 293 1867 mam
314 1847 400 1876 putet,
433 1848 466 1874 et,
480 1843 527 1869 ubi
541 1845 658 1879 quisque
669 1845 712 1875 sit,
726 1845 764 1871 ibi
775 1853 835 1871 esse
846 1846 957 1872 minime
969 1855 1016 1872 ve-

222 1877 261 1904 lit.
302 1879 445 1913 Equidem,
463 1889 511 1906 nos
520 1881 592 1915 quod
604 1882 702 1908 Romae
713 1890 818 1913 sumus,
832 1883 1014 1910 miserrimum

221 1923 280 1942 esse
291 1915 369 1947 duco,
377 1925 429 1943 non
441 1916 529 1943 solum
540 1918 613 1952 quod
625 1919 652 1944 in
663 1918 742 1945 malis
753 1919 880 1946 omnibus
890 1920 1014 1947 acerbius
1036 1934 1046 1954 μ,

220 1956 261 1979 est
280 1952 381 1983 videre,
404 1962 486 1989 quam
502 1955 604 1986 audire,
621 1955 668 1981 sed
683 1957 773 1987 etiam,
790 1957 862 1992 quod
877 1957 910 1983 ad
921 1966 1014 1984 omnes

219 1997 299 2016 casus
318 1990 470 2017 subitorum
491 1991 672 2026 periculorum
692 1995 779 2029 magis
793 1994 892 2020 obiecti
905 2003 1011 2026 sumus,

219 2035 301 2062 quam
326 2027 349 2053 si
374 2028 544 2055 abessemus:
580 2030 630 2056 etsi
651 2031 799 2065 meipsum,
821 2031 1013 2059 consolatorem
1036 2050 1037 2058 η

218 2068 305 2094 tuum.
328 2072 379 2090 non
401 2070 502 2092 tantum
524 2065 638 2098 litterae,
661 2067 762 2102 quibus
783 2077 890 2104 semper
909 2070 1010 2100 studui,
1043 2056 1045 2086 l

218 2105 349 2136 quantum
361 2101 544 2138 longinquitas
556 2105 691 2138 temporis,
705 2105 849 2141 mitigavit.
872 2107 896 2133 t.
909 2106 1013 2139 Quanto

218 2137 318 2164 fuerim
329 2138 427 2170 dolore,
442 2141 599 2167 meministi.
616 2142 644 2167 In
656 2143 803 2177 quoprima
814 2142 859 2169 illa
866 2144 1013 2171 consolatio
1035 2162 1037 2172 Α

217 2180 266 2206 est,
285 2174 386 2202 vidisse
402 2185 444 2203 me
458 2176 529 2212 plus,
543 2186 624 2212 quam
635 2184 745 2210 ceteros,
760 2188 845 2215 quum
856 2181 1009 2215 cupiebam,

217 2213 342 2247 quamvis
363 2213 456 2249 iniqua
470 2215 630 2246 conditione,
643 2224 746 2250 pacem.
787 2216 864 2249 Quod
875 2219 925 2244 etsi
935 2227 1009 2250 casu,
1042 2230 1043 2240 π

217 2258 269 2275 non
281 2249 446 2277 divinatione
458 2260 515 2278 mea
526 2251 626 2279 factum
636 2258 689 2279 est:
706 2258 794 2280 tamen
806 2254 855 2281 hac
866 2255 1012 2290 inanipru-

216 2285 322 2313 dentiae
343 2287 421 2314 laude
442 2288 567 2316 delector.
607 2290 717 2321 Deinde,
738 2291 811 2326 quod
822 2292 891 2318 mihi
902 2292 935 2318 ad
947 2301 1011 2319 con-

216 2323 372 2351 solationem
392 2333 535 2352 commune
551 2331 639 2353 tecum
655 2332 703 2358 est,
717 2328 741 2354 si
752 2329 806 2354 iam
817 2337 897 2355 vocer
907 2329 941 2356 ad
951 2331 1011 2356 exi·
1039 2352 1041 2364 ,

216 2364 273 2386 tum
285 2362 363 2393 vitae,
377 2371 428 2389 non
441 2363 474 2389 ab
485 2372 515 2389 ea
526 2363 665 2398 republica
676 2365 785 2396 avellar,
798 2374 852 2400 qua
862 2367 1009 2393 carendum
1038 2371 1041 2400 ξ

216 2404 274 2423 esse
295 2398 407 2430 doleam,
425 2401 582 2434 praesertim
597 2410 683 2436 quum
699 2401 726 2428 id
737 2403 795 2428 sine
807 2402 862 2429 ulto
872 2412 954 2430 sensu
965 2403 1010 2430 fu·
1038 2403 1041 2412 ’

216 2437 306 2460 turum
318 2436 361 2462 sit.
392 2436 509 2464 Adiuvat
520 2439 600 2464 etiam
610 2443 682 2465 aetas
693 2443 719 2465 et
729 2444 785 2465 acta
797 2440 849 2466 iam
860 2441 923 2472 vita,
939 2449 1008 2476 quae

215 2477 301 2504 quum
321 2480 401 2499 cursu
422 2482 470 2500 suo
482 2475 549 2501 bene
560 2475 679 2502 confecto
694 2475 849 2508 delectatur,
868 2482 926 2504 tum
937 2482 1009 2504 vetat

217 2506 243 2532 in
259 2515 289 2532 eo
302 2508 357 2534 vim
369 2510 470 2541 timere,
486 2520 540 2546 quo
551 2521 599 2539 nos
611 2513 664 2538 iam
675 2517 768 2539 natura
782 2514 841 2547 ipsa
851 2522 936 2548 paene
946 2523 1008 2549 per-

215 2541 331 2570 duxerit.
371 2545 506 2574 Postremo
525 2549 549 2574 is
565 2550 607 2575 vir
622 2549 664 2575 vel
679 2550 759 2576 etiam
775 2550 795 2576 ii
811 2551 863 2576 viri
875 2551 924 2578 hoc
935 2551 1007 2578 bello
1035 2541 1038 2600 Ι

214 2579 382 2611 occiderunt,
404 2588 432 2608 ut
448 2584 614 2618 impudentia
630 2586 760 2617 videatur,
784 2587 907 2614 eamdem
922 2588 1007 2615 fortu-
1035 2605 1037 2618 l

216 2624 286 2647 nam,
309 2618 332 2643 si
348 2626 389 2644 res
408 2625 491 2655 cogat,
510 2629 643 2649 recusare.
683 2623 817 2658 Equidem
832 2624 901 2651 mihi
915 2626 1005 2652 omnia
1034 2634 1037 2645 ’-

1046 871 1049 884 l
1077 868 1113 885 tur
1125 868 1146 885 et
1163 865 1217 885 bene
1227 872 1317 892 uper-re
1327 865 1396 885 iul-et.

1050 1281 1053 1287 '
1073 1293 1185 1320 magnae
1195 1293 1254 1311 esse
1265 1293 1353 1315 curae.
1367 1293 1483 1320 quorum
1495 1285 1528 1311 de
1539 1285 1630 1312 studio
1639 1291 1666 1312 et
1675 1286 1709 1312 de
1719 1295 1768 1312 sua
1779 1295 1827 1321 spe

1067 1878 1136 1905 buit.

1037 1915 1045 1926 '¹
1067 1915 1173 1942 fortuna
1185 1915 1294 1946 fuisses,
1307 1916 1361 1942 nisi
1372 1924 1403 1942 eo
1414 1917 1474 1951 ipso
1485 1916 1555 1943 bono
1566 1921 1624 1947 tuo,
1637 1925 1692 1952 quo
1702 1916 1860 1949 detectatur.
1902 1935 1903 1938 =

1424 1953 1501 1985 Quod
1517 1955 1608 1988 ipsum
1624 1953 1724 1980 lenitur
1741 1954 1862 1989 quotidie
1897 1967 1913 1991 Ἰ.

1065 1990 1287 2025 significaturque
1298 1990 1377 2017 nobis
1388 1990 1422 2017 ab
1434 1991 1477 2021 iis,
1485 1991 1533 2026 qui
1545 1990 1627 2017 simul
1637 1999 1701 2017 cum
1711 1999 1743 2018 eo
1753 1992 1859 2022 vivunt,

1065 2027 1115 2053 tibi
1127 2027 1195 2054 hanc
1206 2028 1293 2062 ipsam
1304 2028 1459 2062 opinionem
1471 2028 1573 2063 ingenii
1584 2027 1657 2063 apud
1673 2029 1763 2063 ipsum
1773 2028 1862 2063 pluri·
1895 2031 1913 2062 }·‘

1044 1959 1045 1962 ¹
1065 1961 1094 1979 se
1110 1953 1239 1979 violatum
1255 1957 1384 1988 putasset.

1041 2264 1042 2267 ¹
1063 2251 1154 2284 risque
1166 2251 1220 2276 tuis
1230 2251 1400 2285 paratissima
1412 2259 1472 2276 esse
1482 2250 1600 2277 confidas
1612 2250 1704 2276 velim.

1062 2292 1087 2313 et
1100 2292 1218 2313 vetustas
1229 2288 1312 2314 nostri
1326 2288 1438 2317 amoris,
1456 2293 1482 2314 et
1497 2296 1556 2314 mea
1566 2287 1732 2314 consuetudo
1743 2287 1772 2314 in
1782 2296 1857 2315 meos
1897 2290 1902 2297 “

1040 2329 1041 2338 ¹
1061 2328 1087 2350 et
1098 2328 1142 2350 tua
1154 2324 1238 2351 multa
1248 2333 1311 2360 erga
1323 2333 1365 2351 me
1375 2324 1464 2351 officia
1474 2323 1620 2360 postulant.

1075 97 1289 126 CEROMS

1082 177 1208 203 propono,
1227 177 1276 195 nec
1287 168 1373 196 ullum
1387 174 1427 197 ent
1438 175 1540 197 tantum
1552 171 1661 201 matum.
1675 172 1747 207 quod
1760 181 1810 200 non
1823 182 1874 208 pu-

1082 211 1134 231 tem
1157 206 1322 240 impendere.
1363 207 1415 233 Sed
1435 216 1520 242 quum
1537 209 1598 243 plus
1614 210 1640 235 in
1657 210 1800 236 metuendo
1810 210 1874 238 mali

1081 244 1123 271 sit,
1137 251 1218 277 quam
1232 244 1257 269 in
1270 244 1328 278 ipso
1339 243 1393 274 illo.
1406 245 1479 279 quod
1491 246 1610 277 timetur;
1633 246 1736 275 desino.
1753 256 1875 282 praeser-

1082 281 1128 305 tim
1148 288 1232 314 quum
1246 280 1407 315 impendeat,
1432 281 1457 307 in
1468 290 1523 316 quo
1534 291 1584 309 non
1596 284 1674 309 modo
1684 284 1760 310 dolor
1770 284 1872 314 nunus,

1083 325 1174 342 rerum
1192 318 1252 343 linia
1263 318 1343 343 etiam
1355 318 1455 344 doloris
1467 318 1573 345 tuturus
1584 320 1628 346 sit.
1668 320 1720 347 Sed
1734 321 1798 348 haec
1809 323 1875 348 natta

1082 354 1176 383 multa.
1202 354 1242 380 vel
1264 354 1340 389 plura
1356 355 1459 389 potius,
1477 364 1558 390 quam
1574 365 1683 383 neeesse
1699 357 1759 384 tuit.
1801 359 1876 386 Facit

1080 396 1168 416 autem
1182 400 1231 417 non
1245 391 1391 426 loquacitas
1403 400 1469 422 mea,
1484 393 1531 419 sed
1543 394 1727 421 benevolentia
1741 395 1874 429 longiores

1079 428 1216 462 epistolas.
1231 430 1256 454 5.
1269 428 1394 455 Servium
1406 429 1564 456 discessisse
1571 431 1682 457 Athenis
1693 428 1872 459 molt-stituit:

1080 474 1131 491 non
1151 466 1223 491 enim
1244 465 1347 496 dubito,
1364 467 1430 501 quin
1448 476 1559 502 magnae
1575 468 1623 494 tibi
1639 468 1764 496 levationi
1778 469 1874 496 solitus

1079 503 1113 528 sit
1125 511 1183 527 esse
1195 502 1874 540 quotidianuscongressusetsennoquumfamilia-

1080 540 1180 565 rissimi
1203 540 1333 569 hominis,
1355 545 1411 566 tum
1430 542 1525 575 optimi
1540 547 1565 568 et
1585 542 1789 576 prudentissimi
1810 545 1872 570 viri.

1079 577 1117 602 Tu
1130 577 1211 602 votim
1223 582 1283 607 tete,
1298 581 1325 603 ut
1336 576 1419 603 debes
1434 583 1459 604 et
1470 578 1549 608 soles.
1563 583 1606 605 tua
1619 580 1716 606 virtute
1727 585 1872 607 sustentes.

1048 622 1049 626 ¹
1079 614 1143 647 1⁴:510,
1161 623 1230 648 quae
1246 619 1270 640 te
1283 613 1360 643 velle,
1374 623 1498 650 quaeque
1509 615 1542 641 ad
1554 620 1578 642 te
1589 620 1614 642 et
1625 616 1658 642 ad
1670 621 1729 643 tuos
1740 618 1873 652 pertinere

1078 651 1234 681 arbitrabor,
1248 652 1336 677 omnia
1344 652 1668 688 studiosediligenterque
1674 653 1787 680 curabo:
1802 662 1873 690 quae

1048 699 1049 702 ¹
1078 696 1163 723 quum
1176 688 1280 718 faciam,
1295 688 1510 716 benevolentiam
1523 695 1595 716 tuam
1607 699 1669 727 erga
1682 699 1724 717 me
1736 691 1870 722 imitabor.

1078 726 1171 752 merita
1183 734 1234 752 non
1246 734 1383 761 assequar.
1425 726 1498 753 Vale.

1131 795 1158 815 V.
1179 795 1256 815 Atto.
1273 795 1402 818 Coei-inum.
1417 795 1454 822 qui
1466 796 1567 823 Pompeii
1583 800 1658 823 purten
1671 796 1695 818 in
1710 797 1769 818 bello
1783 801 1873 819 emta·

1078 829 1143 850 etium
1158 829 1242 857 scripto
1256 829 1333 850 libello
1344 831 1459 851 Cneurcn
1471 831 1601 855 offendent,
1613 831 1686 858 petri·
1693 837 1802 853 tuente-
1812 832 1872 854 ml·-

1434 868 1525 887 (ιι-,ψῃ
1536 868 1612 885 cmm
1624 869 1657 886 ut.
1673 869 1748 891 [Apulo
1757 876 1804 888 ω...
1816 871 1872 892 που.)

1207 910 1242 936 Μ.
1264 910 1295 936 Τ.
1316 909 1346 937 C.
1368 909 1397 936 S.
1419 910 1449 936 D.
1471 911 1502 937 Α.
1524 910 1735 938 CAEClNAB.

1134 952 1156 976 i.
1170 945 1405 986 Quotiescumque
1412 951 1497 977 [ilium
1504 956 1581 977 tuum
1591 951 1678 978 video.
1687 952 1870 986 (videoautem

1046 986 1047 999 ³
1076 986 1130 1013 sere
1141 987 1283 1022 quotidie,)
1297 987 1425 1022 polliceor
1438 989 1463 1014 ei
1478 988 1599 1014 studium
1615 989 1726 1023 quidem
1741 997 1831 1015 rneum
1845 995 1872 1016 et

1045 1023 1054 1045 ·.'
1074 1032 1182 1059 operam
1194 1025 1252 1051 sine
1264 1025 1317 1051 ulla
1328 1026 1486 1060 exceptione
1497 1030 1542 1051 aut
1555 1025 1653 1052 laboris
1664 1027 1872 1061 autoocupatio-

1045 1057 1053 1069 '¹
1075 1062 1117 1088 nis
1128 1066 1173 1088 aut
1189 1063 1329 1096 temporis.
1347 1063 1460 1098 gratiam
1476 1067 1564 1088 autem
1581 1068 1660 1097 atque
1676 1064 1868 1094 auctoritatem,

1074 1107 1136 1125 cum
1153 1098 1201 1125 hac
1216 1099 1387 1133 exceptione,
1409 1105 1540 1134 quantum
1561 1099 1664 1126 valeam
1684 1105 1870 1136 quantumque

1074 1136 1187 1170 possim.
1227 1136 1308 1162 Liber
1323 1141 1386 1162 tuns
1400 1141 1426 1162 et
1438 1136 1522 1163 lectus
1533 1141 1585 1167 est.
1603 1142 1628 1163 et
1640 1137 1738 1173 legitur
1748 1146 1762 1163 a
1774 1146 1817 1164 me
1826 1137 1871 1164 di—

1075 1173 1188 1208 ligenter
1199 1178 1224 1199 et
1234 1173 1386 1199 custoditur
1396 1173 1616 1209 diligentissime.
1652 1175 1703 1201 Res
1712 1179 1738 1201 et
1749 1174 1870 1202 fortunae

1074 1215 1134 1236 tuae
1145 1210 1213 1236 mihi
1226 1211 1359 1236 maximae
1370 1219 1450 1237 curae
1460 1216 1531 1241 sunt,
1544 1219 1614 1246 quae
1624 1211 1736 1246 quidem
1746 1212 1870 1247 quotidie

1074 1246 1206 1274 faciliores
1218 1247 1286 1273 mihi
1298 1252 1324 1274 et
1337 1247 1462 1274 meliores
1474 1248 1612 1278 videntur.
1630 1248 1779 1284 multisque
1790 1249 1870 1276 video

1074 1321 1141 1348 lium
1156 1321 1189 1348 ad
1206 1327 1230 1348 te
1246 1322 1439 1357 perscripsisse
1453 1327 1524 1349 certo
1535 1323 1600 1349 scio.
1641 1324 1666 1349 2.
1688 1324 1724 1350 lis
1735 1329 1824 1350 autem
1835 1323 1869 1350 de

1073 1359 1154 1385 rebus
1162 1380 1168 1390 ,
1181 1367 1250 1394 quas
1260 1360 1412 1386 coniectura
1424 1361 1554 1395 consequi
1564 1368 1724 1395 possumus,
1736 1369 1788 1387 non
1799 1361 1868 1387 mihi

1072 1405 1163 1426 sumo,
1181 1401 1210 1422 ut
1221 1396 1283 1431 plus
1295 1397 1352 1431 ipse
1364 1398 1540 1432 prospiciam,
1553 1406 1635 1432 quam
1648 1402 1672 1424 te
1684 1397 1776 1424 videre
1786 1403 1869 1433 atque

1073 1433 1222 1469 intelligere
1241 1434 1310 1460 mihi
1326 1435 1519 1468 persuaserim;
1542 1434 1589 1460 sed
1606 1440 1707 1465 tamen,
1729 1436 1793 1470 quia
1810 1435 1868 1462 fieri

1072 1475 1166 1505 potest,
1180 1476 1209 1497 ut
1220 1476 1246 1497 tu
1259 1479 1288 1497 ea
1300 1471 1495 1506 perturbatiore
1506 1472 1596 1499 animo
1606 1472 1716 1508 cogites,
1733 1477 1798 1507 puto
1807 1480 1868 1499 esse

1072 1516 1176 1538 meum,
1199 1508 1267 1543 quid
1282 1509 1410 1539 sentiam,
1432 1517 1576 1544 exponere.
1616 1509 1653 1535 Ea
1669 1514 1762 1535 natura
1776 1518 1866 1536 rerum

1071 1549 1124 1575 est,
1137 1549 1163 1571 et
1174 1545 1198 1571 is
1209 1550 1360 1580 temporum
1372 1554 1482 1576 cursuS,
1501 1551 1529 1572 ut
1540 1554 1591 1572 non
1603 1547 1688 1581 possit
1699 1547 1749 1573 ista
1760 1552 1806 1573 aut
1816 1546 1866 1573 tihi

1071 1583 1217 1608 autceteris
1224 1581 1327 1608 fortuna
1339 1591 1398 1609 esse
1409 1582 1544 1609 diuturna.
1554 1591 1642 1618 neque
1654 1583 1762 1610 haerere
1773 1584 1800 1610 in
1812 1588 1866 1610 tam

1070 1618 1139 1645 bona
1155 1627 1250 1645 caussa
1265 1624 1290 1645 et
1307 1620 1332 1645 in
1345 1625 1398 1646 tam
1412 1619 1491 1646 bonis
1502 1620 1611 1646 civibus
1622 1625 1675 1646 tam
1686 1620 1780 1647 acerba
1792 1621 1866 1647 iniu-

1070 1656 1119 1682 ria.
1160 1658 1185 1682 3.
1206 1655 1294 1688 Quare
1305 1656 1338 1682 ad
1349 1665 1407 1682 eam
1419 1665 1504 1691 spem.
1519 1665 1601 1692 quam
1613 1662 1686 1683 extra
1697 1657 1820 1684 ordinem
1831 1657 1866 1684 de

1046 1695 1048 1705 ’
1070 1698 1094 1719 te
1113 1693 1173 1727 ipso
1188 1693 1333 1723 habemus.
1357 1702 1409 1720 non
1424 1693 1512 1720 solum
1533 1698 1641 1729 propter
1660 1694 1819 1730 dignitatem
1839 1699 1866 1721 et

1069 1731 1196 1756 virtutem
1208 1735 1295 1760 tuam,
1313 1730 1388 1764 (haec
1399 1731 1472 1757 enim
1482 1736 1636 1757 ornamenta
1648 1736 1711 1758 sunt
1723 1731 1773 1758 tibi
1783 1732 1864 1758 etiam

1046 1778 1047 1794 ς
1068 1775 1131 1793 cum
1142 1767 1204 1793 aliis
1213 1768 1367 1794 communia
1376 1768 1393 1801 .·)
1404 1767 1534 1794 accedunt
1546 1773 1589 1794 tua
1601 1769 1745 1803 praecipua
1756 1775 1864 1804 propter

1046 1822 1047 1825 η
1067 1805 1200 1830 eximium
1211 1805 1352 1840 ingenium
1367 1813 1557 1840 summamque
1573 1806 1712 1835 virtutem,
1730 1806 1788 1836 cui,
1806 1814 1864 1832 me-

1068 1841 1204 1871 hercules,
1224 1841 1281 1872 hic,
1294 1842 1374 1868 cuius
1386 1843 1412 1868 in
1425 1847 1552 1877 potestate
1563 1851 1673 1873 sumus,
1687 1842 1803 1869 multum
1815 1844 1865 1870 tri·
1898 1839 1914 1877 ἦ

1177 1879 1268 1913 Itaque
1288 1887 1320 1905 ne
1340 1885 1471 1913 punctum
1491 1879 1603 1914 quidem
1622 1880 1751 1914 temporis
1769 1881 1797 1906 in
1812 1880 1863 1907 ista

1065 2073 1139 2090 mum
1152 2064 1329 2099 profuturam.
1371 2066 1395 2091 4.
1411 2065 1579 2100 Quapropter
1588 2066 1708 2100 primum
1720 2065 1761 2092 fac
1770 2066 1860 2093 animo
1894 2085 1903 2091 .

1064 2101 1125 2128 forti
1141 2107 1220 2137 atque
1236 2110 1334 2138 magno
1347 2102 1399 2128 sis:
1417 2103 1453 2128 ita
1469 2102 1542 2128 enim
1557 2107 1649 2133 natus,
1667 2102 1703 2128 ita
1718 2102 1858 2134 educatus,
1903 2124 1907 2133 ,

1065 2139 1099 2165 ita
1110 2139 1205 2165 doctus
1215 2147 1243 2165 es
1251 2160 1257 2170 ,
1271 2140 1307 2165 ita
1317 2139 1399 2165 etiam
1409 2140 1546 2175 cognitus.
1564 2144 1594 2166 ut
1603 2139 1654 2166 tibi
1665 2139 1694 2166 id
1705 2139 1860 2166 faciendum
1891 2142 1906 2147 ”

1035 2180 1043 2194 5¹
1063 2176 1112 2202 sit:
1129 2175 1226 2202 deinde
1238 2185 1314 2211 spem
1325 2184 1434 2218 quoque
1446 2176 1544 2203 habeas
1556 2176 1741 2203 firmissimam
1751 2182 1860 2211 propter
1899 2160 1909 2200 τι

1063 2221 1108 2239 eas
1119 2221 1237 2244 caussas,
1251 2221 1318 2248 quas
1329 2214 1436 2248 scripsi.
1468 2214 1490 2240 A
1501 2222 1543 2240 me
1553 2222 1616 2240 vero
1627 2213 1677 2240 tibi
1687 2214 1778 2277 omnliga
1789 2213 1859 2256 libe-

1784 2259 1857 2278 emm

1113 2393 1152 2414 Vl.
1170 2393 1246 2414 ARG.
1263 2393 1379 2414 Caecinam
1390 2393 1488 2413 exsulem
1501 2393 1528 2413 de
1538 2392 1612 2413 reditu
1621 2393 1677 2414 bene
1686 2399 1776 2420 :pern-e
1785 2393 1855 2419 iubet,
1892 2405 1898 2426 ,¹

1061 2432 1082 2448 et
1092 2434 1154 2448 suem
1163 2428 1185 2448 ei
1194 2427 1333 2453 diligentiam
1344 2432 1367 2449 et
1376 2435 1464 2455 opernm
1472 2427 1599 2455 pollicetur.

1245 2466 1332 2487 (Rom-2,
1343 2465 1421 2483 cauare
1431 2464 1465 2482 111.
1475 2464 1549 2487 lapido
1560 2471 1605 2481 ουω.
1617 2466 1672 2485 708.)

1194 2507 1230 2534 Μ.
1252 2508 1282 2534 T.
1304 2507 1334 2534 C.
1355 2506 1383 2533 S.
1404 2507 1435 2533 D.
1457 2507 1489 2532 A.
1510 2506 1718 2534 CAECINAE.

1114 2554 1137 2579 4.
1150 2548 1265 2583 Vereor,
1277 2560 1310 2578 ne
1321 2551 1458 2578 desideres
1468 2550 1588 2577 officium
1600 2560 1704 2584 meum3
1718 2550 1791 2586 quod
1802 2550 1852 2578 tibi

1057 2598 1105 2624 pro
1126 2594 1214 2616 nostra
1234 2594 1259 2616 et
1279 2589 1436 2615 meritorum
1457 2588 1604 2614 multorum
1618 2593 1643 2614 et
1658 2588 1811 2615 studiorum
1825 2591 1853 2615 et

1056 2627 1174 2661 partium
1187 2626 1375 2653 coniunctione
1395 2625 1488 2652 deesse
1509 2634 1561 2652 non
1579 2625 1672 2652 debet:
1694 2625 1742 2652 sed
1762 2630 1850 2652 tamen
