1941 3052
250 143 298 168 (i43
819 143 859 165 fin,
898 140 930 165 M.

251 212 287 238 tva
299 220 391 238 censes
402 212 500 238 civitati
514 210 585 237 sore?
606 212 656 236 Ant
669 211 718 235 isto
729 215 786 239 tuo,
801 209 866 235 rnibi
879 209 964 240 crede,
977 218 1040 236 con-

249 249 309 275 silio
325 250 371 274 erit
389 249 530 276 utendum,
549 253 575 273 ut
591 247 730 276 redamus,
748 247 887 277 abeamus,
907 248 986 272 vitam
999 247 1038 272 in-

248 294 323 320 opem
340 291 364 311 et
382 295 473 318 vagam
487 292 691 318 persvcpiaunur,
710 288 753 309 aut
764 284 880 309 cervices
894 284 1039 309 latronibus

248 323 362 351 dandae,
380 327 458 356 atquc·
475 323 499 347 in
514 322 594 355 patriti
606 321 754 346 cadendum
767 325 816 346 est.

247 443 297 460 non
310 433 395 458 solum
408 433 518 462 audivit,
532 432 667 457 sedetiam
680 432 786 462 didicit,
801 432 867 458 nibil
880 441 938 458 esse
952 432 1039 458 bomi-

245 508 422 541 sumpsimus,
435 515 506 532 arma
517 506 647 541 cepimuS,
661 506 826 532 iuventutem
839 515 944 532 omnem
956 515 988 533 ex
999 512 1038 532 to-

246 550 268 571 ta
281 544 352 570 Italia
364 544 547 574 excussimus,
562 548 602 574 ut,
619 544 735 569 exercitu
748 542 934 570 florentissimo
945 549 969 570 et
982 553 1037 570 ma-

246 582 329 611 ximo,
354 581 430 616 legati
446 581 478 607 ad
495 589 585 615 pacem
603 580 786 607 mitterentur?
805 581 827 607 si
843 581 1033 615 accipiendam,

243 628 290 644 eur
303 627 352 644 non
365 618 507 653 rogamur?
526 619 547 644 si
561 618 760 653 postulandam,
773 618 838 652 quid
852 618 996 644 timemus?
1009 619 1036 645 In

245 657 292 682 bac
305 664 354 691 ego
366 655 494 692 legatione
506 656 571 686 sim,
587 660 632 681 aut
643 655 674 681 ad
688 655 713 681 id
726 655 868 681 consilium
879 655 1034 686 admiscear,

244 694 270 719 in
282 702 343 728 quo,
361 702 392 719 ne
404 694 426 719 si
437 693 588 719 dissensero
599 693 708 727 quidem
721 702 734 718 a
745 694 848 724 ceteris,
862 693 978 719 sciturus
991 702 1038 728 po-

244 730 325 765 pulus
336 731 471 756 Romanus
483 730 536 756 sit‘?
556 731 590 756 Ita
603 731 654 760 liet,
669 735 710 761 ut,
726 730 827 765 siquid
838 731 980 756 remissum
992 735 1037 756 aut

242 776 398 794 concessum
420 769 466 799 sit,
493 776 551 794 meo
575 776 680 802 semper
704 767 822 801 periculo
847 773 936 802 peccet
956 768 1037 794 Anto-

244 806 318 836 nius,
340 814 424 840 quum
440 806 464 832 ei
480 805 607 840 peccandi
623 809 739 840 potestas
754 813 768 831 a
790 813 832 831 me
851 813 975 831 concessa
996 806 1037 831 vi-

243 842 344 869 deatur.

301 881 339 906 ⁴7.
353 879 427 912 Quod
439 880 461 906 si
474 880 593 906 habenda
604 888 665 906 cum
679 880 712 906 M.
724 880 831 906 Antonii
844 880 979 907 latrocinio
990 889 1037 915 pa-
1064 878 1065 881 ’

242 918 280 943 cis
292 918 357 943 ratio
369 917 431 948 suit,
446 926 502 944 mea
516 922 600 944 tamen
614 926 724 951 persona
736 917 768 943 ad
781 919 857 944 istam
870 926 961 952 pacem
973 926 1036 944 con-

208 966 213 974 ι
242 954 384 981 ciliandam
397 955 507 981 minime
520 955 568 981 suit
579 955 728 990 deligenda.
769 955 825 990 Ego
839 964 985 990 numquam
1000 955 1036 980 le-

242 996 316 1027 gatos
332 992 474 1018 mittendos
490 993 597 1018 censui:
620 1001 668 1028 ego
683 997 742 1018 ante
759 992 904 1027 legatorum
920 992 1034 1018 reditum

242 1038 324 1055 ausus
336 1038 395 1055 sum
408 1029 508 1060 dicere,
523 1031 614 1056 Pacem
628 1030 713 1064 ipsam
725 1030 747 1056 si
759 1030 892 1061 afferrent,
908 1030 1035 1064 quoniam

242 1067 294 1092 sub
311 1068 418 1093 nominc
433 1067 505 1102 pacis
522 1067 622 1093 bellum
636 1067 740 1098 lateret,
759 1067 964 1102 repudiandam:
987 1075 1036 1102 ego

242 1104 366 1139 princeps
377 1113 516 1139 sagorum:
538 1113 586 1140 ego
597 1113 703 1139 semper
713 1104 790 1131 illum
804 1105 905 1130 hostem
917 1104 1036 1139 appella-

243 1142 277 1171 vi,
292 1150 375 1176 quum
389 1142 432 1167 alii
445 1142 640 1173 adversarium,
653 1150 759 1176 semper
770 1142 818 1168 hoc
831 1142 940 1172 bellum,
950 1150 1034 1177 quum

242 1178 285 1205 alii
299 1179 454 1205 tumultum.

241 1216 370 1251 populum
388 1217 444 1251 egi.-
467 1225 553 1251 neque
565 1216 652 1243 solum
665 1217 691 1243 in
703 1217 806 1251 ipsum,
824 1216 871 1242 sed
884 1217 910 1243 in
922 1217 981 1242 eius
992 1225 1036 1242 so-

240 1254 295 1279 cios
312 1253 458 1279 facinorum
474 1258 499 1279 et
510 1254 659 1284 ministros,
677 1259 703 1280 et
713 1259 865 1289 praesentes
876 1259 900 1280 et
912 1262 970 1285 eOS,
988 1254 1035 1288 qui

240 1299 293 1317 una
309 1295 384 1317 sunt:
407 1291 433 1317 in
450 1295 529 1317 totam
544 1291 661 1326 denique
676 1292 710 1317 M.
726 1291 833 1318 Antonii
850 1291 959 1318 domum
974 1300 1035 1317 sum

240 1329 486 1362 semperinvectus.
529 1330 568 1355 48.
592 1330 695 1364 Itaque,
713 1334 742 1355 ut
753 1329 852 1355 alacres
864 1333 889 1355 et
902 1328 975 1360 laeti,
988 1336 1036 1363 spe

239 1366 313 1400 pacis
324 1365 418 1396 oblata,
433 1366 501 1392 inter
511 1375 540 1392 se
551 1367 627 1401 impii
639 1367 720 1397 cives,
733 1367 811 1401 quasi
824 1367 959 1397 vicissent,
975 1374 1036 1402 gra-

239 1402 406 1432 tulabantur,
429 1404 468 1429 sic
484 1412 525 1429 me
536 1404 660 1438 iniquum
672 1404 820 1430 eierabant:
843 1403 875 1429 de
887 1412 929 1430 me
939 1411 1035 1439 quere-

240 1440 345 1466 bantur.
391 1440 551 1467 Dil'sidebant
575 1441 653 1467 etiam
680 1441 804 1467 Servilio.
848 1441 1032 1471 Meminerant,

239 1477 297 1503 eius
309 1478 447 1504 sententiis
458 1478 592 1505 confixum
604 1479 763 1505 Antonium:
777 1479 806 1504 L.
820 1478 968 1509 Caesarem,
982 1478 1035 1505 for-

239 1519 291 1540 tem
307 1514 417 1549 quidem
434 1515 511 1541 illum
523 1520 548 1542 et
559 1521 722 1542 constantem
733 1520 896 1547 senatorem,
914 1524 1035 1542 avuncu-

240 1551 295 1578 lum
308 1557 410 1578 tamen:
423 1552 550 1579 Calenum
559 1558 768 1588 procuratorem:
784 1553 907 1580 Pisonem
920 1553 1035 1579 familia-

239 1597 309 1615 rem:
327 1594 351 1615 te
366 1590 471 1624 ipsum,
489 1590 587 1621 Pansa,
605 1591 872 1617 vehementissimum
884 1595 909 1617 et
921 1591 1035 1617 fortissi-

239 1635 313 1652 mum
325 1627 471 1658 consulem,
485 1627 583 1654 factum
594 1629 647 1654 iam
659 1632 752 1663 putant
763 1627 904 1654 leniorem:
918 1637 969 1654 non
980 1636 1034 1663 quo

238 1664 273 1689 ita
285 1664 319 1690 sit
330 1669 374 1690 aut
384 1672 443 1690 esse
455 1666 553 1699 possit,
574 1665 621 1691 sed
637 1666 737 1692 mentio
747 1673 760 1691 a
772 1670 796 1691 te
807 1664 872 1691 facta
884 1666 970 1700 pacis,
987 1673 1034 1691 su-

238 1701 384 1735 spicionem
397 1701 489 1728 multis
500 1702 588 1728 attulit
598 1703 753 1729 immutatae
768 1701 924 1728 voluntatis.
965 1703 1034 1728 Inter

238 1737 286 1764 has
297 1746 424 1773 personas
436 1747 477 1765 me
488 1740 655 1766 interiectum
670 1740 861 1766 amiciAntonii
873 1739 984 1766 moleste
996 1739 1034 1765 fe-

238 1779 313 1801 runt:
336 1776 437 1810 quibus
452 1777 586 1811 gerendus
598 1786 654 1803 mos
665 1781 717 1808 est,
733 1778 859 1811 quoniam
870 1777 952 1803 semel
966 1777 1033 1803 libe—

239 1811 307 1838 rales
323 1821 381 1838 esse
396 1814 544 1848 coepimus.
585 1814 650 1841 VIII.
675 1816 715 1840 ⁴9.
737 1814 940 1841 Proficiscantur
953 1814 1033 1849 legati

237 1850 346 1883 optimis
358 1851 507 1877 ominibus:
521 1851 567 1877 sed
578 1852 596 1877 ii
609 1851 817 1886 proficiscantur,
831 1853 858 1878 in
869 1852 969 1886 quibus
981 1860 1033 1878 non

238 1886 386 1913 offendatur
396 1887 536 1914 Antonius.
576 1888 652 1920 Quod
662 1890 684 1915 si
697 1889 730 1915 de
741 1889 855 1915 Antonio
866 1898 918 1916 non
930 1889 1034 1916 labora-

240 1924 286 1955 tis,
303 1924 370 1950 mihi
385 1929 467 1956 certe,
485 1930 573 1960 patres
588 1926 745 1961 conscripti,
763 1926 902 1953 consulere
917 1927 1031 1953 debetis.

238 1961 339 1987 Parcite
354 1961 438 1988 oculis
454 1963 549 1989 saltem
565 1964 646 1993 meis,
665 1968 691 1989 et
704 1963 822 1998 aliquam
839 1965 943 1990 veniam
962 1965 1032 1990 iusto

237 1998 322 2025 dolori
334 1998 403 2025 date.
443 1999 501 2032 Quo
516 2001 587 2026 enim
604 2005 712 2035 aspectu
726 2001 815 2027 videre
827 2006 930 2036 potero,
947 2001 1033 2037 (mitto

238 2035 340 2062 hostem
353 2037 461 2070 patriae,
475 2045 508 2064 ex
518 2046 572 2072 quo
583 2038 649 2064 mihi
660 2038 752 2064 odium
763 2039 791 2064 in
802 2038 878 2065 illum
891 2047 1033 2065 commune

238 2072 376 2099 vobiscum
389 2074 450 2109 est,)
460 2075 507 2100 sed
518 2075 652 2109 quomodo
663 2076 790 2110 aspiciam
801 2076 868 2102 mihi
881 2077 926 2102 uni
938 2077 1033 2102 crude-

239 2110 372 2137 lissimum
380 2111 491 2142 bostem,
500 2112 668 2138 utdeclarant
679 2113 737 2139 eius
749 2113 781 2139 de
793 2121 835 2139 me
846 2113 1032 2140 acerbissimae

237 2147 396 2174 conciones?
405 2148 512 2175 Adeone
523 2158 565 2175 me
578 2149 691 2176 ferreum
704 2151 812 2185 putatis,
822 2156 917 2177 utcum
929 2159 960 2177 eo
970 2159 1033 2177 con-

237 2185 312 2220 gredi
323 2190 369 2211 aut
380 2185 456 2212 illum
468 2187 586 2221 aspicere
598 2188 714 2222 possim,
732 2189 779 2223 qui
791 2197 890 2223 nuper,
907 2197 992 2223 quum
1005 2189 1032 2214 in

237 2222 363 2249 concione
374 2222 481 2249 donaret
492 2232 550 2255 eos,
570 2225 618 2259 qui
629 2225 653 2251 ei
665 2225 697 2251 de
710 2225 848 2260 parricidis
859 2226 1032 2252 audacissimi

238 2259 406 2291 videbantur,
420 2269 476 2286 mea
489 2261 555 2287 bona
567 2261 665 2288 donare
678 2271 706 2288 se
718 2262 786 2289 dixit
798 2263 908 2289 Petissio
920 2263 1033 2290 Urbina-

238 2297 266 2327 ti,
279 2298 327 2331 qui
339 2306 371 2323 ex
383 2297 520 2333 naufragio
533 2299 661 2325 luculenti
674 2300 825 2334 patrimonii
836 2300 869 2326 ad
881 2301 1032 2327 baecAuto-

238 2334 315 2360 niana
326 2343 389 2360 saxa
401 2336 534 2370 proiectus
550 2336 607 2362 est‘?
635 2339 676 2363 20.
699 2337 739 2363 An
754 2337 784 2364 L.
801 2338 945 2364 Antonium
960 2338 1033 2372 aspi-

237 2379 296 2397 cere
312 2376 414 2406 potero,
437 2374 514 2399 cuius
530 2382 580 2409 ego
594 2374 777 2401 crudelitatem
793 2374 908 2410 effugere
923 2384 973 2402 non
985 2383 1033 2410 po—

239 2408 363 2439 tuissem,
382 2409 432 2435 nisi
444 2419 487 2436 me
498 2411 639 2437 moenibus
651 2416 676 2437 et
687 2412 769 2446 portis
781 2416 807 2438 et
817 2412 906 2438 studio
917 2413 1033 2439 munici-

240 2445 276 2478 pii
288 2446 340 2471 mei
355 2446 554 2474 defendissem?
582 2449 668 2483 Atque
682 2448 753 2475 idem
765 2449 808 2475 hic
819 2449 946 2476 mirmillo
957 2450 1033 2476 Asia-

239 2481 316 2511 ticus,
331 2482 394 2509 latro
404 2484 492 2511 Italiae
500 2506 506 2516 ,
518 2485 618 2522 collega
630 2486 756 2512 Lentonis
767 2491 792 2512 et
803 2486 933 2517 Nuculae,
947 2495 1032 2522 quum

240 2517 351 2552 Aquilae
362 2521 491 2556 primipili
503 2531 627 2550 nummos
638 2531 732 2549 aureos
741 2523 823 2554 daret,
835 2523 869 2550 de
878 2525 946 2550 meis
956 2524 1033 2550 bonis

240 2562 268 2580 se
281 2554 345 2596 dare
359 2556 436 2583 dixit.
476 2559 504 2585 Si
520 2561 591 2586 enim
607 2560 640 2586 de
653 2561 712 2586 suis
723 2560 849 2590 dixisset,
868 2570 900 2587 ne
914 2561 1032 2596 aquilam

240 2591 350 2625 quidem
365 2593 451 2627 ipsam
467 2597 625 2623 credituram
641 2598 754 2631 putavit.
794 2598 852 2623 Non
867 2597 964 2629 ferent,
980 2607 1032 2624 non

241 2627 337 2660 ferent.
355 2630 478 2664 inquam,
500 2632 571 2660 oculi
586 2634 697 2665 Saxam,
715 2633 882 2669 Caphonem,
899 2644 951 2662 non
964 2635 1032 2662 duos

858 321 905 346 Ubi
918 325 994 350 aunt,
1008 321 1036 347 C.
1059 322 1067 337 ³

249 361 344 388 l’nnsa,
364 360 422 384 illm·
438 359 629 384 colun-tationes
643 357 836 392 pulcherrimae
848 362 920 387 tuae,
938 358 1038 392 quibus
1059 363 1060 394 ξ

246 406 259 422 ει
272 402 295 422 te
306 397 434 421 excitatus
444 400 560 424 senatus,
575 394 752 420 inflammatus
765 395 880 429 populus
892 395 1036 426 Romanus,
1058 402 1067 417 Γ

1066 459 1067 466 χ
1089 434 1244 468 conscripti,
1269 434 1416 460 habendam
1437 435 1502 460 mibi
1519 435 1634 470 aliquam
1655 444 1714 462 esse
1735 436 1882 462 rationem?

247 472 271 496 ni
298 471 413 495 llomano
434 469 537 495 foedius
565 468 711 495 servitute?
750 470 789 495 ⁴6.
822 469 954 496 ldeircone
975 478 1036 505 saga
1058 475 1067 494 G

495 1180 548 1205 Nec
560 1179 623 1205 baec
634 1180 660 1205 in
673 1184 766 1205 senatu
779 1179 881 1205 solum:
898 1179 990 1205 eadem
1003 1178 1035 1204 ad
1057 1182 1058 1187 ¹

1065 776 1066 779 ’
1088 769 1184 796 dicere.

966 140 994 165 Τ.
1030 140 1304 167 CICERONIS

1066 212 1068 219 ¹
1092 211 1226 241 tribunos,
1240 220 1291 237 non
1303 212 1429 241 Bestiam,
1444 221 1494 238 non
1506 213 1682 244 Trebellium,
1699 221 1748 239 non
1760 213 1789 240 Τ,
1803 212 1880 240 Plan-

1066 267 1067 271 ,
1090 256 1161 273 cnm.

1204 248 1258 274 Non
1276 257 1384 283 {tonsum
1400 250 1488 275 animo
1503 259 1587 284 aequo
1603 250 1692 276 videre
1708 256 1743 277 tot
1761 256 1812 277 tarn
1830 252 1881 277 im·

1091 289 1227 319 portunos,
1236 290 1288 311 tam
1295 285 1434 312 sceleratos
1443 286 1543 312 bosina:
1558 296 1606 313 nee
1616 287 1642 313 id
1655 289 1682 313 lit
1694 287 1800 314 {astutio
1811 297 1878 317 meo,

1090 321 1136 347 ned
1148 323 1254 348 caritate
1266 323 1437 357 reipublic-ae.
1453 325 1495 349 2⁴.
1508 324 1560 349 Sed
1572 325 1674 350 vincam
1687 327 1816 354 anianum,
1830 326 1880 351 mi-

1091 359 1171 393 bique
1182 359 1330 394 imperabo:
1343 359 1460 386 dolorem
1473 361 1659 391 iustissimum,
1673 362 1695 387 si
1708 371 1758 388 non
1771 367 1881 396 potuero

1091 395 1222 431 frangere,
1239 397 1385 423 occultabo.
1426 397 1515 429 Quid?
1534 399 1602 424 vitae
1614 400 1775 426 censetisne.
1794 405 1880 434 patres

1089 479 1156 505 quae
1169 471 1234 497 mibi
1245 472 1353 506 quidem
1366 472 1476 497 minime
1487 480 1544 498 cara
1555 477 1609 502 ent,
1630 475 1783 507 praesertim
1794 482 1878 508 quum

1090 507 1222 534 Dolabella
1240 508 1341 539 fecerit,
1365 513 1394 534 ut
1408 509 1522 543 optanda
1538 518 1608 535 mors
1623 515 1706 539 esset.
1730 510 1808 536 modo
1822 512 1880 537 sinc

1065 548 1067 578 ,¹
1088 546 1206 571 cruciatu
1222 550 1300 580 atque
1316 547 1466 572 tormentis:
1491 546 1566 572 vobis
1582 551 1668 573 tamt-n
1685 552 1710 573 et
1721 548 1819 583 populo
1830 548 1880 574 no-

1090 592 1167 608 mano
1188 583 1249 608 vilis
1269 591 1327 609 esse
1347 583 1458 618 spiritus
1474 591 1549 609 meus
1570 593 1620 610 non
1636 584 1723 610 debet.
1764 585 1788 610 Is
1808 586 1879 611 enim

1088 629 1158 650 sum,
1173 621 1224 646 nisi
1237 629 1279 646 me
1291 620 1355 647 forte
1367 620 1436 649 (allo,
1453 621 1499 656 qui
1512 621 1621 656 vigiliis,
1632 622 1712 652 curis,
1729 623 1877 649 sententiis.

1089 657 1215 692 periculis
1231 658 1323 688 etiam,
1340 666 1409 693 quae
1425 657 1538 692 plurima
1554 658 1606 684 adii
1623 664 1728 694 propter
1739 659 1880 685 acerbissi-

1065 725 1067 731 .
1089 703 1162 720 mum
1173 696 1293 721 omnium
1307 696 1332 721 in
1345 703 1386 721 me
1397 695 1488 721 odium
1501 696 1657 730 impiorum,
1671 696 1837 731 mrfecerim,
1852 701 1880 722 ut

1089 740 1139 758 non
1151 732 1283 758 obstarem
1296 732 1471 767 reipublicae:
1489 741 1521 758 ne
1536 733 1602 767 quid
1614 734 1778 768 arrogantius
1791 734 1880 760 videar

1225 770 1271 796 1x.
1294 771 1334 796 22.
1356 770 1431 802 Quod
1447 778 1531 805 quum
1545 771 1578 796 ita
1590 771 1637 801 sit,
1656 771 1758 797 nihilne
1770 771 1836 797 mihi
1847 771 1880 797 de

1089 807 1206 841 periculo
1222 816 1281 833 meo
1295 807 1464 843 cogitandum
1486 807 1603 842 putatis?
1626 808 1672 834 ttic
1687 817 1772 843 quum
1793 816 1878 834 essem

1088 844 1114 870 in
1126 844 1194 870 Urbe
1205 853 1234 870 ac
1244 844 1330 874 domi,
1349 849 1435 871 tamen
1447 845 1529 870 multa
1542 853 1620 880 saepe
1632 850 1727 871 tentata
1739 850 1814 876 sunt,
1833 845 1879 872 ubi

1088 890 1130 907 me
1143 890 1192 908 non
1204 881 1290 908 solum
1303 882 1448 908 amicorum
1461 882 1582 911 fidelitas,
1591 882 1638 908 sed
1650 883 1728 909 etiarn
1741 884 1880 909 universae

1087 919 1203 945 civitatis
1219 919 1288 945 oculi
1300 919 1463 945 custodiunt.
1503 919 1572 951 Quid
1588 921 1716 949 censetis,
1733 928 1818 955 quum
1831 921 1880 946 iter

1086 957 1225 992 ingressus
1240 965 1296 987 ero,
1315 956 1422 992 longum
1435 956 1609 991 praesertim?
1632 957 1753 984 nullasne
1768 957 1879 984 insidias

1056 997 1058 1004 ¹
1086 993 1315 1020 extimescendas?
1328 994 1391 1020 Tres
1403 995 1460 1020 viae
1474 998 1536 1020 sunt
1547 994 1578 1020 ad
1592 995 1728 1025 Mutinam,
1741 1003 1796 1029 quo
1807 994 1880 1020 festi-

1088 1036 1131 1057 nat
1147 1032 1266 1061 animus,
1289 1035 1317 1057 ut
1331 1040 1412 1066 quam
1429 1032 1545 1066 primurn
1562 1031 1629 1058 illud
1641 1032 1739 1067 pignus
1752 1032 1879 1058 libertatis

1087 1069 1179 1103 populi
1191 1069 1310 1098 Romani¹
1324 1069 1353 1094 D.
1367 1069 1487 1098 Brutum,
1501 1069 1619 1103 aspicere
1631 1070 1745 1103 possim:
1763 1070 1841 1095 cuius
1853 1070 1879 1095 in

1087 1106 1227 1141 complexu
1241 1106 1353 1132 libenter
1363 1110 1511 1132 extremum
1525 1106 1593 1132 vitae
1604 1107 1727 1138 spiritum
1739 1106 1877 1136 ediderim,

1087 1152 1171 1178 quum
1178 1152 1270 1169 omnes
1281 1144 1397 1169 actiones
1409 1143 1503 1170 horum
1515 1144 1658 1173 mensium,
1670 1152 1763 1170 omnes
1773 1148 1880 1170 senten-

1087 1182 1138 1206 tiae
1153 1189 1226 1207 meae
1243 1181 1412 1215 pervenerint
1427 1180 1459 1206 ad
1471 1189 1546 1211 eum,
1563 1181 1611 1215 qui
1623 1181 1686 1207 mibi
1700 1180 1749 1207 suit
1760 1181 1880 1216 proposi-

1087 1223 1140 1249 tus,
1152 1219 1264 1244 exitum.
1306 1218 1370 1244 Tres
1380 1226 1451 1253 ergo,
1465 1222 1493 1243 ut
1503 1217 1569 1247 dixi,
1583 1219 1654 1246 viae:
1669 1227 1683 1244 a
1695 1227 1792 1253 supero
1803 1219 1877 1244 mari.

1087 1256 1230 1282 Flaminia:
1244 1255 1377 1286 abinl'ero,
1387 1255 1506 1281 Aurelia:
1519 1254 1724 1286 media,Cassia.
1740 1257 1780 1282 23.
1793 1255 1878 1286 Nunc,

1086 1301 1196 1328 quaeso,
1209 1292 1344 1323 attendite,
1358 1301 1423 1319 num
1435 1292 1536 1319 aberret
1545 1293 1695 1319 coniectura
1705 1293 1824 1327 suspicio
1834 1301 1881 1327 peh

1087 1330 1164 1356 riculi
1179 1331 1241 1356 mei.
1282 1330 1415 1356 Etruriam
1426 1330 1593 1356 discriminat
1603 1330 1703 1357 Cassia.
1739 1329 1881 1356 Scimusne

1087 1368 1182 1403 igitur,
1200 1367 1298 1398 Pansa,
1314 1367 1416 1402 quibus
1431 1368 1458 1394 in
1475 1367 1539 1394 locis
1551 1376 1622 1394 nunc
1632 1369 1667 1394 sit
1679 1368 1803 1394 Lentonis
1815 1367 1880 1394 eas

1087 1406 1173 1432 sennii
1189 1404 1386 1440 septemviralis
1398 1404 1558 1431 auctoritas?
1577 1405 1721 1431 Nobiscum
1735 1413 1782 1431 nec
1791 1405 1880 1431 animo
1913 1432 1921 1441 ι

1086 1447 1156 1469 certe
1167 1447 1215 1473 est,
1229 1450 1277 1468 nec
1287 1450 1404 1477 corpore.
1444 1441 1471 1468 Si
1483 1447 1571 1468 autem
1583 1447 1627 1468 aut
1638 1442 1709 1468 domi
1721 1447 1761 1468 est
1771 1447 1817 1468 aut
1828 1450 1878 1468 non

1063 1477 1065 1493 i
1087 1481 1164 1516 longe
1175 1489 1189 1506 a
1201 1481 1288 1510 domo,
1302 1484 1372 1506 certe
1382 1480 1409 1506 in
1420 1479 1525 1506 Etruria
1536 1485 1585 1509 est,
1598 1480 1625 1506 id
1637 1484 1685 1510 est,
1698 1481 1725 1506 in
1735 1480 1788 1506 via.
1812 1478 1879 1511 Quis

1085 1518 1168 1553 igitur
1179 1517 1245 1544 mihi
1258 1521 1380 1552 praestat,
1390 1517 1532 1543 Lentonem
1544 1525 1598 1543 uno
1606 1518 1692 1551 capite
1703 1525 1762 1543 esse
1771 1521 1880 1543 conten-

1086 1554 1162 1581 tum‘?
1171 1555 1217 1581 Dic
1229 1554 1296 1581 mibi
1308 1559 1450 1589 praeterea,
1463 1555 1557 1585 Pansa,
1569 1554 1709 1581 Ventidius
1721 1554 1767 1580 ubi
1778 1554 1822 1583 sit,
1835 1554 1879 1580 cui

1087 1592 1124 1618 fui
1140 1600 1247 1627 semper
1261 1593 1378 1622 amicus,
1393 1597 1535 1626 antequam
1551 1591 1597 1618 ille
1612 1591 1774 1626 reipublicae
1788 1591 1880 1617 bonis-

1085 1638 1138 1664 que
1147 1629 1273 1656 omnibus
1285 1633 1337 1655 tam
1348 1634 1436 1663 aperte
1447 1634 1486 1655 est
1501 1628 1585 1655 factus
1597 1629 1731 1655 inimicus.
1767 1628 1878 1654 Possum

1085 1667 1205 1693 Cassiam
1215 1666 1307 1696 vitare,
1320 1670 1409 1692 tenere
1418 1665 1587 1692 Flaminiam.
1607 1665 1686 1698 Quid,
1699 1666 1722 1691 si
1733 1665 1876 1694 Anconam,

1085 1708 1115 1730 ut
1126 1703 1232 1734 dicitur,
1246 1703 1387 1729 Ventidius
1398 1703 1499 1729 venerit
1507 1723 1513 1732 ,
1526 1708 1650 1737 poterone
1661 1703 1811 1729 Ariminum
1823 1707 1880 1728 tuto

1085 1740 1226 1768 accedere?
1245 1741 1335 1767 Restat
1345 1740 1462 1766 Aurelia.
1503 1740 1549 1766 uic
1563 1740 1673 1774 quidem
1689 1740 1766 1766 etiam
1779 1740 1879 1774 praesi-

1084 1778 1127 1805 dia
1140 1778 1256 1804 habebo:
1270 1779 1453 1812 possessiones
1464 1778 1535 1803 enim
1547 1782 1609 1803 sunt
1624 1777 1652 1803 P.
1665 1777 1764 1804 Clodii:
1778 1782 1828 1803 tota
1841 1776 1880 1803 sa-

1085 1815 1158 1842 milia
1173 1819 1306 1842 occurret:
1330 1815 1446 1849 hospitio
1459 1814 1584 1841 invitabit
1598 1819 1704 1849 propter
1715 1813 1879 1840 familiarita-

1085 1858 1138 1879 tem
1150 1853 1327 1879 notissimam.
1368 1852 1402 1878 Χ.
1426 1853 1466 1878 25.
1488 1852 1566 1878 Hisce
1580 1860 1629 1887 ego
1640 1860 1682 1877 me
1694 1852 1745 1877 viis
1756 1852 1879 1877 commit-

1085 1895 1147 1921 tam,
1161 1891 1208 1925 qui
1219 1889 1416 1916 Terminalibus
1427 1898 1512 1924 nuper
1523 1890 1550 1915 in
1561 1889 1733 1915 suburbium.
1746 1893 1776 1914 ut
1785 1887 1878 1915 eodem

1084 1927 1127 1954 die
1139 1932 1296 1958 reverterer,
1309 1928 1347 1953 ire
1358 1936 1409 1953 non
1420 1935 1481 1953 sum
1491 1925 1592 1952 ausus?
1612 1926 1767 1952 Domesticis
1779 1933 1821 1952 me
1832 1934 1879 1960 pa-

1084 1965 1197 1991 rietibus
1213 1965 1259 1991 vix
1274 1969 1362 1994 tueor,
1379 1965 1438 1990 sine
1452 1964 1598 1990 amicorum
1609 1962 1748 1990 custodiis.
1787 1963 1878 1997 Itaque

1084 2003 1111 2028 in
1127 2002 1197 2028 Urbe
1213 2010 1315 2028 maneo.

1084 2039 1162 2066 sedes
1173 2044 1222 2070 est,
1236 2039 1300 2065 haec
1311 2039 1402 2075 vigilia
1410 2059 1416 2069 ,
1429 2038 1494 2065 haec
1504 2038 1624 2065 custodia
1632 2059 1638 2069 ,
1654 2037 1704 2064 boc
1714 2036 1878 2072 praesidium

1084 2078 1222 2103 stativum.
1263 2077 1379 2103 Teneant
1394 2076 1440 2102 alii
1459 2080 1557 2106 castra,
1580 2083 1673 2111 regna,
1694 2083 1736 2101 res
1752 2073 1876 2100 bellicas:

1084 2114 1187 2141 oderint
1207 2114 1324 2140 bostem:
1347 2122 1407 2140 nam
1419 2113 1469 2139 hoc
1479 2117 1559 2148 caput
1569 2117 1622 2139 est:
1635 2120 1695 2143 nos,
1717 2116 1748 2138 ut
1761 2111 1877 2137 dicimus

1084 2160 1244 2186 semperque
1260 2150 1386 2181 fecimus,
1403 2150 1501 2177 Urbem
1516 2154 1541 2176 et
1556 2158 1598 2176 res
1611 2149 1726 2176 urbanas
1738 2148 1876 2175 vobiscum

1084 2189 1182 2224 pariter
1202 2188 1346 2214 tuebimur.

1356 2001 1384 2028 Si
1400 2002 1439 2028 sic
1456 2001 1557 2031 licebit,
1575 2000 1698 2027 manebo.
1737 2000 1805 2026 Haec
1820 2007 1878 2026 mea
1911 1999 1913 2002 “

1385 2184 1478 2222 Neque
1498 2195 1561 2214 vero
1581 2195 1675 2213 recuso
1694 2194 1794 2212 munus
1812 2185 1875 2212 hoc:
1906 2184 1916 2209 ’ξ

1084 2234 1248 2261 quamquam
1264 2225 1394 2260 populum
1406 2225 1555 2251 Romanum
1571 2224 1649 2250 video
1661 2232 1708 2258 pro
1719 2231 1760 2249 me
1771 2231 1878 2249 recusa-
1903 2231 1908 2246 2

1084 2272 1121 2290 re.
1147 2264 1232 2293 Nemo
1241 2271 1284 2289 me
1295 2263 1385 2289 minus
1397 2262 1517 2292 timidus,
1531 2269 1609 2288 nemo
1618 2261 1728 2287 cautior.
1768 2260 1820 2286 Res
1831 2259 1876 2286 de-

1083 2300 1174 2326 clarat.
1214 2300 1368 2336 Vigesimus
1383 2308 1469 2326 annus
1484 2303 1538 2330 est,
1556 2306 1642 2333 quum
1652 2305 1745 2324 omnes
1756 2297 1877 2323 scelerati

1084 2346 1127 2364 me
1138 2346 1222 2364 unum
1234 2342 1338 2372 petunt.
1378 2337 1468 2371 ltaque
1479 2336 1541 2371 ipsi,
1557 2344 1590 2361 ne
1599 2335 1686 2361 dicam
1697 2334 1773 2364 mihi.
1787 2335 1878 2368 reipu-

1084 2375 1168 2401 blicae
1183 2383 1281 2410 poenas
1297 2374 1440 2401 dederunt:
1457 2382 1499 2400 me
1509 2372 1615 2399 salvum
1626 2371 1714 2398 adbuc
1725 2371 1877 2406 respublica

1083 2413 1251 2439 conservavit
1259 2411 1322 2438 sibi.
1361 2410 1466 2437 Timide
1477 2410 1526 2436 hoc
1536 2409 1636 2436 dicam:
1649 2409 1705 2435 scio
1715 2409 1786 2435 enim
1795 2408 1878 2443 quid-

1903 2296 1911 2317 i

1902 2323 1916 2342 ,ι

1902 2358 1907 2378 ι

1897 2403 1905 2439 l

1084 2450 1125 2476 vis
1136 2449 1238 2476 homini
1249 2449 1367 2475 accidere
1377 2456 1468 2483 posse:
1480 2451 1663 2473 verumtamen
1674 2445 1877 2472 semelcircum-
1899 2472 1905 2482 0

1084 2491 1176 2521 septus
1189 2486 1264 2512 lectis
1270 2486 1515 2512 valentissimorum
1526 2484 1666 2510 hominum
1678 2483 1781 2509 viribus
1791 2481 1876 2509 oeeidi
1899 2509 1902 2514 ,

1083 2525 1180 2554 sciens,
1197 2528 1227 2550 ut
1240 2523 1428 2550 honestissime
1439 2529 1581 2556 exsurgere
1591 2528 1708 2555 possem.
1748 2521 1790 2546 25.
1810 2519 1877 2546 Pos-
1895 2538 1899 2542 .

1083 2569 1180 2587 sumne
1190 2561 1272 2597 igitur
1282 2561 1346 2587 satis
1357 2559 1442 2586 videri
1451 2563 1554 2588 cautus,
1568 2559 1633 2584 satis
1643 2557 1785 2592 providus,
1797 2557 1875 2598 si'me

1084 2598 1146 2624 buic
1156 2598 1243 2624 itineri
1255 2602 1308 2624 tam
1324 2596 1432 2627 infesto,
1449 2600 1557 2630 tamque
1570 2594 1720 2630 periculoso
1732 2601 1875 2620 commise-

1083 2634 1130 2661 ro‘?
1149 2635 1267 2662 Gloriam
1278 2635 1306 2661 in
1317 2638 1400 2660 morte
1410 2633 1507 2659 debent
1520 2633 1553 2663 ii,
1569 2633 1656 2667 quiin
1667 2630 1803 2666 republica
1814 2638 1874 2656 ver-

242 2670 386 2699 praetoreS,
403 2676 455 2694 non
471 2670 608 2698 tribunum
624 2671 726 2707 plebis,
743 2680 795 2698 non
810 2671 864 2698 duo
878 2672 1032 2708 designatos
1051 2671 1057 2696 l
1083 2677 1188 2703 santur,
1205 2680 1257 2698 non
1272 2671 1367 2706 culpae
1380 2670 1612 2706 reprehensionem
1626 2673 1652 2695 et
1664 2668 1792 2695 stultitiae
1802 2667 1874 2693 vitu-
