1941 3052
13 2995 28 3052 ,ὓς
15 2939 22 2967 ,,,,
16 2867 25 2921 ,.,,
18 2823 19 2826 „

354 143 679 171 EPISTOLARUM
709 144 762 170 AD
791 143 1000 170 ATTICUM
1031 143 1110 169 LIB.
1133 142 1184 169 111.
1215 142 1326 168 EP.21
1350 142 1446 167 -Ξῖ,
1669 142 1712 167 ΒΗ

83 215 156 252 quod
167 215 244 242 libet:
261 223 315 242 uno
325 216 421 250 capite,
429 224 483 250 quo
494 215 646 246 revocabor,
660 214 749 249 (modo
760 223 801 241 res
813 223 877 240 con-

85 252 208 288 ficiatur,)
219 261 263 279 ero
274 257 424 279 contentus.
454 254 508 278 Iam
520 252 624 279 dudum
635 252 727 287 pudet,
741 257 793 278 tam
806 251 877 278 mul-

84 296 109 318 ta
119 290 247 317 scribere.
287 290 386 316 Vereor
397 291 481 320 enim,
499 298 545 321 ne,
564 299 591 316 re
603 291 656 316 iam
667 289 819 324 desperata,
839 288 877 314 le-

83 337 144 364 gas,
159 331 188 354 ut
198 327 263 354 haec
275 335 333 353 mea
344 327 484 362 diligentia
497 327 660 353 miserabilis
672 327 730 357 tibi,
745 326 805 353 aliis
817 326 878 352 irri-

84 365 171 392 denda
186 364 319 391 videatur.
361 364 413 390 Sed
429 365 453 390 si
467 369 507 390 est
522 364 625 399 aliquid
641 365 667 390 in
683 372 744 398 spe,
762 363 825 390 vide
841 362 878 388 le-

84 411 159 439 gem,
177 410 259 437 quam
271 402 300 428 T.
314 401 396 428 Fadio
407 402 516 436 scripsit
526 401 668 428 Visellius:
692 410 721 427 ea
738 400 806 427 milii
817 408 879 434 per-

84 439 180 475 placet.
216 440 284 465 Nam
296 438 381 465 Sextii
393 440 485 469 nostri,
499 447 581 474 quam
592 443 620 465 tu
632 438 683 464 tibi
693 438 801 473 probari
811 437 879 463 scri-

84 477 141 508 bis,
155 476 223 502 mihi
235 485 286 502 non
298 476 394 510 placet.
434 477 459 502 5.
482 477 569 502 Tertia
581 480 620 502 est
631 475 742 510 epistola
755 474 825 509 prid.
838 474 877 500 ld.

84 513 216 541 Novemb.
229 513 302 540 data:
316 514 343 539 in
355 522 406 548 qua
419 514 532 548 exponis
543 512 877 548 prudenteretdiligenter,

85 559 154 586 quae
170 551 237 582 sint,
255 559 324 586 quae
338 559 393 576 rem
409 550 538 577 distinere
555 550 708 583 videantur;
726 549 759 575 de
773 549 877 579 Crasso,

85 589 118 615 de
131 588 265 622 Pompeio,
279 588 312 614 de
323 588 429 614 ceteris.
465 587 552 620 Quare
563 596 609 614 oro
620 593 653 618 te,
668 591 705 618 ut,
719 587 741 612 si
753 595 806 620 qua
817 594 880 619 spes

85 626 148 657 erit,
162 634 240 660 posse
252 625 350 651 studiis
362 625 507 656 bonorum,
521 625 689 655 auctoritate,
706 623 880 650 multitudine

85 667 237 697 comparata
257 671 313 688 rem
328 662 436 694 confici,
457 662 505 688 des
518 671 640 696 operam,
663 666 693 687 ut
707 669 761 687 uno
777 661 880 694 impetu

87 699 281 735 perfringatur3
308 700 335 726 in
346 708 405 726 eam
418 708 475 726 rem
488 699 629 729 incumbas
640 703 795 732 ceterosque
806 697 881 723 exci—

86 742 136 765 tes.
177 738 234 767 Sin,
248 741 277 763 ut
287 745 336 772 ego
347 737 482 771 perspicio
493 745 577 771 quum
589 741 634 762 tua
645 736 806 764 coniectura,
824 739 881 761 tum

86 775 167 802 etiam
179 783 246 805 mea,
260 775 319 809 spei
330 774 398 800 nihil
410 779 461 807 est,
475 783 520 800 oro
531 774 703 808 obtestorque
715 777 748 803 te,
761 771 882 804 thuin—

87 817 144 839 tum
156 811 263 838 fratrem
280 820 366 842 ames,
384 820 465 846 quem
479 820 529 846 ego
539 811 669 837 miserum
680 810 778 836 misere
790 808 882 844 perdi-

87 849 128 882 di3
152 857 219 876 neve
235 848 302 884 quid
317 857 380 875 eum
394 849 495 884 patiare
511 848 621 883 gravius
637 846 778 874 consulere
793 846 826 872 de
842 854 880 877 se,

87 895 169 922 quam
185 885 310 920 expediat
325 886 422 912 sororis
436 890 496 912 tuae
508 885 573 912 filio.
613 885 703 911 Meum
715 884 880 914 Ciceronem,

87 925 132 950 cui
144 923 211 950 nihil
228 922 333 949 misello
348 922 485 958 relinquo⁷
503 927 606 957 praeter
621 921 754 948 invidiam
770 926 795 947 et
806 921 884 956 igno-

88 962 200 988 miniam
206 960 323 987 nominis
330 960 392 991 mei,
401 964 484 991 tuere,
493 960 582 995 quoad
593 960 705 995 poteris3
720 959 881 988 Terentiam,

87 1007 170 1025 unam
181 998 301 1024 omnium
313 998 594 1029 aerumnosissimam,
612 1001 746 1023 sustentes
758 997 812 1023 tuis
823 995 884 1022 offi-

87 1036 148 1062 ciis.
188 1035 244 1071 Ego
259 1035 286 1061 in
302 1035 415 1070 Epirum
435 1035 602 1070 proficiscar,
625 1043 711 1069 quum
735 1034 883 1068 primorum

87 1072 194 1100 dierum
210 1073 319 1099 nuntios
334 1081 473 1107 excepero.
514 1073 554 1099 Tu
566 1072 599 1099 ad
611 1080 667 1103 me,
682 1071 778 1102 velim,
792 1071 884 1106 proxi-

88 1111 141 1136 mis
157 1110 265 1141 litteris,
286 1114 316 1136 ut
330 1118 358 1136 se
375 1110 452 1137 initia
467 1109 603 1141 dederint,
623 1109 785 1145 perscribas.
825 1109 882 1135 Dat.

89 1147 159 1182 prid.
172 1147 231 1174 Kal.
244 1147 370 1174 Decemb.

141 1217 229 1238 XXIV.
258 1218 389 1243 (Dyirhachii,
398 1218 472 1240 Pisone,
483 1218 564 1236 Gabinio
574 1224 621 1236 coss.
632 1219 687 1239 69¹3.)

275 1261 441 1290 CICERO
470 1261 638 1289 ATTICO
667 1262 694 1289 S.

148 1302 171 1327 t.
192 1295 295 1332 Antea,
313 1309 398 1335 quum
410 1299 443 1326 ad
455 1308 497 1326 me
508 1300 701 1335 scripsissetis,
720 1303 808 1326 vestro
822 1306 887 1326 con-

89 1346 172 1365 sensu
184 1337 326 1365 consulum
339 1338 491 1373 provincias
502 1343 607 1364 ornatas
619 1346 687 1369 esse,
701 1338 751 1364 etsi
763 1337 884 1367 verebar,

89 1384 220 1411 quorsum
235 1375 261 1401 id
272 1384 399 1402 casurum
410 1380 493 1406 esset,
509 1380 598 1402 tamen
609 1375 765 1410 sperabam,
778 1383 825 1401 vos
837 1373 887 1400 ali-

89 1412 157 1448 quid
169 1412 313 1448 aliquando
325 1412 427 1439 vidisse
441 1413 615 1448 prudentius:
632 1417 806 1448 posteaquam
818 1411 886 1438 mihi

90 1455 116 1477 et
129 1450 232 1476 dictum
246 1455 286 1477 est
308 1454 333 1477 et
343 1451 484 1485 scriptum,
501 1451 674 1477 vehementer
683 1449 828 1477 consilium
840 1457 887 1476 ve-

90 1492 176 1514 strum
187 1487 361 1522 reprehendi,
378 1496 438 1514 sum
449 1489 567 1523 graviter
577 1492 739 1520 commotus,
757 1487 829 1522 quod
841 1486 886 1513 illa

90 1525 149 1560 ipsa
170 1534 232 1559 spes
248 1525 360 1560 exigua,
383 1533 452 1560 quae
471 1530 539 1557 erat,
563 1525 670 1552 videtur
690 1533 749 1552 esse
769 1524 885 1551 sublata.

90 1563 159 1589 Nam
174 1563 198 1588 si
212 1562 315 1589 tribuni
330 1562 418 1597 plebis
434 1562 512 1589 nobis
528 1567 700 1594 succensent,
718 1571 786 1597 quae
802 1566 888 1597 potest

90 1608 153 1635 spes
165 1599 241 1626 esse‘?
254 1599 292 1626 Ac
303 1599 429 1626 videntur
441 1601 498 1626 iure
510 1608 681 1631 succensere,
699 1608 785 1635 quum
801 1604 826 1626 et
840 1607 888 1625 ex-

91 1641 179 1672 pertes
190 1636 297 1663 consilii
310 1636 423 1668 fuerint,
436 1638 484 1672 qui
495 1646 619 1664 caussam
630 1641 747 1664 nostram
759 1644 888 1671 suscepe-

91 1678 160 1705 rant,
176 1678 201 1701 et
212 1679 300 1701 nostra
312 1675 484 1701 concessione
497 1683 605 1701 omnem
618 1675 674 1701 vim
686 1675 729 1701 sui
741 1674 808 1701 iuris
819 1674 888 1700 ami-

91 1712 188 1744 serint3
212 1712 370 1746 praesertim
381 1720 466 1747 quum
478 1713 514 1739 ita
525 1712 629 1743 dicant,
647 1720 676 1738 se
691 1716 781 1738 nostra
792 1719 887 1738 caussa

92 1748 211 1776 voluisse
217 1758 294 1776 suam
301 1753 457 1784 potestatem
464 1758 523 1776 esse
534 1749 567 1776 de
578 1749 738 1777 consulibus
748 1748 886 1780 ornandis,

91 1794 144 1813 non
156 1790 185 1812 ut
195 1794 240 1812 eos
251 1786 421 1821 impedirent,
434 1787 482 1813 sed
494 1791 523 1814 ut
533 1787 566 1814 ad
577 1792 695 1814 nostram
706 1795 829 1813 caussam
841 1785 889 1812 ad-

92 1823 243 1859 iungerent.
284 1825 370 1855 Nunc,
387 1825 411 1850 si
425 1824 550 1851 consules
562 1834 576 1852 a
586 1825 665 1851 nobis
676 1824 818 1851 alieniores
829 1832 889 1850 esse

92 1860 184 1891 velint,
194 1869 272 1896 posse
284 1861 312 1888 id
324 1861 407 1888 libere
419 1861 518 1895 sacere;
531 1863 574 1889 sin
586 1862 671 1889 velint
682 1866 770 1889 nostra
782 1870 886 1892 caussa,

93 1897 161 1924 nihil
173 1906 251 1932 posse
263 1907 291 1925 se
303 1899 406 1926 invitis.
441 1900 508 1925 Nam
519 1899 593 1934 quod
603 1900 710 1931 scribis,
725 1900 752 1926 ni
764 1899 799 1926 ita
811 1898 889 1926 vobis

92 1934 252 1969 placuisset,
274 1935 335 1962 illos
352 1936 401 1962 hoc
417 1936 489 1962 idem
508 1945 556 1971 per
570 1937 702 1972 populum
719 1941 889 1963 assecuturos

92 1971 191 2005 fuisse,
208 1973 301 1999 invitis
314 1973 431 1999 tribunis
442 1973 531 2008 plebis
543 1974 600 2000 lieri
613 1973 687 2000 nullo
699 1973 777 2000 modo
791 1974 887 2008 potuit.

92 2009 129 2036 Ita
142 2018 243 2040 vereor,
257 2018 290 2036 ne
301 2014 327 2037 et
337 2010 426 2036 studia
438 2011 608 2037 tribunorum
621 2011 802 2042 amiserimus,
815 2015 848 2041 et,
865 2010 889 2036 si

93 2046 182 2073 studia
190 2051 322 2078 maneant,
332 2047 452 2074 vinclum
465 2047 533 2074 illud
545 2047 780 2083 adiungendorum
791 2056 890 2074 consu-

94 2083 294 2111 lum-amissum
306 2085 350 2111 sit.
390 2086 415 2112 2.
439 2085 549 2112 Accedit
563 2085 638 2112 aliud
654 2094 705 2112 non
721 2093 835 2120 parvum
847 2085 890 2111 in-

93 2121 280 2153 commodum,
305 2121 377 2157 quod
393 2123 484 2158 gravis
500 2122 546 2149 illa
561 2123 666 2157 opinio,
684 2127 714 2149 ut
728 2122 840 2157 quidem
856 2121 890 2148 ad

94 2166 142 2185 nos
153 2158 346 2194 persei-ebatur,
355 2164 479 2186 senatum
491 2159 559 2186 nihil
571 2160 714 2186 decernere
725 2164 794 2191 ante,
808 2167 889 2194 quam

93 2195 126 2222 de
142 2196 220 2223 nobis
234 2201 323 2223 actum
339 2201 423 2228 esset,
444 2197 542 2223 amissa
559 2201 611 2228 est,
634 2198 790 2232 praesertim
813 2197 839 2223 in
860 2205 890 2223 en

93 2241 197 2264 caussa,
212 2242 280 2269 quae
292 2243 344 2261 non
356 2234 435 2261 modo
447 2234 597 2260 necessaria
609 2243 660 2261 non
673 2234 737 2265 fuit,
750 2234 798 2261 sed
809 2234 890 2260 etiam

94 2270 221 2298 inusitata
232 2280 261 2298 ac
274 2280 352 2298 nova.
394 2272 486 2306 Neque
498 2272 570 2297 euim
583 2280 712 2306 umquam
724 2271 838 2298 arbitror
848 2280 891 2298 or-

94 2312 169 2334 natas
181 2316 240 2335 esse
251 2309 404 2344 provincias
415 2309 630 2345 designatorum:
648 2313 690 2341 ut,
703 2317 788 2344 quum
802 2309 828 2335 iu
842 2309 891 2335 hoc

94 2344 140 2371 illa
151 2347 312 2378 constantia,
330 2355 383 2381 qua
399 2351 454 2373 erat
468 2355 526 2373 mea
537 2355 631 2372 caussa
643 2351 781 2381 suscepta,
799 2347 891 2372 immi-

95 2386 158 2408 nuta
174 2383 221 2414 sit,
238 2383 306 2410 nihil
323 2384 376 2410 iam
393 2384 477 2418 possit
491 2392 543 2410 non
553 2383 671 2409 decerni.
712 2384 761 2414 lis,
779 2383 811 2410 ad
823 2392 891 2418 quos

95 2418 208 2447 relatum
219 2426 268 2452 est,
281 2421 376 2448 amicis
387 2421 531 2456 placuisse,
545 2429 596 2448 non
609 2421 718 2447 mirum.
745 2421 807 2447 Erat
818 2421 891 2446 euim

94 2455 206 2484 difficile
218 2459 348 2493 reperire,
366 2459 415 2494 qui
430 2463 521 2486 contra
536 2462 606 2485 tanta
623 2457 762 2484 commoda
774 2457 890 2484 duorum

94 2494 237 2521 consulum
252 2495 340 2530 palam
361 2497 520 2523 sententiam
546 2496 656 2522 diceret.
697 2495 758 2522 Fuit
781 2495 891 2521 omniuo

95 2530 208 2559 difficile
220 2541 271 2560 non
282 2533 397 2569 obsequi
408 2533 451 2561 vei
463 2534 629 2560 amicissimo
641 2532 753 2562 homiui,
768 2531 889 2563 Lentulo,

96 2569 138 2597 vel
150 2570 268 2601 Metello,
290 2571 337 2606 qui
349 2571 514 2598 simultatem
527 2570 724 2597 humanissime
735 2569 890 2604 deponeret.

96 2607 149 2635 Sed
161 2616 266 2639 vereor,
284 2616 330 2639 ne,
348 2608 397 2635 hos
413 2617 499 2644 quum
514 2613 601 2635 tamen
613 2612 701 2634 tenere
714 2607 890 2641 potuerimus,

96 2644 218 2672 tribunos
230 2644 318 2680 plebis
329 2646 510 2673 amiserimus.
531 2646 599 2672 llaec
610 2654 652 2671 res
662 2643 892 2679 quemadmodum

95 2682 232 2715 ceciderit,
246 2687 271 2710 et
282 2687 334 2711 tota
344 2691 386 2711 res
396 2692 450 2720 quo
463 2683 519 2711 loco
529 2684 573 2716 sit,
587 2681 669 2710 velim
681 2681 714 2708 ud
726 2690 767 2709 me
779 2681 891 2715 scribas,

927 214 1007 243 etita,
1022 218 1050 240 ut
1063 213 1213 239 instituisti.
1245 213 1312 238 Nam
1324 213 1373 238 ista
1386 212 1492 242 veritas,
1506 211 1611 237 etiamsi
1623 210 1720 236 iucun-

928 250 960 276 da
977 259 1029 277 non
1045 255 1097 281 est,
1120 250 1188 276 mihi
1204 255 1291 276 tamen
1307 254 1380 285 grata
1399 254 1449 276 est.
1489 249 1545 275 Dat.
1563 256 1598 274 ιν.
1616 246 1655 274 Id.
1671 248 1721 273 De-

928 288 1029 314 cembr.

982 357 1057 377 XXV.
1086 357 1214 381 (Dyrrhachii,
1224 358 1297 378 Pisone,
1307 357 1387 375 Gabinio
1397 363 1443 374 coss.
1453 358 1509 379 696.)

1115 400 1282 427 CICERO
1310 399 1478 426 ATTICO
1508 399 1536 426 S.

986 434 1051 464 Post
1071 443 1147 464 tuum
1167 447 1180 464 a
1201 446 1242 463 me
1263 437 1413 463 discessum
1430 437 1531 463 litterae
1553 435 1621 462 mihi
1640 435 1722 461 Roma

930 475 1023 501 allatae
1038 480 1114 506 sunt,
1135 484 1169 501 ex
1182 475 1283 509 quibus
1299 475 1432 509 perspicio
1449 474 1526 500 nobis
1548 474 1573 500 in
1589 473 1638 499 hac
1653 472 1724 498 cala-

931 513 1021 539 mitate
1034 512 1225 538 tabescendum
1237 520 1308 538 esse:
1326 520 1412 546 neque
1424 512 1505 541 enim,
1520 511 1576 545 (sed
1588 510 1684 536 bonam
1697 510 1723 535 in

931 554 1033 584 partem
1044 549 1181 584 aceipies,)
1197 550 1220 575 si
1230 548 1284 575 ulla
1295 558 1357 583 spes
1368 548 1463 575 salutis
1475 553 1578 574 nostrae
1590 547 1722 576 subesset,

932 592 959 613 tu
979 595 1026 621 pro
1046 591 1090 613 tuo
1110 595 1198 613 amore
1219 587 1247 612 in
1267 595 1309 612 me
1331 586 1380 612 hoc
1401 590 1518 620 tempore
1539 585 1722 611 discessisses.

932 624 984 650 Sed
999 632 1031 650 ne
1048 624 1158 659 ingrati,
1181 628 1226 649 aut
1237 632 1269 649 ne
1280 623 1369 649 omnia
1380 622 1449 649 velle
1466 623 1606 649 nobiscum
1620 630 1671 647 una
1684 622 1726 647 in-

932 662 1011 687 terire
1026 661 1175 691 videamur,
1194 661 1244 687 hoc
1258 661 1360 687 omitto.
1401 660 1470 686 lllud
1481 660 1564 686 abste
1582 664 1655 693 peto.
1678 658 1725 684 des

931 707 1054 733 operam,
1072 698 1100 724 id
1115 697 1187 732 quod
1199 698 1267 724 mihi
1279 697 1426 728 affirmasti,
1440 702 1469 724 ut
1480 702 1504 724 te
1515 701 1574 723 ante
1586 696 1644 723 Kal.
1658 696 1723 725 lan.,

934 735 1100 770 ubicumque
1111 736 1221 766 erimus,
1235 735 1324 761 sistas.

986 804 1072 825 XXVI.
1101 805 1229 830 (Dyrrhachii,
1238 806 1312 827 Pisone,
1321 805 1401 822 Gabinio
1412 812 1457 822 coss.
1469 807 1524 825 596.)

1117 844 1285 872 CICERO
1314 843 1482 871 ATTlco
1511 843 1539 870 S.

988 879 1109 910 Litterae
1119 882 1187 908 mihi
1199 892 1213 909 a
1223 882 1322 914 Quinto
1334 881 1413 908 fratre
1426 890 1488 908 cum
1499 885 1608 907 senatus
1619 880 1728 906 consul—

934 927 968 953 to,
982 921 1054 956 quod
1066 920 1098 946 de
1110 928 1152 946 me
1164 924 1204 946 est
1218 919 1326 950 factum,
1341 918 1434 945 allatae
1445 923 1517 945 sunt.
1553 918 1621 944 Mihi
1633 918 1658 943 in
1671 918 1729 942 ani-

935 967 978 985 mo
989 963 1042 989 est,
1060 957 1151 993 legum
1166 956 1291 983 lationem
1302 961 1470 991 exspectare,
1487 960 1512 982 et
1529 955 1552 981 si
1568 954 1729 981 obtrectabi-

936 1001 987 1027 tur,
1000 1001 1059 1022 utar
1070 994 1224 1022 auctoritate
1236 998 1353 1025 senatus,
1367 998 1393 1020 et
1403 994 1492 1028 potius
1503 993 1571 1023 vita,
1590 1000 1670 1027 quam
1683 1000 1730 1026 pa-

935 1034 994 1065 tria,
1006 1033 1112 1060 carebo.
1153 1032 1202 1063 Tu,
1215 1040 1324 1067 quaeso,
1338 1030 1434 1058 festina
1446 1030 1478 1057 ad
1491 1039 1537 1057 nos
1549 1030 1650 1056 venire.

989 1118 1087 1140 xxvn.
1116 1119 1328 1143 (nysi-imcliii,1’i>0ue,
1338 1118 1418 1136 cauno
1429 1126 1475 1136 ω...
1486 1120 1540 1140 «μμ»,

1118 1161 1286 1190 CICERO
1315 1161 1484 1188 ATTICO
1514 1161 1543 1188 S.

994 1206 1039 1236 Ex
1053 1209 1108 1236 tuis
1124 1208 1219 1235 litteris
1234 1212 1260 1235 et
1275 1217 1308 1234 ex
1324 1216 1351 1234 re
1366 1208 1424 1242 ipsa
1436 1216 1483 1234 nos
1495 1206 1617 1233 funditus
1630 1207 1731 1240 perisse

938 1248 1026 1274 video.
1067 1247 1103 1273 Te
1117 1255 1175 1277 oro,
1192 1250 1234 1277 ut,
1251 1245 1353 1280 quibus
1368 1246 1397 1271 in
1413 1245 1494 1271 rebus
1510 1245 1563 1270 mei
1575 1244 1613 1270 tui
1626 1243 1732 1278 indige-

937 1285 1017 1316 bunt,
1036 1284 1134 1311 nostris
1150 1283 1268 1310 miseriis
1285 1291 1318 1309 ne
1329 1282 1412 1309 desis.
1452 1282 1509 1318 Ego
1524 1287 1561 1312 te,
1579 1286 1609 1308 ut
1623 1280 1729 1310 scribis.

937 1325 990 1351 cito
1001 1321 1109 1350 videbo.

1235 1394 1440 1410 ——040—

1317 1559 1358 1584 93.

1085 1623 1255 1652 LIBER
1304 1619 1585 1657 QUARTUS.

992 1742 1070 1763 ARG.
1091 1743 1138 1764 Hoc
1154 1742 1211 1763 lihrn
1225 1745 1329 1769 quattuor
1343 1747 1448 1761 annorum
1463 1738 1606 1760 eontinentur
1619 1737 1736 1765 epi-telae.

939 1784 1029 1804 querum
1037 1781 1080 1798 tres
1088 1778 1179 1805 primae,
1187 1780 1211 1799 P.
1219 1776 1312 1798 Lentulo
1320 1775 1446 1803 Spinthere,
1455 1778 1480 1798 η.
1488 1773 1578 1795 Metello
1586 1774 1672 1799 Nepote
1679 1780 1736 1793 cluss.

940 1815 1010 1840 (097.)
1021 1813 1117 1840 scriptae
1128 1816 1179 1833 nunt
1189 1813 1216 1834 ile
1225 1812 1299 1833 reditu
1310 1811 1438 1835 Ciceronis,
1454 1809 1509 1838 prid.
1522 1810 1577 1830 Non.
1589 1806 1734 1835 Septembris,

939 1848 1118 1873 duodevigesimo
1129 1851 1180 1875 post
1190 1848 1263 1873 fugant
1275 1854 1348 1867 mense
1358 1845 1455 1867 reveni«.
1473 1844 1586 1869 Quomodo
1598 1850 1650 1863 ἢτοι
1659 1843 1735 1862 dumus

939 1883 1012 1908 illins,
1023 1883 1150 1911 pontificum
1161 1882 1279 1903 sententiis
1291 1882 1385 1903 lilnerntn
1395 1880 1474 1904 fuerin
1485 1880 1561 1900 dumus
1572 1885 1596 1899 nt
1603 1877 1657 1898 villu
1664 1876 1736 1904 puhli—

939 1925 964 1940 cu
974 1918 1067 1946 pecnnia
1078 1918 1206 1939 restitutae:
1218 1921 1239 1939 et
1249 1924 1313 1944 quum
1324 1917 1346 1937 in
1358 1916 1430 1937 reditu
1441 1915 1488 1936 eiu·
1499 1920 1582 1935 summa
1593 1918 1692 1933 annuntie
1701 1919 1735 1932 tn-

941 1954 995 1975 ritus
1006 1956 1072 1979 esset,
1084 1954 1125 1975 SC.
1137 1953 1160 1974 in
1171 1953 1302 1974 sententium
1312 1952 1376 1973 illius
1387 1952 1467 1972 factum
1478 1954 1519 1974 est,
1531 1956 1572 1976 quo
1583 1949 1622 1969 Cu.
1632 1947 1736 1974 Pompeio

941 1989 973 2010 rei
984 1988 1142 2010 frumentariae
1152 1995 1191 2015 per
1198 1987 1371 2015 quinquennium
1383 1992 1434 2007 tura
1444 1986 1548 2008 dabutur,
1560 1991 1607 2004 rum
1615 1983 1689 2003 eodem
1697 1982 1736 2002 im-

941 2024 1011 2051 perio,
1022 2024 1079 2051 quud
1090 2023 1109 2044 is
1120 2023 1178 2044 hello
1188 2022 1283 2050 piratico
1295 2022 1422 2046 imbuisset,
1434 2021 1498 2043 item,
1509 2022 1532 2040 ut
1544 2019 1572 2039 Τ.
1585 2018 1671 2038 Annius
1682 2016 1736 2037 Mil..

941 2066 1007 2087 saepe
1016 2066 1063 2080 cum
1074 2058 1154 2080 Clodio
1161 2074 1166 2083 ,
1178 2057 1302 2078 aedilitatis
1312 2057 1441 2080 candidatu,
1453 2062 1516 2076 mauu
1526 2053 1636 2080 oniiisque
1646 2052 1736 2073 «limien-

941 2094 1009 2118 verit,
1025 2101 1052 2114 ne
1067 2093 1115 2114 eins
1130 2093 1220 2114 comitia
1231 2093 1371 2113 haberentur.
1396 2092 1420 2112 lu
1431 2089 1539 2118 proximis
1551 2088 1666 2116 epi-tulis,
1683 2094 1738 2114 quae

941 2130 981 2151 en.
992 2128 1086 2150 Lentulo
1096 2128 1226 2150 Marcellino
1238 2131 1260 2148 et
1270 2128 1294 2148 L.
1306 2126 1479 2153 Philippum-1.
1491 2124 1588 2151 scriptae
1603 2127 1652 2144 sunt
1661 2139 1666 2146 ,
1681 2122 1737 2142 nihil

942 2167 975 2184 ent
991 2163 1086 2184 lii-(oria
1101 2163 1203 2188 dignum,
1223 2162 1268 2183 nisi
1283 2163 1310 2183 ilo
1324 2161 1381 2182 initu
1395 2161 1451 2188 apud
1463 2161 1577 2181 cae-arem
1587 2157 1658 2183 gratia
1670 2158 1695 2177 V.
1708 2157 1735 2177 tf.

941 2202 1018 2220 xvnl.
1034 2199 1060 2219 tle
1076 2198 1215 2225 Arpinatium
1231 2197 1253 2218 iu
1265 2199 1291 2221 Q.
1303 2197 1391 2217 frum-ui
1403 2195 1444 2215 irin
1455 2198 1498 2215 ΠΙ.
1515 2193 1553 2220 qni
1563 2192 1629 2213 etium
1642 2192 1689 2212 foro
1700 2198 1738 2218 per

942 2233 984 2254 vim
995 2233 1072 2261 pul-un
1083 2233 1126 2258 sit,
1137 2240 1200 2253 nervo
1210 2232 1282 2256 inim,
1293 2231 1330 2258 qui
1341 2231 1449 2251 lucerna-u
1461 2229 1610 2256 praeferebat,
1621 2227 1737 2247 interfecto

944 2273 998 2290 vlu.
1016 2270 1035 2289 l».
1057 2268 1155 2289 Litterae
1170 2269 1209 2288 (¹¹1.
1225 2266 1330 2294 Pompeio
1346 2270 1371 2286 11.
1389 2266 1417 2286 Μ.
1429 2265 1510 2284 Crnno
1528 2267 1553 2284 ιι.
1569 2270 1596 2283 ex
1612 2262 1737 2285 interregno

942 2303 1023 2325 ereuti-
1033 2311 1090 2324 roan.
1103 2306 1173 2328 (609.)
1187 2301 1283 2329 neripuu·
1301 2300 1394 2321 reditum
1411 2298 1533 2319 Ptolemaei
1548 2298 1570 2318 iu
1587 2304 1674 2318 refluum
1686 2295 1738 2316 uri·

942 2339 994 2360 etim
1009 2338 1119 2362 nltinixunt
1134 2341 1151 2358 Χ
1165 2347 1169 2358 :
1184 2341 1324 2363 turpemque,
1339 2335 1436 2355 ilii-nrum
1450 2332 1620 2354 oliuuutintiouo
1631 2331 1737 2352 neclecta.

943 2374 1018 2395 Crnni
1032 2372 1190 2401 profectionem
1202 2369 1459 2397 iuSyrinmproxinciam
1473 2365 1737 2393 Mil.Deuiqueliueme,

943 2410 999 2437 App.
1012 2408 1106 2429 Clau-lio
1117 2410 1136 2428 et
1149 2408 1172 2428 L.
1185 2405 1282 2427 [inmitia
1291 2412 1348 2426 cnut,
1360 2405 1430 2429 (700.)
1441 2404 1505 2423 alatne
1517 2405 1569 2423 λη’.
1582 2406 1622 2421 etr.
1635 2399 1738 2421 ‹nii-tint·-

943 2449 1012 2464 turum
1024 2443 1128 2464 nmhituni
1139 2447 1159 2462 et
1171 2441 1333 2463 cuiuouthuwm
1345 2439 1437 2462 liuhi-nh,
1453 2444 1508 2464 qnne
1522 2440 1584 2456 taut·
1599 2435 1641 2456 fuit
1650 2451 1655 2458 ,
1671 2439 1693 2456 ιιι
1708 2436 1737 2455 Μ.

943 2479 1048 2501 Men-ullu
1067 2482 1088 2499 et
1107 2480 1146 2498 (711.
1166 2475 1279 2498 Domitius
1298 2482 1325 2496 οι
1340 2474 1478 2498 interregno,
1497 2471 1590 2498 nepti-uo
1606 2470 1671 2491 Ιηιίιιι
1687 2470 1739 2490 nuni

944 2520 1017 2534 :tienne
1026 2512 1129 2534 ‹nnmlo-
1140 2511 1260 2532 renuntiati
1271 2511 1308 2531 xix
1320 2509 1413 2535 denique
1424 2507 1516 2528 fuerint:
1528 2506 1625 2532 idque-(1.
1633 2504 1738 2532 Pon-poio

944 2549 1001 2569 Rufo
1012 2548 1101 2569 tribuno
1112 2547 1141 2574 pl,
1154 2546 1191 2573 qui
1201 2544 1398 2567 interven-ionibus
1408 2542 1498 2564 munina
1513 2541 1617 2564 tollebat,
1633 2540 1655 2560 in
1666 2546 1738 2560 ‹nne-

944 2591 988 2604 rem
998 2583 1097 2604 coniecto
1109 2589 1136 2603 ex
1146 2583 1187 2602 Μ’.
1198 2581 1333 2607 ceteri-que,
1351 2580 1370 2600 ni
1382 2579 1431 2606 ιμιὶι
1442 2577 1549 2605 impedire
1559 2579 1687 2599 cunni-etur,
1702 2575 1738 2594 ‹le-

944 2618 1029 2639 tei-riti·
1040 2621 1095 2639 xvi.
1114 2617 1243 2642 Siguiticnut
1256 2616 1320 2637 utinm
1331 2616 1358 2635 de
1368 2615 1393 2634 Δ.
1406 2612 1497 2634 Gabinii
1508 2611 1579 2632 mutu
1591 2615 1740 2636 :turturumque

945 2654 967 2674 in
978 2655 1058 2675 Urhem
1069 2653 1178 2677 iugi-unu,
1189 2652 1216 2672 ilo
1226 2649 1439 2671 omniumhumiuum
1450 2648 1500 2669 odiu
1512 2647 1617 2668 alvernu-
1627 2645 1701 2666 illum:
1713 2645 1739 2664 tle

945 2688 1093 2714 ‹icen-atione,
1100 2687 1239 2716 quoilcuntrn
1249 2684 1463 2713 sunnin-populique
1471 2682 1578 2704 iudicium
1589 2680 1739 2703 Ptolemaeum

1484 2722 1535 2748 106
