1941 3052
239 130 299 154 tttzt)
797 126 852 150 ttlt.
888 123 922 149 M.
953 123 983 149 Τ.

235 209 263 224 ιιι·
267 200 311 225 tio.

235 283 262 298 st·
275 278 367 306 expett-
363 271 449 297 ·ndatn
463 279 522 302 niaf.¹
517 270 682 297 'inhortatur
691 268 1022 302 (quamnupt-rioruoninta.

1015 123 1288 148 tzttztittoxts

353 198 525 231 [1⁸11nmqiieris
540 201 580 221 ωιι
600 196 671 221 enim
687 200 712 220 ct
726 199 785 228 post
799 194 896 223 oritur,
915 192 1022 219 utdixi.
1043 193 1053 218 l'
1074 193 1150 225 Quod
1169 198 1210 219 est
1231 193 1344 223 bonum,
1366 201 1444 220 omne
1464 193 1598 220 laudabile
1613 198 1666 220 ent:
1688 194 1760 229 quod
1776 200 1864 221 nutem

237 237 281 262 luat
303 241 387 261 tnnwn
410 244 438 259 ca
455 233 604 258 -ιι--ιιιιιιιιιιιι
622 236 756 259 ruituram
775 231 911 265 multoque
929 240 976 256 nos
991 230 1023 255 ad
1051 229 1053 266 l
1077 230 1212 256 laudabile
1232 235 1285 261 est,
1307 239 1386 256 omne
1408 236 1449 257 eat
1467 231 1619 257 bont-ntum.

1044 281 1053 291 ,ι
1075 267 1146 302 «prod
1158 272 1212 297 eat,
1230 267 1370 293 honestum
1386 273 1435 294 est.

1660 231 1761 258 Bonum
1783 233 1866 267 igitur

1475 268 1580 294 Satisne
1592 268 1641 294 boc
1651 269 1809 295 conclusum
1825 270 1867 296 vi·

235 311 269 335 S.
272 310 287 335 d
301 319 332 335 ex
346 309 393 334 bo(-
406 308 521 342 primum
533 315 604 331 error
617 305 749 331 tollendus
760 310 812 335 est,
827 314 858 331 ne
873 305 935 339 quis
948 304 1024 339 sequi
1044 322 1053 338 ,
1076 305 1166 330 detur.
1158 304 1171 321 ⁹
1193 305 1278 330 (Ἣοῐιο
1300 305 1376 336 Quod
1391 306 1462 331 enim
1473 305 1533 331 ets-e
1537 306 1639 332 iebatur
1649 314 1683 332 cx
1695 306 1737 332 bis
1747 306 1864 336 duobus

235 357 248 372 t
254 352 358 373 xistum
363 350 383 372 t
399 349 427 370 ut
439 344 492 369 duo
504 344 558 369 sint
571 343 663 368 ultima
677 343 817 368 boimrum.
859 342 890 368 Ut
901 343 987 371 enirn,
1001 342 1023 367 si

235 385 277 409 cui
291 382 455 417 Ιπιιμιικιιιιιιι
467 382 514 410 sit,
532 380 629 405 collint
632 389 675 405 are
691 380 792 405 hastam
805 379 909 414 aliquo
926 384 971 405 aut
983 388 1025 404 sa-

234 422 290 454 gitt
286 429 342 449 ιιιιι,
365 419 435 444 sicut
447 427 493 444 nos
506 417 649 443 ultimum'
645 426 670 443 tn
683 417 759 443 bonis
773 417 903 442 dicimus:

236 457 319 483 favere
330 456 432 483 omnia,
445 464 513 489 quae
527 455 622 489 [amsii.
638 459 665 480 ιιι
676 454 808 480 collinet-t.
851 454 916 479 lluic
930 454 955 479 in
967 463 980 478 t·
985 454 1026 479 ius

235 493 413 520 similitudine
428 492 517 518 omnia
533 492 587 518 sint
599 491 732 521 facienda,
748 496 775 517 ut
785 490 922 523 collineet3
949 495 974 516 et
988 495 1026 516 ta-

236 540 294 557 men
313 535 340 556 ut
353 530 441 555 omnia
455 528 545 560 saciat,
566 538 620 563 quo
632 529 797 563 propositum
809 533 976 562 assequatur,
992 528 1027 553 sit

236 569 298 598 boc,
311 568 389 602 quasi
401 566 541 597 ultimum,
573 566 652 600 quale
664 576 710 592 nos
721 574 859 592 summurn
875 566 900 591 in
915 565 1026 591 vitabo-

236 614 299 631 num
316 605 447 630 dicimus:
481 603 547 629 illud
559 608 662 633 autem.
677 608 704 629 ut
715 603 803 633 feriat,
819 603 896 637 quasi
909 602 1026 636 seligen-

235 643 313 670 dum.
329 650 379 668 non
391 641 583 676 expetendum.
615 641 669 667 Vll.
682 642 723 666 ¹21³.
736 642 825 672 Quum
837 645 924 666 autem
937 640 1025 665 onmia

234 680 321 705 osticia
342 688 355 704 a
373 679 514 713 principiis
531 683 638 704 naturae
649 678 863 713 proficiscantur,
881 677 915 703 ab
930 676 1025 703 iisdem

236 726 344 743 necesse
359 720 399 742 est
415 716 546 750 proticisci
561 717 646 750 ipsam
657 716 827 750 sapientiam.
868 714 920 740 Sed
931 722 1027 749 quem—

235 753 380 780 admodum
396 762 474 787 saept·
492 753 531 782 lit,
557 758 584 779 ut
597 754 632 782 is.
655 753 702 787 qui
717 751 920 778 commendatus
932 752 967 777 sit
978 751 1027 777 nli-

234 791 288 821 cui,
302 790 388 826 pluris
399 799 461 816 eum
478 789 563 820 faciat,
577 791 620 816 cui
631 789 833 816 commendatus
844 790 888 819 sit,
901 798 982 823 quam
995 788 1028 814 il-

237 828 302 858 lum,
316 837 329 854 a
341 836 394 862 quo
405 828 452 855 sit:
480 828 519 853 sic
532 827 643 853 minime
656 828 753 853 mirum
766 832 814 856 est,
828 827 915 861 primo
926 835 973 852 nos
984 834 1028 851 sa-
1048 834 1049 838 ¹

236 865 351 900 pientiae
372 864 555 890 commendari
576 864 609 890 ab
626 865 710 890 initiis
727 869 849 894 naturae,
869 868 927 898 post
938 868 1026 889 autem
1048 879 1049 901 3

236 903 323 937 ipsam
347 902 506 936 sapientiam
533 901 610 927 nobis
630 902 759 927 cariorem
781 901 850 931 fieri,

235 941 298 969 sint,
312 939 438 974 aquibus
449 939 561 965 adhunc
573 939 736 965 venerimus.

880 910 961 935 quam
984 900 1027 926 illa

235 1014 295 1040 data
311 1022 369 1040 esse
385 1012 564 1049 apparea[n]t:
597 1014 636 1040 sic
647 1013 775 1048 appetitio
786 1013 882 1043 animi,
903 1021 971 1047 quae
983 1012 1028 1046 ‹39-

235 1051 269 1086 μή
290 1051 390 1077 Graece
415 1055 536 1081 vocatur,
555 1059 606 1076 non
618 1050 650 1076 ad
662 1050 778 1085 quodvis
789 1059 876 1085 genus
888 1050 966 1079 vitae,
980 1049 1027 1075 sed
1048 1065 1049 1082 2

236 1088 269 1114 ad
285 1087 429 1122 quamdam
448 1087 558 1113 formam
570 1087 680 1114 vivendi
693 1087 882 1113 videturdata:
910 1087 1026 1121 itemque
1048 1095 1049 1101 ¹

691 1126 731 1151 24.
760 1124 792 1150 Ut
809 1125 882 1150 enim
904 1124 1026 1150 histrioni
1048 1154 1049 1158 Ἰ

236 1130 261 1151 et
291 1126 356 1151 ratio
385 1130 411 1151 et
436 1124 550 1159 perfecta
577 1125 651 1151 ratio.

237 1163 318 1192 actio,
336 1161 453 1188 saltatori
466 1167 562 1192 motus,
577 1171 628 1188 non
640 1162 741 1196 quivis,
757 1161 804 1187 sed
816 1166 904 1187 certus
915 1161 1027 1196 quidam

236 1205 276 1226 est
296 1199 387 1225 datus:
422 1199 460 1225 sic
476 1199 530 1225 vita
541 1199 643 1234 agenda
655 1203 694 1225 est
707 1203 778 1225 certo
789 1207 886 1233 genere
897 1198 1024 1233 quodam,

237 1246 288 1263 non
299 1236 433 1271 quolibet:
452 1235 523 1271 quod
534 1244 620 1270 genus
631 1236 794 1262 conveniens
803 1241 1028 1262 consentaneum-

236 1282 288 1308 que
304 1274 431 1299 dicimus.
473 1273 527 1299 Nec
538 1274 610 1299 enim
621 1273 810 1308 gubernationi
821 1278 867 1298 aut
879 1273 1027 1299 medicinae

236 1310 353 1337 similem
369 1310 529 1344 sapientiam
545 1318 603 1336 esse
619 1310 793 1340 arbitramur,
814 1310 861 1336 sed
878 1311 975 1336 actioni
987 1310 1027 1336 illi

236 1349 334 1383 potius,
360 1356 441 1382 quam
463 1347 541 1374 modo
567 1347 639 1378 dixi.
661 1352 687 1374 et
707 1347 854 1378 saltationi,
877 1353 906 1374 ut
926 1349 952 1374 in
969 1348 1027 1381 ipsa

236 1386 313 1416 insit,
332 1393 383 1410 non
399 1384 463 1411 foris
479 1389 584 1419 petatur
597 1390 762 1416 extremuni,
779 1384 806 1410 id
817 1389 871 1416 est,
888 1385 952 1411 artis
963 1384 1027 1410 effe-

235 1423 296 1449 ctio.
337 1422 369 1448 Et
393 1426 481 1448 tamen
506 1427 546 1448 est
569 1423 649 1448 etiam
675 1422 726 1448 alia
751 1430 812 1448 cum
834 1423 876 1448 his
896 1423 964 1456 ipsis
985 1430 1028 1448 ar-

236 1460 308 1486 tibus
320 1459 466 1493 sapientiae
477 1459 685 1486 dissimilitudo:
719 1464 856 1494 propterea
867 1459 939 1494 quod
956 1460 981 1485 in
995 1459 1028 1485 il-

236 1496 282 1527 lis,
308 1504 376 1531 quae
400 1501 469 1522 recte
490 1496 556 1523 facta
576 1502 652 1526 sunt,
678 1505 730 1523 non
749 1497 919 1523 continentur
940 1501 1026 1523 tamen

235 1543 327 1560 omnes
348 1538 450 1568 partes,
472 1542 486 1559 e
501 1534 602 1568 quibus
621 1539 751 1560 constant.
792 1533 865 1566 Quae
878 1538 967 1560 autem
979 1543 1026 1561 nos

235 1576 281 1597 aut
297 1576 365 1597 recta
381 1575 427 1597 aut
442 1575 510 1597 recte
527 1570 594 1598 facta
610 1571 747 1602 dicamus,
764 1571 788 1597 si
800 1571 899 1606 placet,
916 1571 966 1605 (illi
978 1580 1028 1598 au-

236 1613 288 1635 tem
304 1607 440 1643 appellant
454 1608 660 1644 κατορθώματη)
674 1617 767 1635 omnes
781 1617 908 1635 numeros
920 1608 1026 1635 virtutis

235 1646 380 1672 continent.
421 1644 481 1671 Sola
502 1645 574 1671 enim
594 1646 725 1680 sapientia
745 1646 772 1672 in
787 1654 816 1672 se
832 1651 884 1672 tota
899 1654 1027 1672 conversa

239 1688 292 1709 cst:
325 1682 396 1717 quod
409 1682 480 1708 idem
497 1682 524 1708 in
538 1684 633 1709 ceteris
644 1683 747 1709 artibus
758 1692 811 1709 non
823 1683 860 1710 fit.
910 1684 953 1710 25.
983 1684 1028 1710 In-

236 1721 300 1746 scite
317 1725 404 1746 autem
417 1719 566 1746 medicinae
577 1725 602 1746 et
612 1720 815 1756 gubernationis
826 1720 953 1747 ultimum
964 1729 1026 1747 cum

237 1757 332 1783 ultimo
359 1757 506 1791 sapientiae
530 1762 708 1791 comparatur.
749 1757 884 1792 Sapientia
909 1759 981 1784 enim
1002 1762 1028 1784 et

236 1795 319 1820 animi
335 1793 549 1829 magnitudinem
568 1794 768 1829 complectitur,
782 1799 808 1821 et
821 1794 966 1826 iustitiam,
981 1793 1025 1831 [et]

237 1836 266 1857 ut
285 1832 390 1862 omnia,
412 1839 482 1866 quae
502 1831 606 1858 homini
626 1831 760 1862 accidant,
779 1831 846 1858 inl'ra
862 1840 891 1858 se
906 1840 965 1858 esse
984 1833 1028 1858 iu—

236 1868 319 1894 dicet:
351 1868 423 1903 quod
444 1868 516 1894 idem
536 1869 563 1895 in
582 1869 677 1895 ceteris
698 1869 801 1895 artibus
817 1877 869 1895 non
885 1869 1025 1904 contingit.

236 1905 335 1931 Tenere
354 1910 442 1931 autem
463 1906 575 1932 virtutes
590 1914 635 1932 eas
645 1907 732 1940 ipsas,
749 1914 863 1940 quarum
883 1906 962 1932 modo
977 1906 1028 1932 feci

238 1944 414 1973 mentionem,
438 1950 515 1969 nemo
531 1943 639 1976 poterit,
657 1943 710 1969 nisi
726 1943 860 1973 statuerit,
879 1943 1025 1974 nibilesse,

237 1979 310 2014 quod
326 1979 442 2009 intersit,
467 1984 513 2006 aut
527 1979 631 2006 differat
646 1979 719 2006 aliud
735 1980 769 2006 ab
785 1979 837 2006 alio
860 1985 964 2014 praeter
980 1981 1028 2007 ho-

237 2021 310 2042 nesta
320 2021 345 2042 et
357 2017 454 2051 turpia.

292 2055 334 2080 ⁶26.
349 2053 493 2080 Videamus
509 2062 593 2084 nune,
611 2063 691 2089 quam
703 2055 757 2080 sint
770 2054 904 2088 praeclare
916 2054 960 2080 illa
975 2055 1025 2085 his,

236 2099 304 2125 quae
321 2091 373 2116 iam
390 2091 481 2125 posui,
499 2092 700 2126 consequentia.
740 2091 829 2123 Quum
845 2092 917 2118 enim
929 2092 978 2118 hoc
993 2093 1029 2118 sit

236 2132 396 2157 extremum,
409 2128 590 2162 (sentisenini,
603 2128 691 2159 credo,
704 2137 746 2154 me
754 2129 870 2159 iamdiu¹
879 2129 952 2163 quod
959 2131 1028 2160 τέλος
1048 2143 1049 2146 =

236 2165 331 2191 Graeci
350 2165 448 2195 dicant,
472 2165 499 2191 id
510 2165 599 2191 dicere
619 2170 674 2191 tuni
696 2171 860 2196 extremum,
886 2171 943 2192 tum
964 2166 1028 2192 ulti·
1048 2173 1049 2176 ¹

239 2211 326 2233 mum,
340 2207 396 2228 tum
407 2210 559 2228 summum:
593 2202 684 2228 licebit
697 2204 776 2229 etiam
789 2203 868 2229 finem
881 2212 929 2237 pro
939 2209 1028 2230 extre-

236 2248 279 2265 mo
289 2243 334 2266 aut
346 2239 440 2265 ultimo
451 2239 538 2265 dicere
548 2239 565 2275 :)
575 2248 660 2274 quum
672 2240 755 2275 igitur
765 2240 814 2266 hoc
825 2241 1025 2272 sitextremum,

235 2282 412 2312 congruenter
423 2281 530 2303 naturae
551 2278 793 2312 convenienterque
806 2278 909 2310 vivere;
935 2286 1028 2304 neces-

236 2315 305 2340 sario
315 2314 450 2348 sequitur,
467 2322 560 2340 omnes
573 2315 708 2349 sapientes
719 2323 826 2349 semper
837 2314 962 2345 feliciter,
979 2315 1028 2341 ab-

235 2350 330 2382 solute,
343 2350 474 2377 fortunate
487 2352 590 2378 vivere:
609 2351 681 2378 nulla
693 2360 720 2377 re
731 2351 867 2394 impediri,
881 2352 954 2378 nulla
965 2361 1028 2395 pro-

237 2371 333 2418 hiberiy
347 2388 420 2414 nulla
431 2397 464 2423 eg
465 2396 518 2414 ere.
559 2388 635 2420 Quod
647 2393 736 2415 autem
747 2389 865 2415 continet
876 2398 927 2415 non
939 2390 1027 2425 magis

236 2433 294 2450 earn
309 2424 496 2459 disciplinam,
513 2425 546 2451 de
561 2434 615 2460 qua
631 2425 738 2460 loquor,
751 2434 833 2460 quam
845 2426 927 2452 vitam
942 2426 1027 2453 fortu-

238 2469 337 2495 nasque
349 2467 464 2492 nostras
480 2462 507 2488 id
519 2467 571 2493 est,
589 2467 631 2493 ut,
644 2462 716 2497 quod
729 2462 871 2489 honestum
882 2464 930 2494 sit,
943 2463 972 2490 id
982 2472 1027 2490 so-

239 2497 293 2522 lum
310 2498 409 2524 bonum
424 2499 589 2526 iudicemus:
615 2504 701 2534 potest
714 2499 739 2525 id
751 2499 861 2534 quidem
876 2499 934 2527 fuse
945 2505 971 2527 et
981 2509 1027 2527 co-

238 2533 312 2567 piose
327 2539 352 2560 et
367 2536 492 2562 omnibus
507 2536 679 2563 electissimis
696 2536 785 2563 ’.οι-ιιι5
800 2537 1026 2572 gravissimisque

238 2571 376 2596 sententiis
398 2571 547 2609 [rhetorice]
571 2578 597 2600 et
611 2574 704 2609 augeri
719 2578 746 2600 et
761 2574 864 2600 ornari:
899 2574 947 2601 sed
962 2583 1027 2601 con—

239 2608 347 2632 sectaria
373 2616 415 2633 me
438 2609 585 2636 Stoicorum
611 2610 703 2641 brevia
732 2615 758 2636 et
781 2615 857 2637 acuta
882 2611 1024 2638 delectant.

239 2643 259 2668 V
263 2644 304 2669 tu.
326 2644 367 2670 27.
387 2644 588 2674 Concluduntur
602 2648 686 2683 igitur
699 2655 792 2674 eorum
803 2654 959 2683 argumenta
970 2649 1024 2675 sic:

935 417 974 442 si(-
987 415 1025 442 illi
1046 447 1047 450 Ἴ

776 938 862 973 Atque
874 938 1027 964 utmcmbra
1048 953 1049 973 1

231 977 313 1003 ‘nobis
326 977 360 1002 ita
372 976 431 1002 data
443 981 518 1006 sunt,
537 981 565 1002 ut
576 975 608 1002 ad
620 976 765 1011 quamdam
778 977 904 1002 rationem
919 974 1028 1001 vivi-ndi
1048 985 1057 1008 {¹

1045 336 1054 357 ,l

1076 350 1145 376 quae
1156 346 1230 367 erant
1241 347 1357 376 sumpta
1372 342 1398 368 in
1410 350 1441 367 eo
1454 341 1529 368 vides
1540 343 1774 369 esseconclusurn.
1797 344 1867 370 Duo-

1077 388 1135 405 rum
1147 384 1249 408 autcni,
1267 388 1280 404 e
1292 379 1394 413 quibus
1405 379 1495 405 effecta
1507 379 1644 406 conclusio
1654 385 1707 409 est.
1719 386 1808 407 contra
1821 389 1867 406 su·

1078 417 1168 451 perius
1189 416 1242 441 dici
1263 416 1343 445 solet,
1367 425 1417 443 non
1436 425 1514 443 omne
1530 416 1630 443 bonum
1645 426 1703 443 esse
1720 418 1866 445 laudabile

1079 455 1143 479 Nam
1159 453 1231 488 quod
1252 452 1386 479 laudabile
1404 454 1452 483 sit,
1479 453 1620 480 honestum
1632 462 1690 480 ease
1700 455 1866 481 conceditur.

1078 490 1145 516 lllud
1158 495 1245 516 autem
1258 490 1468 525 perabsurdum,
1485 491 1585 517 bonum
1597 500 1655 517 esse
1669 492 1782 527 aliquid,
1795 492 1867 527 quod

1054 539 1055 542 ¹
1078 537 1129 554 non
1141 528 1321 562 expetendum
1333 529 1381 554 sit:
1404 533 1449 554 aut
1459 528 1649 563 expetendum.
1663 529 1734 563 quod
1747 538 1798 555 non
1810 530 1868 564 pla-

1054 564 1055 570 *
1077 574 1154 591 cens:
1178 570 1231 595 aut,
1244 566 1267 591 si
1280 565 1315 593 id.
1330 574 1381 591 non
1393 566 1472 591 etiam
1485 565 1665 601 diligendum.
1688 566 1757 601 Ergo
1767 571 1793 592 et
1806 575 1868 601 pro-

1054 1492 1056 1519 l

1079 602 1208 628 bandum.
1250 603 1284 628 lta
1296 603 1375 628 etiam
1389 602 1535 629 laudabile.
1575 602 1602 628 ld
1614 607 1703 629 autem
1716 603 1867 630 honestum.

1079 641 1113 666 lta
1136 640 1176 668 tit,
1200 645 1241 669 ιιι,
1254 640 1325 674 (μιοιι
1343 640 1443 666 bonum
1460 641 1508 669 sit,
1527 639 1553 666 id
1569 641 1648 666 ctiam
1666 640 1806 666 honestum
1822 641 1866 667 sit.

1077 679 1119 703 ⁶28.
1143 677 1242 703 Deinde
1261 686 1369 712 quaero,
1391 678 1453 712 quis
1479 682 1524 703 aut
1543 677 1576 703 de
1598 678 1694 704 misera
1716 678 1768 704 vita
1784 679 1869 712 possit

1077 713 1195 749 gloriari.
1210 719 1316 740 autnon
1328 714 1362 740 de
1374 713 1468 740 beata?
1495 715 1531 740 De
1542 714 1596 740 sola
1610 715 1692 750 igitur
1703 714 1788 741 beata.
1829 715 1868 741 Ex

1078 760 1132 786 quo
1143 751 1270 781 eflicitur,
1287 751 1458 787 gloriatione,
1476 757 1505 778 ut
1517 752 1550 778 ita
1565 752 1668 783 dicam,
1687 752 1797 788 dignam
1809 760 1869 779 esee

1048 796 1055 815 ¹,
1079 789 1182 815 beatam
1198 790 1288 818 vitam,
1301 788 1373 823 quod
1385 798 1436 815 non
1447 789 1532 824 possit
1545 789 1665 824 quidem,
1679 790 1731 816 nisi
1744 789 1869 816 honestae

1079 826 1162 856 vitae,
1180 826 1238 852 iure
1253 827 1417 861 contingere.
1459 827 1494 852 lta
1511 826 1553 856 fit,
1567 831 1595 853 ut
1607 826 1715 853 honesta
1728 828 1780 853 vita
1793 827 1869 853 beata

1079 864 1133 889 vita
1149 864 1193 890 sit.
1233 864 1265 889 Et
1282 865 1410 898 quoniam
1423 864 1459 893 is,
1477 864 1521 889 cui
1533 865 1653 899 contigit,
1667 869 1696 890 ut
1707 866 1763 890 iure
1777 863 1870 890 laude-

1079 906 1134 930 tur,
1158 900 1237 927 habet
1253 901 1358 936 insigne
1371 901 1502 936 quiddam
1518 901 1551 926 ad
1565 901 1648 927 decus
1665 907 1690 928 et
1700 901 1732 927 ad
1744 901 1867 937 gloriam.

1080 943 1109 964 ut
1127 937 1162 964 ob
1183 947 1226 968 ca,
1249 946 1318 972 quae
1340 943 1408 964 tanta
1425 939 1491 968 sint,
1516 938 1610 964 beatus
1624 938 1678 965 dici
1696 940 1752 965 iure
1768 939 1866 973 possit:

1081 975 1151 1001 idem
1172 975 1205 1001 de
1226 976 1279 1001 vita
1300 975 1361 1001 talis
1383 976 1433 1002 viri
1455 976 1603 1002 rectissime
1622 975 1731 1002 dicitur.
1772 977 1822 1005 lta,
1845 976 1868 1002 si

1080 1012 1154 1038 beata
1179 1013 1232 1038 vita
1254 1013 1390 1039 honestate
1410 1014 1541 1039 cernitur:
1572 1013 1644 1048 quod
1661 1013 1802 1039 honestum
1818 1018 1868 1042 est.

1080 1049 1106 1075 id
1119 1050 1218 1076 bonum
1231 1049 1317 1076 solum
1333 1050 1487 1076 habendum
1499 1055 1548 1076 est.
1584 1052 1628 1076 29.
1641 1050 1693 1082 Qui
1706 1059 1768 1076 vero
1779 1050 1870 1085 negari

1079 1086 1135 1113 ullo
1156 1087 1234 1112 modo
1250 1087 1349 1121 possit,
1372 1096 1537 1122 quemquam
1553 1087 1643 1113 stabili
1654 1093 1679 1113 et
1692 1088 1768 1113 lirmo
1777 1093 1802 1114 et
1814 1096 1871 1113 rna-

1077 1133 1131 1159 gno
1141 1125 1240 1154 animo,
1256 1133 1337 1159 quem
1350 1124 1442 1151 sortem
1456 1125 1543 1151 virum
1555 1124 1682 1154 dicimus.
1695 1124 1765 1150 effici
1780 1132 1868 1159 posse,

1079 1162 1132 1187 nisi
1153 1162 1328 1187 constitutum
1350 1162 1398 1192 sit,
1417 1170 1468 1188 non
1483 1170 1542 1188 esse
1558 1162 1658 1187 malum
1674 1161 1814 1188 dolorem?
1839 1162 1872 1188 Ut

1078 1199 1160 1229 enim,
1172 1199 1220 1233 qui
1233 1203 1342 1225 mortem
1355 1199 1382 1225 in
1394 1198 1472 1225 malis
1483 1200 1570 1234 ponit,
1589 1208 1640 1225 non
1652 1203 1738 1233 potest
1748 1207 1806 1225 eam
1819 1207 1870 1225 non

1079 1237 1185 1262 timere:
1217 1237 1256 1262 sic
1272 1244 1351 1262 nemo
1366 1235 1421 1262 ulla
1438 1237 1465 1262 in
1481 1244 1508 1262 re
1525 1241 1611 1271 potest
1626 1236 1668 1266 id.
1685 1236 1758 1271 quod
1769 1236 1871 1263 malum

1078 1282 1136 1299 esse
1151 1272 1308 1303 decreverit,
1329 1282 1379 1300 non
1390 1282 1497 1304 curare,
1515 1273 1597 1308 idque
1612 1278 1795 1300 contemnere:
1817 1281 1872 1308 quo

1078 1311 1164 1345 posito
1184 1316 1210 1336 et
1224 1311 1346 1337 omnium
1361 1319 1473 1337 assensu
1489 1311 1648 1345 approbato,
1671 1310 1739 1337 illud
1755 1311 1872 1338 assumi-

1079 1353 1134 1378 tur,
1157 1356 1234 1377 eum.
1252 1348 1300 1382 qui
1316 1356 1413 1383 magno
1428 1348 1463 1374 sit
1478 1349 1568 1375 animo
1585 1353 1664 1383 atque
1676 1347 1750 1378 forti,
1769 1348 1869 1378 omnia,

1078 1393 1146 1420 quae
1165 1385 1258 1411 cadere
1270 1386 1296 1411 in
1310 1385 1445 1411 hominem
1459 1386 1570 1420 possint,
1583 1385 1723 1420 despicere
1733 1390 1759 1412 et
1770 1394 1818 1420 pro
1829 1386 1873 1412 ni-

1079 1422 1134 1449 hilo
1145 1427 1249 1457 putare.
1289 1423 1362 1455 Quae
1373 1431 1459 1457 quum
1471 1423 1506 1449 ita
1517 1423 1584 1454 sint,
1597 1422 1720 1449 effectum
1731 1428 1784 1453 est,
1803 1422 1871 1449 nihil

1078 1468 1137 1486 esse
1149 1459 1259 1490 matum,
1268 1459 1340 1494 quod
1352 1464 1428 1502 turpe
1443 1469 1495 1486 non
1506 1461 1551 1486 sit.
1591 1460 1678 1495 Atque
1689 1460 1738 1486 iste
1750 1460 1792 1486 vir
1801 1459 1872 1486 altus

1078 1502 1104 1523 et
1114 1496 1258 1528 excellens,
1273 1505 1370 1539 magno
1380 1498 1478 1528 animo,
1491 1505 1553 1523 vere
1566 1496 1650 1527 sortis,
1663 1496 1731 1523 infra
1742 1505 1771 1523 se
1782 1497 1872 1524 omnia

1078 1534 1195 1561 humana
1206 1534 1322 1565 ducens,
1336 1535 1372 1565 is,
1387 1534 1511 1569 inquam,
1524 1543 1606 1569 quem
1617 1534 1723 1561 efficere
1734 1534 1870 1565 volumus,

1054 1563 1158 1606 'quem
1170 1572 1326 1606 quaerimus
1337 1576 1416 1602 certe,
1429 1577 1455 1598 et
1465 1571 1598 1598 confidere
1607 1572 1661 1598 sibi
1671 1571 1760 1602 debet.
1772 1577 1799 1598 et
1807 1579 1873 1598 suae

1078 1609 1148 1635 vitae
1163 1614 1189 1635 et
1204 1614 1276 1635 actae
1291 1614 1317 1635 et
1329 1609 1518 1644 consequenti.
1541 1614 1567 1635 et
1580 1609 1647 1635 bene
1657 1609 1691 1635 de
1701 1617 1730 1635 se
1741 1608 1870 1639 iudicare,

1078 1651 1211 1676 statuenS,
1230 1645 1298 1672 nihil
1313 1654 1391 1681 posse
1403 1646 1466 1672 mali
1479 1645 1597 1672 incidere
1608 1646 1734 1680 sapienti.
1766 1646 1807 1672 Ex
1817 1654 1873 1680 quo

1054 1682 1056 1722 ξ
1078 1682 1240 1718 intelligitur
1250 1683 1322 1709 idem
1335 1683 1416 1713 illud,
1433 1683 1520 1709 sotum
1532 1683 1632 1709 bonum
1644 1691 1718 1713 esse,
1735 1682 1808 1718 quod
1824 1683 1874 1709 ho-

1054 1727 1056 1731 ¹
1079 1725 1185 1746 nestum
1197 1721 1244 1751 sit;
1264 1719 1346 1755 idque
1356 1728 1414 1746 esse
1425 1720 1500 1746 beate
1516 1721 1621 1750 vivere,
1639 1720 1761 1750 honeste,
1779 1719 1805 1746 id
1821 1725 1870 1751 est,

1078 1765 1140 1783 cum
1152 1758 1260 1788 virtute.
1274 1758 1376 1784 vivere.

1135 1794 1180 1820 tx.
1202 1796 1244 1820 30.
1266 1795 1320 1820 Nec
1334 1803 1397 1821 vero
1411 1795 1519 1830 ignoro,
1542 1794 1630 1821 varias
1647 1793 1872 1829 philosophorum

1079 1831 1163 1857 fuisse
1177 1832 1336 1862 sententias,
1353 1840 1446 1858 eorum
1459 1831 1533 1862 dico,
1551 1832 1598 1866 qui
1609 1840 1748 1857 summum
1760 1832 1870 1862 bonum,

1078 1868 1151 1903 quod
1172 1868 1298 1895 ultimum
1318 1868 1436 1904 appello,
1462 1869 1490 1895 iu
1513 1869 1604 1895 animo
1623 1873 1760 1903 ponerent.
1799 1868 1873 1901 Quos

1078 1914 1244 1940 quamquam
1264 1907 1360 1932 vitiose
1380 1905 1492 1941 quidam
1512 1906 1597 1932 secuti
1617 1910 1692 1936 sunt,
1715 1910 1804 1932 tamen
1819 1914 1873 1932 non

1080 1943 1158 1969 modo
1174 1943 1216 1969 his
1231 1943 1332 1974 tribus,
1348 1944 1396 1978 qui
1412 1944 1539 1969 virtutem
1554 1951 1568 1969 a
1583 1951 1690 1969 summo
1702 1943 1771 1970 bono
1781 1951 1873 1979 segre—

1078 1985 1222 2015 gaverunt,
1239 1989 1325 2015 quum
1341 1985 1386 2007 aut
1396 1980 1560 2015 voluptatem
1571 1985 1617 2006 aut
1627 1981 1787 2006 vacuitatem
1797 1979 1873 2007 doto-

1079 2019 1116 2044 ris
1124 2039 1130 2048 ,
1142 2022 1188 2043 aut
1199 2018 1285 2052 prima
1295 2023 1405 2044 naturae
1417 2018 1444 2044 in
1455 2018 1571 2044 summis
1581 2017 1659 2043 bonis
1670 2022 1810 2052 ponerent,
1823 2017 1872 2044 sed

1049 2065 1050 2068 ¹
1079 2056 1159 2081 etiam
1170 2054 1260 2081 alteris
1272 2055 1368 2085 tribus,
1384 2056 1432 2090 qui
1444 2063 1564 2081 mancam
1577 2054 1631 2081 tore
1641 2059 1804 2089 putaverunt
1813 2055 1872 2081 sine

1079 2092 1169 2127 aliqua
1181 2093 1334 2118 accessione
1345 2093 1482 2122 virtutem,
1494 2092 1528 2118 ob
1539 2100 1653 2126 eamque
1667 2100 1723 2118 rem
1734 2092 1816 2118 trium
1827 2100 1873 2118 ea-

1079 2138 1139 2155 rum
1151 2138 1249 2159 rerum,
1262 2138 1330 2164 quas
1341 2138 1424 2164 supra
1434 2129 1501 2160 dixi,
1513 2128 1616 2164 singuli
1627 2128 1749 2164 singulas
1759 2128 1872 2155 addide-

1079 2172 1154 2193 runt:
1177 2166 1220 2192 his
1235 2171 1324 2193 tamen
1339 2167 1467 2193 omnibus
1483 2175 1528 2193 eos
1543 2171 1687 2200 antepono,
1705 2165 1871 2192 cuicuimodi

1079 2209 1155 2234 sunt,
1172 2204 1221 2238 qui
1235 2212 1373 2230 summum
1389 2204 1490 2230 bonum
1504 2204 1532 2230 in
1543 2204 1633 2229 animo
1643 2208 1723 2237 atque
1734 2203 1761 2229 in
1773 2203 1871 2229 virtute

1079 2245 1236 2275 posuerunt.
1267 2243 1309 2267 3⁴.
1324 2240 1376 2267 Sed
1387 2246 1450 2267 sunt
1461 2246 1549 2268 tamen
1560 2239 1719 2275 perabsurdi
1730 2244 1756 2266 et
1769 2240 1798 2269 ιι,
1810 2240 1868 2274 qui,

1078 2286 1140 2304 cuni
1151 2278 1263 2304 scientia
1274 2279 1375 2309 vivere.
1383 2278 1510 2305 ultimum
1524 2277 1665 2308 bonorum,
1673 2282 1699 2303 et
1708 2277 1757 2311 qui
1768 2276 1870 2303 nullam

1078 2323 1167 2341 rerum
1178 2315 1356 2341 differentiam
1367 2324 1426 2342 esse
1436 2316 1572 2345 dixerunt,
1585 2319 1665 2349 atque
1675 2314 1711 2340 ita
1721 2314 1869 2348 sapientem

1077 2352 1185 2378 beatum
1198 2352 1262 2383 t'ore,
1275 2352 1343 2379 nihil
1355 2352 1430 2379 aliud
1440 2352 1487 2378 alii
1497 2356 1631 2378 momento
1641 2350 1697 2377 ullo
1707 2355 1871 2385 anteponen-

1078 2394 1144 2415 tem:
1158 2394 1212 2420 aut,
1225 2394 1254 2416 ut
1264 2389 1376 2424 quidam
1386 2389 1539 2416 Academici
1549 2388 1720 2415 constituisse
1731 2387 1868 2419 dicuntur,

1077 2431 1227 2453 extremum
1243 2426 1375 2453 bonorum
1389 2432 1416 2453 et
1429 2434 1567 2452 summum
1581 2433 1681 2451 munus
1691 2433 1750 2450 esse
1761 2426 1870 2459 sapien-

1077 2464 1120 2494 tis,
1133 2463 1263 2490 obsistere
1275 2465 1357 2494 visis
1373 2471 1554 2498 assensusque
1565 2471 1628 2488 suos
1640 2461 1714 2488 firme
1724 2462 1868 2488 sustinere.

1077 2501 1124 2526 His
1137 2500 1254 2536 singulis
1264 2502 1371 2536 copiose
1382 2500 1538 2535 responderi
1548 2499 1624 2526 solet.
1664 2498 1718 2525 Sed
1728 2507 1797 2533 quae
1807 2507 1870 2533 per-

1076 2538 1170 2572 spicua
1190 2542 1266 2568 sunt,
1288 2537 1366 2573 longa
1385 2546 1444 2564 esse
1464 2545 1516 2563 non
1536 2536 1644 2562 debent.
1687 2535 1759 2567 Quid
1779 2541 1869 2562 autem

1076 2575 1204 2609 apertius,
1217 2583 1309 2610 quam
1322 2576 1346 2601 si
1333 2559 1464 2601 0selectio
1473 2573 1547 2600 nulla
1558 2574 1593 2600 sit
1602 2573 1655 2599 ab
1648 2573 1682 2598 tis
1692 2572 1783 2604 rebus¹
1798 2581 1868 2608 quae

1076 2616 1166 2638 contra
1177 2617 1298 2638 naturam
1308 2613 1371 2642 sint,
1383 2614 1445 2645 sore.
1458 2611 1508 2637 ut*
1518 2618 1610 2637 earum
1622 2618 1725 2641 rerum,
1735 2618 1804 2645 quae
1813 2610 1868 2636 sint

1076 2648 1226 2675 secundum
1240 2654 1376 2680 naturam,
1393 2647 1501 2675 tollatur
1512 2648 1601 2674 omnis
1615 2655 1660 2678 ea,
1675 2655 1744 2682 quae
1755 2655 1867 2682 quaera-
