1941 3052
432 144 483 171 DE
514 144 699 171 NATURA
728 143 916 172 DEORUM
949 145 1030 172 LIB.
1062 146 1114 172 111.

99 224 160 243 sum
176 214 298 250 quidque
313 215 454 250 pertineat.
494 214 547 241 Sed
562 224 592 242 eo
608 216 675 247 iam,
693 216 765 242 unde
781 216 835 243 huc
849 216 898 242 de-

98 254 184 290 gressi
196 261 301 283 sumus,
318 258 493 279 revertamur.

154 290 251 317 XXIV.
273 291 315 316 61.
337 290 408 316 Num
425 298 519 316 censes
535 290 619 325 igitur
633 290 775 317 subtiliore
796 291 897 317 ratione

98 337 167 363 opus
183 336 241 354 esse
257 327 290 353 ad
306 327 371 353 haec
387 327 552 354 refellenda?
570 329 637 354 Nam
653 333 785 359 mentem,
804 328 895 359 fidem,

98 374 188 400 spem,
202 366 343 395 virtutem,
357 365 498 395 honorem,
517 365 670 396 victoriam,
688 365 816 396 salutern,
833 374 898 392 con-

98 403 216 429 cordiam
231 407 372 436 ceteraque
390 402 547 429 huiusmodi
563 412 653 429 rerum
669 403 725 429 vim
742 403 840 429 habere
855 404 898 429 vi-

97 440 209 471 demus,
233 449 286 466 non
301 440 424 466 deorum.
464 440 518 466 Aut
533 441 605 466 enim
618 441 645 466 in
658 440 793 467 nobismet
805 441 898 467 insunt

97 478 175 512 ipsis,
190 482 219 504 ut
230 486 315 508 mens,
330 482 359 503 ut
370 477 450 508 fides,
463 482 492 503 ut
503 486 579 511 spes,
594 482 623 504 ut
634 478 734 509 virtus,
748 482 777 504 ut
787 486 898 504 concor-

97 515 155 541 dia:
175 519 220 541 aut
234 514 365 549 optandae
380 515 459 541 nobis
471 519 546 545 sunt.
565 520 594 541 ut
605 515 703 545 honos,
722 520 751 541 ut
762 515 849 545 salus,
868 519 898 541 ut

97 553 222 579 victoria:
235 561 351 587 quarum
363 561 452 578 rerum
465 551 607 578 utilitatem
619 552 711 584 video,
726 552 805 579 video
816 553 896 579 etiam

96 594 249 616 consecrata
261 590 416 616 simulacra.
437 589 524 622 Quare
536 594 625 616 autem
638 590 665 616 in
678 590 720 616 his
731 591 773 617 vis
784 590 896 616 deorum

96 628 174 658 insit,
189 631 246 653 tum
259 627 421 662 intelligam,
438 635 524 662 quum
539 636 699 662 cognovero.
740 627 798 659 Quo
810 628 837 653 in
848 635 897 662 ge—

97 674 159 691 nere
171 664 213 690 vel
226 665 344 691 maxime
355 665 517 691 estFortuna
529 664 709 691 numeranda:
723 673 805 699 quam
817 673 896 691 nemo

96 702 130 728 ab
143 703 319 728 inconstantia
331 707 356 728 et
370 702 660 737 temeritateseiunget:
674 711 743 737 quae
750 702 896 737 dignacer-

96 744 121 766 te
134 748 186 765 non
198 744 261 765 sunt
272 739 331 765 deo.
372 741 414 766 62.
436 740 491 765 lam
507 740 531 765 si
542 739 654 774 quidem
666 748 713 766 vos
726 739 771 765 illa
782 739 896 766 delectat

96 776 240 811 explicatio
253 776 405 803 fabularum
418 781 444 803 et
454 777 577 803 enodatio
589 777 739 807 nominum,
756 781 895 803 exsectum

96 814 177 840 atilio
189 814 308 845 Caelum,
323 815 444 840 vinctum
456 814 548 840 itidem
560 823 574 840 a
587 814 641 840 filio
653 814 812 840 Saturnum:
829 812 895 840 haec

95 857 121 878 et
136 851 187 878 alia
204 852 312 887 generis
328 851 450 877 eiusdem
467 859 514 877 vos
525 852 560 877 ita
571 850 732 882 defenditis,
751 855 780 877 ut
796 852 828 882 ii,
846 852 895 886 qui

97 890 146 915 ista
159 890 306 919 tinxerunt,
319 897 372 914 non
384 888 463 914 modo
475 897 527 914 non
539 889 641 919 insani,
657 888 705 914 sed
717 889 797 915 etiam
810 888 894 914 fuisse

95 926 230 961 sapientes
243 925 393 952 videantur.
420 926 449 951 In
463 925 612 952 enodandis
624 930 712 952 autem
725 926 892 957 nominibus,

95 963 167 998 quod
179 963 364 989 miserandum
380 964 427 993 sit,
445 962 581 989 laboratis.
622 963 768 994 Saturnus,
786 964 850 998 quia
865 972 894 989 se

94 1005 196 1027 saturat
210 1001 301 1033 annis3
320 1001 439 1031 Mavors,
457 1001 521 1035 quia
538 1009 635 1036 magna
651 1001 742 1033 vertit,
763 1001 892 1031 Minerva,

93 1038 158 1073 quia
169 1038 280 1069 minuit,
297 1042 342 1064 aut
353 1038 417 1073 quia
429 1039 559 1071 minatur3
578 1039 682 1069 Venus,
700 1039 765 1073 quia
778 1039 851 1065 venit
861 1038 895 1064 ad

93 1075 197 1108 omnia;
211 1075 290 1102 Ceres
302 1084 316 1101 a
326 1075 454 1110 gerendo.
489 1075 576 1107 Quam
588 1075 738 1110 periculosa
749 1081 896 1102 consuetu-

93 1112 141 1139 do!
160 1113 189 1139 In
201 1112 294 1139 multis
306 1114 378 1139 enim
390 1113 548 1139 nominibus
560 1113 715 1139 haerebitis.
738 1113 809 1146 Quid
816 1114 896 1140 Veio-

93 1151 122 1176 vi
134 1149 233 1176 t’acies?
243 1150 454 1185 quiqulcano‘?
467 1159 642 1185 quamquam,
656 1151 786 1186 quoniam
793 1152 895 1186 Neptu—

94 1196 160 1214 num
177 1196 191 1213 a
207 1187 295 1214 nando
311 1187 476 1222 appellatum
492 1193 584 1222 putas,
601 1188 707 1214 nullum
724 1189 774 1215 erit
785 1198 892 1220 nomen,

93 1224 167 1260 quod
183 1234 236 1251 non
251 1226 339 1260 possis
356 1234 408 1251 una
426 1225 512 1252 littera
526 1225 674 1260 explicare,
694 1226 765 1252 unde
781 1226 894 1253 ductum

93 1263 138 1289 sit.
179 1263 208 1289 In
224 1271 277 1297 quo
292 1262 403 1297 quidem
420 1263 507 1298 magis
523 1268 551 1289 tu
568 1263 636 1289 mihi
657 1268 747 1290 natare
762 1264 838 1290 visus
854 1273 891 1295 es,

93 1308 176 1335 quam
188 1300 247 1334 ipse
258 1300 411 1334 Neptunus.
443 1302 484 1326 63.
501 1301 626 1336 Magnam
638 1301 789 1328 molestiam
801 1310 895 1328 susce-

92 1338 146 1372 pit,
164 1342 190 1364 et
201 1338 313 1363 minime
325 1338 505 1364 necessariam
519 1339 624 1372 primus
635 1339 713 1370 Zeno,
728 1344 788 1373 post
798 1339 895 1365 Clean-

93 1375 162 1404 thes,
175 1374 274 1401 deinde
283 1375 467 1411 Chrysippus,
483 1377 728 1402 commentitiarum
741 1376 894 1403 fabularum

92 1412 205 1439 reddere
217 1413 360 1445 rationem,
378 1413 581 1444 vocabulorum,
590 1422 638 1439 cur
648 1414 793 1448 quiqueita
801 1414 894 1449 appel-

93 1449 140 1476 lati
151 1450 214 1481 sint,
227 1458 338 1476 caussas
349 1450 495 1485 explicare.
529 1450 606 1483 Quod
617 1460 703 1486 quum
716 1451 812 1483 facitis,
826 1451 893 1478 illud

92 1486 211 1522 profecto
221 1487 396 1519 confitemini,
411 1487 488 1523 longe
500 1487 577 1514 aliter
587 1497 615 1514 se
627 1497 684 1514 rem
697 1489 804 1519 habere,
813 1494 893 1524 atque

93 1525 236 1551 hominum
251 1525 343 1559 opinio
358 1525 406 1558 sit;
429 1534 475 1551 eos
490 1526 577 1556 enim,
595 1527 643 1561 qui
658 1526 697 1552 dii
713 1526 891 1561 appellentur,

93 1570 183 1588 rerum
195 1566 304 1589 naturas
314 1570 382 1594 esse,
396 1571 448 1589 non
461 1563 560 1598 figuras
572 1563 694 1590 deorum.
733 1564 819 1591 XXV.
841 1564 893 1597 Qui

93 1604 182 1626 tantus
194 1608 266 1626 error
278 1599 337 1631 fuit,
354 1604 383 1626 ut
393 1601 554 1634 perniciosis
566 1601 645 1627 etiam
658 1601 739 1628 rebus
751 1611 803 1628 non
815 1601 894 1628 modo

92 1645 190 1663 nomen
202 1636 313 1663 deorum
326 1637 498 1668 tribueretur,
507 1637 555 1664 sed
566 1639 646 1664 etiam
658 1648 733 1665 sacra
746 1640 894 1666 constitue-

92 1678 194 1701 rentur.
236 1674 330 1700 Febris
345 1675 419 1701 enim
432 1675 523 1701 fanum
538 1676 564 1701 in
576 1675 676 1702 Palatio
689 1681 716 1703 et
726 1676 848 1703 Orbonae
860 1676 893 1703 ad

91 1711 186 1738 aedem
198 1711 297 1738 Larum
312 1716 338 1739 et
353 1721 426 1739 aram
438 1712 522 1739 Malae
534 1713 666 1740 Fortunae
680 1714 814 1749 Esquiliis
829 1723 894 1741 con-

91 1753 222 1776 secratam
235 1749 371 1776 videmus.
411 1751 453 1776 64.
473 1750 569 1777 Omnis
581 1751 664 1786 igitur
675 1751 735 1777 talis
747 1761 760 1778 a
772 1752 894 1787 philoso-

92 1786 155 1821 phia
171 1786 287 1821 pellatur
306 1795 391 1818 error,
412 1792 454 1818 ut,
472 1796 558 1823 quum
574 1787 607 1814 de
623 1788 676 1815 diis
693 1789 893 1816 immortalibus

91 1823 277 1858 disputemus,
300 1824 424 1851 dicamus
445 1825 526 1861 digna
547 1825 601 1852 diis
622 1826 836 1858 immortalibus,
859 1827 892 1853 de

91 1861 194 1896 quibus
206 1861 291 1888 habeo
304 1862 360 1896 ipse
369 1883 375 1894 ,
392 1862 466 1897 quod
482 1863 610 1896 sentiam3
629 1872 681 1890 non
694 1864 779 1891 habeo
791 1869 890 1896 autem,

91 1898 159 1933 quid
175 1899 225 1925 tibi
241 1900 380 1926 assentiar.
422 1900 578 1934 Neptunum
599 1909 659 1927 esse
680 1901 750 1928 dicis
770 1903 892 1929 animum

91 1944 154 1962 cum
166 1935 344 1971 intelligentia
356 1945 403 1971 per
414 1945 487 1963 mare
498 1938 690 1972 pertinentem;
710 1939 783 1966 idem
799 1939 831 1966 de
843 1940 894 1967 Ce-

91 1981 158 1999 rere.
199 1973 279 1999 lstam
295 1978 384 2000 autem
396 1974 603 2010 intelligentiam
615 1980 660 2002 aut
671 1977 767 2008 muris,
783 1981 829 2004 aut
841 1982 894 2004 ter-

90 2018 135 2036 rae
152 2019 204 2036 non
221 2010 300 2037 modo
319 2011 548 2046 comprehendere
561 2013 665 2044 animo,
688 2013 736 2039 sed
752 2022 785 2040 ne
801 2016 894 2049 suspi—

90 2048 167 2074 cione
178 2047 290 2082 quidem
302 2056 413 2083 possum
426 2049 567 2084 attingere.
599 2050 689 2085 ltaque
701 2050 811 2077 aliunde
824 2052 892 2078 mihi

90 2084 276 2119 quaerendum
293 2090 347 2116 est,
366 2090 395 2112 ut
410 2090 436 2113 et
451 2094 510 2112 esse
526 2086 604 2118 deos,
621 2092 647 2114 et
661 2087 756 2122 quales
772 2089 827 2115 sint
841 2089 890 2120 dii,

90 2122 194 2149 discere
206 2123 318 2157 possim,
332 2132 415 2158 quam
427 2123 522 2158 quales
534 2129 561 2151 tu
573 2133 618 2151 eos
628 2133 687 2151 esso
701 2126 752 2152 vis.

145 2161 186 2186 65.
210 2159 356 2187 Videamus
367 2169 406 2192 ea,
420 2169 490 2196 quac
500 2167 665 2197 sequuntur.-
682 2163 815 2197 primum,
828 2162 893 2189 deo-

90 2205 186 2223 rumne
203 2197 373 2231 providentia
388 2198 508 2225 mundus
524 2204 643 2235 regatur,
665 2200 778 2231 deiude,
794 2208 893 2226 consu-

91 2234 180 2261 lantne
196 2234 278 2260 rebus
293 2235 430 2262 humanis.
472 2236 540 2263 llaec
556 2237 629 2263 enim
646 2237 715 2263 mihi
730 2246 763 2264 ex
775 2242 818 2264 tua
831 2247 893 2272 par-

90 2272 183 2298 titione
200 2276 300 2299 restant
315 2272 378 2299 duo.
419 2273 455 2299 De
466 2274 603 2308 quibus,si
619 2275 697 2301 vobis
710 2275 830 2305 videtur,
848 2284 893 2301 ac-

90 2310 210 2336 curatius
226 2309 416 2336 disserendum
433 2315 507 2344 puto.
548 2311 614 2338 Mihi
631 2321 708 2343 vero,
726 2313 815 2348 inquit
832 2312 892 2339 Vel-

91 2344 174 2377 letus.
188 2346 267 2373 valde
280 2347 400 2380 videtur,
419 2356 481 2374 nam
493 2352 518 2374 et
530 2349 630 2375 maiora
641 2355 783 2384 exspecto,
800 2350 889 2381 ethis,

90 2391 160 2418 quae
171 2383 241 2410 dicta
252 2389 324 2415 sunt,
342 2384 516 2412 vehementer
528 2387 668 2413 assentior.
699 2387 768 2413 Tum
781 2387 889 2418 Balbus,

90 2420 263 2455 Interpellare
275 2426 308 2452 te..
323 2422 512 2457 inquit,Cotta‚
527 2423 596 2454 nolo,
609 2423 657 2450 sed
669 2432 810 2451 sumemus
824 2430 891 2451 tem-

91 2465 143 2492 pus
158 2457 242 2485 aliud.
282 2458 406 2486 Efficiam
418 2459 544 2494 profecto,
559 2465 588 2487 ut
600 2460 707 2488 fateare.
747 2461 800 2488 Sed
811 2461 839 2474 ⁰
849 2462 858 2474 '

383 2497 476 2532 (Multa
487 2499 598 2531 (Iesum.)

129 2531 297 2566 Nequaquam
307 2537 374 2561 istuc
384 2537 450 2562 istac
462 2537 521 2561 ibit:
534 2538 628 2568 rna'ryna
640 2538 703 2561 inas!
714 2539 829 2562 (ϊνιάιίο.

129 2568 197 2595 Nam
207 2574 235 2596 ut
245 2579 289 2604 eqo
300 2573 353 2598 illis
363 2574 535 2605 supplicarem
546 2575 618 2598 Ιάιιίιι
631 2572 869 2606 blandiloque'nu'u?

94 2605 190 2633 xxvi.
212 2609 254 2634 66.
278 2607 382 2645 [Niobe]
401 2618 532 2644 parumne
548 2610 700 2636 ratiocinari
723 2610 844 2642 videtur,
866 2615 892 2637 et

93 2643 216 2708 silhiilpsa
227 2644 357 2673 nefarium
368 2652 472 2682 pestem
483 2646 651 2674 machinari?
661 2647 730 2675 Illud
738 2656 800 2675 vero
808 2656 890 2684 quam

93 2688 122 2707 ca
146 2689 154 2707 ι
175 2682 313 2710 aratione!

1146 146 1238 173 CAP.
1271 148 1303 173 20
1323 162 1360 166 —
1380 148 1422 173 ⁶28.
1687 150 1747 174 ¹133

988 217 1040 249 Qui
1053 219 1104 244 volt
1120 226 1184 248 esse,
1202 220 1268 252 quo'd
1283 220 1347 244 volt:
1369 221 1406 244 ita
1420 220 1464 244 dat
1478 221 1506 244 se'
1523 226 1575 247 res,
1598 223 1625 244 ut
1645 222 1747 251 opernm

1354 258 1434 282 dabit.

948 291 1000 323 Qui
1012 296 1052 318 est
1063 301 1158 318 versus
1169 293 1291 319 omnium
1303 293 1449 319 seminator
1461 292 1602 318 malorum.

986 329 1036 355 'Ille
1048 334 1195 356 transversa
1208 335 1286 356 mente
1297 332 1358 356 mihi
1368 332 1441 356 hodie
1452 332 1559 356 tradidi!
1571 331 1709 362 repdyula:

986 369 1077 400 quibus
1087 376 1131 400 eqo
1142 370 1209 393 iram
1220 371 1315 394 omne'm
1325 369 1465 398 recludam,
1474 373 1549 401 alque
1561 368 1600 394 illi
1609 370 1747 400 perniciem

1360 406 1440 431 dubo:

985 442 1048 467 mihi
1068 450 1208 472 maerores,
1229 443 1270 468 illi
1294 443 1402 468 luctum:
1424 444 1531 468 emiliam
1552 443 1603 472 illi,
1627 444 1747 469 exsilium

1360 481 1430 505 mihi.

948 515 1020 541 Hanc
1037 514 1162 542 videlicet
1177 516 1319 546 rationem,
1343 525 1424 551 quam
1445 525 1491 542 vos
1508 516 1601 542 divino
1617 516 1747 543 beneficio

949 552 1051 579 homini
1067 552 1156 578 solum
1175 553 1302 579 tributam
1319 553 1423 584 dicitis,
1448 554 1548 580 bestiae
1568 563 1619 580 non
1637 554 1745 580 habent.

948 591 989 616 67.
1012 590 1128 616 Videsne
1141 591 1236 625 igitur,
1251 596 1352 625 quanto
1364 600 1474 617 munere
1486 591 1597 617 deorum
1609 592 1695 617 simus
1707 591 1747 618 af—

948 626 1028 653 secti?
1047 627 1134 662 Atque
1150 627 1244 654 eadem
1259 628 1365 660 Medea,
1391 634 1493 663 patrem
1514 629 1682 664 patriamque
1704 628 1747 655 su—

947 674 1038 700 giens:

1315 718 1352 723 —
1360 707 1495 737 postquam
1505 709 1580 736 pater

984 741 1182 773 cippropivzquat,
1196 742 1306 774 irimque,
1315 750 1397 774 paene
1409 746 1435 767 ut
1446 742 1680 774 cotrzprelteudamn
1697 749 1746 774 ρα-

1359 783 1410 808 rat,

983 816 1091 846 puerum
1104 819 1202 840 interea
1213 816 1355 845 obtruncat,
1363 818 1523 848 membraque
1534 816 1694 841 ‹irteculalz'm
1706 817 1747 841 ‹Ii-

1358 855 1429 883 vidie,

981 890 1076 921 perque
1087 897 1164 921 agros
1172 891 1268 922 passim
1279 891 1401 923 ‹Iz'speryit
1412 893 1517 922 cerpus:
1530 891 1556 914 id
1566 898 1594 914 ea
1606 892 1702 922 qratia,

984 928 1020 956 iit,
1033 927 1093 951 dum
1104 931 1157 952 nali
1169 928 1306 959 dissipatos
1317 930 1391 953 artus
1403 931 1517 960 captare!
1527 935 1630 959 parens,

983 965 1040 996 ipsa
1056 966 1152 989 interea
1167 966 1300 997 effugeret,
1323 966 1394 990 illum
1411 969 1437 990 ut
1458 968 1559 990 azaeror
1575 966 1689 990 tardaret
1707 973 1747 989 se-

1359 1005 1417 1035 ᾳιιί,7

982 1039 1032 1063 sibi
1041 1039 1149 1064 salutem
1160 1043 1186 1064 ut
1197 1040 1326 1072 familiari
1335 1042 1439 1072 pareret
1448 1041 1600 1072 parricidio.

947 1076 988 1100 68.
1001 1075 1078 1106 Huic,
1092 1080 1122 1102 ut
1132 1075 1231 1106 scelus,
1245 1077 1284 1102 sic
1295 1085 1328 1102 ne
1340 1078 1406 1103 ratio
1417 1077 1528 1111 quidem
1540 1076 1635 1102 defuit.
1658 1076 1748 1108 Quid?

947 1111 992 1138 ille
1005 1112 1125 1139 funestas
1138 1113 1232 1147 epulas
1244 1113 1318 1140 fratri
1329 1123 1488 1149 comparans
1500 1122 1587 1140 nonne
1600 1114 1746 1140 versathuc

947 1154 972 1176 et
983 1149 1048 1176 illuc
1059 1151 1219 1185 cogitatione
1232 1151 1380 1178 rationem?

985 1188 1071 1214 Μαίον
1081 1190 1143 1214 mihi
1156 1190 1241 1219 moles,
1255 1192 1339 1215 vnaius
1351 1191 1504 1216 miscendam
1518 1190 1547 1215 'sl
1559 1190 1662 1217 malum,

984 1227 1029 1258 qm*
1039 1227 1110 1251 illius
1120 1228 1240 1252 acerbum
1252 1229 1295 1252 (όν
1307 1229 1459 1253 contundam
1470 1231 1492 1252 et
1505 1229 1676 1259 conlprimum.

946 1262 1055 1289 xxvu.
1078 1263 1132 1289 Nec
1148 1267 1236 1289 tamen
1254 1263 1299 1289 ille
1318 1265 1374 1298 ipse
1389 1269 1429 1290 est
1449 1263 1675 1298 praetereundus,
1699 1263 1747 1297 qui

983 1315 1019 1319 -—
1033 1303 1082 1326 no'n
1093 1305 1133 1326 sal
1144 1302 1232 1327 habuit
1244 1304 1373 1334 cmn'uyem
1386 1303 1463 1327 illese
1475 1303 1499 1327 ιή
1512 1306 1642 1333 stuprum:

946 1337 979 1363 de
991 1346 1044 1372 quo
1056 1342 1126 1364 recte
1138 1343 1164 1364 et
1175 1339 1318 1364 verissime
1332 1338 1450 1374 loquitur
1461 1338 1571 1364 Atreus:

985 1375 1058 1406 Quod
1069 1377 1096 1402 z'n
1106 1384 1134 1401 re
1144 1385 1242 1402 summa
1252 1379 1376 1402 summum
1389 1385 1440 1402 esst·
1449 1377 1573 1409 periclum
1584 1377 1708 1404 arbitror,

984 1416 1077 1438 matres
1090 1416 1254 1447 coinquinari
1265 1414 1378 1447 rcynm‘,
1393 1416 1489 1446 reguiam

983 1453 1156 1476 contaminari
1166 1453 1279 1484 stirpem,
1292 1454 1431 1477 ‹ulmisceri'
1440 1459 1528 1483 yemis.

945 1487 978 1514 At
990 1486 1016 1513 id
1030 1488 1119 1522 ipsum
1131 1496 1213 1523 quam
1224 1487 1331 1520 callide,
1340 1489 1508 1524 quiregnum
1521 1486 1652 1513 adulterio
1663 1494 1747 1521 quae-

946 1529 1028 1551 reret:

983 1564 1054 1588 Addo
1064 1562 1173 1597 (inquit)
1184 1564 1240 1593 lnic,
1252 1565 1319 1597 qaod
1330 1564 1391 1589 mihi
1401 1566 1518 1596 porle'nlo
1529 1563 1662 1588 ecelesiam
1671 1566 1747 1594 pater

982 1602 1128 1633 prodiyium
1140 1603 1208 1626 misit
1221 1604 1292 1634 re'yni
1302 1602 1447 1626 stabilimen
1459 1603 1514 1627 mci.

983 1646 1077 1671 aynum
1089 1640 1156 1663 t'nler·
1165 1640 1272 1670 pecudes
1283 1641 1364 1664 aurea
1377 1639 1477 1664 clarum
1490 1646 1569 1666 coma,

983 1684 1056 1708 quem
1068 1677 1132 1701 clam
1149 1675 1276 1708 Thyestem
1288 1677 1384 1709 clepere
1393 1684 1485 1701 ausum
1496 1683 1548 1701 esse
1557 1683 1570 1700 e
1581 1676 1667 1707 re'yiu:

983 1721 1034 1746 qua
1045 1715 1071 1738 in
1083 1721 1110 1738 re
1120 1715 1274 1740 adiutricem
1285 1716 1415 1745 couiuyem
1427 1715 1491 1746 cepit
1502 1714 1560 1738 sibi.

945 1751 986 1776 69.
1001 1749 1146 1776 Videturne
1158 1758 1263 1776 summa
1277 1751 1447 1785 improbitate
1460 1758 1526 1776 usus
1538 1757 1590 1775 uon
1601 1748 1659 1774 sine
1670 1755 1747 1773 sum-

946 1796 988 1813 ma
1000 1796 1059 1813 esse
1071 1787 1190 1814 ratione?
1210 1789 1264 1814 Nec
1281 1797 1344 1814 vero
1355 1796 1433 1814 scena
1446 1787 1533 1814 solum
1546 1786 1641 1813 referta
1652 1790 1692 1811 est
1704 1785 1747 1810 his

945 1824 1108 1855 sceleribus,
1132 1825 1179 1851 sed
1196 1825 1281 1852 multo
1298 1826 1351 1852 vita
1367 1825 1520 1852 communis
1536 1832 1620 1859 paene
1637 1823 1747 1849 maiori-

946 1862 1008 1889 bus.
1049 1862 1136 1889 Sentit
1156 1862 1253 1889 domus
1275 1864 1357 1889 unius
1377 1864 1525 1897 cuiusque,
1547 1862 1628 1887 sentit
1647 1860 1744 1889 sorum,

945 1900 1027 1926 sentit
1038 1900 1125 1929 curia,
1139 1908 1262 1935 campus,
1279 1901 1359 1931 socii,
1374 1900 1542 1935 provinciae,
1559 1903 1601 1929 nt,
1615 1896 1746 1933 quemad-

946 1937 1056 1964 modum
1074 1937 1174 1964 ratione
1192 1943 1260 1964 recte
1277 1938 1334 1968 fiat,
1353 1939 1392 1964 sic
1408 1938 1509 1964 ratione
1521 1940 1657 1971 peccetur:
1680 1934 1746 1961 alte-

946 1984 1061 2010 rumque
1073 1980 1098 2001 et
1109 1983 1123 2000 a
1135 1976 1229 2010 paucis
1239 1980 1265 2002 et
1276 1975 1464 2007 rar0,alterum
1477 1979 1502 2001 et
1513 1982 1592 2008 saepe
1603 1978 1628 1999 et
1639 1971 1746 2007 apluri-

945 2014 1010 2038 mis:
1036 2017 1064 2039 ut
1079 2014 1165 2040 satius
1182 2012 1263 2039 suerit
1277 2013 1379 2039 nullam
1391 2013 1501 2039 omnino
1513 2011 1590 2038 nobis
1602 2019 1616 2036 a
1628 2010 1682 2036 diis
1695 2010 1745 2035 ini-

946 2049 1105 2076 mortalibus
1116 2050 1206 2076 datam
1217 2059 1277 2076 esse
1289 2051 1428 2080 rationem,
1437 2054 1596 2085 quanitanta
1610 2056 1672 2074 enni
1686 2055 1745 2081 per-

945 2087 1015 2113 nicie
1027 2086 1126 2114 datam.
1168 2088 1200 2114 Ut
1216 2088 1311 2114 vinum
1327 2088 1456 2123 aegrotis,
1474 2087 1538 2122 quia
1554 2085 1662 2121 prodest
1677 2092 1743 2110 raro.

945 2128 1021 2150 nocet
1035 2125 1209 2159 saepissime,
1233 2125 1332 2151 melius
1351 2130 1391 2151 est
1407 2133 1458 2151 non
1475 2124 1604 2150 adbibere
1624 2122 1743 2150 omnino.

944 2170 1026 2195 quani
1042 2170 1090 2195 spe
1104 2161 1204 2188 dubiae
1215 2162 1311 2188 salutis
1324 2163 1350 2188 in
1363 2167 1481 2196 apertam
1494 2161 1641 2196 perniciem
1655 2159 1746 2199 ineur-⁴

945 2206 1016 2224 rere:
1039 2199 1079 2224 sic
1091 2198 1163 2224 haud
1175 2199 1244 2229 scio,
1257 2208 1290 2225 an
1304 2199 1401 2225 melias
1415 2198 1508 2227 suerit,
1523 2199 1640 2224 hnmano
1651 2204 1744 2230 generi

945 2240 1047 2261 motum
1055 2236 1258 2262 istumeelereni
1266 2237 1446 2271 cogitationis,
1455 2244 1578 2263 acumen,
1587 2233 1742 2261 sollertiam,

944 2281 1026 2307 quam
1039 2273 1169 2299 rationem
1182 2282 1322 2303 vmannus,
1341 2274 1469 2308 qnoniam
1487 2272 1611 2307 pestifera
1627 2271 1660 2296 sit
1674 2268 1744 2295 mul-

945 2311 987 2340 tis,
996 2309 1141 2336 admodum
1154 2311 1248 2344 punicis
1258 2310 1393 2341 salutaris,
1403 2320 1454 2336 non
1466 2310 1524 2336 «lari
1536 2309 1744 2342 mnnino.qua1n

945 2352 996 2373 tani
1014 2347 1140 2374 niuniliee
1156 2352 1181 2374 et
1197 2353 1250 2374 tani
1269 2347 1339 2382 large
1356 2347 1424 2373 dari.
1465 2349 1506 2373 70.
1529 2345 1709 2378 Quamobrem
1721 2345 1744 2369 si

945 2393 1020 2410 niens
1032 2384 1209 2419 voluntusqin¹
1221 2385 1313 2411 divina
1327 2383 1567 2410 idcircoconsaluit
1577 2381 1742 2408 hominibus.

943 2421 1014 2457 quod
1029 2422 1062 2448 iis
1076 2421 1169 2457 largita
1181 2427 1220 2448 cst
1233 2423 1376 2448 rationein:
1395 2422 1428 2447 iis
1440 2421 1505 2447 solis
1517 2419 1662 2448 consumit,
1676 2427 1745 2454 quos

945 2459 1323 2494 bonarationedonavit,quos
1337 2459 1503 2487 vi‹leinus,si
1517 2457 1596 2483 modo
1608 2456 1655 2482 ulli
1669 2460 1741 2484 sant.

943 2506 1002 2522 esse
1013 2505 1172 2531 perpaucos.
1215 2498 1271 2523 Non
1288 2496 1373 2531 placet
1388 2501 1476 2522 autent
1494 2495 1588 2530 paneis
1598 2503 1612 2520 a
1627 2493 1680 2519 diis
1693 2494 1743 2519 ini-

944 2533 1103 2560 mortalibus
1114 2543 1173 2560 esse
1184 2534 1352 2565 consultum,
1371 2534 1494 2568 sequitur
1507 2541 1584 2568 ergo,
1597 2536 1626 2558 ut
1641 2531 1742 2557 nemini

942 2571 1096 2598 consultum
1108 2572 1153 2598 sit.

1000 2608 1119 2635 XXVlll.
1142 2609 1210 2634 lluie
1227 2608 1283 2634 loco
1298 2609 1337 2634 sic
1353 2607 1445 2634 soletis
1460 2615 1612 2633 occurrere:
1632 2615 1683 2631 non
1701 2604 1741 2630 id-

942 2646 1014 2672 circo
1030 2655 1081 2672 non
1099 2647 1200 2681 optime
1217 2646 1294 2671 nobis
1311 2655 1324 2671 a
1340 2645 1394 2671 diis
1412 2653 1471 2671 esse
1493 2644 1646 2679 provisum.
1669 2641 1741 2677 qnod

922 2704 923 2711 ,
944 2683 1022 2710 multi
1033 2692 1126 2710 eorum
1138 2683 1268 2711 benc-licio
1280 2691 1405 2719 perverse
1417 2687 1564 2709 uterentur.
1596 2681 1682 2707 Etiam
1696 2688 1742 2715 pa—
