1941 3052
208 146 256 171 550
672 143 712 168 59.

207 216 309 246 fnisset,
326 215 349 241 ia
361 215 409 244 vir,
418 223 430 240 a
443 223 496 249 quo
506 211 996 246 senatusodolescentuloatqneequite
1023 232 1025 238 χ

207 254 323 279 nomano
334 261 411 286 saepe
423 252 572 277 coinrnunis
583 250 678 276 salutis
693 249 824 275 auxilium
835 250 994 283 expetissem

205 291 282 316 cuins
295 299 335 316 res
346 294 435 323 gestae
445 297 536 314 omncs
548 292 640 322 gentes
651 295 712 312 cum
724 286 872 312 clarissima
889 287 995 312 victoria

206 332 271 354 terra
283 327 402 360 marique
415 329 609 360 peragras-scum
626 324 704 349 cuins
716 328 767 349 tres
781 323 909 357 triumphi
918 328 996 349 testes
1016 332 1018 359 ξ

204 369 302 394 cust-nt,
326 368 407 389 totnni
423 363 513 387 orbem
531 367 658 387 terrarum
675 366 763 387 nostro
775 361 886 395 imperio
899 361 994 391 teneri;

204 410 283 437 quem
297 399 412 435 populns
424 400 557 425 Romanus
567 398 750 432 singularibus
763 398 907 424 bonoribus
919 398 997 424 ‹leco-

205 443 299 464 rassvt:
322 437 344 463 si
366 445 435 462 nunc
455 436 526 470 apud
542 444 588 461 vos
605 435 640 466 id,
657 435 728 470 qnod
746 436 768 461 is
781 435 894 465 fecisset,
908 439 996 461 contra
1017 439 1018 450 ³

205 475 298 501 foi-dns
311 474 408 500 fan-tnui
420 473 629 507 (liceretur,quis
640 472 761 498 audiret?
782 473 864 498 Nemo
871 472 994 507 profecto¹
1017 487 1018 490 =

206 513 273 538 Mors
285 512 355 537 enim
367 519 451 545 quum
464 510 781 540 exstinxissctinvidiam,
791 519 831 536 res
841 511 900 536 eins
907 515 996 545 gestae

204 549 358 582 ,wmpitorni
381 548 495 574 nominis
515 547 599 581 gloria
615 547 770 573 niterentur.
820 547 904 573 Cuius
916 547 997 582 igitur

204 586 291 612 andita
306 586 389 611 virtus
401 585 560 611 dubitationi
573 584 660 611 locum
672 584 816 611 nondaret:
834 585 915 611 buius
922 593 997 619 prae-

204 633 264 649 sens
295 628 402 656 experta
430 627 509 657 atque
539 627 676 657 perspecta
705 622 910 649 obtrectatorum
934 630 997 648 voce
1017 613 1026 655 ¹,

214 670 253 686 «Ὶυί
326 659 339 686 9

206 661 210 686 Ι
255 660 368 723 ‘gilli-fl.
384 696 510 724 Omittam
531 697 613 731 igitur
631 696 788 731 Pompeium
809 697 861 723 iam
881 696 997 722 oratione

205 744 261 761 mea
272 734 388 770 reliqna:
411 734 456 760 sed
475 743 530 765 vos,
544 734 655 765 iudices,
669 735 766 760 animis
780 743 809 760 ac
821 734 947 760 memoria
960 738 998 759 te·
1018 751 1019 757 1

349 772 384 798 De
405 771 471 807 lege,
491 771 523 798 de
535 771 648 802 foedere,
661 771 694 797 de
705 771 845 806 exemplis,
859 771 892 797 de
904 780 998 806 perpe·
1018 783 1019 798 ς

203 814 247 835 tua
267 809 460 836 consuetudine
475 809 592 835 civitatis
609 813 712 835 nostrae
729 809 861 835 renovabo
876 817 914 839 ea,
928 817 997 843 quae
1018 806 1019 816 ¹

203 846 271 873 (licta
283 851 356 873 sunt.
392 846 463 872 Nihil
476 847 547 872 enim
560 846 625 872 mibi
638 847 708 876 novi,
724 846 788 872 nibil
803 846 897 881 integri
911 854 997 880 neque
1018 842 1019 852 ¹

204 884 238 910 M.
260 884 382 913 Crassus,
400 884 446 918 qni
460 888 538 910 totam
550 892 672 910 caussam
685 888 710 909 et
722 892 768 918 pro
780 883 903 909 facultate
915 887 940 909 et
951 892 997 917 pro
1018 889 1019 893 ¹

204 777 298 798 nctote.

204 921 254 948 lide
274 930 322 947 sua
343 921 548 956 diligentissime
570 921 645 947 vobis
665 921 820 955 explicavit,
845 929 931 955 neque
947 921 995 946 Cn.

203 959 354 993 Pompeius,
377 959 455 984 cuius
471 959 553 985 oratio
567 958 694 984 omnibus
703 959 865 985 ornamentis
876 957 998 984 abunda-

204 996 250 1026 vit,
272 996 304 1022 ad
324 995 467 1022 dicendum
484 995 601 1030 reliquit.

203 1038 285 1064 sante,
299 1033 398 1067 placuit
410 1033 541 1059 ambobus
552 1032 673 1059 adhiberi
686 1033 757 1059 bunc
770 1042 784 1059 a
795 1041 837 1059 me
847 1033 926 1067 quasi
938 1041 998 1067 per·
1024 1035 1026 1062 ¹,

203 1070 319 1105 poliendi
340 1070 484 1105 quemdam
505 1071 594 1105 operis
613 1075 763 1097 extremum
784 1070 899 1096 laborem
908 1090 914 1100 ,
938 1074 998 1104 peto

203 1117 216 1133 a
230 1107 314 1138 vobis,
327 1112 357 1134 ut
367 1116 409 1133 me
420 1107 500 1134 officii
513 1108 611 1142 potiuS,
624 1117 705 1143 quam
717 1107 822 1134 dicendi
834 1107 924 1133 studio
931 1107 997 1133 banc

203 1145 355 1180 suscepisse
375 1153 480 1179 operam
502 1153 532 1171 ac
551 1153 651 1172 munus
672 1146 781 1179 putetis.
807 1146 845 1170 ¹8.
862 1145 898 1171 Ac
909 1145 994 1179 prius,

203 1191 282 1216 quam
304 1182 443 1218 aggrediar
463 1182 495 1208 ad
516 1183 559 1208 ius
579 1190 756 1217 caussamque
771 1181 900 1212 Cornelii,
915 1181 997 1216 quid-

203 1219 262 1245 dam
275 1219 308 1245 de
318 1220 454 1246 communi
465 1219 615 1246 conditione
626 1220 747 1246 omnium
759 1224 888 1250 nostrum,
902 1219 997 1253 depre-

201 1256 301 1283 candae
321 1256 522 1283 malevolentiae
532 1265 639 1288 caussa,
657 1257 773 1283 breviter
787 1265 997 1283 commemoran-

203 1293 267 1320 dum
284 1293 398 1320 videtur.
421 1293 459 1324 Si,
472 1302 526 1329 quo
535 1294 652 1328 quisque
665 1294 720 1321 loco
733 1299 851 1321 nostrum
864 1298 912 1322 est.
926 1293 998 1319 iudi-

202 1340 255 1362 ces,
278 1335 365 1362 natus,
388 1335 433 1357 aut
445 1332 477 1362 si,
497 1331 523 1357 in
535 1340 587 1366 qua
604 1331 708 1358 fortuna
723 1336 764 1357 est
778 1331 905 1357 nascendi
920 1331 997 1357 initio

201 1369 372 1399 constitutus,
395 1368 466 1395 hunc
487 1368 555 1394 vitae
570 1373 668 1395 statum
685 1377 771 1403 usque
787 1368 820 1394 ad
832 1372 995 1395 senectutem

201 1406 319 1432 obtinere
339 1405 425 1436 debet,
443 1410 476 1436 et,
494 1406 517 1432 si
529 1415 631 1436 omnes.
647 1414 716 1441 quos
729 1411 775 1432 ant
785 1405 889 1432 fortuna
901 1405 997 1432 extulit

201 1448 247 1469 aut
270 1443 389 1477 ipsorum
405 1442 549 1469 illustravit
565 1442 639 1470 labor
648 1448 673 1469 et
684 1443 824 1474 industria,
838 1451 922 1478 poena
932 1448 997 1469 sunt

202 1480 348 1506 afficiendi:
371 1489 423 1507 non
433 1481 539 1516 gravior
550 1481 579 1506 L.
593 1480 722 1512 Cornelio,
736 1489 818 1515 quam
830 1480 923 1507 multis
931 1480 996 1507 viris

202 1517 278 1544 bonis
303 1522 382 1552 atque
404 1517 526 1549 fortibus,
549 1518 676 1544 constitui
696 1517 739 1545 lex
753 1519 821 1544 vitae
836 1523 862 1544 et
879 1517 997 1544 conditio

203 1555 316 1581 videtur.
357 1554 404 1581 Sin
416 1559 504 1581 autem
516 1555 662 1582 multorum
675 1555 768 1587 virtus¹
782 1556 930 1590 ingenium,
944 1555 996 1581 hu-

201 1593 314 1618 manitas
337 1601 371 1619 ex
380 1592 472 1619 infimo
482 1601 580 1628 genere
591 1598 616 1619 et
627 1592 746 1619 fortunae
756 1592 842 1628 gradu
854 1601 905 1620 non
917 1592 996 1619 modo

201 1630 332 1656 amicitias
352 1634 379 1656 et
396 1630 434 1656 rei
456 1629 594 1656 familiaris
607 1630 698 1664 copias
716 1634 857 1659 consecuta
873 1634 926 1660 est,
948 1629 995 1655 sed

201 1675 334 1693 summam
347 1666 462 1697 laudem,
476 1667 598 1698 bonores,
611 1667 732 1702 gloriam.
749 1667 920 1702 dignitatem:
943 1675 995 1693 non

201 1703 331 1739 intelligo,
339 1712 387 1730 cnr
398 1705 487 1738 potius
498 1704 600 1730 invidia
612 1704 740 1730 violatura
751 1705 877 1730 virtutem
889 1704 919 1730 L.
932 1703 996 1730 Cor—

202 1741 274 1771 nelii.
287 1750 369 1775 quam
381 1742 502 1776 aequitas
515 1746 600 1768 vestra
612 1741 742 1776 pudorem
753 1742 812 1768 eius
823 1741 947 1767 adiutura
955 1741 996 1767 vi-

201 1778 304 1805 deatur.
329 1780 367 1804 ⁴9.
380 1779 480 1813 Itaque,
493 1778 566 1813 quod
578 1779 694 1805 maxime
705 1778 850 1813 petendum
861 1783 909 1809 est.
923 1787 936 1804 a
948 1786 996 1805 vo-

201 1815 243 1842 bis
266 1815 363 1842 idcirco
377 1824 429 1842 non
451 1820 518 1850 peto,
535 1815 648 1847 indices,
666 1824 698 1842 ne
714 1815 747 1842 de
763 1821 849 1842 vestra
864 1816 994 1850 sapientia

201 1857 281 1887 atque
296 1852 328 1878 de
340 1857 426 1879 vestra
438 1853 602 1879 humanitate
612 1853 736 1880 dubitare
747 1853 847 1880 videar.
887 1853 935 1879 Est
945 1861 995 1879 au-

201 1894 254 1916 tem
270 1889 424 1924 petendum,
443 1898 475 1916 ne
489 1890 598 1916 oderitis
614 1891 762 1926 ingenium,
776 1899 809 1916 ne
820 1891 923 1916 inimici
934 1891 994 1916 sitis

201 1926 356 1958 industriae,
381 1935 412 1953 ne
428 1927 620 1954 humanitatem
635 1927 848 1962 opprimendam,
866 1936 898 1954 ne
909 1928 996 1954 virtu-

201 1969 254 1990 tem
275 1964 438 1999 puniendam
459 1965 568 1999 putetis.

200 2002 286 2036 ipsam
303 2010 350 2036 per
364 2010 392 2028 se
404 2001 506 2028 firmam
522 2010 581 2028 esse
592 2007 616 2028 et
627 2002 751 2029 stabilem
764 2002 893 2033 videritis,
908 2002 996 2029 homi-

201 2039 243 2065 nis
253 2039 340 2073 ipsius
351 2043 504 2065 ornamenta
516 2039 670 2066 adiumento
680 2048 790 2066 caussae
800 2040 900 2074 potius,
912 2048 994 2074 quam
1015 2050 1024 2068 t

200 2075 393 2111 impedimento
403 2084 462 2103 esse
473 2076 583 2102 malitis.

255 2113 322 2139 VIII.
334 2114 466 2144 Nascitur,
480 2113 591 2144 iudices,
607 2122 701 2140 caussa
712 2113 828 2141 Cornelii
840 2123 873 2140 ex
884 2123 913 2140 ea
925 2113 992 2149 lege,

199 2159 281 2214 qu¹am
302 2151 331 2177 L.
349 2150 462 2181 Gellius,
481 2150 529 2177 Cn.
545 2151 685 2178 Cornelius
700 2160 734 2178 ex
744 2156 853 2178 senatus
864 2151 994 2177 sententia

200 2192 229 2214 tu
242 2192 328 2214 erunt.

200 2263 329 2289 sententia
350 2262 507 2298 singillatim
523 2263 630 2289 civitate
640 2263 753 2290 donarit.
794 2264 924 2290 Donatum
935 2272 995 2290 esse

200 2299 230 2325 L.
243 2299 405 2331 Cornelium,
418 2308 544 2335 praesens
559 2300 702 2335 Pompeius
713 2300 792 2331 dicit3
814 2301 933 2327 indicant
944 2309 996 2335 pu-

200 2336 285 2363 blicae
305 2337 424 2364 tabulae:
446 2342 582 2364 accusator
596 2337 702 2364 fatetur.
742 2337 796 2364 Sed
807 2343 885 2374 negat
895 2347 929 2364 ex
940 2338 995 2365 foe-

199 2373 289 2400 derato
309 2374 407 2409 populo
425 2383 590 2410 quemquam
611 2376 743 2410 potuisse,
766 2376 819 2401 nisi
838 2376 862 2401 is
878 2375 994 2410 populus

201 2410 300 2437 fundus
317 2411 400 2438 factus
415 2417 498 2443 esset,
515 2413 544 2438 in
559 2412 626 2439 banc
637 2413 770 2439 civitatem
784 2413 884 2440 venire.
913 2414 956 2439 ⁹20.
973 2412 995 2439 O

201 2447 363 2481 praeclarum
379 2449 550 2484 interpretem
565 2450 646 2476 iuris!
667 2455 801 2476 auctorem
812 2450 993 2484 antiquitatis!

200 2489 370 2511 correctorem
381 2490 460 2520 atque
471 2487 666 2513 emendatorem
678 2491 782 2513 nostrae
791 2487 922 2513 civitatis!
946 2487 995 2522 qui

201 2521 268 2547 hanc
292 2530 402 2555 poenam
421 2523 572 2550 foederibus
587 2524 714 2554 ascribat,
737 2528 767 2550 ut
781 2524 902 2550 omnium
918 2533 995 2559 prae—

201 2558 315 2584 miorum
340 2558 584 2596 beneficiorumque
603 2566 753 2588 nostrorum
774 2566 897 2595 expertes
917 2561 995 2588 faciat

201 2594 357 2621 foederatos.
397 2595 467 2628 Quid
483 2599 554 2624 enim
573 2598 660 2632 potuit
669 2598 994 2633 diciimperitius,quam

202 2631 348 2658 foederatos
363 2633 476 2667 populos
492 2634 548 2660 fieri
558 2633 657 2662 >fundos
668 2633 806 2670 oportere?
825 2635 891 2661 Nam
903 2636 930 2662 id
942 2644 994 2662 non

202 2669 287 2704 magis
297 2673 337 2695 est
346 2670 482 2705 propi-inm
496 2671 787 2707 foederatorum,quam
799 2673 920 2699 omnium
928 2673 996 2700 libe-

642 995 694 1022 Sed
709 996 846 1030 quoniam.
865 1003 906 1021 me
922 1003 998 1021 recu·
1025 1020 1027 1026 ,

608 1964 677 1991 Illud
693 1970 762 1999 peto,
779 1970 817 1995 ut.
836 1965 859 1991 si
871 1973 994 1991 caussam
1011 1985 1018 2007 4

369 2187 426 2220 Qua
448 2188 504 2224 lege
518 2188 643 2215 videmus
658 2189 723 2214 satis
737 2197 797 2215 esse
809 2193 941 2219 sanctum.
955 2190 994 2215 uti
1015 2208 1017 2224 4

199 2225 273 2251 cives
288 2225 400 2251 Romani
420 2225 475 2251 sint
490 2226 517 2256 ii,
539 2234 607 2260 quos
623 2226 671 2252 Cn.
689 2226 832 2261 Pompeius
846 2226 879 2253 de
889 2226 994 2252 consilii
1015 2243 1017 2264 3

748 142 781 167 M.
817 141 846 167 T.
881 140 1153 168 etet-:noxis
1186 141 1371 168 ORATIO

1047 220 1147 237 rorum.
1187 211 1240 238 Sed
1256 217 1339 238 totum
1356 212 1418 242 boc.
1436 213 1550 243 iudica,
1568 214 1594 240 in
1609 221 1639 239 ea
1655 213 1705 239 fuit
1721 214 1838 248 potitum

1047 258 1153 282 ιιι-ευριπ
1165 249 1263 275 ratione
1274 254 1353 283 atque
1365 251 1502 280 sententia,
1515 256 1645 285 ut.quum
1657 251 1781 277 iussisset
1792 259 1840 285 po-

1049 286 1128 320 pulus
1143 286 1276 312 numanus
1286 286 1403 321 aliquid.
1425 287 1448 313 ni
1460 287 1486 314 id
1498 288 1655 314 ascivi-»ent
1669 288 1734 314 socii
1746 287 1839 322 populi

1048 332 1076 348 m:
1091 323 1173 349 Latini
1184 343 1189 351 .
1202 328 1227 349 ct
1242 324 1264 349 ai
1276 332 1305 349 ea
1318 323 1458 358 lentinum
1471 333 1518 350 noa
1530 325 1698 354 haberemus,
1707 325 1799 351 eadem
1812 326 1839 351 in

1049 359 1148 394 populo
1157 360 1260 394 aliquo.
1275 365 1409 395 tamquam
1423 361 1449 387 in
1461 361 1552 391 fundo,
1564 362 1720 391 medi-set:
1743 367 1772 388 ut
1783 368 1839 388 tum

1024 403 1025 407 ¹
1050 397 1106 430 lege
1126 397 1217 423 eadem
1238 407 1259 423 is
1276 398 1392 432 populus
1408 403 1553 424 teneretur:
1576 408 1641 429 non,
1659 405 1688 425 ut
1701 399 1735 425 tle
1751 404 1841 425 nostro

1049 435 1105 460 inre
1120 434 1222 469 aliquid
1237 435 1444 465 diminueretur.
1461 435 1508 461 aed
1526 440 1555 462 ut
1570 435 1608 462 illi
1621 436 1712 471 populi
1723 441 1770 462 aut
1783 437 1840 462 iure

1047 480 1091 501 co,
1107 472 1180 506 quod
1196 481 1209 498 a
1226 472 1303 498 nobis
1318 478 1388 499 esset
1401 475 1590 502 constitutum,
1607 478 1653 499 aut
1667 473 1758 508 aliquo
1767 482 1841 499 corn-

1049 509 1126 535 modo
1137 514 1181 535 aut
1193 509 1320 536 beneficio
1331 514 1475 536 uterentur.
1508 512 1549 536 21.
1564 510 1636 536 Tulit
1647 510 1717 545 apud
1729 511 1841 537 maiores

1049 551 1151 573 nostros
1168 546 1253 582 legem
1269 547 1298 573 C.
1316 547 1413 574 Furius
1430 547 1463 573 de
1475 548 1652 574 testamentis:
1675 547 1736 574 tulit
1744 548 1776 580 Q.
1789 548 1840 574 Vo-

1047 592 1141 610 comus
1169 584 1202 610 de
1226 584 1369 611 mulierum
1393 584 1599 611 hereditatibus:
1632 584 1841 611 innumerabiles

1048 621 1114 647 aliae
1131 621 1202 656 leges
1216 621 1250 647 de
1265 622 1338 648 civili
1355 622 1411 648 iure
1427 627 1490 648 aunt
1506 623 1585 648 latae:
1607 630 1675 656 quas
1692 622 1778 648 Latini
1795 630 1842 648 vo-

1050 658 1168 688 luerunt,
1190 659 1355 685 asciverunt:
1379 660 1435 694 ipsa
1451 659 1567 694 denique
1583 660 1657 689 Iulia.
1670 668 1723 694 qua
1736 659 1842 694 legeci-

1050 697 1117 722 vitas
1132 701 1172 722 est
1185 696 1264 723 sociis
1280 701 1306 722 et
1320 697 1420 723 Latinis
1434 696 1508 726 data,
1527 697 1582 727 αι’,
1599 697 1646 731 qui
1660 696 1735 723 fundi
1748 695 1841 731 populi

1050 733 1109 759 facti
1135 742 1186 760 non
1207 739 1308 764 essent,
1330 734 1465 761 civitatem
1490 743 1541 760 non
1562 734 1698 760 haberent.
1738 734 1767 760 ln
1786 741 1842 768 quo

1049 779 1145 806 magua
1169 772 1302 797 contentio
1326 771 1540 798 Heracleensium
1561 776 1586 798 et
1607 771 1841 806 Neapolitanorum

1050 807 1108 838 fuit,
1121 817 1205 843 qnum
1219 817 1312 843 magna
1325 817 1385 843 pars
1397 809 1624 835 iniiscivitatibus
1631 808 1744 835 foederis
1754 809 1797 834 aui
1809 807 1842 835 li-

1049 845 1175 872 bertatem
1196 846 1297 872 civitati
1317 846 1468 872 anteferret.
1508 847 1644 873 Postremo
1663 845 1728 872 haec
1744 846 1786 871 vis
1800 850 1842 872 eut

1049 883 1127 909 istius
1138 888 1164 909 et
1174 883 1240 909 iuris
1251 888 1276 909 et
1284 884 1366 912 verbi.
1375 888 1404 909 ut
1415 883 1490 910 fundi
1504 883 1595 918 populi
1603 883 1730 909 beneficio
1742 887 1839 912 nostro,

1025 935 1026 938 =
1049 929 1100 946 non
1113 928 1162 947 suo
1174 921 1230 946 iure
1243 920 1314 946 fiant.
1347 923 1387 947 22.
1403 921 1492 952 Quum
1503 921 1604 956 aliquid
1617 920 1734 955 populus
1746 920 1842 946 Roma-

1025 965 1026 971 *
1049 966 1100 983 nus
1116 958 1206 988 iussit,
1224 957 1250 983 id
1265 958 1288 984 si
1304 963 1343 984 est
1358 959 1504 988 eiusmodi,
1519 964 1547 984 ut
1558 957 1721 993 quibusdam
1734 956 1842 992 popth

1048 995 1106 1020 sive
1117 994 1256 1021 foederatis
1267 995 1324 1021 sive
1331 995 1422 1022 liberis
1429 995 1636 1030 permittendum
1643 1003 1703 1021 esse
1710 995 1840 1025 videatur.

1050 1037 1078 1058 ut
1088 1037 1205 1058 statuant
1220 1033 1270 1066 ipsi
1287 1041 1339 1059 non
1349 1033 1382 1059 de
1394 1034 1500 1062 nostris,
1513 1033 1560 1059 sed
1571 1032 1605 1059 de
1615 1033 1674 1058 suis
1685 1032 1775 1062 rebus,
1787 1039 1843 1066 quo

1049 1070 1105 1095 iure
1122 1070 1160 1095 uti
1176 1069 1272 1095 velint:
1295 1074 1366 1100 tum,
1384 1075 1473 1096 utrum
1490 1070 1566 1096 fundi
1582 1069 1642 1096 facti
1653 1070 1720 1099 sint,
1733 1078 1766 1095 an
1778 1077 1840 1097 non.

1047 1106 1231 1141 quaerendum
1247 1115 1306 1133 esse
1322 1107 1455 1134 videatur:
1478 1107 1510 1133 de
1521 1112 1609 1134 nostra
1621 1115 1684 1133 vero
1693 1106 1840 1141 republica.

1017 1151 1026 1163 ¹¹
1048 1144 1081 1169 de
1093 1149 1183 1170 nostro
1194 1145 1314 1179 imperio.
1327 1145 1360 1170 de
1372 1146 1468 1171 nostris
1481 1144 1614 1174 bellis,de
1630 1143 1788 1173 victoria.de
1798 1151 1842 1169 sa-

1050 1181 1103 1208 lute
1124 1181 1221 1207 fundos
1237 1181 1350 1216 populos
1366 1181 1421 1208 fieri
1438 1182 1590 1208 noluerunt.
1631 1181 1678 1208 IX.
1704 1181 1800 1215 Atqui,
1817 1181 1842 1207 ei

1048 1219 1254 1253 imperatoribus
1273 1219 1384 1249 nostris,
1402 1219 1424 1245 si
1440 1220 1558 1249 senatui.
1571 1220 1594 1245 si
1611 1218 1710 1253 populo
1725 1218 1842 1244 Romano

1049 1264 1099 1282 non
1117 1256 1220 1286 licebit,
1239 1257 1380 1290 propositis
1398 1257 1523 1291 praemiis
1537 1256 1632 1282 elicere
1643 1264 1676 1282 ex
1685 1255 1842 1282 civitatibus

1048 1294 1179 1320 sociorum
1191 1298 1270 1328 atque
1282 1294 1428 1320 amicorum
1437 1293 1612 1320 fortissimum
1623 1293 1842 1328 atqueoptimum

1047 1339 1184 1365 quemque
1208 1331 1241 1357 ad
1266 1331 1405 1357 subeunda
1427 1339 1474 1366 pro
1494 1330 1580 1357 saluta
1599 1335 1688 1357 nostra
1707 1329 1841 1365 pericula:

1047 1377 1153 1394 summa
1170 1368 1283 1394 utilitate
1294 1376 1323 1394 ac
1335 1369 1452 1395 maximo
1462 1377 1542 1403 saepe
1553 1367 1686 1403 praesidio
1697 1368 1724 1394 in
1736 1367 1844 1402 pericu-

1049 1405 1082 1432 lis
1093 1410 1173 1440 atque
1183 1406 1285 1440 asperis
1298 1406 1464 1440 temporibus
1474 1406 1619 1432 carendum
1631 1405 1690 1431 erit.
1721 1406 1763 1431 23.
1776 1403 1840 1434 Sed.

1049 1451 1096 1478 per
1108 1443 1171 1469 deos
1183 1442 1360 1469 immortales!
1375 1451 1444 1478 quae
1455 1448 1495 1469 est
1505 1443 1682 1473 istasocietas,
1695 1450 1764 1477 quae
1775 1441 1844 1467 ami-

1047 1481 1108 1507 citia
1116 1501 1122 1511 ,
1139 1480 1212 1515 quod
1229 1480 1336 1511 foedus,
1350 1485 1379 1506 ut
1389 1485 1436 1507 aut
1446 1485 1534 1507 nostra
1545 1480 1640 1507 civitas
1649 1484 1735 1506 careat
1746 1479 1773 1505 in
1783 1478 1842 1505 suis

1047 1517 1175 1553 periculis
1196 1517 1357 1544 Massiliensi
1375 1509 1583 1554 propd’gnatore.
1600 1521 1686 1543 careat
1701 1516 1841 1546 Gaditano.

1047 1560 1132 1581 careat
1147 1554 1310 1590 Saguntino:
1332 1559 1390 1586 aut,
1408 1556 1432 1581 si
1442 1556 1505 1590 quis
1517 1563 1550 1582 ex
1561 1554 1616 1581 illis
1628 1553 1735 1589 populis
1749 1554 1786 1580 sit
1794 1561 1843 1580 ex-

1046 1597 1134 1623 ortus,
1153 1593 1201 1627 qui
1216 1597 1320 1618 nostros
1335 1592 1418 1618 duces
1432 1592 1534 1619 auxilio
1550 1592 1660 1621 laboris,
1677 1595 1842 1618 commeatus

1047 1629 1166 1664 periculo
1180 1638 1230 1655 sno
1240 1629 1351 1660 iuverit,
1364 1630 1483 1664 quicum
1496 1630 1570 1656 hoste
1581 1633 1671 1656 nostro
1681 1629 1804 1655 cominus
1813 1627 1841 1654 in

1046 1667 1102 1693 acie
1113 1675 1191 1701 saepe
1203 1667 1336 1701 pugnarit,
1344 1667 1391 1701 qui
1402 1675 1431 1692 se
1444 1675 1524 1701 saepe
1535 1666 1594 1692 telis
1605 1666 1732 1695 hostium,
1741 1665 1789 1700 qui
1799 1663 1842 1691 di-

1047 1705 1181 1730 micationi
1196 1703 1305 1738 capitis.
1317 1704 1365 1738 qui
1376 1704 1454 1730 morti
1465 1704 1604 1733 obiecerit;
1627 1702 1700 1729 nulla
1711 1702 1842 1729 conditio-

1047 1750 1079 1767 ne
1102 1741 1184 1767 huius
1195 1741 1311 1767 civitatis
1323 1741 1450 1775 praemiis
1460 1740 1530 1767 affici
1541 1739 1644 1775 possit?
1657 1741 1699 1766 25.
1710 1739 1758 1766 Est
1768 1739 1840 1765 enim

1046 1779 1072 1804 in
1090 1778 1220 1813 populum
1231 1778 1380 1804 Romanum
1391 1786 1485 1813 grave,
1499 1787 1551 1804 non
1563 1785 1642 1812 posse
1653 1777 1691 1804 uti
1703 1777 1784 1803 sociis
1793 1784 1842 1802 ex—

1045 1815 1151 1842 cellenti
1167 1816 1265 1842 virtute
1280 1815 1418 1850 praeditis,
1430 1816 1478 1850 qui
1490 1815 1573 1841 velint
1582 1823 1644 1841 cum
1656 1813 1783 1849 periculis
1795 1821 1842 1840 no-

1045 1853 1108 1879 stris
1119 1861 1168 1879 sua
1178 1853 1390 1879 communicare:
1410 1853 1438 1878 in
1449 1853 1535 1879 socios
1546 1860 1608 1879 vero
1618 1852 1701 1887 ipsos.
1709 1856 1736 1878 et
1745 1851 1773 1877 in
1784 1859 1839 1880 eos.

1045 1890 1079 1916 de
1093 1890 1195 1925 quibus
1210 1891 1325 1925 agimus,
1339 1889 1485 1916 foederatos
1496 1890 1656 1916 iniuriosum
1667 1893 1693 1915 et
1703 1893 1842 1915 contume-

1047 1927 1144 1954 liosum
1155 1932 1204 1958 est,
1213 1927 1255 1954 his
1266 1927 1393 1962 praemiis
1403 1927 1478 1953 ethis
1489 1927 1636 1954 honoribus
1647 1925 1772 1952 exclusos
1782 1932 1841 1952 asse

1047 1964 1219 1991 fidelissimos
1236 1970 1262 1991 et
1281 1965 1517 1991 coniunctissimos
1535 1965 1635 1994 socios,
1651 1971 1722 1998 quae
1736 1966 1843 1998 pateant

1045 2002 1242 2037 stipendiariis,
1259 2006 1366 2036 pateant
1381 2002 1519 2032 hostibus,
1536 2005 1642 2036 pateant
1652 2009 1733 2035 saepe
1742 2000 1840 2026 servis.

1046 2040 1112 2066 Nam
1124 2044 1150 2066 et
1159 2039 1348 2074 stipendiarios
1359 2047 1394 2065 ex
1403 2038 1500 2069 Africa.
1514 2038 1614 2069 Sicilia.
1627 2037 1759 2068 Sardinia.
1770 2041 1843 2064 eete-

1046 2077 1083 2103 ris
1095 2077 1240 2111 provinciis
1253 2076 1351 2103 multos
1361 2076 1585 2103 civitatedonatos
1595 2075 1735 2102 videmus:
1750 2079 1786 2105 et,
1792 2074 1841 2109 qui

1046 2114 1136 2141 hostes
1150 2114 1184 2140 ad
1199 2119 1302 2140 nostros
1318 2114 1490 2148 imperatores
1501 2113 1696 2148 perfugissent,
1709 2116 1736 2138 et
1745 2119 1842 2147 magno

1046 2152 1108 2178 usui
1124 2151 1288 2186 reipublicae
1299 2156 1405 2177 nostrae
1415 2150 1539 2181 fuissent,
1551 2151 1654 2177 scimus
1663 2150 1771 2176 civitate
1781 2156 1841 2176 esse

1045 2189 1170 2215 donatos:
1190 2197 1282 2215 servos
1292 2189 1419 2223 denique,
1431 2196 1547 2223 quorum
1559 2188 1602 2214 ius
1611 2192 1638 2214 et
1648 2186 1768 2213 fortunae
1777 2194 1842 2213 oon-

1045 2226 1112 2253 ditio
1127 2225 1218 2252 infima
1232 2230 1285 2256 est,
1303 2225 1370 2252 bene
1385 2225 1418 2252 de
1433 2225 1569 2260 republica
1584 2225 1701 2254 meritos,
1714 2231 1842 2258 persaepe

1047 2263 1176 2293 libertate,
1188 2263 1216 2289 id
1226 2268 1266 2289 est
1275 2263 1393 2293 civitate.
1406 2262 1514 2297 publice
1523 2262 1615 2289 donari
1628 2261 1762 2288 videmus.

1100 2300 1135 2327 X.
1151 2301 1193 2327 25.
1206 2300 1278 2326 Hanc
1294 2304 1322 2326 tu
1334 2300 1429 2335 igitur,
1442 2305 1551 2334 patrone
1563 2298 1699 2325 foederum
1709 2306 1740 2324 ac
1750 2297 1842 2324 foede-

1045 2342 1176 2368 ratorum,
1193 2337 1372 2364 conditionem
1390 2338 1486 2363 statuis
1497 2336 1645 2365 Gaditanis,
1658 2336 1712 2361 tuis
1721 2335 1838 2366 civibus,

1046 2380 1088 2405 ut.
1102 2375 1174 2410 quod
1190 2375 1237 2405 iis.
1254 2383 1324 2410 quos
1338 2374 1477 2401 Gaditanis
1487 2372 1655 2400 adiutoribus
1666 2372 1748 2398 armis
1757 2372 1841 2398 sube-

1045 2413 1135 2448 gimus
1145 2416 1225 2447 atque
1237 2413 1264 2439 in
1274 2412 1403 2438 ditionem
1413 2416 1531 2438 nostram
1541 2409 1703 2445 redegimus
1717 2409 1802 2440 liceat,
1815 2409 1840 2435 si

1045 2449 1163 2484 populus
1175 2450 1310 2476 Romanus
1321 2448 1519 2484 permiserit,ut
1527 2447 1562 2474 ab
1573 2451 1676 2477 senatu.
1685 2446 1838 2480 abimpera-

1046 2487 1149 2514 toribus
1164 2487 1276 2518 nostris,
1292 2486 1400 2513 civitate
1416 2485 1562 2512 donentur:
1583 2484 1612 2510 id
1623 2492 1656 2510 ne
1667 2484 1744 2510 liceat
1754 2481 1840 2518 ipsis?

1045 2524 1092 2559 qui
1104 2525 1126 2550 si
1142 2524 1200 2550 suis
1210 2523 1324 2550 decretis
1339 2523 1478 2559 legibusve
1487 2522 1648 2552 sanxissent.
1661 2521 1765 2555 nequis
1775 2528 1840 2547 suo-

1045 2570 1105 2588 rum
1115 2562 1218 2588 civium
1228 2566 1313 2588 castra
1323 2561 1513 2595 imperatorum
1524 2558 1735 2594 populiRomani
1744 2558 1837 2590 ἰαῦ-εις

1045 2607 1078 2624 ne
1097 2599 1161 2633 quis
1179 2607 1208 2625 se
1227 2606 1276 2633 pro
1295 2602 1385 2624 nostro
1403 2597 1517 2631 imperio
1534 2597 1563 2623 in
1578 2595 1729 2630 periculum
1743 2594 1838 2629 capitis

1044 2640 1124 2670 atque
1135 2636 1164 2662 in
1174 2635 1244 2662 vitae
1255 2635 1401 2662 discrimen
1411 2634 1534 2660 inferret:
1557 2632 1750 2660 Gaditanorum
1759 2633 1840 2658 auxi—

1045 2672 1088 2699 liis
1097 2693 1103 2705 ,
1120 2681 1207 2708 quum
1221 2672 1368 2703 vellemus.
1384 2671 1424 2698 uti
1439 2671 1517 2699 nobis
1533 2679 1586 2698 non
1600 2670 1698 2701 liceret.
1711 2669 1838 2705 privatim
