1941 3052
247 141 308 167 ¹33⁴

247 212 315 238 Tunc
327 213 446 236 immensa
458 217 548 241 yruum
561 210 647 233 videus
658 209 770 232 veniente
778 215 867 232 sereno

243 251 346 281 uyminn
357 249 461 280 protis-0
471 248 535 279 seri-i
545 254 621 277 super
631 247 693 270 iii-'ra
706 249 799 273 tractu,

244 295 289 310 nec
299 286 374 310 avim-t
386 286 508 315 inm-ptum
520 291 592 307 versu
600 283 662 314 pede
673 283 770 313 flectere
783 289 894 307 cursum.

245 324 274 348 Si
284 324 366 347 subito
378 326 505 346 astrui-um
518 321 625 344 uitulum
636 321 712 344 iubar
723 320 879 348 obscuretur,

243 368 288 384 nec
302 361 393 383 «lrnsmr
403 358 558 382 abscondant
569 361 628 382 alra
644 357 753 389 caliyine
764 357 848 385 nubes,

243 405 288 421 vio-r
300 396 403 422 virtualis,
418 403 461 420 nec
471 396 521 419 sint
534 395 634 419 victrici
644 395 755 419 obnoxia
768 394 852 422 lunae,

244 434 338 464 inclyta
351 434 394 456 xm!
404 433 510 464 proprio
521 435 678 456 marcescant
689 432 775 456 sidera
787 434 864 459 motu,

243 475 303 495 tunc
314 470 359 493 tilii
370 478 418 493 non
429 470 557 500 placidam
567 470 693 500 promittit
705 468 819 500 luppiter
829 467 953 495 aethram,

242 508 285 532 scd
298 509 381 531 tristi-s
391 514 486 537 uurus;
503 506 568 531 cuc-li
578 507 679 538 reyionc
689 506 735 530 sub
745 513 797 530 una

242 546 317 569 immo
329 547 378 568 tum
391 545 476 567 citieus
488 544 532 568 illo
542 551 640 576 quoquo
651 546 759 575 tempore
770 542 867 571 nubem,
989 541 1038 566 290

240 581 442 614 praetr-rtnpsam
453 581 533 605 ulium
544 584 619 613 atquc
629 581 708 605 aliam
718 583 774 612 post
785 583 856 611 terqa
867 582 1018 611 sequentem.

243 618 291 643 lliit
302 621 324 642 et
335 619 368 641 tul
378 622 479 649 pastum
490 619 589 649 maynis
600 618 763 649 clunyoribus
773 624 864 647 anser;

241 655 344 680 saecului
355 663 431 686 passu
445 663 529 679 nort-m
541 656 634 679 cornia:
645 655 690 679 tibi
700 656 775 687 siyna
783 653 914 686 procellae

241 696 312 717 nocte
323 693 393 716 dubit
404 694 514 717 stridens
524 700 658 725 serumque
668 692 802 717 monedula
814 694 927 719 cantum.

241 733 264 754 et
275 733 392 761 surycntc
403 730 443 754 die
451 737 541 761 passer
551 730 715 762 reliquaeque
726 729 842 754 volucres
988 727 1038 753 295

239 774 353 799 aequora
366 767 519 799 linquentes:
534 770 593 791 tunc
607 770 629 791 ct
639 767 739 798 spelaea
750 767 844 791 subibit

240 804 353 829 orchilus
363 808 386 828 ct
398 812 503 829 rccaras
514 805 625 829 latebras
633 806 752 836 (inquiret
763 804 883 832 crithcus,

240 845 414 873 nocturnoque
423 845 498 867 satur
510 843 630 867 condetur
641 842 764 874 qraculus
777 844 863 865 antro.

242 878 325 909 Quum
335 880 390 910 [cra
403 882 536 910 tempestas
546 881 633 908 instat,
646 879 732 903 nullae
746 879 857 910 undique
868 884 940 902 ceras

240 915 388 940 Phoenicius
400 917 533 941 variarum
544 918 630 948 apium
643 920 763 941 struxere
775 919 899 943 catervae.

217 972 222 979 .
239 953 357 985 mellifico
367 957 407 977 ast
422 955 490 978 intus
500 961 552 978 sese
562 955 700 979 accinxere
711 953 808 978 labori.-

240 994 316 1022 atque
328 991 376 1014 iter
387 991 511 1022 inceptum
523 993 610 1023 resuqo
619 998 666 1022 per
677 994 766 1022 aperta
778 989 865 1014 volatu

240 1026 403 1059 Strymoniae
414 1035 505 1059 rupere
518 1035 594 1060 yrues
604 1032 627 1052 et
638 1031 708 1060 terya
719 1028 849 1052 dederunt.

240 1063 292 1089 Nec
304 1065 365 1089 Ievis
376 1065 512 1096 implacido
522 1073 598 1097 quum
609 1067 692 1097 fertur
702 1072 800 1089 aranea
812 1064 889 1093 caelo,

238 1105 284 1126 aut
297 1102 376 1126 invita
387 1104 448 1127 nitet
459 1104 588 1127 manantis
599 1103 701 1133 [lanima
713 1102 840 1130 lucernae,

239 1142 284 1163 aut
296 1140 377 1164 [crutis
389 1140 496 1164 cinerem
507 1141 636 1173 percurrit
646 1140 732 1171 sulyor
741 1139 774 1163 ab
784 1140 846 1171 iyni,

238 1176 336 1208 neqtiqe
345 1184 447 1201 suevam
458 1177 570 1201 hiemem.
611 1174 661 1201 Sed
673 1177 736 1208 quid
745 1177 894 1200 documenta
904 1176 987 1208 suturt

237 1213 319 1237 multa
331 1214 377 1238 tibi
388 1212 516 1245 reseram?
528 1214 592 1239 cinis
603 1212 637 1246 (ct
648 1214 710 1246 quid
720 1213 789 1245 lilius
800 1211 874 1246 illo?)

239 1254 371 1275 concretus
382 1252 487 1275 nimium
499 1253 583 1275 niveos
593 1251 726 1275 denuntiat
737 1251 843 1275 imbres:

237 1291 383 1319 praemonet
395 1288 438 1313 hos
448 1291 470 1313 et
480 1289 528 1320 [aas
540 1289 660 1313 nocturni
671 1289 771 1313 conscia
780 1289 862 1320 pensi,

238 1332 314 1357 quum
327 1325 396 1349 milio
409 1326 517 1357 paribus
529 1326 637 1351 candent
648 1325 763 1357 elychnia
774 1326 863 1357 siynis,

238 1365 298 1386 tunc
308 1364 389 1394 spisso
399 1364 479 1388 veniet
489 1363 610 1395 ylacialis
619 1363 652 1388 ab
662 1363 763 1387 aethere
772 1363 880 1394 gyrando,

990 355 1039 380 285

989 913 1037 938 300

988 1101 1036 1126 305

988 1287 1036 1313 340

237 1406 314 1431 quum
327 1401 387 1424 nitet
401 1403 530 1425 extremus
542 1401 660 1425 candenti
671 1400 764 1424 lumine
776 1400 862 1429 carbo,

236 1436 280 1460 secl
290 1437 387 1461 medius
398 1437 503 1462 nebulae
517 1438 586 1462 tenui
596 1437 696 1462 velatur
706 1438 810 1462 amictu.

236 1471 294 1498 Non
309 1475 394 1499 caruit
405 1475 494 1506 siquis,
506 1482 572 1507 quae
583 1482 633 1499 non
643 1478 666 1499 et
676 1475 810 1506 fructibus,
823 1473 885 1505 ile-15,

236 1517 286 1535 non
298 1512 374 1543 niqra
387 1512 520 1537 lentiscus:
532 1519 563 1536 ne
572 1513 662 1544 forsan
674 1512 774 1536 inutilis
783 1514 870 1536 aestas

236 1548 348 1580 efflueret
360 1550 484 1577 manibus,
497 1549 613 1574 crebrum
623 1556 741 1574 monuere
752 1549 875 1574 colonum.

986 1473 1035 1499 3⁴5

238 1584 321 1616 Quum
333 1586 408 1617 niqra
419 1587 532 1611 densatis
543 1590 668 1611 curvatur
678 1586 814 1618 ylandibus
824 1586 886 1615 ilex,

234 1623 337 1648 invocat
347 1623 467 1648 hibernae
476 1624 633 1656 yelidissima
645 1627 756 1655 tempora
769 1624 881 1648 brumae.

236 1658 283 1684 Sin
294 1661 405 1686 modicos
416 1662 496 1686 radix
506 1662 603 1686 emittat
614 1662 699 1686 vivida
711 1662 826 1693 sructus;

236 1697 308 1721 nullo
319 1698 419 1723 obsessa
430 1699 481 1723 situ
493 1699 567 1723 tellus
577 1699 675 1730 florebit
685 1700 785 1723 aristis.

235 1733 304 1759 »Iam
317 1742 378 1760 vero
393 1742 500 1768 semper
511 1734 608 1760 viridis
619 1742 780 1769 semperque
791 1738 901 1769 gravata

236 1769 380 1797 »lentiscus
396 1772 495 1806 triplici
506 1771 583 1798 solita
595 1777 635 1798 est
645 1771 822 1807 grandescere
834 1771 898 1802 fetu,

235 1811 289 1833 »ter
300 1807 391 1844 fruges
403 1808 528 1840 fundens,
542 1810 591 1836 tria
602 1814 720 1844 tempora
733 1813 862 1835 monstrat
872 1808 975 1835 arandi.
983 1819 994 1833 ιι

235 1845 304 1872 Nam
316 1850 367 1872 tres
377 1855 428 1872 esse
438 1849 525 1880 serunt
534 1850 660 1880 promenti
671 1849 779 1873 vomeris
790 1848 882 1872 horas:
985 1847 1035 1873 325

232 1885 333 1915 primus
343 1885 416 1909 habet
424 1887 535 1916 primam
543 1887 644 1918 fructus
654 1886 800 1917 mediusque
810 1885 955 1914 secundam,

235 1922 326 1946 tertius
336 1925 450 1946 extremo
460 1923 526 1954 setus
537 1924 669 1954 respondet
678 1926 779 1947 aratro.

235 1956 265 1982 Si
275 1965 322 1990 yra
328 1959 386 1983 vida
397 1961 510 1991 cyre-yios
520 1960 623 1991 ylandis
634 1960 755 1984 lentiscus
765 1965 872 1984 acervos

233 1997 359 2028 proferat,
372 1996 418 2021 hoc
429 1996 517 2028 tarqas
527 1997 642 2028 sperabis
651 1997 684 2021 ab
694 1997 776 2021 omine
786 2003 885 2026 messes,

235 2035 258 2057 et
268 2033 369 2057 modica
380 2033 506 2058 modicam
514 2041 598 2065 parca
607 2041 775 2065 praenoscere
783 2041 894 2065 parcam

234 2069 327 2102 ylande
336 2073 420 2101 potes:
433 2073 504 2095 terno
512 2072 613 2102 pariter
623 2078 688 2103 quae
700 2074 809 2103 tempore
819 2071 891 2102 floret

233 2107 329 2139 squilla
341 2108 387 2132 tibi
397 2108 470 2136 dicet,
483 2115 532 2140 quo
542 2111 650 2140 sui-qaut
661 2109 765 2140 merqite
776 2108 867 2140 culmi,-

234 2151 295 2169 nam
305 2151 478 2177 quaecumque
488 2146 592 2170 avidum
603 2145 723 2171 lentiscus
733 2147 784 2177 seta
796 2145 911 2170 colonum

231 2182 403 2213 praemonuit,
417 2182 527 2214 squillae
536 2186 655 2214 poterunt
666 2183 711 2207 tibi
721 2183 805 2208 dicere
816 2183 900 2214 flores.

234 2217 264 2244 Si
275 2219 365 2243 crebra
375 2223 512 2244 auctumno
521 2220 609 2244 videas
618 2223 738 2251 pereunte
748 2221 844 2244 moveri

233 2257 337 2288 agmina
348 2263 490 2288 vesparum.
503 2258 602 2282 subitae
611 2264 637 2281 se
647 2258 748 2289 sriqora
759 2257 872 2286 brumae,

232 2296 292 2318 ante
302 2294 378 2318 etiam
389 2292 511 2325 Hesperio
521 2301 598 2326 quam
607 2297 715 2326 suryant
727 2293 841 2318 Pleiades
851 2297 918 2323 ortu,

230 2331 406 2362 praecipitant
416 2331 541 2363 densoque
550 2332 604 2356 ruit
617 2339 672 2356 cum
685 2331 787 2356 turbine
797 2334 898 2355 corte-z.

233 2365 263 2392 Si
271 2375 365 2399 porcae
376 2371 462 2400 turpes
472 2372 494 2393 et
506 2375 563 2393 oves
573 2368 733 2400 gracilesque
745 2368 867 2400 capellae,

232 2408 380 2436 eoespectare
390 2412 475 2430 mares
485 2409 577 2430 aveant
587 2405 740 2438 genitalibus
750 2406 830 2434 arvis,

233 2443 428 2475 concubitusque
439 2450 516 2468 novos
525 2450 623 2474 semper
633 2443 685 2467 iam
696 2445 757 2467 nota
766 2442 885 2474 voluptas

231 2478 358 2508 sollicitet,
369 2480 450 2504 simili
459 2480 576 2505 brumam
585 2480 686 2504 ratione
696 2480 804 2504 notabis.

231 2513 262 2540 Si
270 2516 337 2540 videt
347 2517 374 2540 in
388 2515 505 2542 Venerem
517 2517 615 2546 tardas,
627 2524 672 2542 nec
681 2520 769 2548 sponte
779 2518 886 2546 moveri,

986 1661 1034 1686 320

985 2033 1033 2059 330

983 2219 1032 2245 335

982 2405 1031 2431 340

231 2558 336 2577 securas
346 2554 451 2578 nimium
461 2555 614 2586 qeneris‚cui
622 2554 706 2586 pallia
716 2554 814 2583 desunt,

230 2590 324 2620 qaudet
335 2590 415 2622 inops,
427 2592 519 2616 hiemes
529 2592 614 2616 iussus
624 2598 729 2623 sperare
739 2598 851 2620 serenas,

229 2627 323 2657 yaudet
333 2630 356 2650 et
366 2631 469 2653 assueta
478 2629 586 2660 gruibus
595 2629 751 2654 venientibus
760 2628 825 2653 hora

231 2665 345 2695 tempora
354 2665 399 2696 qui
408 2669 502 2694 servat,
514 2666 598 2690 tardis
607 2669 630 2691 et
641 2666 731 2691 tardus
741 2669 846 2690 arator:

980 2589 1030 2616 345

1066 674 1067 683 ¹
1089 660 1166 684 quum
1180 654 1289 677 nondum
1299 654 1410 685 yrandcs
1421 654 1519 679 culmus
1528 655 1649 679 distinxit
1659 657 1764 686 affilas,

1063 1390 1065 1411 3
1087 1400 1214 1431 corniqeri
1226 1400 1297 1424 binos
1306 1399 1432 1428 ductores,
1445 1403 1568 1432 quattuor
1577 1401 1652 1432 aqui,-

1063 1443 1065 1463 ῖ
1086 1440 1131 1461 aut
1145 1437 1189 1462 ubi
1200 1437 1251 1461 iam
1261 1444 1319 1461 sero
1326 1437 1451 1468 processit
1470 1436 1560 1469 Vesper
1571 1435 1689 1469 Olympo,

760 138 929 162 ’ἰοὶ-268.
962 136 995 162 Μ.
1027 135 1056 162 Τ.
1087 135 1360 162 CICERONIS

1064 208 1067 218 “
1089 214 1197 239 nonique
1205 215 1281 238 yrucs
1292 210 1413 231 venturae
1424 209 1559 233 imitantur
1569 212 1681 241 tempora
1692 210 1811 235 brumae·

1089 246 1112 268 si
1122 244 1205 268 subito
1215 245 1318 268 veniunt
1328 245 1462 277 densisque
1471 252 1518 277 per
1527 247 1590 270 a'e'ru
1601 249 1699 275 turmis.

1090 283 1194 306 immitte
1203 282 1306 313 (estinat
1317 281 1409 312 hinnu
1420 283 1453 307 uit
1467 283 1567 307 tardius
1579 284 1639 308 illae

1089 319 1189 350 aymine
1216 326 1266 342 non
1277 326 1335 346 uno,
1348 326 1397 343 non
1408 326 1459 343 uno
1469 323 1578 351 tempore
1588 321 1700 350 tendunt,

1091 356 1153 379 lenis
1164 356 1242 379 hiems
1251 363 1336 380 serum
1347 357 1447 380 veniens
1457 360 1514 381 nata
1525 364 1583 381 sera
1595 359 1707 388 iuvabit,-

1089 394 1112 417 σι’
1122 393 1230 423 qrarido
1239 396 1377 417 auctumno
1385 394 1494 424 pecudes
1503 397 1526 418 et
1537 394 1630 420 bucera
1643 396 1728 421 saecla

1090 430 1213 462 effodiunt
1222 430 1328 461 pedibus
1338 431 1423 461 ylebas
1433 431 1580 464 obnixoque
1589 436 1663 457 vento

1089 470 1228 491 sustentent
1239 469 1333 499 capita.
1346 468 1481 492 horrendis
1490 469 1631 500 furibunda
1641 471 1761 501 procellis
1837 473 1886 497 355

1089 505 1172 535 suryit
1182 504 1268 531 hic-ms.
1283 508 1382 529 nostros
1391 506 1470 537 {uqiet
1480 513 1558 537 quum
1570 506 1656 531 lucida
1666 509 1737 534 visus

1837 286 1886 310 330

1066 548 1067 551 ¹
1091 540 1173 565 l'leias
1183 545 1205 566 et
1217 543 1321 566 miseros
1332 543 1434 567 vexabit
1448 543 1538 567 bruma
1551 543 1659 572 colonos,

1090 585 1138 602 non
1151 582 1251 602 tenerae
1263 579 1374 610 plantae.
1387 580 1454 610 flauo
1465 587 1513 604 non
1525 580 1597 605 utilis
1606 589 1679 606 art-o.

1092 614 1158 645 Quin
1169 617 1253 647 polius
1263 617 1321 640 totis
1332 617 1414 641 iaceat
1426 618 1474 641 niz·
1480 617 1595 649 plurima
1606 619 1690 647 terris,

1090 693 1116 714 ut
1127 691 1178 714 beet
1189 691 1330 722 ayriculam
1342 691 1420 715 multo
1431 699 1486 716 cum
1497 693 1583 723 fenore
1594 693 1676 717 tellus.

1091 726 1173 752 Nolim
1185 735 1212 759 cq
1217 728 1298 752 uidem
1311 730 1405 760 yemini
1414 729 1532 760 pluresve
1541 737 1637 754 unusve
1647 734 1752 756 comem

1088 765 1266 796 flammise-rum
1280 766 1375 790 ducant
1385 767 1498 797 spatioso
1509 766 1588 791 limite
1598 768 1701 796 crinem.

1089 809 1120 826 ne
1129 803 1200 826 sitiat
1213 806 1263 826 toto
1273 803 1348 827 tellus
1359 803 1425 827 male
1434 803 1528 835 fertilis
1538 811 1621 828 anno.-

1088 846 1133 864 nec
1143 840 1188 871 qui
1197 841 1343 864 continuam
1352 841 1495 872 proscindit
1507 848 1605 866 vomere
1615 845 1719 870 ter-ram,

1087 877 1110 901 si
1119 878 1184 908 [orte
1195 878 1292 901 emittat
1303 877 1419 903 volucres
1429 879 1579 909 circumflua
1592 879 1686 904 multas

1088 913 1182 942 insula,
1196 914 1317 939 laetetur:
1329 916 1416 939 timeat
1427 917 1523 947 nuiyis:
1534 916 1616 940 obsita
1629 916 1708 942 multo

1088 958 1118 975 ne
1127 951 1246 983 squalore
1255 959 1324 983 seqes
1334 953 1408 976 vanis
1417 953 1503 977 eludat
1514 954 1603 978 avenis

1836 844 1885 870 365

1064 1011 1065 1019 ἵ
1087 995 1142 1020 spes
1154 989 1264 1013 tumidas
1273 990 1383 1013 domini:
1403 990 1447 1014 sed
1458 989 1501 1014 ubi
1512 991 1671 1022 conspexerit
1685 991 1754 1020 illas,

1086 1027 1196 1057 yaudeat
1208 1026 1296 1057 upilio,
1308 1027 1412 1058 quando
1422 1030 1481 1051 lunc
1493 1027 1558 1052 lacte
1568 1029 1662 1052 recenti
1837 1029 1885 1055 37⁰

1088 1063 1223 1094 implebunt
1235 1063 1340 1087 multum
1352 1065 1440 1089 niveae
1450 1064 1598 1089 mulctraliu
1610 1072 1710 1090 taceae.

1087 1098 1139 1128 Sic!
1152 1100 1338 1125 miserandum!
1347 1101 1413 1125 alios
1423 1101 1516 1126 alienis
1526 1103 1610 1126 vivere
1619 1102 1721 1127 damnis

1087 1144 1132 1162 nos
1142 1137 1244 1162 voluere
1253 1138 1291 1162 dii
1301 1141 1322 1162 et
1333 1145 1431 1169 semper
1441 1140 1574 1163 contraria
1585 1142 1642 1164 vota

1086 1175 1192 1206 sundere
1203 1178 1225 1199 et
1237 1176 1338 1207 exiguis
1348 1182 1430 1200 vanas
1439 1183 1496 1207 spes
1505 1183 1609 1207 pascere
1619 1177 1709 1208 siynis.

1091 1211 1216 1237 Venturos
1227 1212 1318 1237 hiemes
1327 1213 1427 1244 pecoris
1437 1213 1550 1238 didicere
1559 1215 1678 1245 maqistri
1688 1227 1724 1232 —
1835 1215 1884 1240 375

1063 1242 1065 1278 ξ
1087 1257 1163 1281 quum
1174 1249 1274 1282 depulsi
1284 1251 1368 1274 ovium
1377 1253 1517 1282 properant
1527 1251 1562 1275 ad
1570 1251 1667 1282 pabula
1676 1252 1750 1283 setus,

1087 1287 1246 1319 laniyerique
1256 1288 1333 1312 duces
1341 1288 1442 1319 pecoris
1453 1295 1509 1312 cum
1519 1288 1628 1320 {ortibus
1637 1289 1712 1320 aynis

1087 1325 1174 1349 innisi
1183 1325 1282 1357 qemino
1294 1324 1384 1349 ludunt
1393 1332 1440 1356 per
1451 1326 1561 1357 compita
1572 1332 1652 1350 cornu

1086 1361 1247 1394 hirsutosque
1254 1362 1330 1393 pedes
1339 1362 1418 1386 multo
1429 1369 1485 1387 cum
1495 1362 1599 1394 pulvere
1610 1363 1715 1391 iactant,

1835 1401 1884 1426 380

1086 1475 1162 1498 inviti
1171 1474 1299 1499 stabulum
1310 1477 1426 1505 repetunt
1436 1477 1513 1506 atque
1523 1475 1597 1499 obvia
1609 1477 1717 1505 carpunt

1086 1512 1206 1544 yramina
1217 1519 1262 1536 nec
1273 1512 1363 1536 missos
1374 1515 1466 1536 curant
1478 1513 1505 1535 in
1515 1515 1586 1543 terya
1601 1511 1710 1543 lapillos.

1063 1557 1065 1574 :
1086 1547 1167 1580 Saepe
1177 1550 1254 1574 etiam
1265 1549 1401 1573 instantem
1413 1549 1531 1573 minitari
1541 1549 1600 1573 dira
1609 1548 1749 1580 procellam

1085 1586 1216 1611 ruricolae
1226 1586 1333 1611 docuere
1344 1586 1424 1614 boves,
1438 1593 1514 1618 quum
1526 1586 1622 1618 linyere
1632 1589 1730 1610 tentant
1835 1586 1884 1611 385

1062 1623 1064 1652 J
1083 1626 1228 1655 posteriora
1237 1624 1330 1655 pedum
1338 1623 1438 1655 ylabris
1448 1624 1555 1655 vestiyia
1567 1623 1670 1655 linquis,

1085 1664 1131 1685 aut
1141 1661 1261 1685 dextrum
1272 1661 1299 1685 in
1309 1660 1410 1685 stabulo
1418 1664 1516 1692 ponunt
1527 1660 1609 1685 latus.-
1620 1661 1688 1685 hisce
1697 1661 1830 1692 magistris

1062 1690 1064 1698 ¹
1085 1698 1166 1723 stivae
1177 1704 1239 1730 opus
1250 1699 1377 1729 inceptum
1387 1698 1474 1730 differt
1486 1697 1623 1729 longaevus
1633 1700 1734 1722 arator.

1086 1733 1167 1767 Saepe
1177 1737 1252 1760 etiam
1264 1735 1367 1759 insolito
1376 1736 1473 1766 muyitu
1482 1742 1581 1766 pascua
1593 1734 1724 1766 complent,

1086 1780 1163 1804 quum
1173 1772 1276 1797 stabula
1286 1775 1309 1796 et
1320 1775 1392 1796 notos
1401 1775 1516 1803 repetunt
1527 1775 1645 1796 armenta
1652 1774 1768 1803 penates,
1835 1771 1884 1796 390

1085 1810 1228 1841 floridaque
1238 1810 1334 1834 invitae
1344 1809 1485 1840 linquentes
1495 1812 1575 1840 prata
1589 1809 1710 1833 iuvencae

1084 1850 1144 1872 ante
1155 1848 1226 1878 serus
1237 1847 1342 1877 cupiunt
1351 1849 1464 1870 ventrem
1473 1849 1605 1871 saturasse
1613 1845 1755 1877 procellas:

1085 1891 1130 1909 nec
1140 1884 1202 1908 levis
1213 1883 1295 1908 iliceis
1308 1884 1415 1907 nimium
1426 1890 1507 1915 capra
1517 1883 1603 1907 dedita
1614 1884 1695 1908 ramis

1084 1922 1149 1946 suda
1161 1924 1250 1949 monet,
1262 1920 1342 1945 multo
1352 1927 1397 1945 nec
1409 1921 1564 1952 circumfusa
1578 1920 1683 1945 lutosus.

1085 1957 1114 1984 Si
1124 1965 1208 1983 secum
1220 1959 1246 1982 in
1257 1958 1354 1989 campis
1364 1957 1444 1982 ululet
1454 1957 1572 1990 solusque
1580 1960 1696 1989 pererret

1084 2003 1149 2020 arva
1159 1997 1245 2027 iynota
1257 1995 1340 2027 lupus,
1355 2002 1429 2027 quem
1439 1995 1499 2020 dira
1510 1995 1590 2026 coegit
1599 1997 1697 2026 egestas

1084 2040 1135 2057 non
1148 2034 1231 2057 vitare
1241 2032 1361 2061 homines,
1369 2033 1527 2064 propiusque
1537 2032 1657 2056 accedere
1666 2032 1749 2056 suasit

1084 2070 1199 2094 mendico
1209 2069 1325 2098 similem,
1337 2073 1361 2094 et
1371 2070 1477 2101 diynam
1487 2069 1638 2101 conquirere
1645 2068 1778 2100 praedam.

1085 2109 1176 2132 tertius
1185 2107 1320 2139 aequoreis
1329 2113 1407 2138 quum
1417 2109 1504 2138 suryet
1514 2105 1619 2138 Lucifer
1629 2106 1713 2134 undis,

1084 2145 1191 2169 horrida
1202 2147 1335 2175 tempestas
1345 2145 1424 2168 instat
1431 2152 1439 2168 .·
1449 2145 1487 2168 sic
1497 2146 1581 2168 cetera
1593 2146 1685 2168 cuncta

1083 2183 1200 2214 ventique
1208 2181 1363 2213 pluviaeque
1371 2184 1395 2205 et
1405 2187 1498 2205 saevae
1507 2182 1581 2212 siyna
1589 2179 1719 2212 procellae

1083 2220 1139 2250 ipsa
1149 2225 1285 2250 sequensve
1295 2218 1349 2242 dies
1357 2221 1403 2242 aut
1415 2219 1492 2242 tertia
1499 2217 1600 2250 perficit
1610 2215 1668 2242 Eos.

1085 2255 1153 2286 Quin
1163 2257 1239 2280 etiam
1247 2262 1351 2287 parvos,
1363 2255 1479 2286 despecta
1489 2254 1616 2279 animalia
1625 2261 1711 2279 mures

1083 2294 1237 2325 confremere
1247 2296 1270 2317 et
1280 2292 1362 2317 laetas
1371 2293 1438 2316 uisos
1449 2292 1556 2317 ductare
1565 2292 1670 2317 choreas

1081 2330 1170 2355 usibus
1180 2330 1262 2354 edocti
1271 2336 1321 2354 non
1331 2332 1484 2354 contemsere
1492 2330 1594 2361 priores

1081 2367 1252 2399 sollicitosque
1263 2373 1352 2397 canes;
1361 2367 1461 2398 qemino
1468 2367 1532 2398 pede
1541 2373 1602 2391 nam
1609 2365 1666 2391 sola
1676 2368 1760 2390 terrae

1082 2408 1135 2429 tum
1145 2405 1218 2428 canis
1227 2405 1339 2436 infestat,
1349 2410 1440 2428 saevas
1447 2404 1615 2435 praenuntiat
1623 2409 1714 2427 auras.

1083 2441 1153 2466 Tunc
1164 2442 1241 2465 etiam
1251 2442 1386 2473 aequoreis
1396 2442 1513 2473 exsurgit
1527 2439 1626 2465 Cancer
1634 2439 1668 2464 ab
1677 2438 1761 2466 undis,

1080 2478 1150 2504 solus
1160 2481 1183 2502 et
1194 2479 1222 2502 in
1231 2479 1302 2503 sicca
1311 2485 1397 2503 secum
1406 2479 1537 2509 spatiatur
1549 2484 1646 2502 arena:

1080 2516 1140 2541 inde
1149 2515 1239 2540 domus
1245 2516 1310 2541 socii
1320 2522 1406 2540 mures
1415 2522 1429 2539 e
1438 2514 1556 2539 mollibus
1566 2514 1655 2538 herbis

1081 2556 1231 2584 componunt
1241 2553 1346 2584 pedibus
1357 2552 1434 2577 lectos
1441 2551 1606 2583 pluviamque
1613 2551 1730 2582 suturam

1080 2593 1251 2622 venturasque
1261 2590 1353 2614 hiemes
1361 2589 1473 2621 quadem
1482 2588 1584 2613 eludere
1591 2587 1695 2612 somnis.

1080 2625 1150 2651 Haec
1160 2634 1190 2651 ne
1200 2628 1341 2659 despicias:
1353 2627 1398 2651 sed
1406 2627 1508 2658 sianum
1517 2625 1622 2656 iungere
1630 2624 1703 2656 siquo

1080 2667 1132 2689 esto
1142 2671 1237 2688 memor
1245 2665 1353 2696 qeminis
1362 2670 1416 2688 rem
1423 2661 1650 2694 praesiqnantibus
1659 2667 1746 2690 unam,

1834 1956 1884 1981 395

1835 2141 1883 2166 400

1832 2325 1881 2351 405

1830 2511 1878 2536 (⁴0
