1941 3052
217 169 265 193 55:32
676 168 716 192 43,
752 167 785 192 M.

215 238 267 269 dit;
299 238 345 273 qui
368 238 393 263 in
412 236 509 263 Palatio
528 241 607 271 atque
624 237 648 262 in
667 237 744 263 Urbis
759 236 844 263 oculis
855 237 963 263 servitia
975 237 1007 262 ml

214 275 322 301 caedem
334 279 359 301 et
371 273 584 300 inflammandam
598 273 693 299 Urbem
707 274 839 300 incitavit:
863 275 888 300 in
900 283 929 300 ea
941 274 1008 300 civi-

215 318 266 338 tate
278 322 309 338 no
322 312 458 347 patiamini
472 311 546 336 illum
562 310 714 336 absolutum
728 311 853 338 muliebri
864 311 956 347 gratia.
972 312 1005 337 M.
1036 298 1039 328 l

214 350 334 376 (laelium
367 349 470 374 libidini
494 347 617 373 muliebri
637 348 829 374 condonatum:
862 357 894 375 ne
915 348 1007 374 eadem

215 387 312 413 mulier
331 394 391 411 eum
408 386 580 419 suot-oniuge
592 389 617 410 et
629 384 714 415 fratre.
730 385 916 420 turpissimum
930 385 1008 412 latro-

215 433 274 450 nem
286 423 417 457 eripuisse
429 426 454 447 et
466 422 685 448 honestissimum
697 422 890 449 adolescentem
897 431 1008 458 oppres—

213 462 281 487 sisse
295 460 423 485 videatur.
439 460 481 484 79.
494 458 570 491 Quod
581 467 666 494 quum
679 459 760 486 liuius
773 460 1007 486 vobisadolescen-

214 499 275 525 tiam
302 497 507 532 proposueritis,
538 497 719 523 constituitote
740 497 816 523 vobis
836 502 896 524 ante
916 497 1007 523 oculos

212 536 290 561 etiam
308 534 389 560 huius
402 533 491 559 miseri
504 538 677 564 senectutem.
691 535 738 569 qui
751 534 799 560 hoc
811 535 889 561 unico
901 534 956 561 {ilio
967 535 1008 561 ni-

212 573 284 602 titur.
299 572 326 598 in
338 571 419 597 huius
430 579 478 605 spe
490 571 642 606 requiescit,
657 571 738 597 huius
751 572 832 598 unius
843 580 935 598 casum
947 580 1008 606 pcr-

211 609 339 636 timescit:
362 616 443 643 quem
460 616 507 634 vos
522 607 674 643 supplicem
686 613 788 635 vestrae
800 609 1004 640 misericordiae,

211 655 319 673 servum
336 646 483 680 potestatis,
501 645 633 672 abiectum
648 653 700 672 non
712 650 764 672 tam
777 646 808 672 ad
821 646 911 681 pedes,
925 655 1006 682 quam

211 684 244 710 ud
265 691 351 710 mores
367 691 519 718 sensusque
535 687 645 714 vestros,
664 682 705 709 vel
722 684 901 710 recordatione
912 692 1008 719 paren-

211 727 268 748 tum
285 725 434 748 vestrorum
450 719 491 746 vel
509 719 653 747 liberorum
669 720 834 748 iucunditate
849 725 1004 752 sustentate.

211 764 240 785 ut
260 759 288 786 iu
303 758 412 786 alterius
428 757 517 785 dolore
544 757 585 784 vel
601 758 702 796 pietati.
714 758 756 786 vel
768 757 950 795 indulgentiae
962 767 1007 785 ve-

821 166 850 192 Τ.
885 166 1163 193 CICERONIS
1196 166 1382 194 onATio

1059 242 1127 263 strae
1143 238 1275 263 serviatis.
1304 238 1398 268 Nolite,
1418 237 1528 268 iudices.
1545 228 1681 269 aufhunc,
1697 239 1747 264 iam
1761 244 1851 265 natura

1036 287 1038 296 ι
1059 275 1116 308 ipsa
1128 274 1300 305 occidentem.
1316 275 1384 301 velle
1396 276 1526 301 maturius
1538 277 1673 311 exstingui
1687 276 1796 302 vulnere
1808 285 1853 302 vt*

1059 316 1121 342 stro,
1130 320 1210 346 quam
1223 320 1272 337 auo
1283 311 1348 338 sato:
1362 317 1408 338 aut
1419 312 1499 343 hunc,
1512 321 1582 339 nunc
1590 314 1705 347 primum
1713 312 1854 339 floresren·

1059 353 1121 379 tem.
1136 349 1236 375 firmata
1250 349 1301 375 iam
1313 350 1396 384 stirpe
1408 349 1522 380 virtutis.
1539 355 1674 385 tamquam
1687 351 1792 376 turbine
1804 350 1849 376 ali-

1058 394 1121 420 quo,
1135 391 1180 412 aut
1191 386 1279 412 subita
1292 390 1447 421 tempestate
1459 392 1616 421 pervertere.
1639 390 1681 413 80.
1694 389 1854 414 Censen—ate

1059 423 1160 458 parenti
1177 423 1271 453 filium.
1289 428 1423 458 parentem
1436 423 1503 450 filio:
1527 432 1559 450 ne
1570 429 1614 450 aut
1625 430 1787 451 senectutem
1801 426 1852 450 iam

1059 469 1141 495 prope
1169 460 1336 495 desperatam
1361 461 1555 496 contempsisse
1579 466 1624 488 aut
1647 462 1852 488 adolescentiam

1059 497 1164 532 plenam
1185 498 1242 532 spei
1259 498 1390 525 maximae
1406 507 1457 524 non
1474 498 1552 525 modo
1563 507 1614 524 non
1626 499 1725 526 aluisse
1739 507 1792 529 vos,
1806 498 1852 525 sed

1058 536 1137 561 etiam
1153 534 1300 570 perculisse
1311 539 1391 570 atque
1402 534 1530 562 afflixisse
1542 536 1696 562 videamini.
1731 535 1816 568 Quem
1829 544 1852 562 ει

1059 572 1145 603 vobis,
1168 572 1190 598 si
1207 573 1274 603 suis,
1292 573 1315 599 si
1332 572 1494 608 reipublicae
1510 574 1686 603 conservatis.
1705 573 1850 603 addictum.

1058 609 1192 640 deditum.
1215 609 1372 636 obstrictum
1394 610 1470 636 vobis
1491 619 1520 636 ac
1543 610 1634 636 liberis
1656 611 1751 636 vestris
1771 610 1853 637 habe—

1058 646 1134 678 bitis.
1157 648 1333 682 omniumque
1353 647 1435 674 huius
1455 656 1597 674 nervorum
1619 656 1648 674 ac
1670 647 1788 674 laborum
1806 655 1853 674 vos

1058 685 1245 719 potissimum,
1271 684 1388 716 iudices.
1416 684 1519 712 fructus
1541 685 1636 712 uberes
1656 684 1853 720 diuturnosque

1057 722 1179 757 capietis.

921 853 1148 869 -ᾒημῦ-

1009 992 1050 1018 68.

706 1062 740 1091 Μ.
780 1061 983 1092 TULLII
1020 1063 1354 1093 CICERONIS

1002 1146 1055 1168 1313

285 1212 898 1264 PROVINCIIS
987 1213 1774 1264 CONSULARIBUS

832 1313 1222 1353 ORATIO.

769 1467 961 1496 NOTITIA
991 1469 1285 1497 LITTERARIA.

312 1534 374 1555 Haec
385 1533 459 1554 oratio
471 1532 551 1554 habita
564 1535 598 1554 eet
609 1532 635 1553 c'n
649 1535 732 1554 senatu
744 1532 784 1553 Cn.
802 1532 905 1554 Cornelio
911 1533 1018 1559 Leueade,
1033 1533 1059 1555 L.
1069 1533 1162 1555 Marcio
1174 1533 1285 1561 Philippo
1294 1539 1352 1554 eon.
1363 1534 1410 1554 098.
1420 1532 1479 1554 Fuit
1491 1532 1613 1553 natatile:
1623 1530 1769 1560 saempronia.
1779 1538 1849 1560 qaam

208 1571 230 1590 (Γ.
249 1569 368 1591 Grncchm
382 1575 444 1590 anno
462 1568 487 1588 U.
503 1571 549 1589 630.
563 1568 702 1596 pertulerat,
717 1571 746 1589 ue
757 1571 812 1589 ante
830 1568 924 1590 comitia
939 1568 1073 1589 :mummia
1087 1573 1181 1590 uenat-n
1195 1570 1335 1594 decerneret,
1349 1568 1375 1589 in
1389 1574 1446 1596 quan
1457 1567 1594 1596 provincias
1612 1568 1714 1588 consules
1732 1567 1849 1595 deeignau'

206 1608 257 1631 past
268 1604 416 1625 :annulatum
426 1603 584 1629 mitterent-ur,
593 1603 657 1631 eique
665 1604 867 1625 emnucmuulto
875 1610 904 1624 ne
913 1603 964 1631 quis
973 1607 1050 1631 ponet
1058 1604 1202 1625 intercedere.

260 1731 304 1752 AR
311 1731 338 1751 G.
358 1731 428 1755 Quum
440 1729 550 1752 Gabinius
560 1732 582 1751 et
587 1729 650 1756 Piae,
658 1729 697 1758 qui
706 1737 750 1752 non
760 1736 789 1751 ex
798 1729 1002 1755 uenatu-comuste,

206 1766 243 1786 aad
254 1773 266 1786 e
275 1765 324 1791 lege
333 1765 420 1791 Clodia,
431 1768 522 1793 propter
531 1772 596 1793 quarn
602 1765 717 1787 Ciceroni.
727 1765 861 1791 “legationi
871 1768 1001 1790 annuerant,

205 1800 292 1826 Syriam
308 1804 329 1821 et
343 1801 493 1821 Macedoniarn
504 1803 555 1828 post
564 1801 702 1822 consulatum
713 1801 851 1826 obtinebant,
863 1800 902 1821 hu
911 1800 1002 1828 provin-

204 1836 251 1856 tias
267 1835 432 1857 incredibiliter
444 1838 552 1856 vexarent
561 1838 584 1857 et
593 1835 724 1862 apaliarent,
735 1834 814 1856 Cicero
824 1836 956 1857 sententiam
966 1843 1002 1857 ro-

204 1876 268 1897 gatu-
279 1878 317 1892 eoa
327 1871 461 1892 revocando·
472 1870 566 1895 censuit.
580 1870 610 1897 (e.
622 1871 694 1897 1-5.)
705 1870 746 1891 hoc
755 1874 828 1898 pacto,
839 1875 864 1891 ut
873 1870 1002 1898 provinciae

205 1906 228 1927 in
239 1913 317 1927 aunum
328 1906 452 1934 proximum
462 1905 589 1933 praetoriae
598 1906 769 1932 florenum-tea
778 1905 916 1926 cumularet.
927 1907 958 1932 (θ,
969 1908 1000 1932 7.)

205 1939 387 1966 Quandoquidem
401 1947 460 1965 vero,
471 1940 510 1968 qui
519 1944 570 1961 aute
579 1940 652 1968 ipsum
659 1940 765 1961 dixerunt
775 1940 906 1965 sententiaa.
913 1944 1002 1968 praeter

204 1974 323 1996 Servilium
335 1975 379 1995 ailoi
390 1975 478 2002 plaeere
487 1975 585 2003 profes-i
595 1978 664 2000 eunt.
674 1978 699 1996 ut
709 1975 818 1996 alterutra
824 1975 900 1997 Gallia
909 1975 1001 1997 Caeaari

204 2009 365 2035 detraheret-ur.
377 2013 398 2030 et
408 2007 533 2031 con-ulari-
542 2011 612 2034 fieret.
619 2017 720 2037 unusque
729 2017 759 2031 ex
767 2010 798 2031 iia
804 2010 883 2031 mir-ri
892 2017 917 2031 aa
926 2013 1000 2032 outen-

203 2045 277 2069 dent.
298 2051 365 2072 quare
378 2044 456 2066 Cicero
470 2045 505 2066 ita
519 2050 609 2066 ornaret
618 2046 747 2070 enen-rem,
757 2045 794 2067 eui
805 2046 879 2067 eudem
889 2045 946 2070 iure,
957 2053 1000 2073 quo

204 2080 301 2101 Gabinio
308 2096 314 2105 ,
329 2087 460 2101 auecenaere
469 2083 557 2108 ponet,
571 2080 629 2108 quod
639 2080 741 2102 Clodium
751 2080 775 2101 in
785 2087 809 2101 ae
818 2081 919 2102 vexanda
928 2081 999 2102 iuvi·-

204 2118 251 2140 aet3
265 2115 362 2140 graviter
376 2118 398 2136 et
407 2115 484 2136 multia
493 2115 568 2136 verbi·
577 2116 648 2140 docet,
659 2122 728 2142 quare
736 2115 829 2137 Cae-ari
837 2115 901 2136 nulla
909 2116 998 2143 pruvin-

203 2151 251 2172 eiae
261 2158 312 2178 pars
322 2150 457 2171 detrahenda
466 2150 509 2175 εἰη
524 2150 621 2171 inim-iu
631 2153 705 2172 autern
715 2150 736 2171 ai
745 2157 799 2178 quaa
810 2157 823 2171 a
832 2151 928 2172 ene-nro
938 2157 999 2171 aece-

203 2185 272 2213 perit.
285 2193 322 2206 eaa
338 2193 362 2206 se
371 2192 446 2206 omnes
457 2185 594 2213 reipublicae
607 2186 752 2210 condonaaae,
762 2192 833 2213 neque
843 2192 867 2206 ae
876 2185 901 2206 in
910 2187 998 2206 senteu-

203 2219 236 2239 tia
249 2219 342 2240 dicenda
356 2219 407 2240 odio
417 2219 540 2245 indulgere,
551 2221 590 2241 aed
600 2223 691 2242 senatun
700 2220 836 2242 voluntatem
846 2223 868 2242 et
876 2220 998 2241 utilitatem

202 2253 339 2282 reipublicae
350 2254 420 2282 sequi.
432 2256 462 2282 (e.
473 2257 558 2283 8—16.)
573 2255 718 2283 Denique.(e.
726 2257 824 2283 27—19.)
831 2262 886 2282 quae
896 2255 941 2276 nihi
950 2263 998 2277 eum

202 2290 299 2310 Caesare
313 2290 454 2311 necessitudo
468 2290 604 2316 intercedat,
621 2290 727 2318 explicat„
743 2293 765 2312 et
778 2291 808 2317 (c.
818 2291 864 2318 20.)
873 2290 999 2312 aententiae

203 2331 256 2345 suae
265 2327 394 2350 argument·
403 2325 464 2346 brevi
474 2325 616 2353 peroratione
626 2325 789 2353 complectit-ur.

254 2360 344 2380 Factum
360 2362 394 2381 eat
403 2360 484 2386 igitur,
500 2364 525 2381 ut
536 2360 628 2382 Cae-ari
636 2360 754 2388 imperium
764 2361 823 2382 seta
832 2363 996 2388 prorogaretur,

203 2393 282 2415 Pisoni
295 2397 366 2416 autem
381 2395 405 2416 in
415 2395 546 2417 Macedonia
555 2403 612 2417 anuo
623 2398 670 2418 698.
681 2398 706 2422 Q.
717 2395 852 2421 Ancharius,
863 2399 885 2417 et
894 2398 941 2418 6⁹9.
952 2395 997 2416 Ga-

203 2428 263 2449 binio
272 2429 296 2450 in
307 2429 373 2455 Syria
383 2431 412 2451 M.
424 2430 526 2451 Licinius
536 2432 631 2452 Crassus
639 2431 774 2452 succederet.

257 2474 276 2500 1.
291 2476 314 2500 ⁴.
331 2470 363 2501 Si
373 2475 436 2510 quis
447 2479 576 2507 vestrum,
589 2480 678 2512 patres
689 2476 993 2512 conscripti,exspectat‚

201 2518 269 2544 quas
288 2511 339 2537 sim
360 2513 510 2547 provincias
530 2513 699 2545 decreturus,
716 2513 866 2540 consideret
880 2513 939 2548 ipse
953 2522 997 2540 se·

201 2555 263 2573 eum
271 2567 277 2578 ,
290 2549 337 2582 qui
353 2549 419 2576 mihi
434 2549 557 2577 homines
568 2559 602 2577 ex
611 2550 757 2585 provinciis
767 2551 939 2586 potissimum
950 2550 998 2577 de-

203 2583 323 2611 trahendi
338 2586 405 2612 sint:
427 2595 480 2613 non
494 2587 641 2619 dubitabit,
659 2587 726 2623 quid
736 2595 779 2614 me
790 2588 889 2614 sentire
899 2596 998 2614 conve-

203 2621 265 2652 niat,
286 2629 385 2658 quum,
402 2623 469 2658 quid
484 2624 551 2651 mihi
565 2625 665 2651 sentire
679 2633 788 2652 necesse
802 2625 851 2655 sit,
863 2625 995 2661 cogitarit.

202 2658 252 2689 Ac,
269 2658 293 2685 si
313 2659 437 2694 princeps
452 2668 510 2687 eam
525 2663 685 2689 sententiam
699 2661 830 2694 dicerem,
853 2661 996 2689 laudaretis

202 2694 332 2730 profecto:
353 2696 377 2723 si
392 2696 474 2729 sotus,
487 2702 557 2725 certe
567 2699 752 2735 ignosceretis.
782 2699 894 2726 Etiamsi
904 2698 997 2734 paullo

1052 1731 1143 1758 minus
1157 1730 1232 1757 utilis
1248 1730 1324 1758 vobis
1339 1731 1469 1757 sententia
1480 1731 1628 1762 videretur,
1642 1731 1747 1757 veniam
1759 1735 1847 1757 tamen

1052 1768 1170 1804 aliquam
1189 1767 1274 1795 dolori
1295 1776 1354 1795 meo
1369 1768 1533 1795 tribueretis.
1573 1769 1650 1795 Nunc
1664 1776 1741 1798 vero.
1759 1773 1847 1803 patres

1051 1806 1206 1841 conscripti,
1224 1814 1277 1832 non
1295 1814 1376 1840 parva
1391 1805 1493 1832 afficior
1504 1805 1646 1840 voluptate,
1660 1804 1702 1831 vel
1713 1805 1786 1840 quod
1798 1805 1848 1832 hoc

1051 1844 1168 1870 maxime
1183 1842 1347 1878 reipublicae
1357 1842 1482 1870 conducit
1493 1842 1598 1879 Syriam
1609 1842 1847 1877 Macedoniamque

1050 1880 1172 1912 decerni,
1191 1885 1219 1906 ut
1234 1880 1308 1907 dolor
1323 1888 1401 1906 meus
1412 1880 1479 1907 nihil
1491 1889 1505 1907 a
1516 1880 1653 1907 communi
1664 1879 1778 1906 utilitate
1787 1879 1847 1906 dis-

1050 1918 1160 1945 sentiat:
1183 1917 1225 1944 vel
1241 1917 1314 1952 quod
1329 1917 1415 1944 habeo
1430 1922 1562 1944 auctorem
1579 1918 1608 1944 P.
1625 1916 1779 1948 Servilium,
1796 1917 1846 1952 qui

1050 1960 1109 1982 ante
1122 1963 1164 1981 me
1174 1956 1332 1981 sententiam
1344 1954 1420 1986 dixit,
1433 1955 1522 1981 virum
1533 1954 1714 1981 clarissimum
1725 1958 1751 1981 et
1759 1962 1845 1989 quum

1049 1994 1077 2019 in
1089 1993 1243 2019 universam
1254 1992 1461 2027 rempublicam,
1474 1997 1531 2019 tum
1543 1993 1622 2019 etiam
1633 2000 1694 2028 erga
1706 1999 1792 2018 meam
1803 2000 1847 2018 sa-

1049 2029 1147 2061 lutem.
1161 2029 1213 2056 fide
1224 2038 1254 2056 ac
1269 2029 1453 2056 benevolentia
1464 2029 1606 2066 singulari.
1637 2031 1663 2056 2.
1678 2028 1755 2061 Quod
1765 2029 1788 2055 si
1800 2028 1846 2055 ille

1049 2072 1075 2094 et
1095 2066 1185 2102 paullo
1203 2071 1276 2098 ante,
1293 2071 1319 2093 et
1332 2067 1555 2102 quotiescumque
1570 2067 1595 2093 ei
1611 2066 1684 2093 locus
1698 2065 1804 2092 dicendi
1815 2074 1846 2092 ac

1048 2109 1166 2140 potestas
1183 2103 1246 2136 fuit,
1264 2104 1411 2131 Gabinium
1428 2109 1453 2131 et
1468 2105 1605 2135 Pisonem,
1618 2103 1672 2130 duo
1682 2103 1845 2138 reipublicae

1048 2146 1168 2177 portenta
1182 2150 1212 2168 ac
1223 2149 1306 2176 paene
1317 2141 1420 2172 funera,
1432 2150 1518 2176 quum
1529 2145 1637 2176 propter
1647 2140 1712 2167 alias
1723 2148 1842 2172 caussas,

1048 2184 1106 2206 tum
1118 2179 1234 2206 maxime
1244 2183 1352 2214 propter
1362 2178 1431 2205 illud
1441 2179 1547 2215 insigne
1558 2178 1646 2205 scelus
1657 2186 1750 2204 eorum
1756 2182 1782 2204 et
1792 2178 1845 2204 im-

1047 2221 1189 2252 portunam
1209 2216 1237 2242 in
1258 2224 1301 2242 me
1319 2215 1519 2247 crudelitatem,
1542 2224 1593 2242 non
1609 2214 1697 2242 solum
1712 2215 1843 2241 sententia

1048 2263 1106 2285 sua,
1118 2253 1166 2280 sed
1177 2253 1257 2279 etiam
1268 2253 1411 2280 verborum
1421 2253 1550 2289 gravitate
1561 2260 1620 2279 esse
1630 2251 1758 2279 notandos
1764 2256 1844 2286 puta-

1047 2292 1100 2318 vit:
1121 2299 1239 2326 quonam
1255 2299 1298 2317 me
1313 2291 1402 2317 animo
1417 2291 1445 2317 in
1461 2299 1506 2317 eos
1521 2298 1581 2316 esse
1591 2293 1701 2325 oportet,
1713 2289 1791 2315 cuius
1802 2288 1843 2315 illi

1047 2328 1162 2354 salutem
1173 2336 1221 2362 pro
1232 2328 1343 2363 pignore
1349 2327 1516 2354 tradiderunt
1526 2327 1559 2353 ad
1569 2326 1716 2362 explendas
1725 2333 1844 2352 suascu-

1047 2364 1190 2400 piditates‘!
1203 2364 1255 2391 Sed
1266 2373 1315 2400 ego
1326 2365 1353 2391 in
1363 2364 1412 2391 bac
1422 2365 1553 2391 sententia
1564 2363 1675 2390 dicenda
1686 2372 1738 2390 non
1744 2363 1843 2398 parebo

1047 2402 1132 2429 dolori
1147 2410 1207 2429 meo
1217 2410 1265 2428 nec
1275 2401 1427 2428 iracundiae
1437 2402 1562 2428 serviam.
1602 2400 1660 2433 Quo
1670 2401 1759 2427 animo
1769 2407 1841 2426 uuus

1046 2440 1165 2475 quisque
1179 2443 1299 2466 vestrum
1314 2439 1394 2465 debet
1404 2447 1463 2466 esse
1474 2439 1502 2465 in
1511 2437 1572 2464 iltos
1580 2458 1586 2468 ,
1598 2437 1649 2464 hoc
1659 2446 1718 2464 ero:
1740 2437 1843 2473 praeci-

1046 2485 1132 2512 puum
1147 2476 1226 2503 illum
1241 2480 1267 2502 et
1280 2477 1420 2511 proprium
1434 2483 1546 2502 sensum
1561 2474 1660 2501 doloris
1675 2475 1742 2506 mei,
1758 2481 1840 2510 quem

1046 2519 1135 2540 tamen
1159 2522 1207 2540 vos
1231 2521 1402 2540 communem
1425 2520 1532 2547 semper
1553 2511 1631 2538 vobis
1654 2520 1760 2538 mecum
1780 2519 1841 2537 esse

1045 2551 1178 2582 duxistis,
1196 2559 1211 2577 a
1226 2551 1357 2577 sententia
1371 2549 1483 2576 dicenda
1497 2549 1635 2580 amovebo,
1648 2548 1682 2575 ad
1691 2547 1841 2576 ulciscendi

1046 2592 1164 2623 tempora
1175 2587 1326 2614 reservabo.

1099 2626 1132 2652 11.
1154 2627 1178 2652 3.
1193 2624 1324 2657 Quattuor
1333 2627 1397 2650 sunt
1406 2623 1572 2659 provinciae,
1585 2627 1673 2658 patres
1683 2621 1836 2656 conscripti.

1045 2661 1078 2688 de
1088 2662 1189 2698 quibus
1199 2662 1287 2688 adhuc
1299 2660 1420 2696 intelligo
1429 2660 1575 2687 sententias
1585 2667 1645 2686 esse
1654 2659 1753 2686 dictas:
1774 2657 1840 2686 Gal-

1045 2698 1096 2726 Iiae
1106 2699 1184 2731 duae,
1191 2707 1259 2735 quas
1271 2698 1320 2726 hoc
1330 2702 1448 2734 tempore
1457 2706 1512 2725 uuo
1521 2697 1635 2733 imperio
1645 2696 1769 2724 videmus
1778 2703 1840 2722 esse
