1941 3052
410 106 461 132 DE
493 105 678 132 NATURA
706 104 892 131 DEORUM
923 105 1003 130 LIB.

66 177 130 206 ordo
142 186 233 204 eorum
245 181 324 211 atque
335 177 492 208 constantia,
505 176 583 211 (nihil
596 181 635 202 est
646 177 728 207 enim,
738 175 810 211 quod
821 184 863 201 ra-

67 217 138 243 tione
153 219 179 241 et
193 222 305 249 numero
322 214 422 240 moveri
439 215 525 248 possit
539 215 596 240 sine
612 213 750 248 eonsilioz)
767 214 794 239 in
810 221 863 248 quo

66 252 136 280 nihil
147 256 187 278 est
200 253 385 282 temerarium,
404 251 472 277 nihil
490 252 609 282 varium,
626 250 695 277 nihil
713 250 861 277 fortuitum.

29 292 32 295 ’
67 289 137 317 Ordo
152 293 242 315 autem
258 288 378 314 siderum
390 293 416 314 et
427 289 454 314 in
465 289 539 314 omni
550 289 704 314 aeternitate
716 288 863 314 constantia

66 335 153 362 neque
170 330 292 352 naturam
307 326 454 361 significat,
475 326 525 361 (est
539 327 611 352 enim
628 325 707 360 plena
728 324 864 359 rationisz)
893 350 894 353 ,

66 372 153 399 neque
166 363 307 394 fortunam,
324 372 393 398 quae
404 364 489 389 amica
501 363 622 389 varietati
634 364 810 389 constantiam
822 371 864 388 re—

65 401 149 436 spuit.
190 400 319 435 Sequitur
334 409 410 436 ergo,
429 405 458 427 ut
473 401 531 435 ipsa
547 409 596 426 sua
611 405 706 435 sponte
721 409 770 426 suo
782 408 864 425 sensu

66 447 96 465 ac
121 438 262 464 divinitate
284 442 451 464 moveantur.
492 439 532 464 44.
555 438 609 464 Nec
630 446 693 464 vero
708 436 863 463 Aristoteles

65 485 118 502 non
131 475 282 501 laudandus
294 476 321 501 in
334 475 454 510 eo,quod
465 475 565 506 omnia,
579 484 648 510 quae
660 479 810 505 moventur,
819 479 864 500 aut

65 518 159 539 natura
180 513 282 539 moveri
303 513 409 538 censuit
424 517 469 538 ant
485 513 512 538 vi
527 517 572 539 aut
588 512 737 539 voluntate:
761 512 864 538 moveri

65 555 154 577 autem
171 550 254 576 solem
270 554 295 576 et
312 549 403 576 lunam
417 554 442 576 et
457 550 546 576 sidera
561 550 665 576 onmia.-
689 558 758 584 quae
774 554 863 575 autem

65 592 159 614 natura
172 592 355 618 moverentur,
370 587 435 613 haec
447 592 492 614 aut
503 587 620 622 pondere
631 587 757 613 deorsum
769 591 814 612 aut
827 586 865 612 le-

64 626 146 652 vitate
158 626 185 651 in
197 624 315 650 sublime
326 624 523 660 ferri,quorum
530 630 656 651 neutrum
668 625 747 651 astris
758 624 864 650 contin-

64 667 147 698 geret,
161 667 299 697 propterea
312 661 384 696 quod
396 671 488 688 eorum
500 667 588 688 motus
604 663 630 688 in
642 662 735 688 orbem
747 662 862 687 circum-

64 708 117 734 que
130 699 252 725 ferretur.
292 700 346 725 Nec
358 708 421 725 vero
432 699 486 725 dici
498 704 584 734 potest
596 700 622 725 vi
634 699 752 734 quadam
763 699 863 724 maiore

65 737 132 768 fieri,
146 741 275 763 utcontra
287 741 408 762 naturam
420 742 489 763 astra
503 741 671 763 moveantur.
705 736 779 768 Quae
790 736 863 762 enim

64 779 151 809 potest
166 782 224 800 esse
240 773 341 800 maior‘?
359 774 449 800 Restat
464 775 559 809 igitur,
582 779 611 800 ut
627 778 715 800 motus
731 778 863 800 astrorum

64 813 100 838 sit
111 811 288 837 voluntarius.
323 810 396 842 Quae
407 812 455 846 qui
467 811 565 843 videat,
583 820 634 837 non
646 811 752 837 indocte
763 810 861 840 solum,

64 857 160 875 verum
177 849 256 875 etiam
273 849 356 883 impie
372 848 464 879 saciat,
487 849 510 875 si
526 849 590 875 deos
606 857 664 875 esse
680 853 769 884 neget.
811 848 864 873 Nec

64 895 129 913 sane
148 885 264 912 multum
281 886 403 916 interest,
422 890 512 912 utrum
529 886 556 912 id
572 891 663 921 neget,
681 895 714 912 an
730 894 775 912 eos
790 886 863 911 omni

64 923 250 959 procuratione
266 928 345 957 atque
366 923 468 949 actione
490 923 591 958 privet:
617 923 686 949 mihi
705 923 792 954 enim,
815 923 864 957 qui

63 960 133 987 nihil
145 961 208 995 agit,
222 969 281 986 esse
292 961 401 987 omnino
412 969 464 986 non
477 961 593 987 videtur.
627 961 694 987 Esse
706 961 789 996 igitur
800 960 863 986 deos

63 999 100 1025 ita
115 998 291 1033 perspicuum
307 1002 360 1029 est,
379 1002 422 1029 ut,
438 998 466 1024 id
478 999 525 1033 qui
538 1003 630 1033 neget,
647 999 694 1024 vix
710 1007 772 1024 eum
784 1006 864 1024 sanae

64 1044 122 1062 esse
134 1035 232 1061 mentis
244 1035 408 1062 existimem.
449 1035 532 1062 XVII.
548 1037 589 1062 45.
611 1036 709 1066 Restat,
723 1040 761 1066 ut,
775 1035 864 1070 qualis

63 1081 156 1099 eorum
168 1077 262 1099 natura
273 1073 316 1103 sit,
330 1072 543 1099 consideremus.
575 1074 604 1099 ln
616 1082 669 1108 quo
681 1073 749 1099 nihil
761 1072 864 1099 estdis-

64 1110 176 1141 ficilius,
190 1118 271 1145 quam
284 1119 298 1136 a
309 1110 505 1137 consuetudine
516 1110 656 1137 oculorum
669 1111 753 1137 aciem
767 1111 863 1136 mentis

64 1147 208 1174 abducere.
248 1147 285 1173 Ea
300 1147 447 1174 difficultas
462 1148 571 1174 induxit
585 1153 611 1174 et
626 1148 708 1184 vulgo
725 1149 864 1182 imperitos

64 1190 89 1211 et
104 1184 208 1211 similes
224 1184 400 1219 philosophos
417 1185 618 1220 imperitorum,
639 1191 680 1215 ut,
699 1186 752 1212 nisi
770 1186 864 1221 figuris

64 1222 206 1248 hominum
217 1223 378 1253 constitutis,
396 1223 463 1249 nihil
476 1228 585 1257 possent
596 1223 629 1249 de
641 1223 694 1249 diis
706 1223 865 1249 immortali—

64 1260 116 1286 bus
127 1260 253 1295 cogitare.
280 1259 364 1286 Cuius
378 1261 514 1294 opinionis
526 1260 620 1286 levitas
631 1260 765 1287 confutata
778 1270 791 1287 a
804 1260 866 1287 Cot-

64 1302 89 1324 ta
102 1306 153 1323 non
166 1296 300 1323 desiderat
314 1298 461 1324 orationem
477 1306 574 1324 meam.
616 1298 670 1324 Sed
684 1307 769 1333 quum
784 1298 864 1324 talem

64 1343 123 1361 esse
144 1334 226 1360 deum
247 1339 317 1360 certa
334 1335 439 1361 notione
455 1336 538 1361 animi
555 1336 783 1370 praesentiamus,
808 1336 865 1370 pri-

64 1380 149 1403 mum,
162 1376 192 1398 ut
203 1372 238 1398 sit
248 1372 381 1403 animans,
394 1372 501 1404 deinde,
518 1377 547 1399 ut
562 1374 588 1399 in
603 1374 677 1399 omni
690 1378 782 1399 natura
795 1372 863 1399 nihil

63 1418 95 1436 eo
106 1409 141 1436 sit
152 1409 346 1444 praestantius:
359 1409 392 1435 ad
406 1410 473 1436 hanc
485 1411 702 1445 praesensionem
715 1411 865 1437 notionem-

63 1455 116 1482 que
133 1451 249 1473 nostram
269 1446 337 1472 nihil
355 1446 434 1473 video
449 1448 522 1482 quod
543 1448 632 1482 potins
653 1447 862 1479 accommodem,

64 1492 145 1519 quam
159 1489 187 1510 ut
198 1484 316 1518 primum
328 1483 400 1510 hunc
412 1485 502 1519 ipsum
517 1485 660 1516 mundum,
669 1494 723 1520 quo
730 1485 798 1511 nihil
807 1485 864 1511 lieri

64 1521 241 1548 excellentius
253 1525 348 1556 potest,
357 1522 520 1548 animantem
532 1531 591 1549 esse
603 1527 629 1549 et
639 1523 720 1549 (lcum
733 1523 862 1549 iudicem.

64 1560 105 1585 46.
121 1559 169 1584 llic
180 1567 261 1593 qnam
275 1558 344 1585 volet
356 1559 489 1593 Epicurus
502 1561 610 1591 iocetur,
626 1560 705 1587 homo
717 1570 768 1587 non
780 1560 864 1595 aptis-

63 1596 150 1622 simus
162 1596 194 1621 ad
208 1595 350 1622 iocandum
362 1597 529 1632 minimeque
544 1598 676 1632 resipiens
693 1598 820 1633 patriam,
839 1602 864 1624 et

63 1633 135 1660 dicat
150 1642 178 1659 sc
195 1642 246 1659 non
262 1642 341 1668 posse
358 1634 522 1670 intelligere,
540 1636 630 1670 qualis
646 1636 681 1662 sit
698 1635 827 1662 volubilis
839 1639 864 1661 et

63 1670 195 1697 rotundus
207 1670 288 1696 deus:
303 1676 390 1697 tamen
402 1672 501 1703 exhoc,
511 1672 583 1707 quod
595 1673 674 1699 etiam
688 1674 746 1708 ipsc
758 1673 861 1707 probat,

63 1716 213 1743 numquam
229 1716 271 1734 nie
288 1709 417 1736 movebit.
457 1709 546 1736 Placet
565 1711 638 1736 enim
655 1710 695 1736 illi
715 1719 773 1736 esse
788 1710 861 1742 deos,

62 1745 127 1780 quia
144 1754 253 1771 neccsse
270 1746 306 1772 sit
318 1751 497 1780 praestantem
518 1756 577 1773 esse
593 1747 712 1783 aliquam
729 1753 861 1778 naturam,

63 1791 116 1818 qua
138 1782 206 1809 nihil
228 1783 263 1809 sit
281 1783 390 1810 melius.
430 1784 532 1811 Mundo
548 1790 637 1812 autem
652 1790 723 1812 certe
740 1785 808 1811 nihil
824 1790 864 1812 est

63 1819 172 1846 melius.
213 1821 254 1846 47.
277 1821 331 1847 Nec
352 1821 481 1853 dubium,
499 1823 580 1857 quin,
601 1823 674 1857 qnod
691 1823 813 1849 animans
829 1823 864 1849 sit

63 1857 214 1892 habeatque
225 1866 336 1884 sensum
348 1863 373 1884 et
385 1859 515 1886 rationem
526 1864 552 1887 et
563 1865 694 1891 mentem,
713 1860 740 1886 id
757 1861 792 1886 sit
807 1868 864 1886 me-

64 1894 127 1925 lius,
141 1903 223 1929 quam
235 1894 271 1925 id,
288 1895 360 1929 quod
373 1895 416 1922 his
429 1901 526 1923 careat.
567 1898 603 1923 lta
615 1897 731 1924 eflicitur
741 1898 865 1924 animan-

62 1936 126 1962 tem,
135 1940 242 1962 sensuS,
252 1933 359 1963 mentis,
368 1933 635 1968 rationiseompotem
647 1944 706 1961 esse
719 1935 862 1961 mundum.

62 1968 120 2001 Qua
133 1969 233 1995 ratione
242 1989 248 2000 ,
261 1968 342 1995 deum
355 1978 414 1996 esse
426 1971 558 2002 mundum
567 1992 573 2002 ,
589 1971 770 1998 concluditur.
810 1972 863 1998 Sed

63 2006 128 2033 haec
149 2005 240 2041 paullo
261 2011 321 2041 post
343 2006 448 2033 facilins
469 2013 665 2044 cognoscentur
683 2018 716 2036 ex
733 2010 765 2035 iis
782 2009 864 2035 rebus

63 2044 145 2078 ipsis,
167 2052 235 2078 quas
251 2043 371 2070 mundus
387 2044 478 2072 eflicit.
519 2045 613 2072 xvut.
636 2047 751 2076 interea,
767 2046 861 2077 venei.

62 2080 127 2112 noli,
139 2089 249 2115 quaeSO,
262 2089 325 2115 prae
337 2086 361 2108 tc
374 2081 451 2113 ferre,
461 2091 508 2108 vos
520 2082 598 2117 plane
611 2088 734 2118 expertes
745 2092 804 2109 esse
816 2083 865 2110 do—

62 2119 174 2144 ctrinae.

62 2155 260 2191 pulchriorem,
276 2164 357 2190 quam
372 2156 514 2191 sphaeram
527 2157 624 2184 videri.
666 2158 771 2184 Novum
784 2159 863 2184 etiam

62 2192 202 2220 oculorum
216 2192 349 2220 iudicium
361 2193 476 2220 hahetis.
518 2194 570 2221 Sed
582 2196 636 2222 sint
648 2195 697 2221 ista
709 2195 863 2230 pulchriora

63 2229 204 2256 dumtaxat
215 2235 338 2265 aspectu:
352 2231 425 2266 quod
438 2231 506 2258 mihi
519 2236 608 2258 tamen
621 2233 710 2267 ipsum
723 2242 774 2259 non
788 2233 864 2258 vide-

63 2272 119 2294 tur:
138 2267 206 2302 quid
218 2268 291 2294 enim
303 2268 446 2303 pulchrius
457 2278 487 2295 ca
503 2269 602 2305 ligura,
619 2278 688 2305 quae
704 2270 759 2296 sola
770 2279 864 2296 omnes

64 2304 130 2331 alias
143 2305 243 2340 ligurus
253 2305 394 2340 complexa
405 2307 531 2337 continet,
545 2315 669 2342 quaeque
682 2307 749 2333 nihil
762 2308 865 2342 asperi-

63 2342 124 2369 tatis
136 2341 245 2374 habere,
255 2343 322 2369 nihil
334 2343 490 2370 offensionis
502 2349 597 2378 potest,
607 2343 674 2370 nihil
688 2345 804 2370 incisum
817 2354 865 2371 an-

62 2378 145 2415 gulis,
159 2379 228 2406 nihil
240 2380 419 2411 anfractibus,
439 2381 507 2407 nihil
519 2381 656 2412 eminens,
673 2381 740 2408 nihil
755 2381 865 2408 lacuno-

63 2415 143 2443 sum‘?
156 2425 296 2453 quumque
308 2417 377 2444 duae
392 2418 491 2445 formae
503 2423 668 2453 praestantes
678 2419 742 2449 sint,
755 2428 788 2445 ex
799 2419 865 2445 soli·
887 2419 888 2422 ’

63 2453 106 2480 dis
117 2453 228 2489 globus,
245 2454 295 2490 (sic
311 2456 383 2482 enim
396 2458 514 2490 σφαῖραν
527 2456 693 2490 interpretari
705 2455 817 2490 placet3)
831 2465 865 2482 ex

63 2490 152 2525 planis
163 2496 252 2518 autem
264 2493 383 2519 circulus
395 2498 441 2519 aut
452 2493 535 2523 orbis,
549 2493 596 2527 qui
609 2492 700 2523 κύκλος
711 2494 810 2519 Graece
822 2493 865 2519 di-
887 2514 889 2520 .

63 2528 146 2554 citur:
161 2527 203 2555 his
215 2528 322 2556 duabus
335 2530 428 2557 formis
439 2530 571 2565 contingit
581 2529 661 2560 solis,
676 2535 703 2556 ut
715 2539 808 2556 onmes
820 2539 865 2556 ea·
888 2554 889 2563 ,

887 2565 896 2586 ¹}
917 2566 985 2592 nihil
1000 2567 1123 2593 inminuit
1133 2566 1305 2601 sempiternis
1317 2564 1486 2590 saeculorum
1498 2565 1715 2599 aetatibus,qnin

64 2574 124 2591 rum
138 2570 227 2600 partes
238 2567 293 2593 sint
305 2567 373 2594 inter
382 2576 411 2594 se
427 2567 597 2597 simillimae,
615 2576 629 2593 a
647 2566 789 2602 medioque
806 2572 865 2594 tan-

65 2607 121 2628 tum
137 2602 208 2630 absit
223 2609 388 2636 extremum,
406 2610 538 2640 quantum
556 2604 695 2630 medium*
712 2614 725 2630 a
742 2613 862 2631 summo:

63 2648 118 2674 quo
130 2639 198 2666 nihil
211 2640 267 2668 lieri
278 2646 366 2677 potest
376 2643 475 2678 aptius.
517 2643 558 2668 48.
581 2641 634 2668 Sed
645 2642 669 2668 si
682 2641 746 2668 haec
758 2651 810 2669 non
825 2643 865 2669 vi-

215 2117 319 2144 Connm
332 2118 380 2145 tibi
397 2119 437 2145 ais
452 2124 478 2146 et
492 2119 646 2156 cylindrum
659 2125 683 2147 et
695 2121 863 2156 pyramidem
887 2149 888 2152 ,

886 2272 888 2274 ’
916 2270 967 2295 ctis
983 2269 1105 2294 omnium
1125 2268 1220 2302 spatiis
1240 2272 1280 2293 est
1301 2266 1368 2292 factu
1389 2268 1539 2293 conversio.

1035 105 1072 130 ΙΙ.
1102 103 1155 130 CA
1170 105 1198 130 P.
1227 105 1256 130 43
1276 119 1312 123 —
1333 105 1374 130 20.
1651 105 1713 130 4145

892 175 894 181 '
915 174 997 205 detis,
1015 176 1079 209 quia
1096 183 1245 209 numquam
1262 174 1398 201 eruditum
1410 173 1487 200 illum
1500 173 1640 208 pulverem
1652 175 1714 201 atti-

913 213 1007 247 gistis:
1022 221 1054 238 an
1067 221 1098 238 ne
1111 212 1160 238 hoc
1171 212 1283 246 quidem
1295 212 1402 247 physici
1414 211 1564 246 intelligere
1576 212 1710 246 potuistis,

892 250 894 287 ζ
916 250 983 275 hanc
1000 249 1218 284 aequabilitatem
1234 255 1321 275 motus
1337 249 1568 283 constantiamque
1586 248 1712 274 ordinum

916 288 942 313 in
955 286 1006 313 alia
1019 287 1103 322 ligura
1116 296 1167 313 non
1180 287 1299 321 potuisse
1311 285 1430 312 servari‘?
1444 287 1534 320 Itaque
1546 285 1614 312 nihil
1627 291 1714 320 potest

915 333 973 350 esse
986 324 1129 353 indoctius,
1139 332 1221 358 quam
1232 323 1409 358 quodavobis
1421 323 1549 349 allirmari
1560 323 1636 349 solet.
1659 324 1713 349 Nec

916 362 987 387 enim
1004 361 1076 387 hunc
1092 362 1183 396 ipsum
1199 361 1331 387 mundum
1349 370 1395 395 pro
1410 366 1480 387 certo
1496 360 1640 386 rotundum
1654 369 1713 386 esse

915 398 1019 431 dicitis3
1038 408 1099 424 nam
1112 407 1190 433 posse
1202 398 1273 429 lieri,
1288 398 1377 424 utalia
1389 399 1423 424 sit
1435 398 1533 433 figura:
1557 398 1714 424 innumera-

915 436 1039 470 bilesque
1056 436 1171 461 mundos
1186 435 1252 461 alios
1266 435 1380 462 aliarum
1398 444 1456 461 esse
1473 434 1629 461 formarum.
1671 436 1711 461 49,

915 473 1002 505 Quae,
1021 474 1058 503 si,
1076 473 1119 499 his
1136 473 1198 499 bina
1215 478 1280 507 quot
1295 478 1396 503 essent,
1413 472 1553 498 didicisset
1567 473 1710 507 Epicurus,

915 516 985 537 certe
998 519 1049 536 non
1061 510 1170 536 diceret.
1194 510 1247 536 Sed
1257 510 1332 540 dum,
1346 510 1434 544 palato
1445 510 1511 544 quid
1524 510 1558 535 sit
1568 510 1710 544 optimum,

916 548 1031 578 iudicat,
1052 548 1119 574 caeli
1136 547 1254 582 palatum
1275 549 1314 582 (ut
1330 548 1365 574 ait
1379 547 1493 581 Ennius)
1509 556 1561 573 non
1578 548 1711 581 suspexit.

916 586 989 612 XIX.
1012 586 1093 616 Nam,
1110 594 1195 619 quum
1208 585 1261 611 duo
1273 586 1327 611 sint
1337 593 1434 620 genera
1445 584 1579 610 siderum:
1597 593 1712 619 quorum

915 623 1042 653 alterum,
1066 623 1161 657 spatiis
1182 622 1400 648 immutabilibus
1417 622 1449 647 ab
1465 627 1523 647 ortu
1540 621 1572 647 ad
1587 630 1713 647 occasum

914 669 1077 690 commeanS,
1092 659 1197 686 nullum
1210 668 1339 694 umquam
1350 668 1446 685 cursus
1458 660 1500 684 sui
1514 660 1658 694 vestigium
1673 660 1714 684 in-

892 707 894 728 l
915 697 1014 728 flectat,
1036 697 1149 723 alterum
1173 702 1262 723 antem
1281 697 1422 723 continuas
1438 697 1627 722 conversiones
1646 696 1713 722 duas

915 735 1013 761 iisdem
1024 735 1118 769 spatiis
1129 735 1311 769 cursibusque
1323 733 1458 760 conficiat:
1481 742 1515 759 ex
1527 739 1638 768 utraque
1651 743 1677 759 re
1689 739 1713 759 et

915 772 1012 798 mundi
1032 772 1202 802 volubilitas,
1226 780 1296 806 quae
1317 772 1369 797 nisi
1387 772 1413 797 in
1429 771 1540 806 globosa
1556 771 1639 796 forma
1655 780 1713 796 esse

916 819 968 836 non
983 814 1086 844 posset,
1104 814 1129 835 et
1144 809 1282 835 stellarum
1295 808 1402 834 rotundi
1417 808 1534 834 ambitus
1547 816 1714 843 cognoscun-

916 852 967 874 tur.
1010 847 1169 881 Primusque
1186 846 1239 876 sol,
1257 847 1304 880 qui
1320 851 1451 872 astrorum
1465 845 1567 871 obtinet
1578 846 1714 879 principa—

916 890 982 915 tum,
996 885 1032 910 ita
1044 889 1179 914 movetur,
1195 889 1235 914 nt,
1249 892 1334 918 quum
1348 888 1429 909 terras
1442 883 1513 917 larga
1527 882 1584 908 luce
1596 882 1715 917 comple—

916 923 993 952 verit,
1008 921 1115 947 easdem
1130 921 1266 951 modohis,
1276 920 1354 946 modo
1367 920 1420 946 illis
1432 929 1465 946 ex
1477 920 1598 954 partibus
1610 925 1712 954 opacet.

916 961 975 994 lpsa
992 960 1064 985 enim
1081 958 1177 984 umbra
1193 963 1277 984 terrae
1292 958 1342 983 soli
1358 957 1480 984 osl‘iciens
1501 962 1604 983 noctem
1621 957 1713 983 eflicit.

917 998 1113 1023 Nocturnorum
1130 1000 1220 1022 autem
1236 996 1384 1030 spatiorum
1401 995 1493 1021 eadem
1509 999 1549 1020 est
1563 994 1715 1029 aequabili-

917 1039 965 1065 tas,
979 1042 1047 1069 qnae
1058 1033 1232 1065 diurnorum3
1255 1033 1433 1067 eiusdemque
1445 1032 1510 1058 solis
1522 1037 1578 1058 tum
1590 1040 1715 1058 accessus

917 1072 1017 1098 modici
1029 1076 1085 1098 tum
1098 1080 1220 1097 recessus
1231 1075 1257 1096 et
1268 1070 1376 1105 frigoris
1387 1075 1411 1096 et
1422 1070 1519 1096 caloris
1531 1069 1640 1095 modum
1648 1074 1716 1095 tem-

917 1114 1023 1145 perant:
1049 1109 1179 1135 circuitus
1198 1109 1270 1134 enim
1286 1108 1351 1134 solis
1365 1108 1472 1133 orbium
1493 1115 1507 1131 v
1528 1112 1553 1133 et
1567 1115 1603 1132 Lx
1618 1112 1642 1132 et
1657 1115 1713 1137 ccc,

917 1151 1010 1182 quarta
1023 1146 1076 1173 fere
1088 1145 1143 1172 diei
1155 1150 1228 1180 parte
1240 1144 1339 1176 addita,
1355 1146 1558 1171 conversionem
1570 1144 1717 1170 conficiunt

917 1193 1048 1211 annuam:
1072 1182 1210 1210 inflectens
1227 1187 1315 1209 autem
1327 1182 1366 1208 sol
1378 1191 1489 1208 cursum
1501 1187 1557 1208 tum
1569 1181 1602 1208 ad
1613 1187 1716 1216 septem

917 1223 1026 1252 triones,
1043 1227 1100 1248 tum
1112 1220 1145 1246 ad
1157 1220 1298 1246 meridiem
1310 1225 1423 1246 aestates
1435 1225 1460 1246 et
1472 1220 1575 1245 hiemes
1587 1218 1677 1249 eflicit,
1691 1224 1717 1245 et

916 1269 946 1286 ea
958 1259 1011 1286 duo
1023 1265 1150 1293 tempora,
1159 1266 1275 1293 quorum
1288 1257 1400 1283 alterum
1414 1257 1496 1283 hiemi
1508 1257 1658 1283 senescenti
1669 1256 1717 1282 ad-

918 1298 1039 1323 iunctum
1051 1301 1100 1326 est,
1117 1295 1229 1322 alterum
1240 1295 1343 1321 aestati.
1384 1295 1420 1321 Ita
1432 1303 1466 1321 ex
1477 1299 1602 1329 quattuor
1613 1299 1717 1328 tempo-

917 1344 976 1361 rum
992 1333 1187 1360 mutationibus
1206 1333 1343 1362 omnium.
1366 1340 1435 1367 quae
1452 1337 1518 1358 terra
1536 1332 1658 1365 marique
1673 1331 1717 1366 gi-

916 1377 1050 1408 gnuntur,
1064 1372 1140 1398 initia
1152 1378 1318 1404 caussaeque
1330 1369 1476 1396 ducuntur.
1517 1371 1558 1395 50.
1582 1369 1636 1395 Iam
1651 1368 1716 1394 solis

917 1418 1021 1436 annuos
1041 1418 1138 1435 cursus
1157 1408 1252 1442 spatiis
1275 1408 1420 1433 menstruis
1443 1407 1504 1432 luna
1525 1406 1713 1440 consequitur:

916 1448 995 1473 cuius
1012 1447 1202 1473 tenuissimum
1219 1445 1309 1471 lumen
1323 1444 1384 1470 facit
1396 1445 1536 1479 proximus
1547 1452 1672 1469 accessus
1683 1442 1716 1468 ad

916 1484 1010 1516 solem,
1019 1484 1159 1520 digressus
1170 1488 1259 1509 autem
1273 1482 1449 1517 longissimus
1460 1483 1577 1516 quisque
1589 1481 1717 1515 plenissi-

917 1531 1002 1548 mum.
1044 1523 1136 1556 Neque
1153 1520 1241 1547 solum
1257 1521 1317 1546 eius
1333 1520 1437 1554 species
1453 1528 1482 1545 ac
1499 1519 1581 1545 forma
1598 1523 1718 1544 mutatur

917 1564 973 1586 tmn
985 1559 1147 1589 crescendo,
1166 1564 1222 1585 tum
1239 1557 1390 1583 defectibus
1408 1558 1433 1582 iu
1452 1557 1526 1582 initia
1543 1555 1714 1586 recurrendo,

916 1597 964 1623 sed
976 1597 1056 1623 etiam
1069 1597 1150 1632 regio,
1159 1604 1228 1630 qnae
1241 1600 1296 1621 tum
1308 1600 1348 1620 est
1359 1594 1534 1629 aquilonaris,
1545 1599 1600 1620 tum
1613 1599 1716 1619 austra—

917 1634 960 1660 lis.
1002 1635 1030 1660 In
1048 1634 1125 1660 lunae
1141 1641 1250 1668 quoque
1266 1641 1347 1658 cursu
1362 1637 1402 1658 est
1417 1637 1442 1658 et
1458 1632 1568 1657 brumae
1583 1630 1716 1666 quaedam

916 1670 1224 1700 etsolstitiisimilitudo,
1234 1669 1372 1704 multaque
1379 1669 1412 1695 ab
1423 1678 1452 1695 ea
1465 1674 1571 1695 manant
1583 1674 1607 1694 et
1619 1668 1714 1697 fluunt,

916 1710 1018 1744 quibus
1033 1714 1059 1735 et
1073 1710 1223 1735 animantes
1239 1707 1344 1733 alantur
1359 1712 1572 1742 augescantque,
1590 1711 1615 1732 et
1631 1705 1717 1740 pube-

916 1751 992 1773 scant
1008 1747 1244 1780 maturitatemque
1259 1749 1451 1779 assequantur,
1474 1752 1542 1778 quae
1559 1744 1683 1770 oriuutur
1703 1750 1717 1768 e

917 1789 996 1811 terra.
1037 1784 1099 1810 XX.
1113 1785 1154 1810 5¹.
1168 1783 1284 1809 Maxime
1296 1791 1357 1808 vero
1369 1786 1431 1807 sunt
1443 1781 1617 1807 admirabiles
1630 1785 1717 1806 motus

916 1831 1009 1848 earum
1021 1822 1143 1856 quinque
1155 1820 1307 1851 stellarum,
1325 1828 1394 1854 quae
1408 1818 1474 1845 falso
1487 1824 1615 1845 vocantur
1626 1826 1717 1844 erran—

917 1864 966 1886 tes.
1007 1859 1081 1885 Nilul
1093 1859 1166 1884 enim
1178 1862 1260 1888 errat,
1279 1857 1351 1892 quod
1364 1857 1390 1882 in
1402 1857 1476 1882 omni
1488 1857 1642 1882 aeternitate
1654 1863 1717 1881 con—

916 1901 1004 1923 servat
1016 1905 1175 1932 progressus
1187 1901 1212 1922 et
1223 1903 1362 1930 regressus
1374 1893 1547 1928 reliquosque
1560 1898 1718 1919 motuscon-

916 1939 1017 1961 stantes
1029 1939 1054 1961 et
1066 1939 1144 1960 ratos.
1177 1932 1254 1965 Quod
1266 1941 1297 1958 eo
1308 1936 1347 1958 est
1359 1931 1548 1957 admirabilius
1561 1932 1585 1957 in
1599 1931 1641 1956 his
1653 1929 1719 1956 stel-

918 1971 964 2002 liS,
982 1980 1049 2006 quas
1061 1971 1193 2001 dicimus,
1211 1971 1275 2005 quia
1289 1975 1344 1996 tum
1355 1969 1536 1998 occultantur,
1555 1974 1611 1995 tum
1624 1975 1718 1993 rursus

917 2009 1088 2043 aperiuntur,
1111 2013 1167 2035 tum
1179 2008 1292 2038 adeunt,
1312 2012 1367 2033 tum
1381 2006 1521 2035 recedunt,
1540 2011 1596 2032 tum
1612 2011 1717 2031 antece-

917 2046 993 2076 dunt,
1008 2051 1064 2072 tum
1076 2046 1291 2080 subsequuntur,
1306 2049 1362 2070 tum
1374 2043 1489 2070 celerius
1502 2048 1651 2072 moventur,
1661 2048 1716 2068 tuni

917 2083 1033 2113 tardius.
1058 2088 1114 2110 tum
1135 2083 1245 2109 omnino
1267 2090 1299 2108 ne
1314 2086 1457 2108 moventur
1472 2081 1598 2115 quidem,
1620 2080 1666 2105 sed
1684 2079 1716 2104 ad

916 2120 1053 2154 quoddam
1071 2125 1177 2154 tempus
1194 2120 1333 2145 insistunt.
1373 2119 1493 2150 Quarum
1512 2127 1545 2144 ex
1561 2117 1717 2152 disparibus

917 2157 1082 2183 motionibus
1099 2165 1228 2191 magnum
1245 2164 1346 2182 annum
1364 2155 1545 2182 mathematici
1561 2162 1717 2181 inunmave-

917 2199 986 2224 runt,
996 2195 1044 2228 qui
1057 2199 1112 2220 tum
1124 2194 1250 2223 eflicitur,
1259 2201 1344 2227 quum
1356 2192 1421 2218 solis
1433 2198 1459 2218 et
1471 2192 1548 2218 lunae
1560 2197 1583 2218 et
1595 2192 1716 2226 ‹ptinqnc

917 2232 1063 2258 errantium
1080 2231 1112 2257 ad
1130 2230 1252 2257 eamdem
1271 2231 1339 2256 inter
1349 2239 1378 2255 se
1389 2231 1614 2264 comparauerant»
1627 2227 1717 2254 confe-

1580 2268 1621 2292 552.
1644 2268 1717 2297 Quae

919 2315 1001 2341 quam
1015 2305 1092 2341 longa
1104 2307 1148 2335 sit,
1163 2313 1257 2340 magna
1270 2304 1393 2338 quaestio
1403 2309 1455 2330 est:
1473 2312 1532 2330 esse
1546 2313 1608 2329 vern
1619 2308 1717 2328 certam

918 2349 942 2369 et
954 2343 1092 2369 delinitam
1105 2351 1214 2369 necesse
1226 2347 1275 2368 est.
1309 2342 1425 2371 Numen,
1439 2350 1508 2375 quac
1521 2340 1628 2366 Saturni
1641 2339 1716 2365 stella

917 2381 1017 2406 dicitur
1030 2381 1189 2414 ‘lu-irimque
1200 2388 1213 2405 a
1226 2379 1336 2405 Graecis
1349 2378 1515 2407 riuiuinatur.
1539 2386 1607 2411 (piac
1624 2386 1637 2403 a
1650 2382 1717 2403 terra

917 2418 993 2444 abest
1010 2417 1158 2452 plurimum
1168 2438 1173 2447 ,
1190 2425 1247 2442 xxx
1262 2415 1314 2441 fere
1326 2416 1404 2441 antiis
1418 2424 1528 2440 cursum
1543 2423 1622 2440 snum
1635 2414 1718 2440 conli-

917 2455 966 2481 cit:
987 2455 1078 2489 inquo
1089 2463 1170 2480 eursu
1184 2453 1266 2480 multu
1279 2452 1438 2479 mirabiliter
1449 2451 1582 2482 efficiens,
1602 2457 1657 2478 tum
1669 2461 1717 2478 an-

917 2491 1072 2521 tecedendo.
1090 2497 1146 2518 tum
1159 2490 1326 2520 retardando,
1342 2495 1398 2516 tum
1413 2490 1574 2524 vespertinis
1589 2489 1717 2524 tempori-

917 2530 968 2555 bus
979 2529 1171 2559 delitescendo,
1181 2534 1236 2555 tum
1250 2527 1388 2554 nnutninis
1401 2535 1508 2553 rursum
1519 2536 1548 2552 se
1560 2526 1714 2561 aperiendo.

894 2633 896 2638 Ι
917 2603 1010 2630 eadem
1027 2604 1123 2630 iisdem
1137 2603 1304 2638 temporibus
1316 2602 1424 2628 efficiat.
1467 2601 1534 2628 intra
1546 2607 1635 2628 autem
1649 2602 1715 2628 hanc

895 2643 896 2656 ³
916 2642 1030 2676 propius
1041 2650 1055 2668 a
1067 2646 1135 2668 terra
1146 2642 1217 2668 lovis
1228 2640 1303 2667 stella
1317 2639 1412 2670 l'crtur,
1430 2648 1499 2674 quae
1516 2641 1632 2667 Φαέθων
1647 2639 1716 2665 dici-

1440 2688 1487 2713 Νι)
1499 2685 1509 2697 ‘
