1941 3052
236 94 283 118 (ΠΒ

236 164 405 196 oos,qiii11u·
418 171 467 188 uon
480 166 583 191 norant,
603 161 718 186 nominis
730 161 820 186 nontri.
863 160 974 186 Multum
987 165 1027 186 est
1047 160 1050 171 ¹

236 201 306 226 vniui
319 201 344 225 in
358 200 397 225 liis
411 200 485 224 locis:
502 199 604 224 lli'cci'm·
615 203 650 223 es!
663 199 712 225 1110,
725 200 769 230 qui
784 198 894 223 Urbem?
904 206 976 230 quem
987 207 1026 222 u·-
1047 194 1049 219 !

237 239 331 263 tentiis?
352 238 418 262 nosti
436 240 528 261 vetera.
569 236 658 265 Quum
679 236 811 260 venissem
833 234 864 260 aul
883 235 1024 264 Amanum,

236 276 283 309 qui
306 283 380 299 mone·
401 273 464 298 inibi
486 281 545 297 cuni
564 271 657 297 Bibulo
675 272 825 297 communis
846 276 898 301 est,
921 272 1026 297 ‹livi-nm

236 320 363 346 uquarum
376 310 506 338 divortiis,
520 309 628 334 Cassius
641 313 741 338 noster.
754 308 826 343 quod
839 309 904 335 milii
917 317 1026 342 magnae
1047 330 1049 340 ,

238 348 364 381 voluptati
383 347 444 376 fuit,
463 345 573 372 feliciter
584 346 616 371 ali
629 346 765 372 Antiochia
779 347 880 372 hostem
893 347 1024 372 reiecerat.

237 385 348 411 Bibulus
365 383 527 418 provinciam
543 388 685 417 acceperat.
728 386 751 408 51.
773 383 872 409 luten-a
887 391 947 409 cuni
961 384 1026 409 meis-i

236 422 318 456 copiis
332 421 457 447 omnibus
474 421 566 446 vexavi
579 421 765 450 Aiiianienses,
785 421 872 445 hostes
888 421 1027 455 sempiter-

237 468 292 484 ηομ,
335 457 409 484 Multi
425 457 518 486 occisi,
540 458 622 491 capti:
645 457 739 492 reliqui
760 457 897 491 dissipati:
920 457 1026 483 castella
1048 473 1049 495 ι

237 496 336 521 munita
354 494 499 529 improviso
514 493 629 520 adventu
645 499 719 528 capta
734 499 759 521 et
774 495 890 520 incensa.
930 495 966 521 lta
989 496 1027 520 vi-

236 533 315 558 ctoria
332 533 399 558 iusta
418 532 558 566 imperator
573 531 722 566 appellatus
733 532 804 566 apud
818 532 913 562 issum,
926 531 1027 566 (quoin

238 569 292 595 loco
303 577 390 603 saepe,
406 573 433 594 ut
443 577 476 594 ex
488 568 775 599 teaudivi,Clitarclius
787 569 833 595 tibi
847 570 1028 598 narravit,Da-
1048 581 1050 603 ξ

236 607 304 632 rium
316 606 348 631 ab
360 605 508 632 Alexandro
519 613 577 632 esse
589 605 870 641 superatum.)adduxi
882 607 1026 632 exercitum
1048 605 1051 632 l

236 643 266 669 ad
280 642 480 669 infestissimam
493 642 600 669 Ciliciae
612 648 721 677 partem.
763 643 801 670 lbi
813 644 937 678 quintum
952 648 977 670 et
988 645 1028 670 vi-

235 681 365 707 cesimum
378 680 429 706 iam
441 679 511 706 diem
523 680 681 715 aggeribus,
700 680 799 710 vineis,
813 681 931 707 turribus
942 689 1029 716 oppu-

235 718 350 754 gnabam
361 717 491 752 oppidum
504 718 727 747 munitissimum.
736 718 935 747 Pindenissum.
949 718 1028 744 tantis

235 755 332 790 opibus
345 759 469 789 tantoque
481 755 598 791 negotio,
612 759 640 781 ut
651 755 716 781 mihi
729 755 760 781 ad
772 764 905 781 summam
917 755 1027 791 gloriam

237 792 303 819 nihil
315 791 396 823 desit,
410 792 461 818 nisi
474 800 568 818 nomen
580 792 685 827 oppidi:
708 792 778 827 quod
790 793 827 823 si,
844 797 873 819 ut
883 801 972 828 spero,
985 801 1029 819 ce-

236 838 311 864 pero,
331 833 386 855 tum
405 838 465 855 vero
481 829 579 855 litteras
595 829 702 864 publice
718 830 829 856 mittam.
871 830 894 857 h.
916 830 984 856 llaec
995 830 1028 856 ad

236 872 260 893 te
272 867 298 893 in
311 866 442 901 praesenti
453 867 558 901 scripsi,
571 871 599 893 ut
610 875 738 901 sperares,
753 872 776 893 te
787 868 895 902 assequi
907 867 943 899 id,
956 867 1028 902 quod

235 908 366 939 optasses.
401 903 463 934 Sed,
478 907 506 930 ut
518 903 622 930 redeam
634 904 667 930 ad
679 904 796 935 Parthos,
811 904 874 930 haec
885 909 969 931 aestas
982 905 1028 931 ha-

208 966 213 973 ,
236 941 295 967 huit
307 941 377 967 liunc
388 941 490 967 exitum
501 942 565 967 satis
577 940 693 970 felicem:
707 950 745 972 ea,
754 950 822 977 quae
833 942 963 977 sequitur,
972 951 1029 968 ma-

235 987 287 1015 gno
298 979 376 1005 estin
389 978 491 1004 timore.
530 977 625 1011 Quare,
640 979 676 1005 mi
690 978 767 1010 Rufe,
782 979 876 1014 vigila:
899 980 1025 1014 primum,

237 1020 265 1042 ut
277 1015 344 1042 mihi
355 1014 526 1042 succedatur:
549 1016 590 1042 sin
603 1016 628 1042 id
641 1016 702 1046 erit,
722 1021 750 1042 ut
762 1017 870 1046 scribis,
884 1021 921 1048 et,
940 1021 969 1043 ut
980 1025 1029 1052 ego

235 1053 356 1083 arbitror,
369 1053 500 1087 spissius;
513 1052 594 1082 illud.
607 1053 678 1088 quod
692 1052 767 1079 facile
778 1058 826 1084 est,
841 1062 873 1080 ne
883 1054 950 1089 quid
962 1054 1028 1080 mihi

236 1091 362 1125 temporis
384 1094 548 1125 prorogetur.
589 1091 624 1116 De
637 1090 772 1126 republica
788 1099 821 1117 ex
832 1092 899 1122 tuis,
913 1095 942 1118 ut
953 1096 1028 1117 antea

236 1127 283 1153 tibi
295 1127 399 1162 scripsi,
413 1135 497 1161 quum
510 1128 666 1162 praesentia,
683 1132 739 1154 tum
752 1129 830 1154 etiam
843 1128 931 1155 futura
943 1130 1028 1165 magis

235 1168 369 1199 exspecto.
409 1163 495 1197 Quare
512 1169 540 1191 ut
555 1164 588 1190 ad
604 1173 646 1191 me
659 1166 747 1192 omnia
759 1174 839 1201 quani
851 1165 1029 1202 diligentissi-

236 1210 277 1228 me
289 1201 446 1236 perscribas,
460 1205 484 1228 te
495 1202 664 1228 vehementer
676 1211 747 1238 rogo.
789 1201 884 1240 [Vale]

290 1270 329 1291 ΧΙ.
345 1271 422 1290 ARG.
440 1271 620 1295 i’rnrngatiunem
635 1272 764 1298 provinciae
777 1272 866 1292 metuit:
883 1272 960 1293 Caelio
975 1279 1028 1299 pan-

235 1304 309 1325 theras
319 1304 440 1332 promittit:
455 1306 482 1325 de
491 1312 537 1332 rep.
549 1305 594 1326 sibi
603 1306 712 1333 peracribi
721 1306 776 1327 vult.

411 1342 538 1363 (Laudice-e,
548 1343 625 1364 Paullo.
634 1344 725 1362 Marcello
736 1350 784 1363 con.
796 1345 850 1364 70⁴.)

272 1384 308 1410 M.
323 1384 353 1410 T.
369 1384 398 1411 C.
414 1385 490 1411 IMP.
506 1385 534 1412 S.
549 1386 579 1412 D.
595 1386 631 1413 M.
647 1386 792 1414 CAELIO
805 1387 890 1414 ΑΕΒ.
906 1386 990 1414 CUR.

292 1426 315 1451 ι.
336 1421 485 1452 Putaresne
506 1434 635 1462 umquam
658 1428 777 1455 accidere
797 1437 888 1464 posse,
912 1432 941 1455 ut
962 1428 1028 1456 mihi

235 1461 314 1488 verba
325 1461 462 1494 deessent,
479 1472 566 1499 neque
577 1464 666 1491 solum
680 1466 731 1492 ista
743 1470 829 1492 vestra
839 1466 950 1493 oratoria
958 1487 964 1498 ,
981 1465 1028 1492 sed

234 1499 298 1525 haec
309 1500 388 1526 etiam
401 1499 468 1526 levia
479 1501 622 1528 nostratia?
632 1502 732 1529 Desunt
743 1507 831 1530 autem
842 1507 950 1539 propter
960 1503 1029 1530 hanc

233 1545 370 1568 caussam,
391 1537 464 1572 quod
481 1538 591 1565 mirifice
606 1548 667 1566 sum
683 1539 828 1572 sollicitus,
850 1540 980 1575 quidnam
995 1541 1028 1567 de

234 1574 378 1608 provinciis
397 1574 562 1602 decernatur.
603 1576 702 1603 Mirum
719 1585 762 1604 me
778 1577 942 1604 desiderium
959 1582 1029 1604 tenet

233 1610 325 1642 Urbis,
343 1611 499 1638 incredibile
512 1621 633 1640 meorum
645 1618 724 1649 atque
735 1615 762 1641 in
774 1615 868 1650 primis
879 1615 932 1646 tui,
949 1616 1029 1642 satie-

233 1652 273 1674 tas
288 1652 377 1675 autem
392 1649 557 1684 provinciae;
580 1650 636 1681 vel.
652 1651 715 1686 quia
727 1651 851 1678 videmur
860 1660 918 1678 eam
930 1652 1028 1679 famam

233 1686 377 1716 consecuti,
390 1690 482 1713 utnon
494 1690 546 1713 tam
558 1688 675 1715 accessio
684 1689 844 1724 quaerenda,
853 1697 933 1724 quam
946 1689 1029 1716 fortu-

234 1730 266 1748 na
278 1722 418 1748 metuenda
429 1724 477 1755 sit,
491 1723 542 1754 vel,
554 1725 618 1759 quia
630 1729 714 1752 totum
725 1727 862 1762 negotium
874 1735 925 1753 non
937 1731 976 1752 est
987 1726 1029 1752 di-

233 1767 317 1795 gnum
333 1759 436 1786 viribus
451 1761 561 1792 nostris,
579 1762 627 1796 qui
643 1763 741 1789 maiora
756 1771 834 1790 onera
850 1763 877 1789 in
891 1763 1027 1799 republica

234 1797 366 1823 sustinere
377 1801 402 1823 et
413 1798 513 1832 possim
528 1802 554 1824 et
568 1798 681 1832 soleam;
704 1799 760 1832 vel,
777 1801 841 1835 quia
856 1800 920 1827 belli
935 1801 1026 1836 magni

233 1834 313 1860 timor
324 1834 472 1868 impendet,
487 1835 559 1870 quod
571 1835 694 1863 videmur
705 1836 833 1873 effugere,
850 1838 874 1864 si
884 1837 917 1864 ad
928 1839 1028 1865 consti-

233 1874 317 1896 tutam
329 1870 399 1897 diem
410 1871 581 1899 decedemus.
612 1875 637 1900 2.
649 1874 686 1900 De
697 1875 843 1909 pantheriS,
856 1883 903 1909 per
913 1883 966 1906 eos,
979 1884 1027 1910 qui
1048 1889 1050 1905 f

235 1908 324 1934 venari
331 1907 424 1939 solent,
433 1909 520 1944 agitur
531 1909 653 1937 mandato
664 1920 724 1938 meo
734 1911 888 1947 diligentem
902 1912 950 1939 sed
961 1913 1027 1939 mira
1048 1908 1049 1912 ¹

232 1945 354 1979 paucitas
365 1950 447 1977 est,et
457 1954 510 1977 eas,
519 1955 587 1982 quae
597 1952 669 1979 sunt,
682 1948 760 1975 valde
771 1950 846 1975 aiunt
856 1950 942 1984 queri,
955 1949 1028 1985 quod

233 1981 301 2008 nihil
312 1982 439 2017 cuiquam
450 1984 608 2010 insidiarum
620 1985 647 2012 in
659 1994 718 2012 mea
728 1987 878 2021 provincia,
895 1987 948 2013 nisi
963 1987 1024 2018 sibi,

233 2018 290 2045 fiat:
311 2020 401 2054 itaque
411 2022 582 2048 constituisse
591 2022 726 2054 dicuntur,
741 2024 769 2050 in
781 2023 884 2050 Cariam
896 2032 929 2051 ex
940 2029 1027 2051 nostra
1048 2025 1050 2034 '

232 2056 369 2090 provincia
379 2057 516 2084 decedere.
550 2059 603 2086 Sed
616 2064 703 2087 tamen
715 2060 810 2088 sedulo
821 2061 850 2087 fit
859 2066 884 2088 et
894 2062 920 2088 in
933 2062 1027 2096 primis

232 2101 247 2119 a
261 2093 373 2120 Patisco.
413 2094 551 2130 Quidquid
566 2097 627 2128 erit,
650 2098 698 2124 tibi
719 2098 780 2131 erit;
803 2098 851 2125 sed
866 2099 932 2134 quid
946 2103 1025 2130 esset,

232 2129 311 2165 plane
322 2132 516 2159 nesciebamus.
556 2134 635 2165 Mihi,
649 2135 814 2167 mehercule,
828 2144 938 2172 magnae
948 2145 1028 2163 curae

232 2171 273 2194 est
283 2167 404 2195 aedilitas
420 2173 473 2196 tua.
515 2171 576 2205 lpse
588 2171 646 2198 dies
662 2181 705 2199 me
715 2172 884 2200 admonebat.
925 2173 1026 2209 Scripsi

232 2205 303 2231 enim
315 2205 379 2232 haec
390 2206 457 2240 ipsis
470 2207 677 2243 Megalensibus.
708 2211 732 2236 3.
753 2211 794 2237 Tu
806 2210 886 2237 velim
897 2210 931 2237 ad
940 2219 984 2238 me
994 2211 1027 2238 de

231 2243 305 2269 omni
324 2243 488 2278 reipublicae
506 2250 576 2272 statu
590 2254 672 2281 quam
687 2246 894 2283 diligentissime
912 2249 1027 2283 perscri-

232 2278 290 2350 gisl
319 2280 367 2354 ]Ea
377 2281 449 2307 enim
459 2283 606 2310 certissima
618 2284 726 2319 putabo,
741 2293 812 2320 quae
821 2293 856 2312 ex
865 2289 891 2312 te
900 2294 1024 2322 cognoro.

267 2325 280 2342 a
293 2325 316 2343 e.

284 2394 336 2414 ΧΙΙ.
353 2395 429 2416 ARG.
447 2397 528 2417 Urbem
541 2397 676 2424 repetiturus
690 2397 779 2423 laudat,
794 2399 928 2426 provinciam
938 2399 1024 2427 vitup&

233 2430 274 2451 rat.
284 2427 373 2449 littei-u
383 2430 428 2450 sibi
438 2431 525 2452 obvium
534 2431 614 2452 misna
624 2431 679 2453 vult.

418 2467 446 2487 (ln
457 2468 531 2489 Cilicia,
541 2468 615 2489 Pnuun,
624 2469 716 2487 Marcello
725 2476 772 2487 cun,
783 2470 838 2492 70⁴.)

281 2498 315 2524 Μ.
328 2499 358 2545 T«
371 2499 400 2526 C.
413 2501 488 2528 IMP.
500 2502 528 2528 S.
540 2503 571 2529 D.
584 2503 619 2530 M.
633 2503 777 2530 CAELIO
791 2504 876 2531 ΑΕΒ.
892 2506 976 2533 CUR.

290 2540 312 2563 ι.
334 2538 473 2568 Sollicitus
489 2544 613 2578 equidem
625 2553 696 2571 eram
707 2545 740 2571 de
751 2545 832 2572 rebus
843 2547 966 2574 urbanis:
987 2547 1024 2573 ita

234 2574 412 2603 tumultuosae
423 2580 570 2611 conciones,
583 2582 619 2608 ita
631 2582 757 2608 molestae
767 2582 952 2618 Quinquatrus
962 2584 1025 2611 affe-

235 2611 369 2639 rebantur.
407 2614 474 2642 Nam
489 2617 609 2645 citeriora
629 2619 748 2646 nondum
764 2619 954 2648 audiebamus:
976 2621 1024 2648 sed

803 90 1300 117 72.M.T.(11(313n0NlS

1079 165 1164 186 tamen
1178 160 1243 186 nibil
1256 169 1298 186 me
1310 161 1395 195 magis
1407 161 1576 191 sollicitabat.
1598 170 1678 197 quam
1695 163 1720 189 in
1735 163 1777 189 hia
1788 163 1870 190 mole-

1079 198 1137 223 stiis
1154 206 1204 223 non
1222 206 1276 227 me,
1300 199 1322 223 si
1338 206 1406 233 quae
1422 199 1529 224 ridenda
1545 205 1647 230 essent,
1669 200 1754 226 ridere
1770 205 1868 227 tecum.

1079 235 1146 259 Sunt
1161 235 1232 260 enim
1249 234 1345 265 multa:
1367 235 1413 261 aed
1429 243 1457 261 ea
1474 244 1524 262 non
1536 236 1621 263 audeo
1635 238 1759 263 scribere.
1802 238 1869 264 lllud

1079 271 1188 297 moleste
1201 271 1268 301 fero,
1283 272 1348 298 nibil
1361 280 1402 298 me
1414 272 1501 299 adbuc
1513 274 1555 299 his
1566 274 1598 299 de
1610 274 1690 300 rebus
1702 275 1798 301 babere
1812 280 1871 300 tua-

1079 317 1138 334 rum
1151 308 1306 334 litterarum.
1333 309 1428 341 Quare,
1441 311 1500 338 etsi.
1513 319 1598 345 quum
1613 316 1640 337 tu
1653 311 1716 337 haec
1729 311 1808 345 leges,
1822 320 1872 346 ego

1080 347 1130 371 iam
1152 354 1270 372 annuum
1293 355 1391 372 munus
1411 347 1560 377 confecero,
1583 353 1669 374 tamen
1689 349 1783 375 obviae
1804 344 1869 375 mibi

1081 382 1159 408 velim
1172 384 1225 409 sint
1237 383 1336 409 litterae
1348 388 1421 414 tuae,
1439 392 1507 419 quae
1519 393 1561 410 me
1572 385 1693 411 erudiant
1703 386 1736 411 de
1746 387 1817 412 omni
1830 395 1870 412 re-

1080 419 1195 454 publica,
1210 428 1242 446 ne
1253 420 1350 455 hospes
1362 421 1439 455 plane
1451 422 1565 447 veniam.
1607 422 1658 448 noc
1671 423 1775 453 melius,
1788 432 1869 458 quarn

1079 462 1116 485 ιιι,
1134 456 1218 483 facere
1230 466 1307 483 nemo
1319 462 1412 492 [mu—st.
1453 460 1478 484 2.
1500 459 1629 494 Diogenes
1641 464 1712 488 tuus,
1725 460 1804 486 bomo
1815 469 1872 486 mo-

1079 495 1185 523 destus.
1203 503 1216 520 a
1233 503 1274 520 me
1289 503 1349 520 cum
1363 494 1472 521 l'hilone
1483 496 1639 522 Pessinunte
1649 496 1782 523 discessit.
1822 498 1872 523 lter

1080 531 1213 558 habehant
1227 532 1260 558 ad
1271 532 1465 567 Adiatorigem:
1487 541 1650 568 quamquam
1667 534 1754 559 omnia
1767 542 1814 560 nec
1825 534 1871 560 be-

1080 569 1173 604 nigna,
1196 578 1243 595 nec
1262 570 1367 604 copiosa
1385 575 1537 605 cognorant.
1578 571 1688 601 Urbem,
1706 571 1817 601 Urbem,
1834 572 1870 597 mi

1080 605 1160 635 Rufe,
1178 606 1246 636 cole,
1265 611 1289 632 et
1306 607 1331 632 in
1349 607 1397 632 ista
1410 607 1468 633 luce
1479 608 1549 633 vive.
1589 608 1683 634 Omnis
1696 608 1872 644 peregrinatio

1079 643 1160 677 (quod
1176 652 1225 679 ego
1236 644 1268 669 ab
1283 643 1459 670 adolescentia
1472 644 1598 679 iudicavi)
1608 645 1719 671 obscura
1731 650 1756 671 et
1765 645 1870 671 sordida

1080 685 1120 706 est
1135 681 1182 711 iis,
1199 689 1313 716 quorum
1331 681 1459 707 industria
1472 682 1569 708 Romae
1584 687 1667 717 potest
1679 682 1790 708 illustris
1800 691 1869 709 esse.

1079 717 1244 752 Quodquum
1253 718 1333 753 probe
1343 720 1448 749 scirem,
1458 720 1558 746 utinam
1571 720 1596 746 in
1610 720 1737 746 sententia
1750 728 1872 754 perman-

1080 755 1190 781 sissem!
1217 755 1284 782 Cum
1301 764 1352 782 una
1373 756 1524 783 mehercule
1545 757 1772 783 ambulatiuncula
1792 761 1872 792 atque

1080 800 1134 818 uno
1143 801 1263 819 sermone
1274 797 1362 819 nostro
1372 802 1464 820 omnes
1476 793 1578 820 fructus
1590 795 1740 829 provinciae
1751 802 1802 820 non
1809 802 1873 820 con-

1080 829 1143 855 fero.
1184 832 1208 856 3.
1230 830 1314 864 Spero
1329 839 1370 856 me
1386 831 1544 866 integritatis
1562 831 1666 857 laudem
1682 836 1870 858 consecutum:

1081 875 1131 893 non
1141 872 1195 893 erat
1207 867 1292 893 minor
1303 876 1335 894 ex
1350 868 1556 899 contemnenda,
1573 877 1653 903 quam
1670 877 1703 895 ex
1717 873 1870 895 conservata

1080 905 1224 939 provincia.
1266 904 1346 940 Spem
1363 906 1512 940 triumphi?
1532 906 1632 940 inquis.
1673 905 1742 931 Satis
1757 906 1872 941 gloriose

1080 942 1285 976 triumpharem:
1310 940 1353 978 [si]
1367 951 1417 968 non
1430 951 1516 969 essem
1527 943 1637 978 quidem
1650 943 1750 969 tamdiu
1763 944 1788 969 in
1800 943 1872 969 desi-

1593 980 1646 1006 Sed
1660 982 1699 1014 (ιιι
1710 981 1797 1014 spero)
1812 988 1873 1014 pro-

1379 1017 1418 1043 Tu
1430 1017 1496 1044 mihi
1507 1017 1614 1044 obviam
1627 1018 1701 1044 mitte
1712 1017 1837 1052 epistolas
1847 1021 1872 1044 te

1079 978 1152 1005 derio
1164 987 1251 1005 rerum
1264 979 1329 1005 mihi
1341 980 1552 1013 carissimorum.

1080 1016 1184 1050 pediem
1197 1021 1221 1042 te
1233 1016 1338 1043 videbo.

1079 1053 1184 1089 dignas.
1227 1052 1320 1090 [Vale]

1132 1134 1196 1155 xm.
1215 1135 1290 1155 ARG.
1309 1135 1435 1162 Respondet
1450 1134 1476 1155 ad
1491 1141 1525 1162 ep.
1541 1134 1614 1155 Caelii
1630 1135 1700 1159 (Vm,
1713 1135 1752 1161 0.).
1777 1134 1871 1162 Appium

1080 1169 1162 1190 laudat.
1192 1169 1243 1189 Otio
1257 1170 1311 1197 reip.
1327 1170 1415 1195 gaudet.
1445 1168 1550 1191 Curionis
1564 1168 1734 1190 incon-mnrium
1748 1176 1772 1190 ιε
1786 1169 1871 1197 μειώ-

1079 1205 1151 1229 diuo.
1167 1207 1188 1225 et
1202 1204 1358 1225 iuri-dictione
1367 1204 1490 1225 Laudiceae
1503 1204 1604 1225 confecta
1613 1204 1636 1224 in
1649 1204 1751 1225 Cilici-m
1762 1204 1872 1232 proficisci

1080 1239 1166 1260 atriliit.
1222 1242 1344 1263 (Laodiceae.
1354 1242 1427 1262 Paullo,
1438 1242 1530 1260 Marcello
1539 1248 1585 1258 rou.
1597 1243 1652 1262 ἴοι)

1102 1277 1138 1303 Μ.
1154 1277 1185 1303 Τ.
1203 1276 1232 1304 C.
1252 1277 1328 1303 lMP.
1348 1276 1376 1303 S.
1394 1277 1425 1302 D.
1445 1277 1481 1303 M.
1500 1275 1645 1303 CAELIO
1664 1276 1748 1303 ΑΕΒ.
1767 1275 1852 1303 CUR.

1137 1319 1160 1344 l.
1173 1313 1258 1344 Baras
1266 1322 1324 1344 tuas
1335 1317 1659 1353 quidem,(f0rtasseenim
1672 1325 1722 1344 non
1734 1316 1873 1352 perferun-

1080 1359 1123 1381 tur
1131 1355 1149 1389 :)
1166 1355 1214 1382 sed
1230 1364 1327 1382 suaves
1337 1356 1438 1390 accipio
1450 1355 1548 1381 litteras
1557 1354 1608 1381 :vel
1619 1363 1687 1390 quas
1698 1355 1818 1390 proxime
1829 1362 1873 1380 ac-

1079 1401 1214 1428 ceperam,
1237 1401 1318 1428 quam
1340 1392 1498 1427 prudentes!
1520 1400 1601 1427 quam
1617 1391 1695 1418 multi
1711 1396 1737 1418 et
1751 1391 1831 1418 oflicii
1846 1396 1873 1418 et

1079 1430 1198 1456 consilii!
1220 1430 1277 1456 Etsi
1288 1430 1375 1457 omnia
1387 1431 1426 1456 sic
1435 1430 1623 1456 constitueram
1636 1429 1702 1456 mihi
1713 1428 1827 1465 agenda.
1842 1433 1873 1455 ut

1080 1472 1108 1493 tu
1130 1467 1304 1498 admonebas,
1327 1471 1414 1493 tamen
1434 1466 1624 1493 confirmantur
1644 1471 1731 1493 nostra
1751 1465 1870 1497 consilia,

1079 1513 1164 1539 quum
1176 1505 1316 1535 sentimus,
1330 1504 1508 1539 prudentibus
1519 1503 1686 1539 fideliterque
1696 1503 1872 1530 suadentibus

1080 1541 1150 1568 idem
1162 1541 1257 1568 videri.
1292 1543 1317 1568 2.
1334 1542 1390 1577 Ego
1400 1541 1518 1576 Appium
1529 1542 1569 1576 (ut
1579 1549 1658 1575 saepe
1669 1546 1755 1567 tecum
1768 1540 1872 1567 locutus

1079 1579 1150 1613 sum)
1166 1578 1243 1605 valde
1256 1577 1352 1614 diligo,
1371 1586 1466 1613 meque
1477 1578 1510 1605 ab
1520 1587 1552 1604 eo
1561 1578 1638 1614 diligi
1649 1579 1738 1604 statim
1749 1582 1871 1612 coeptum

1079 1624 1151 1647 esse,
1169 1621 1199 1642 ut
1209 1615 1370 1642 simultatem
1382 1615 1572 1650 deposuimus,
1589 1615 1672 1641 sensi.
1712 1615 1778 1641 Nam
1789 1619 1815 1641 et
1824 1614 1872 1641 ho—

1080 1653 1204 1679 norificus
1219 1653 1247 1679 in
1263 1661 1305 1679 me
1315 1652 1408 1679 consul
1421 1652 1473 1678 fuit
1482 1657 1508 1679 et
1518 1653 1610 1679 suavis
1620 1653 1722 1678 amicus
1734 1657 1759 1678 et
1769 1651 1873 1678 studio—

1079 1699 1126 1716 sus
1137 1690 1287 1716 studiorum
1299 1690 1378 1716 etiam
1391 1698 1520 1716 meorum.
1546 1689 1603 1716 Mea
1615 1697 1677 1715 vero
1687 1688 1773 1715 officia
1784 1689 1808 1715 ei
1820 1697 1871 1715 non

1078 1727 1210 1758 defuisse,
1228 1731 1256 1753 tu
1267 1735 1295 1753 es
1307 1727 1395 1757 testis,
1411 1727 1455 1753 cui
1466 1727 1518 1753 iam
1529 1726 1640 1762 κωμικὸς
1651 1725 1751 1761 μάρτυς
1765 1726 1805 1761 (ut
1814 1727 1872 1761 opi-

1079 1764 1135 1799 nor)
1145 1764 1241 1791 occidit
1247 1764 1358 1795 Phania;
1372 1769 1398 1790 et
1408 1763 1561 1790 mehercule
1572 1764 1651 1790 etiam
1663 1762 1748 1798 pluris
1759 1771 1820 1789 eum
1833 1763 1873 1789 fe-

1078 1802 1111 1832 ci,
1127 1801 1200 1837 quod
1211 1806 1236 1828 te
1246 1802 1329 1828 amari
1340 1801 1373 1828 ab
1384 1809 1415 1828 eo
1425 1802 1508 1828 sensi.
1539 1801 1593 1828 lam
1604 1809 1647 1827 me
1659 1801 1775 1835 Pompeii
1786 1805 1870 1827 totum

1078 1847 1138 1866 esse
1151 1840 1217 1872 scis;
1239 1839 1350 1865 Brutum
1371 1847 1385 1865 a
1404 1847 1446 1865 me
1467 1839 1547 1865 amari
1569 1837 1706 1874 intelligis.
1747 1836 1817 1870 Quid
1832 1842 1873 1864 est

1078 1885 1200 1907 caussae,
1223 1884 1271 1902 cur
1285 1876 1351 1902 mihi
1367 1884 1418 1903 non
1434 1877 1460 1902 in
1476 1877 1572 1911 optatis
1588 1875 1623 1902 sit
1635 1873 1774 1910 complecti
1786 1874 1872 1901 homi—

1078 1922 1148 1944 nem,
1162 1912 1296 1940 florentem
1308 1917 1400 1944 aetate,
1413 1913 1524 1948 opibus,
1538 1913 1697 1943 honoribus,
1709 1912 1826 1948 ingenio,
1838 1911 1872 1938 li-

1078 1951 1162 1981 beris,
1176 1951 1348 1986 propinquis,
1362 1950 1503 1981 affinibus,
1516 1951 1623 1981 amicis,
1640 1949 1769 1986 collegam
1780 1957 1870 1975 meum

1079 1989 1234 2023 praesertim
1250 1993 1275 2015 et
1289 1989 1316 2014 in
1332 1989 1390 2023 ipsa
1405 1987 1511 2024 collegii
1523 1987 1601 2014 laude
1612 1992 1637 2013 et
1648 1987 1757 2013 scientia
1768 1986 1872 2013 studio-

1078 2034 1139 2052 sum
1151 2025 1222 2052 mei?
1236 2026 1304 2052 Haec
1315 2034 1346 2052 eo
1357 2025 1481 2060 pluribus
1492 2025 1600 2060 scripsi.
1617 2023 1690 2060 quod
1701 2023 1822 2051 nonnihil
1833 2024 1872 2050 si-

1077 2062 1238 2099 gnificabant
1253 2068 1313 2089 tuae
1329 2062 1443 2093 litterae,
1465 2062 1640 2089 subdubitare
1656 2066 1693 2092 te,
1715 2069 1768 2096 qua
1783 2068 1870 2087 essem

1078 2109 1139 2136 erga
1149 2100 1227 2127 illum
1241 2099 1384 2127 voluntate.
1411 2099 1503 2130 Credo,
1516 2104 1541 2126 te
1551 2099 1658 2125 audisse
1669 2098 1781 2134 aliquid.
1810 2097 1871 2124 Fal-

1077 2146 1139 2165 sum
1150 2141 1203 2168 est,
1220 2137 1286 2164 mihi
1297 2137 1388 2168 crede,
1401 2137 1424 2163 si
1434 2137 1501 2172 quid
1511 2136 1620 2163 audisti.
1659 2136 1752 2163 Genus
1762 2136 1872 2162 institu-

1078 2179 1165 2202 torum
1179 2179 1206 2201 et
1220 2175 1353 2201 rationum
1365 2183 1485 2201 mearum
1495 2173 1744 2200 dissimilitudinem
1754 2171 1872 2199 nonnul-

1078 2211 1131 2239 lam
1142 2211 1222 2238 babet
1231 2220 1293 2238 cum
1304 2211 1379 2238 illius
1389 2211 1618 2238 administratione
1628 2210 1790 2245 provinciae.
1828 2209 1871 2236 Ex

1078 2258 1108 2276 eo
1118 2249 1229 2285 (midam
1243 2249 1373 2284 suspicati
1387 2248 1499 2275 fortasse
1509 2252 1585 2280 sunt,
1602 2248 1750 2274 animorum
1761 2250 1871 2274 eonten-

1077 2287 1160 2318 tione,
1183 2295 1234 2313 non
1249 2287 1407 2321 opinionum
1421 2285 1602 2317 dissensione,
1618 2293 1661 2311 me
1675 2283 1709 2311 ab
1724 2292 1756 2310 eo
1769 2284 1870 2311 discre-

1076 2332 1148 2359 pare.
1188 2323 1262 2350 Nihil
1282 2328 1372 2350 autem
1392 2322 1443 2350 feci
1457 2331 1587 2358 umquam
1602 2329 1690 2356 neque
1704 2321 1775 2352 dixi,
1795 2321 1870 2357 quod

1075 2365 1164 2388 contra
1183 2360 1259 2388 illius
1278 2361 1503 2388 existimationem
1521 2367 1581 2387 esse
1595 2358 1704 2385 vellem.
1743 2359 1806 2385 Post
1819 2358 1870 2385 hoo

1075 2399 1212 2434 negotium
1226 2402 1315 2425 autem
1330 2402 1356 2425 et
1369 2398 1544 2424 temeritatem
1558 2396 1642 2423 nostri
1655 2395 1806 2422 Dolabellae
1820 2395 1870 2422 de-

1076 2440 1238 2471 precatorem
1249 2443 1291 2462 me
1300 2444 1349 2470 pro
1357 2435 1432 2462 illius
1442 2433 1562 2470 periculo
1571 2433 1694 2469 praebeo.
1725 2435 1751 2460 3.
1766 2433 1829 2460 Erat
1839 2432 1868 2459 in

1076 2473 1169 2500 eadem
1183 2472 1294 2508 epistola
1308 2477 1434 2499 veternus
1451 2471 1577 2498 civitatis.
1617 2470 1774 2498 Gaudebam
1792 2478 1866 2501 sane,

1076 2514 1101 2536 et
1111 2510 1266 2546 congelasse
1275 2514 1396 2537 nostrum
1406 2509 1522 2536 amicum
1534 2507 1649 2534 laetabar
1658 2508 1721 2534 otio.
1741 2508 1867 2534 Extrema

1075 2547 1181 2583 pagella
1190 2547 1307 2583 pupugit
1319 2555 1361 2573 me
1371 2551 1417 2573 tuo
1425 2545 1613 2582 chirographo.
1653 2544 1724 2577 Quid
1734 2543 1793 2571 ais?
1801 2544 1868 2571 Cae-

1075 2592 1162 2611 sarem
1175 2593 1248 2611 nunc
1262 2583 1382 2611 defendit
1391 2582 1489 2610 Curio?
1507 2583 1570 2618 quis
1585 2582 1635 2609 hoc
1648 2586 1754 2617 putaret
1762 2585 1868 2617 praeter

1075 2621 1138 2648 me‘?
1156 2622 1233 2653 Nam,
1244 2622 1281 2648 ita
1292 2621 1392 2652 vivam,
1403 2621 1506 2656 putavi.
1536 2620 1578 2647 Dii
1595 2619 1772 2648 immortales!
1783 2626 1865 2654 quam
