1941 3052
825 127 865 151 70.
902 126 936 151 Μ,

248 130 296 155 0:3³

247 199 429 229 consulatum,
447 207 531 232 quum
549 198 580 224 iis
598 198 654 231 ipse
669 196 804 226 cederem,
827 197 973 230 principem
991 204 1041 222 non

248 237 323 263 inviti
338 237 476 262 videbunt!
495 236 545 260 lloc
560 244 620 259 vero
632 239 748 267 tempore
761 235 786 259 in
800 238 868 259 tanta
880 234 968 267 inopia
980 242 1043 260 con—

971 126 1000 152 T.
1036 126 1310 154 ClCEltONlS

1095 197 1146 223 bus
1159 206 1209 223 non
1222 198 1300 224 modo
1311 199 1389 229 vivis,
1397 199 1444 225 aed
1455 200 1533 226 etiam
1546 200 1733 231 victoribus,et
1744 200 1887 229 incolumis

1095 239 1120 260 et
1135 234 1230 260 florens
1245 236 1338 261 civitais
1353 246 1411 262 esse
1428 242 1524 271 posset.
1566 239 1607 264 26.
1629 238 1704 269 Quod
1722 238 1791 264 idem
1803 240 1888 266 oonti-

246 274 373 300 atuntiuni
386 279 409 299 et
422 273 528 299 sortium
541 270 737 299 consularium,
754 279 808 305 qno
821 280 861 296 nie
872 270 961 296 dolore
973 270 1041 296 allici
1064 269 1073 306 J:
1094 277 1167 304 gerat
1178 273 1363 306 superioribus
1376 273 1453 300 hellin
1464 274 1600 301 civilibus.
1627 276 1693 301 Nam
1705 276 1772 301 mibi
1782 276 1886 303 consuli

246 311 367 341 crediti-1,
384 320 468 345 quum
485 309 549 335 ulios
567 308 634 334 male
650 308 760 338 sentire,
778 307 843 333 alios
856 307 1043 334 nihilomnino
1064 317 1073 350 ιι

245 358 337 375 curare
360 348 476 377 vida-iun,
499 346 564 372 alios
586 354 678 380 partun
700 349 850 371 constanter
871 345 897 371 in
917 350 1041 379 suscepta
1064 341 1065 385 l
1094 347 1241 377 stium,sed
1252 347 1286 373 ob
1297 349 1522 375 conservationem
1534 350 1721 378 civium.nov0
1731 357 1755 376 ct
1768 350 1888 377 inaudito

245 395 337 411 caussa
355 392 520 419 permanere,
546 383 758 417 sententiamque
775 391 850 408 suam
868 391 918 408 non
937 391 1043 417 semper
1064 400 1065 416 3

246 423 357 449 utilitate
369 421 540 455 reipublicae,
556 420 603 446 sed
615 429 699 454 quum
712 429 768 454 spe,
778 424 833 445 tum
847 420 939 445 timore
952 420 1041 445 mode—
1063 419 1072 458 ff

245 459 314 485 rari‘?
348 461 387 485 ⁴8.
410 458 484 490 Quod
498 458 519 484 si
531 458 594 492 quis
605 458 637 483 de
648 458 814 483 contentione
827 457 991 491 principatus
1005 457 1041 483 la—
1063 466 1065 485 1

245 497 326 526 horat,
339 504 407 530 quae
419 495 492 521 nulla
505 504 563 521 esse
574 495 661 524 debet,
674 494 834 520 stultissime
847 494 916 525 facit,
932 494 955 520 si
969 495 1040 520 vitiis
1062 491 1071 517 J,

1070 543 1071 551 ¹
1092 534 1192 559 catione
1204 534 1382 565 decernenda,
1401 535 1490 561 hostes
1503 544 1561 565 eos,
1578 535 1611 561 de
1621 536 1723 570 quibua
1733 536 1885 567 decernitis.

244 543 304 559 cum
323 534 417 559 virtute
433 533 577 559 contendit.
620 532 651 558 Ut
662 533 733 558 enini
745 541 826 558 cursu
837 540 946 562 cursus,
964 532 1040 558 sicin

245 571 308 596 viris
321 570 434 596 sortibus
448 571 532 596 virtus
546 570 642 596 virtute
653 574 803 604 superatur.
845 569 897 599 Tu,
913 569 936 595 si
949 578 997 604 ego
1008 569 1040 595 de

244 608 378 642 republica
390 609 489 642 optime
501 608 613 634 sentiam
622 627 628 637 ,
643 611 670 633 ut
682 616 723 632 me
737 607 839 637 vincas,
855 607 912 641 ipse
924 607 1040 641 pessime

243 645 360 671 senties?
374 650 431 676 aut,
449 646 471 671 si
484 645 516 671 ad
529 654 570 671 me
583 645 712 670 bonorum
724 653 884 670 concursum
897 644 952 670 lieri
965 644 1040 670 vide-

243 683 293 713 bis,
307 682 339 708 ad
352 687 375 709 te
387 683 522 717 improbos
535 681 680 708 invitabis?
700 681 801 708 Nolim:
820 682 936 716 primum
949 683 1040 716 reipu-

243 720 326 746 blicae
341 729 449 746 caussa:
471 720 568 746 deinde
582 720 660 745 etiam
673 719 812 753 dignitatis
824 724 892 745 tuae.
932 718 997 749 Sed,
1015 719 1037 745 si

243 758 407 792 principatus
418 762 552 793 ageretur,
570 765 650 792 quem
664 765 811 791 numquam
823 757 953 791 expetivi,
971 756 1038 791 quid

243 795 347 821 tandem
364 796 429 821 milii
445 799 514 821 esset
529 793 664 829 optatius?
684 794 740 829 Ego
755 794 826 820 enim
839 794 916 820 malis
931 799 1038 820 senten-
1066 821 1068 829 y

242 833 285 858 tiis
298 833 366 858 vinci
381 842 431 859 non
445 841 563 867 possum,
573 833 649 858 bonis
662 831 770 858 forsitan
783 840 902 866 possum,
915 836 940 858 et
953 831 1038 857 liben-

241 874 288 896 ter.
332 872 370 896 ⁴9.
394 871 461 896 llaec
478 869 607 904 populum
625 870 771 895 Romanum
793 869 894 900 videre,
917 868 1037 897 animad-

241 912 355 938 vertere,
370 908 499 938 iudicare,
517 907 627 942 quidam
640 906 750 932 moleste
763 906 858 933 serunt.
899 907 1036 932 Poteratne

208 967 212 974 ,
241 945 310 976 lieri,
332 949 427 971 utnon
445 945 554 979 perinde
567 945 688 970 homines
699 943 732 970 de
743 952 864 978 quoque,
881 944 1036 979 utquisque
1066 960 1067 974 ῃ

240 987 398 1013 mereretur,
425 982 588 1008 iudicarent?
613 982 645 1008 Ut
660 981 730 1007 enim
746 981 779 1007 de
796 982 922 1008 universo
942 986 1036 1007 senatu

240 1019 498 1054 populusltonianus
511 1020 649 1045 verissime
661 1018 769 1050 iudicat,
779 1019 860 1045 nullis
873 1019 1035 1053 reipublicae

240 1058 405 1092 temporibus
422 1057 493 1083 bunc
507 1057 627 1083 ordinem
645 1056 787 1082 firmiorem
806 1061 885 1091 atque
902 1056 1034 1082 fortiorem

240 1094 379 1125 suisse,sic
391 1095 423 1121 de
436 1104 487 1121 uno
498 1103 606 1129 quoque
618 1098 748 1125 nostrum,
757 1098 782 1120 et
794 1094 918 1124 maxime,
927 1095 973 1128 qui
987 1093 1035 1120 boc

241 1132 294 1158 loco
305 1133 449 1159 sententias
461 1132 586 1162 dicimus.
600 1132 769 1158 sciscitantur
780 1140 882 1162 omnes,
898 1135 977 1157 avent
987 1140 1036 1157 au-

239 1169 308 1199 dire,
330 1170 396 1205 quid
416 1170 533 1204 quisque
548 1170 674 1196 senserit:
692 1169 727 1196 ita
743 1169 776 1195 de
792 1178 845 1195 uno
860 1177 982 1204 quoque,
1006 1173 1035 1194 ut

237 1216 373 1242 quemque
385 1208 509 1233 meritum
521 1207 692 1237 arbitrantur,
705 1207 868 1233 existimant.
908 1206 1034 1232 Memoria

238 1249 339 1275 tenent,
359 1254 400 1271 me
416 1249 476 1271 ante
488 1244 559 1270 diem
570 1252 629 1270 xui.
644 1244 775 1271 Kalendas
787 1244 922 1270 ianuarias
934 1244 1035 1278 princi-

238 1290 297 1316 pem
314 1282 476 1308 revocandae
492 1282 620 1308 libertatis
633 1281 731 1308 t'uisse:
755 1290 797 1308 me
812 1290 845 1308 ex
857 1281 983 1307 Kalendis
995 1282 1034 1307 Ia-

237 1320 338 1345 nuariis
357 1319 390 1345 ad
411 1320 478 1346 hanc
500 1319 591 1346 horam
612 1319 769 1355 invigilasse
789 1318 966 1354 reipublicae:
990 1320 1032 1345 20.

236 1365 322 1382 meam
335 1356 445 1383 domum
462 1365 590 1392 measque
603 1365 694 1388 aures,
715 1356 772 1383 dies
788 1361 891 1387 noctes,
911 1356 1033 1382 omnium

236 1395 382 1430 praeceptis
406 1395 569 1429 monitisque
589 1395 722 1429 patuisse:
745 1394 812 1421 meis
833 1393 940 1425 litteris,
966 1394 1033 1420 meis

236 1433 350 1464 nuntiis,
368 1433 436 1459 meis
451 1432 677 1459 cohortationibus
693 1440 800 1463 omnes,
818 1432 865 1467 qui
878 1432 979 1466 ubique
990 1440 1034 1457 es-

234 1474 306 1499 sent,
323 1469 356 1496 ad
368 1471 467 1505 patriae
479 1469 643 1505 praesidium
655 1470 796 1496 excitatos:
814 1469 882 1495 meis
893 1469 1032 1495 sententiis

233 1516 246 1533 a
259 1507 385 1534 Kalendis
401 1508 530 1534 Ianuariis
545 1516 693 1542 numquam
711 1506 810 1543 legatos
826 1506 859 1533 ad
869 1507 1030 1533 Antonium:

233 1553 339 1580 semper
349 1545 427 1571 illum
439 1545 551 1575 hostem,
564 1553 671 1579 semper
682 1544 731 1571 hoc
743 1544 859 1571 bellum:
873 1548 902 1570 ut
913 1552 971 1580 ego,
983 1544 1031 1579 qui

233 1583 306 1609 omni
321 1587 439 1618 tempore
451 1591 527 1609 verae
539 1582 612 1617 pacis
623 1586 714 1608 auctor
725 1581 838 1608 fuissem
846 1602 852 1612 ,
870 1581 933 1608 huic
943 1589 1031 1607 essem

234 1620 335 1646 nomini
351 1619 493 1655 pestiferae
513 1620 586 1654 pacis
602 1620 744 1646 inimicus:
786 1620 827 1645 2⁴.
850 1618 923 1645 idem
940 1619 1032 1645 Venti-

232 1657 318 1688 dium,
334 1666 420 1692 quum
431 1657 476 1684 alii
488 1657 626 1684 tribunum
639 1656 726 1692 plebis
739 1655 900 1688 voluissent,
918 1664 970 1683 non
981 1664 1031 1691 ego

232 1703 338 1729 semper
358 1694 480 1721 hostem?
499 1695 552 1720 ilas
572 1695 600 1721 iu
619 1694 764 1720 sententias
779 1702 852 1720 meas
867 1694 891 1720 si
905 1693 1030 1720 consules

231 1731 364 1767 designati
386 1732 578 1758 discessionem
605 1731 689 1758 facere
715 1731 876 1762 voluissent⁷
903 1731 1030 1757 omnibus

231 1769 291 1795 istis
307 1769 453 1796 latronibus
465 1769 618 1795 auctoritate
629 1770 686 1804 ipsa
697 1772 807 1795 senatus
818 1769 871 1794 iam
882 1767 986 1803 pridem
997 1767 1030 1794 de

232 1806 357 1833 manibus
368 1815 440 1833 arma
451 1806 620 1833 cecidissent.
660 1806 726 1832 Viti.
749 1805 811 1837 Sed,
824 1805 898 1840 quod
909 1811 966 1831 tum
977 1814 1030 1831 non

232 1843 316 1874 licuit,
333 1848 420 1879 patres
433 1844 590 1878 conscripti,
604 1843 631 1870 id
644 1843 693 1870 hoc
704 1847 822 1878 tempore
834 1851 885 1869 non
896 1842 984 1869 solum
997 1842 1030 1868 li-

230 1885 283 1912 cet,
298 1889 391 1907 verum
403 1882 482 1908 etiam
495 1889 602 1907 necesse
614 1884 667 1911 est,
681 1889 739 1911 eos,
752 1881 839 1915 quire
849 1885 914 1906 sunt
927 1879 1027 1911 hostes,

230 1918 320 1945 verbis
336 1919 433 1950 notari,
451 1918 591 1945 sententiis
606 1918 704 1944 nostris
720 1917 810 1944 hostes
821 1917 944 1944 iudicari.
985 1919 1027 1945 22.

229 1955 313 1982 Antea
324 1964 409 1991 quum
422 1956 523 1982 hostem
535 1960 581 1982 aut
592 1955 692 1981 bellum
704 1955 895 1985 nominassem,
908 1954 992 1981 semel
1003 1959 1029 1981 et

229 1994 337 2028 saepius
343 1994 502 2020 sententiam
514 2001 600 2019 meam
612 1992 645 2019 de
657 2001 768 2019 numero
777 1993 970 2019 sententiarum
981 2001 1028 2019 su-

229 2030 376 2057 stulerunt:
398 2030 472 2065 quod
491 2031 518 2057 in
540 2030 588 2056 hac
607 2038 702 2056 caussa
721 2030 775 2056 iam
791 2029 847 2056 tieri
863 2039 915 2056 uon
930 2034 1025 2065 potest.

228 2067 270 2094 Ex
282 2067 376 2094 litteris
387 2069 459 2094 enim
471 2067 500 2095 C.
513 2068 622 2098 Pansae,
635 2067 752 2094 A.Hirtii
763 2067 915 2098 consulum,
925 2067 1028 2094 C.Cae-

227 2106 295 2132 saris
306 2114 354 2140 pro
364 2110 491 2140 praetore,
499 2105 532 2131 de
544 2105 642 2132 honore
652 2105 705 2131 diis
717 2104 914 2131 immortalibus
927 2105 1028 2131 haben-

227 2142 262 2169 do
271 2143 418 2170 sententias
428 2142 558 2169 diximus.
591 2141 820 2177 Supplicationem
833 2142 911 2168 modo
921 2143 969 2177 qui
980 2142 1028 2169 de-

227 2180 323 2211 crevit,
339 2180 410 2207 idem
423 2180 580 2215 imprudens
592 2180 681 2206 hostes
692 2179 830 2206 iudicavit.
871 2180 1026 2215 Numquam

227 2217 298 2244 enim
315 2218 343 2244 in
357 2217 430 2244 civili
446 2217 517 2244 bello
529 2217 690 2252 supplicatio
701 2217 805 2244 decreta
817 2221 870 2243 est:
893 2217 1025 2244 decretam

227 2254 304 2281 dico?
324 2264 356 2282 ne
373 2256 480 2282 victoris
501 2255 610 2290 quidem
633 2254 727 2281 litteris
742 2254 875 2290 postulata
891 2259 939 2281 est.
981 2256 1024 2281 23.

228 2292 314 2319 Civile
328 2292 430 2319 bellum
445 2292 539 2319 consul
555 2292 630 2318 Sulla
646 2293 744 2328 gessit:
769 2291 922 2328 legionibus
937 2293 965 2319 in
976 2292 1026 2319 Ur-

226 2329 287 2355 bem
298 2330 429 2361 adductis,
443 2338 511 2365 quos
524 2329 616 2360 voluit,
630 2329 748 2364 expulit:
762 2339 831 2365 quos
842 2330 942 2364 potuit,
955 2329 1026 2356 occi-

226 2366 278 2393 dit:
291 2367 496 2402 supplicationis
507 2368 606 2394 mentio
617 2366 700 2393 nulla.
735 2367 822 2394 Grave
833 2367 935 2394 bellum
946 2366 1026 2394 Octa-

227 2404 335 2430 vianum
346 2405 498 2431 insecutum
510 2410 564 2430 est:
577 2404 845 2439 supplicatioCinnae
857 2404 930 2431 nulla
941 2405 1025 2432 victo-

227 2441 273 2466 ris.
296 2441 395 2468 Cinnae
406 2443 542 2469 victoriam
553 2442 696 2476 imperator
706 2441 780 2468 ultus
792 2447 832 2468 est
843 2441 933 2468 Sulla:
949 2442 1024 2469 nulla

227 2478 386 2512 supplicatio
396 2479 499 2506 decreta
511 2488 524 2505 a
536 2484 640 2505 senatu.
671 2478 711 2505 Ad
723 2483 747 2505 te
758 2480 859 2513 ipsum,
871 2480 900 2505 P.
913 2479 1020 2511 Servili,

228 2523 291 2540 num
303 2516 376 2542 misit
388 2515 455 2543 ullas
466 2516 567 2552 collega
579 2516 677 2542 litteras
689 2515 722 2542 de
732 2515 779 2542 illa
790 2516 1024 2543 calamitosissima

227 2559 316 2586 pugna
330 2553 498 2580 Pharsaliae?
513 2562 578 2580 num
593 2558 617 2580 te
631 2553 664 2579 de
679 2553 874 2588 supplicatione
886 2554 970 2580 voluit
981 2562 1024 2580 re-

228 2587 312 2614 terre?
325 2589 444 2616 Profecto
455 2590 549 2617 noluit.
574 2590 609 2617 At
619 2591 693 2616 misit
703 2595 795 2625 postea
805 2590 838 2617 de
848 2591 1020 2622 Alexandria,

226 2625 259 2651 de
269 2625 411 2653 Pharnace.
441 2627 608 2654 Pharsalicae
620 2636 682 2654 vero
693 2636 797 2663 pugnae
807 2636 840 2654 ne
853 2628 1022 2663 triumphum

226 2662 336 2697 quidem
347 2664 413 2700 egit:
426 2672 471 2691 eos
482 2665 553 2692 enim
563 2665 636 2692 cives
645 2673 737 2701 pugna
746 2664 951 2697 illasustulerat,
959 2666 1022 2701 qui-

1068 740 1069 743 =
1091 730 1142 747 res.

1095 309 1269 343 supplicatio.
1289 310 1371 336 nullis
1382 312 1463 337 armis
1475 313 1598 346 sumptis,
1612 321 1664 339 non
1676 313 1710 339 ob
1720 313 1827 346 caedem
1840 313 1887 340 bo-

1093 392 1202 416 genere,
1220 384 1322 410 decreta
1337 390 1386 411 est.
1425 386 1602 417 Quamobrem
1618 392 1664 413 aut
1678 387 1839 422 supplicatio
1853 388 1888 414 ob

1094 421 1286 455 rempublicam
1308 422 1487 456 pulcherrime
1507 429 1608 458 gestam
1625 425 1823 458 postulantibus
1843 433 1889 451 ve-

1094 460 1155 484 stris
1172 459 1385 493 imperatoribus,
1400 465 1487 494 patres
1497 461 1654 495 conscripti,
1671 462 1824 497 deneganda
1836 467 1885 492 est,

1092 496 1164 529 quod
1181 501 1283 530 praeter
1294 497 1439 523 Gabinium
1450 499 1561 531 contigit
1578 499 1691 524 nemini:
1708 505 1768 529 aut,
1781 499 1887 534 suppli-

1093 571 1216 597 iudicctis
1233 580 1340 598 necesse
1355 576 1404 598 eat.
1445 572 1490 599 ΙΧ.
1512 572 1588 604 Quod
1600 581 1662 608 ergo
1679 573 1723 599 ille
1739 582 1779 604 re,
1797 573 1822 600 id
1837 582 1888 609 ego

1092 609 1170 635 etiam
1185 609 1277 639 verbo,
1289 618 1374 644 quum
1387 610 1558 644 imperatores
1569 619 1614 636 eos
1625 611 1744 645 appello:
1768 610 1816 637 boc
1828 611 1887 646 ipso

1092 647 1198 672 nomine
1209 652 1234 672 et
1244 656 1302 677 eos,
1315 647 1362 681 qui
1375 647 1425 673 iam
1437 647 1535 674 devicti
1547 653 1617 678 sunt,
1631 653 1657 674 et
1667 657 1721 678 eos,
1733 648 1781 682 qui
1791 656 1887 682 auper-

1091 688 1166 715 sunt,
1186 684 1275 710 bostes
1287 685 1388 714 iudico.
1405 693 1490 719 quum
1504 686 1616 711 victores
1628 685 1733 720 appello
1744 686 1887 720 imperato·

1184 723 1225 748 25.
1247 723 1306 753 Quo
1322 721 1399 748 modo
1414 723 1484 748 enim
1503 724 1592 757 potius
1608 723 1718 748 Pansam
1735 721 1887 757 appellem?

1090 759 1139 784 etsi
1153 758 1231 785 habet
1242 760 1349 786 honoris
1360 760 1520 794 amplissimi
1533 769 1637 786 nomen.
1678 759 1816 792 Quomodo
1827 760 1886 786 Hir-

1090 796 1175 822 tium‘!
1195 797 1241 823 Est
1254 797 1298 823 ille
1309 797 1418 832 quidem
1431 797 1538 824 consul:
1550 797 1596 823 sed
1607 797 1719 824 alterum
1732 806 1826 824 nomen
1839 797 1886 824 be-

1066 835 1067 839 ’
1090 834 1177 860 neiicii
1192 839 1232 860 est
1249 834 1340 869 populi
1357 835 1482 865 Romani,
1499 834 1611 862 alterum
1629 835 1735 861 virtutis
1751 839 1830 869 atque
1845 834 1886 861 vi-

1088 872 1193 897 ctoriae,
1233 871 1323 904 Quid?
1333 872 1480 902 Caesarem,
1494 872 1604 898 deorum
1617 872 1744 898 beneficio
1755 871 1886 906 reipubli-

1066 910 1067 917 ¹
1088 917 1132 934 cae
1153 914 1332 943 procreatum,
1355 909 1511 935 dubitemne
1531 909 1665 944 appellare
1683 907 1886 944 imperatorem?

1087 947 1134 980 qui
1148 947 1251 981 primus
1261 947 1368 973 Antonii
1381 947 1524 973 immanem
1536 951 1561 973 et
1573 947 1674 973 foedam
1687 946 1882 977 crudelitatem,

1088 992 1139 1010 non
1156 984 1243 1010 solum
1259 993 1272 1009 a
1289 983 1391 1019 iugulis
1408 985 1519 1015 nostris,
1537 984 1584 1011 sed
1599 985 1677 1010 etiam
1694 993 1707 1009 a
1720 984 1847 1010 membris
1858 988 1886 1010 et

1089 1021 1237 1047 visceribus
1252 1022 1356 1047 avertit.
1397 1021 1482 1048 Unius
1493 1027 1581 1048 autem
1593 1021 1645 1047 diei
1657 1027 1722 1056 quot
1733 1026 1759 1047 et
1768 1026 1884 1056 quantae

1088 1059 1208 1090 virtutes,
1221 1058 1259 1085 dii
1271 1058 1443 1089 immortales,
1456 1058 1577 1085 suerunt!
1617 1060 1658 1085 26.
1676 1059 1800 1093 Princeps
1811 1059 1884 1085 enim

1086 1097 1207 1122 omnium
1220 1097 1303 1122 Pansa
1319 1095 1411 1131 praelii
1427 1095 1540 1122 faciendi
1557 1101 1582 1122 et
1595 1104 1657 1122 cum
1669 1096 1782 1123 Antonio
1791 1094 1884 1123 confli—

1086 1133 1166 1169 gendi
1179 1133 1242 1159 fuit:
1256 1133 1355 1169 dignus
1368 1134 1510 1168 imperator
1522 1133 1625 1169 legione
1640 1134 1739 1164 Martia,
1752 1133 1833 1169 digua
1847 1132 1884 1159 le-

1086 1171 1130 1206 gio
1146 1172 1313 1205 imperatore.
1353 1170 1438 1198 Cuius
1453 1171 1477 1197 si
1493 1172 1652 1197 acerrimum
1668 1171 1798 1205 impetum
1808 1170 1883 1197 cobi-

1086 1209 1149 1235 bere
1165 1209 1248 1234 Pansa
1265 1209 1408 1243 potuisset,
1431 1217 1485 1235 uno
1501 1208 1601 1243 praelio
1614 1207 1732 1235 confecta
1748 1216 1790 1234 res
1801 1212 1881 1234 esset.

1087 1246 1139 1272 Sed
1159 1255 1244 1281 quum
1267 1246 1395 1272 libertatis
1410 1245 1488 1272 avida
1505 1246 1574 1281 legio
1587 1245 1740 1272 effrenatius
1756 1246 1782 1272 in
1797 1246 1882 1272 aciem

1087 1283 1204 1310 bostium
1215 1284 1365 1318 irrupisset,
1378 1284 1492 1319 ipseque
1503 1284 1530 1310 in
1542 1284 1637 1318 primis
1644 1283 1729 1309 Pansa
1740 1287 1880 1318 pugnaret,

1085 1320 1192 1347 duobus
1213 1321 1372 1355 periculosis
1391 1320 1550 1347 vulneribus
1571 1321 1699 1356 acceptiS,
1724 1320 1848 1347 sublatus
1867 1328 1883 1347 e

1086 1359 1185 1393 praelio
1200 1358 1362 1394 reipublicae
1378 1359 1460 1385 vitam
1476 1358 1630 1385 reservavit.
1670 1358 1726 1394 Ego
1738 1366 1800 1384 vero
1810 1358 1883 1384 hunc

1086 1405 1137 1422 non
1149 1396 1237 1422 solum
1251 1397 1447 1431 imperatorem,
1455 1396 1503 1422 sed
1513 1396 1592 1422 etiam
1603 1395 1784 1422 clarissimum
1795 1396 1882 1430 impe-

1085 1438 1197 1460 ratorem
1213 1434 1316 1464 iudico,
1333 1435 1394 1468 qui,
1412 1442 1496 1468 quum
1513 1438 1559 1460 aut
1574 1438 1657 1460 morte
1673 1437 1719 1459 aut
1733 1433 1841 1459 victoria
1852 1440 1882 1459 se

1084 1471 1284 1498 satisfacturum
1297 1471 1462 1506 reipublicae
1472 1470 1671 1506 spopondisset,
1684 1470 1796 1496 alterum
1809 1469 1879 1501 fecit,

1083 1508 1193 1535 alterius
1205 1509 1243 1535 dii
1255 1508 1417 1535 immortales
1428 1517 1505 1535 omen
1517 1508 1649 1535 avertant!
1690 1507 1724 1534 X.
1747 1509 1788 1534 27.
1810 1506 1882 1540 Quid

1083 1546 1170 1572 dicam
1181 1546 1214 1572 de
1226 1546 1326 1572 Hirtio?
1336 1547 1393 1581 qui,
1406 1554 1434 1572 re
1444 1545 1543 1576 audita,
1556 1554 1570 1572 e
1580 1546 1673 1572 castris
1683 1544 1751 1571 duas
1763 1544 1881 1580 legiones

1083 1583 1177 1610 eduxit
1187 1583 1336 1610 incredibili
1349 1583 1440 1610 studio
1449 1588 1530 1618 atque
1541 1583 1648 1614 virtute,
1661 1587 1782 1617 quartam
1794 1581 1878 1614 illam,

1083 1629 1161 1656 quae,
1175 1621 1266 1647 relicto
1275 1621 1397 1652 Antonio,
1411 1629 1440 1647 se
1450 1620 1514 1647 olim
1525 1629 1588 1647 cum
1599 1620 1691 1646 Martia
1702 1619 1806 1655 legione
1816 1627 1880 1646 con-

1082 1659 1183 1689 iunxit,
1204 1663 1229 1684 et
1240 1659 1381 1693 septimam
1389 1678 1395 1688 ,
1413 1666 1482 1692 quae
1491 1658 1635 1684 constituta
1645 1665 1679 1683 ex
1690 1657 1821 1683 veteranis
1831 1656 1880 1683 do-

1082 1697 1138 1722 cuit
1152 1695 1198 1722 illo
1214 1695 1328 1730 praelio.
1346 1694 1478 1721 militibus
1494 1695 1542 1726 iis,
1559 1695 1607 1729 qui
1619 1694 1740 1721 Caesaris
1751 1694 1879 1720 beneficia

1082 1738 1246 1764 servassent,
1263 1737 1372 1759 senatus
1387 1732 1534 1767 populique
1548 1732 1659 1758 Romani
1673 1739 1765 1757 carum
1782 1739 1879 1758 nomen

1081 1779 1150 1797 esse.
1191 1770 1238 1796 His
1249 1770 1344 1806 viginti
1356 1770 1523 1800 cohortibus,
1541 1769 1616 1795 nullo
1625 1769 1760 1803 equitatu,
1776 1769 1879 1795 Hirtius

1082 1809 1139 1843 ipse
1150 1807 1268 1842 aquilam
1279 1812 1388 1842 quartae
1400 1806 1512 1842 legionis
1522 1815 1606 1841 quum
1619 1806 1736 1835 inferret,
1752 1814 1805 1841 qua
1816 1805 1879 1832 nul-

1083 1845 1135 1872 lius
1146 1844 1326 1880 pulchriorem
1338 1844 1456 1879 speciem
1467 1844 1634 1879 imperatoris
1645 1843 1806 1878 accepimus,
1815 1851 1877 1869 cum

1082 1883 1168 1909 tribus
1174 1882 1282 1908 Antonii
1294 1881 1446 1917 legionibus
1457 1883 1632 1916 equitatuque
1638 1879 1766 1911 conflixit,
1775 1880 1878 1907 hostes-

1080 1928 1133 1955 que
1145 1919 1268 1950 nefarios,
1277 1919 1340 1945 huic
1351 1919 1406 1945 Iovi
1418 1920 1535 1945 maximo
1545 1919 1694 1953 ceterisque
1704 1917 1816 1945 deorum
1826 1917 1878 1944 im-

1081 1957 1233 1983 mortalium
1250 1956 1370 1991 templis,
1388 1956 1467 1982 Urbis
1487 1957 1576 1987 tectis,
1591 1955 1705 1982 libertati
1721 1955 1814 1990 populi
1825 1955 1877 1981 Ro·
1916 1964 1923 1974 2

1081 1995 1161 2025 mani,
1178 1999 1283 2020 nostrae
1295 1995 1364 2020 vitae
1374 1994 1555 2029 sanguinique
1565 1994 1747 2024 imminentes,
1760 1997 1877 2027 prostra-

1080 2032 1132 2063 vit,
1146 2031 1228 2063 fudit,
1241 2031 1351 2062 occidit,
1365 2035 1395 2057 ut
1405 2039 1466 2057 cum
1477 2030 1622 2057 admodum
1633 2030 1734 2065 paucis,
1751 2034 1827 2056 nocte
1838 2034 1877 2056 te-

1079 2074 1150 2100 ctus,
1164 2074 1237 2096 metu
1248 2069 1418 2104 perterritus,
1434 2068 1558 2103 princeps
1570 2067 1701 2094 latronum
1712 2067 1822 2102 duxque
1832 2065 1877 2093 fu-

1079 2107 1156 2144 gerit.
1197 2106 1220 2133 O
1233 2106 1318 2133 solem
1332 2107 1423 2141 ipsum
1434 2105 1634 2136 beatissimum,
1653 2105 1714 2140 qui.
1733 2109 1876 2140 antequam

1078 2153 1107 2171 se
1117 2143 1234 2175 abderet,
1242 2144 1332 2170 stratis
1342 2143 1518 2170 cadaveribus
1528 2142 1728 2178 parricidarum,
1736 2150 1797 2168 cum
1808 2150 1876 2176 pau-

1077 2182 1116 2208 cis
1128 2181 1276 2217 fugientem
1287 2181 1355 2207 vidit
1365 2181 1526 2207 Antonium!
1548 2181 1589 2207 28.
1605 2180 1646 2206 An
1657 2188 1720 2206 vero
1729 2179 1874 2214 quisquam
1910 2188 1921 2213 ᾗς

1077 2219 1212 2245 dubitabit
1221 2218 1354 2253 appellare
1365 2218 1503 2245 Caesarem
1514 2216 1806 2252 imperatorem‘PAetas
1816 2216 1875 2242 eius
1918 2215 1919 2218 ’

1077 2261 1147 2283 certe
1157 2256 1191 2282 ab
1202 2256 1251 2282 bac
1262 2256 1391 2282 sententia
1403 2256 1538 2282 neminem
1545 2254 1695 2285 deterrebit,
1703 2253 1875 2289 quandoqui-
1900 2286 1901 2290 Ἰ

1076 2293 1138 2320 dem
1158 2293 1257 2319 virtute
1272 2293 1410 2328 superavit
1424 2297 1546 2319 aetatem.
1585 2292 1624 2319 Ac
1638 2291 1706 2317 mibi
1721 2299 1828 2325 semper
1842 2298 1874 2317 eo

1077 2331 1176 2357 maiora
1196 2330 1324 2357 beneficia
1345 2330 1374 2357 C.
1397 2329 1517 2356 Caesaris
1533 2330 1590 2356 visa
1605 2333 1681 2359 sunt,
1706 2336 1761 2363 quo
1781 2328 1873 2354 minus
1895 2356 1899 2365 ι

1075 2372 1150 2394 erant
1164 2367 1197 2394 ab
1213 2372 1296 2394 aetate
1312 2367 1357 2394 illa
1372 2366 1545 2402 postulanda:
1567 2366 1611 2393 cui
1626 2373 1712 2400 quum
1728 2365 1873 2400 imperium
1901 2377 1909 2384 -

1075 2405 1221 2436 dabamus,
1243 2405 1337 2431 eodem
1357 2409 1475 2439 tempore
1490 2404 1569 2430 etiam
1589 2411 1665 2438 spem
1680 2403 1739 2429 eius
1755 2401 1872 2428 nominis

1075 2442 1276 2469 deferebamus:
1297 2442 1383 2477 quod,
1400 2450 1486 2476 quum
1502 2445 1542 2467 est
1556 2444 1715 2467 consecutus
1730 2439 1872 2466 auctorita-

1075 2485 1128 2506 tem
1139 2480 1222 2506 nostri
1233 2479 1341 2509 decreti,
1355 2479 1435 2505 rebus
1444 2479 1528 2514 gestis
1538 2478 1596 2504 suis
1606 2476 1797 2512 comprobavit.
1823 2475 1872 2502 llio

1074 2526 1136 2553 ergo
1151 2516 1307 2543 adolescens
1322 2516 1433 2542 maximi
1447 2515 1542 2545 animi,
1566 2519 1596 2540 ut
1616 2515 1756 2540 verissime
1777 2512 1871 2539 scribit

1074 2555 1188 2585 Hirtius,
1205 2559 1290 2580 castra
1305 2553 1448 2580 multarum
1464 2552 1599 2587 legionum
1611 2551 1705 2586 paucis
1715 2549 1887 2577 cohortibus·

1074 2596 1174 2617 tutatus
1195 2595 1236 2617 est
1255 2590 1459 2624 secundumque
1478 2589 1609 2623 praelium
1625 2588 1695 2614 fecit.
1734 2588 1772 2614 Ita
1787 2587 1868 2613 trium

1072 2628 1264 2663 imperatorum
1275 2627 1368 2663 populi
1379 2626 1491 2653 Romani
1502 2626 1608 2657 virtute,
1624 2624 1743 2656 consilio,
1756 2623 1868 2651 felicita-

1073 2670 1106 2698 te,
1120 2673 1174 2692 uno
1182 2665 1226 2692 die
1241 2664 1306 2692 locis
1315 2663 1441 2700 pluribus
1451 2662 1604 2699 respublica
1614 2667 1655 2690 est
1664 2666 1828 2689 conservata.
