1941 3052
203 151 251 176 83⁶
769 149 811 174 92.

257 218 294 240 W.
323 219 548 239 mmm,nnana-10...
560 221 615 238 mr..)

387 262 487 287 tlttttc
502 263 552 287 tto
583 261 750 288 ATTICO
777 261 804 287 S.

259 294 321 326 Non
335 299 418 324 fuerat
429 299 494 324 mihi
507 297 992 332 dubium,quinteTarentiautBrun-

202 337 265 363 elisii
280 337 386 362 visurus
397 344 496 360 esst-niz
513 335 593 369 idque
604 334 636 360 ud
649 335 731 361 multa
746 335 886 369 pertinuit;
902 335 928 361 in
940 335 989 365 eis.

202 379 226 399 et
239 374 303 399 utin
317 373 396 406 Epiro
407 372 628 402 consisteremus,
646 377 672 398 et
686 372 719 398 de
731 372 843 406 reliquis
855 371 936 398 rebus
947 377 992 398 tuo

201 410 314 435 consilio
326 414 468 435 uteremur.
503 409 633 440 Quoniam
647 408 672 435 id
685 418 736 435 non
747 410 868 444 contigit.
881 409 931 435 erit
943 408 991 435 hoc
1018 435 1020 443 ,

201 455 308 481 quoque
324 447 350 472 in
367 455 462 481 magno
474 454 584 471 numero
595 451 744 472 nostrorum
757 446 898 472 malorum.
938 446 991 472 No-

202 483 243 509 his
260 484 307 509 iter
322 488 363 509 est
379 483 404 509 in
421 483 525 513 Asiam,
543 484 659 509 maxime
675 484 812 519 Cyzicum.
854 483 926 509 Meos
941 483 990 509 tihi

200 520 367 546 conum-mlo.
408 520 448 545 Me
466 521 511 546 vix
527 521 678 555 misereque
693 525 822 547 sustento.
863 520 989 547 Dat.x1v.

203 557 259 583 Kal.
273 558 355 583 Maius
366 557 398 583 de
410 557 560 583 Tarentino.

255 626 303 646 VII,
334 628 610 650 ;t·=-·m-⁴‚(:.xl-1·.ummmm

385 661 550 689 CICERO
579 662 745 689 ATTICO
775 662 802 689 S.

256 701 277 725 t.
301 694 481 726 Brundisium
499 701 559 726 veni
576 708 599 726 a.
617 699 644 726 d.
660 708 717 726 xiv.
735 699 792 726 Kal.
811 700 872 726 Mai.
897 699 934 726 Eo
946 699 990 726 die

200 737 276 771 pueri
293 737 331 762 tui
349 736 414 763 mihi
427 745 440 762 a
453 741 476 763 te
488 736 587 763 litteras
599 736 785 763 reddiderunt:
808 736 889 763 etalii
902 737 987 771 pueri,

200 779 259 808 post
273 773 345 800 diem
362 774 468 800 tertium
485 775 544 799 eius
559 774 627 804 diei,
644 774 710 800 alias
722 773 822 800 litteras
833 773 988 800 attulerunt.

199 810 275 843 Quod
289 820 330 837 me
347 819 422 846 rogas
438 816 463 837 et
480 811 605 841 hortaris.
624 816 652 837 ut
666 811 738 846 apud
755 816 778 837 te
795 811 821 837 in
834 811 914 846 Epiro
925 812 987 842 sim,

201 847 323 874 voluntas
341 853 383 874 tua
400 848 466 874 mihi
484 848 560 874 valde
578 853 651 883 grata
671 853 711 875 est
731 853 756 874 et
777 849 888 874 minime
910 857 986 878 nova,

199 885 246 911 sed
261 890 289 911 ut
302 884 446 911 consilium
458 885 523 911 mihi
536 885 646 920 quidem
657 890 790 920 optatum,
808 886 830 911 si
849 885 937 911 liceret
950 885 988 911 ibi

199 930 276 948 omne
289 927 394 957 tempus
405 931 575 948 consumere:
593 922 637 949 odi
648 923 720 948 enim
731 922 927 949 celebritatem:
946 922 989 948 fu—

191 961 243 994 ·gio
255 959 390 992 homines3
406 959 491 985 luceru
503 960 622 994 aspicere
634 960 680 986 vix
691 968 815 994 possum:
830 960 909 994 (esset
921 959 988 985 mihi

199 997 248 1022 ista
264 996 393 1027 solitudo,
417 998 572 1031 praesertim
589 1001 640 1023 tam
658 996 782 1023 familiari
799 998 824 1023 in
845 997 913 1026 loco.
937 1006 987 1023 non

199 1034 312 1068 amara;)
335 1034 374 1059 sic
395 1034 498 1059 itineris
517 1042 611 1060 caussa
630 1034 849 1063 utdeverterem,
870 1034 987 1068 primum

197 1075 237 1097 est
249 1070 373 1098 devium:
391 1070 487 1097 deinde
503 1071 536 1097 ab
549 1072 675 1097 Autronio
690 1076 715 1097 et
729 1072 824 1097 ceteris
834 1071 985 1106 quatridui3

198 1107 296 1133 deinde
311 1108 369 1134 sine
387 1112 420 1134 te.
462 1108 527 1134 Nam
543 1108 682 1134 castellum
702 1109 836 1134 munitum
858 1108 987 1134 habitanti

198 1145 265 1171 mihi
279 1144 427 1179 prodesset,
443 1146 692 1171 transcuntinonest
703 1146 894 1172 necessarium.
911 1145 988 1177 Quod

197 1183 220 1208 si
232 1182 492 1213 a.uderem‚Athenas
504 1187 630 1216 peterem,
643 1183 752 1209 sancita
763 1182 883 1213 cadebat,
892 1188 921 1208 ut
932 1182 988 1208 vel-

199 1218 260 1245 lem.
300 1219 377 1244 Nunc
391 1223 417 1245 et
432 1220 513 1245 nostri
530 1219 618 1245 hostes
635 1219 672 1245 ihi
688 1225 750 1246 sunt
765 1225 790 1246 et
806 1225 829 1246 te
842 1228 892 1246 non
905 1219 988 1246 habe—

197 1265 258 1282 mus
270 1260 295 1282 et
306 1264 443 1286 veremur,
461 1265 492 1282 ne
505 1257 722 1291 interpretentur,
741 1256 809 1282 illud
821 1265 928 1292 quoque
939 1265 988 1291 op-

196 1293 292 1328 pidum
308 1293 341 1318 ab
353 1292 426 1319 Italia
443 1302 494 1319 non
510 1294 575 1319 satis
591 1294 699 1320 abesse:
718 1302 766 1320 nec
781 1294 891 1324 scribis,
905 1302 986 1330 quam

197 1330 229 1356 ad
245 1330 318 1356 diem
335 1334 359 1356 te
374 1335 571 1365 exspectemus.
611 1332 636 1357 2.
657 1330 733 1363 Quod
748 1339 789 1357 me
801 1331 834 1356 ad
846 1331 928 1358 vitam
940 1341 988 1359 vo-

195 1376 249 1398 cas,
267 1376 351 1394 unum
363 1367 457 1399 efficis,
472 1373 500 1394 ut
511 1376 524 1394 a
537 1376 578 1394 me
591 1376 686 1395 manus
697 1368 860 1402 abstineam3
874 1369 987 1396 alterum

196 1414 247 1431 non
263 1409 350 1440 potes,
367 1409 396 1431 ut
411 1413 453 1431 me
470 1414 521 1431 non
537 1407 619 1432 nostri
634 1406 742 1433 consilii
759 1407 882 1442 vitaeque
893 1407 988 1442 poeni-

194 1447 255 1468 teat.
296 1441 366 1474 Quid
377 1442 449 1468 enim
461 1447 509 1473 est,
523 1443 594 1478 quod
607 1452 648 1469 me
660 1444 779 1474 retineat,
794 1445 951 1478 praesertim
963 1445 986 1471 si

194 1487 256 1514 spes
267 1487 297 1505 ea
310 1488 361 1505 non
373 1484 426 1511 est,
448 1488 516 1514 quae
532 1489 579 1506 nos
595 1480 794 1515 proficiscentes
805 1482 987 1516 prosequeba-

194 1515 254 1542 tur‘?
273 1517 330 1542 Non
348 1516 457 1548 faciam,
479 1522 508 1543 ut
521 1526 676 1544 enumerem
692 1519 814 1544 miserias
829 1527 936 1550 omncS,
958 1519 986 1545 in

193 1562 261 1588 quas
273 1553 356 1579 incidi
371 1562 418 1588 per
428 1562 563 1580 summam
575 1555 716 1586 iniuriam,
733 1560 759 1582 et
770 1555 859 1582 scelus
871 1565 922 1582 non
933 1560 986 1582 tam

193 1591 366 1617 inimicorum
378 1599 511 1622 meorum,
530 1600 610 1626 quam
622 1592 792 1624 invidorum,
811 1601 843 1619 ne
858 1598 884 1620 et
895 1601 985 1620 meum

194 1636 340 1654 maerorem
356 1629 489 1663 exagitem
503 1633 528 1655 et
544 1634 567 1655 te
584 1630 610 1655 in
627 1629 752 1656 eumdem
768 1629 869 1656 luctum
882 1639 984 1657 vocem.

193 1665 246 1691 lloc
262 1664 379 1696 affirmo,
398 1665 532 1691 neminem
545 1674 673 1701 umquam
685 1671 756 1693 tanta
766 1667 915 1694 calamitate
926 1676 985 1694 esse

193 1702 325 1733 affectum,
339 1703 440 1728 nemini
451 1707 562 1729 mortem
575 1704 660 1739 magis
671 1703 813 1738 optandam
827 1703 924 1737 fuisse;
937 1713 986 1731 cu-

192 1739 235 1764 ius
246 1739 411 1773 oppetendae
421 1744 527 1774 tempus
538 1740 985 1776 honestissimumpraetermissum

192 1781 241 1802 est.
283 1775 394 1811 Reliqua
412 1781 530 1811 tempora
546 1786 597 1804 non
613 1783 676 1804 sunt
691 1778 744 1804 iam
763 1778 796 1804 ad
812 1778 983 1810 medicinam,

192 1812 239 1839 sed
251 1812 283 1838 ad
296 1812 375 1839 finem
386 1813 495 1840 doloris.
536 1815 560 1840 3.
582 1815 618 1841 De
634 1814 771 1849 republica
784 1815 863 1842 video
874 1820 898 1842 te
908 1815 985 1842 colli-

192 1858 253 1876 oere
264 1850 368 1881 omnia,
390 1859 459 1885 quae
470 1855 548 1885 putes
559 1851 678 1886 aliquam
689 1860 765 1887 spem
777 1852 844 1878 mihi
856 1861 934 1887 posse
945 1852 986 1879 af-

191 1869 260 1912 ferre
278 1887 466 1913 mutandarum
486 1896 588 1920 rerum;
611 1897 680 1923 quae
700 1897 866 1924 quamquam
885 1890 983 1925 exigua

191 1928 263 1954 sunt,
276 1927 373 1953 tamen,
387 1925 514 1958 quoniam
525 1924 619 1959 placet,
632 1931 829 1960 exspectemus.
860 1927 900 1953 Tu
912 1927 985 1953 nihi-

192 1959 216 1986 lo
232 1961 337 1991 minus,
354 1961 378 1986 si
394 1962 559 1995 properaris,
580 1970 628 1989 nos
642 1971 816 1998 consequere.
857 1963 924 1990 Nam
940 1969 985 1991 aut

191 1997 350 2024 accedemus
366 1998 392 2023 in
408 1998 520 2032 Epirum
536 2004 581 2025 aut
597 1999 668 2026 tarde
686 2008 734 2034 per
748 2000 912 2027 Candaviam
931 2001 985 2027 ibi·

191 2043 262 2061 mus.
296 2034 493 2061 Dubitationem
505 2041 594 2062 autem
605 2036 638 2062 de
650 2037 732 2071 Epiro
743 2046 795 2064 non
806 2038 983 2064 inconstantia

190 2076 279 2098 nostra
295 2071 433 2102 afferebat,
451 2072 498 2098 sed
514 2073 585 2108 quod
601 2073 634 2100 de
651 2073 743 2104 fratre,
760 2074 807 2100 ubi
821 2083 883 2101 eum
896 2076 982 2102 visuri

190 2117 327 2139 essemus,
345 2109 542 2136 nesciebamus.
583 2110 668 2142 Quem
683 2111 795 2146 quidem
810 2120 859 2147 ego
871 2121 919 2138 nec
929 2121 982 2147 quo

190 2145 269 2172 modo
284 2146 394 2172 visurus
405 2155 453 2173 nec
467 2147 514 2173 ubi
529 2147 694 2174 dimissurus
709 2149 775 2179 sim,
793 2150 858 2175 scio.
899 2149 928 2175 Id
943 2155 983 2176 est

189 2183 339 2209 niaximum
354 2188 379 2209 et
395 2184 576 2210 miserrimum
595 2193 715 2211 mearum
726 2186 848 2212 omnium
860 2187 983 2213 miseria—

189 2228 260 2246 rum.
300 2220 355 2255 Ego
370 2225 395 2246 et
410 2222 518 2255 saepius
534 2221 566 2248 ad
583 2226 606 2248 te
621 2227 647 2248 et
661 2222 738 2257 plura
750 2223 910 2255 scriberem,
928 2225 981 2250 nisi

189 2257 257 2283 mihi
269 2257 344 2283 dolor
355 2266 430 2283 meus
441 2266 526 2292 quum
537 2267 630 2285 omnes
640 2264 729 2294 partes
740 2261 847 2292 mentis,
857 2265 912 2287 tum
924 2270 982 2287 ma-

189 2295 261 2320 xime
272 2293 355 2320 huius
369 2296 477 2330 generis
494 2295 645 2322 facultatem
661 2296 815 2324 ademisset.
849 2297 945 2324 Videre
957 2303 981 2325 te

188 2332 278 2394 Eupio.
318 2331 387 2358 Cura
404 2337 432 2358 ut
448 2331 546 2359 valeas.
584 2334 642 2360 Dat.
658 2334 730 2369 prid.
746 2334 805 2361 Kal.
820 2335 883 2362 Mai.
894 2335 982 2362 Brun-

209 2377 262 2395 usn.

241 2437 302 2457 Vlu-
329 2439 411 2461 (Pisone,
421 2439 502 2458 Gabinio
513 2447 558 2458 coss.
568 2443 623 2459 6953

371 2482 538 2510 CICERO
566 2483 731 2511 ATTICO
763 2484 792 2512 S.

247 2524 269 2548 l.
290 2517 434 2551 Brundisii
449 2525 621 2560 proficiscens
636 2527 796 2561 scripseram
810 2527 844 2554 ad
859 2532 893 2559 te,
911 2536 979 2563 quas

188 2558 222 2584 ob
236 2567 344 2586 caussas
356 2562 382 2587 in
394 2562 505 2596 Epirum
521 2571 572 2590 non
583 2571 705 2589 essemus
719 2563 843 2597 profecti;
866 2565 939 2600 quod
953 2570 980 2592 et

188 2595 287 2621 Achaia
309 2605 390 2631 prope
410 2604 480 2625 esset
500 2599 578 2634 plena
595 2600 837 2628 audacissimorum
853 2602 979 2629 inimico—

188 2640 248 2658 rum
268 2637 294 2659 et
312 2634 400 2660 exitus
414 2635 540 2663 difficiles
555 2637 674 2668 haberet,
691 2645 777 2672 quum
793 2638 855 2664 inde
869 2639 978 2674 profici-

188 2677 334 2696 sceremur.
374 2671 502 2705 Accessit,
524 2682 610 2709 quum
627 2674 787 2710 Dyrrhachii
802 2684 934 2708 essemus,
947 2681 978 2704 ut

845 148 880 175 M.
910 148 941 174 T.
971 148 1245 176 CICERONIS

1042 218 1096 244 duo
1111 219 1198 246 nuntii
1212 219 1380 253 affer-rentum
1413 229 1493 252 unus,
1508 221 1594 248 classe
1606 221 1712 249 fratrem
1724 222 1832 258 Epheso

1043 255 1173 286 Athenas,
1195 256 1269 287 alter,
1284 257 1399 292 pedibus
1411 259 1644 293 perMacedoniam
1658 261 1758 286 venire.
1781 260 1832 287 lta-

1042 301 1094 326 que
1116 292 1155 319 illi
1174 293 1282 320 obviarn
1299 295 1424 320 misimus
1438 295 1563 326 Athenas,
1578 301 1606 322 ut
1617 297 1678 323 inde
1690 296 1832 324 Thess-to-

1042 330 1129 356 nicam
1146 331 1257 357 veniret.
1298 331 1351 366 Ipsi
1367 333 1556 366 processimus.
1573 338 1599 359 et
1613 333 1832 360 Thessalonicam

1042 375 1066 393 a.
1088 366 1115 393 d.
1136 375 1166 393 x.
1183 367 1242 394 Kal.
1259 368 1317 394 Iun.
1335 369 1474 401 venimus;
1507 378 1593 404 neque
1608 370 1641 396 de
1654 370 1726 397 illius
1738 371 1832 397 itinere

1042 403 1192 438 quidquam
1206 405 1271 431 certi
1284 405 1458 435 habebamus,
1474 406 1525 432 nisi
1537 415 1598 432 eum
1610 407 1644 433 nb
1655 408 1761 442 Epheso
1771 413 1832 434 unta

1042 441 1178 475 aliquanto
1199 441 1357 476 profectum.
1397 444 1422 469 2.
1445 443 1534 473 Nunc.
1558 443 1617 470 istic
1639 444 1706 479 quid
1727 450 1830 480 agatur,

1043 487 1139 512 magno
1158 487 1238 513 opere
1259 479 1349 506 timeo.
1388 479 1557 515 Quamquam
1579 485 1606 506 tu
1625 480 1705 507 altera
1719 481 1832 516 epistola

1042 515 1139 541 scribis
1159 515 1197 542 Id.
1216 516 1288 547 Mai..
1305 516 1404 547 audiri,
1422 515 1485 546 sore,
1503 522 1531 543 ut
1542 518 1630 543 acrius
1642 518 1829 552 postularetur.

1042 552 1131 583 altera,
1156 553 1208 579 iam
1229 561 1288 579 esse
1303 554 1418 580 mitiora.
1462 554 1514 580 Sed
1532 554 1596 580 haec
1610 560 1650 580 est
1663 555 1749 589 pridie
1759 555 1830 586 data,

1041 598 1122 625 quam
1135 589 1193 616 illa:
1216 599 1270 625 quo
1279 590 1423 617 conturbor
1434 592 1530 626 magis.
1553 592 1744 626 Itaque,quum
1755 601 1832 619 meua

1043 636 1084 653 mo
1104 636 1206 653 maeror
1221 627 1395 662 quotidianus
1412 627 1507 654 lacerat
1524 633 1550 654 et
1567 628 1681 659 conficit,
1699 633 1755 655 tum
1769 637 1833 656 vero

1042 664 1106 690 haec
1122 664 1211 691 addita
1223 673 1285 691 cura
1301 666 1347 691 vix
1359 665 1426 691 mihi
1439 666 1521 691 vitam
1533 665 1663 700 reliquam
1675 665 1746 692 facit.
1777 665 1831 693 Sed

1041 706 1067 728 et
1078 702 1213 737 navigatio
1223 701 1393 737 perdifficilis
1405 702 1469 728 fuit:
1491 707 1516 728 et
1528 702 1571 728 ille
1584 703 1710 733 incertus.
1724 703 1770 729 uhi

1040 747 1137 769 essem,
1156 739 1265 765 fortasse
1276 739 1359 766 alium
1371 748 1480 765 cursum
1492 740 1597 774 petivit.
1638 741 1703 766 Nam
1716 740 1796 766 Phaet
1816 749 1832 767 ο

1042 775 1153 802 libertus
1168 785 1230 802 eum
1247 785 1298 803 non
1314 776 1395 808 vidit,
1419 781 1498 803 vento
1509 778 1623 803 reiectus
1634 777 1667 803 ab
1680 776 1726 803 illo
1738 777 1763 803 in
1776 777 1832 803 Ma-

1040 813 1193 843 cedoniam,
1216 813 1303 840 Pellae
1320 814 1386 840 mihi
1403 819 1507 848 praesto
1523 813 1582 840 fuit.
1624 814 1734 849 Reliqua
1749 823 1832 849 quam

1041 850 1108 876 mihi
1131 850 1248 877 timenda
1259 851 1314 877 sint
1326 850 1412 881 video,
1431 860 1488 881 nec,
1506 851 1572 886 quid
1588 851 1716 882 scribam,
1735 851 1830 883 habeo,

1039 892 1065 913 et
1087 888 1176 913 omnia
1197 888 1290 919 timeo,
1324 896 1371 914 nec
1392 893 1445 914 tam
1467 889 1596 914 miserum
1611 894 1651 914 est
1669 888 1830 923 quidquam,

1039 924 1111 959 quod
1123 933 1174 951 non
1187 925 1213 951 in
1226 930 1341 951 nostram
1354 925 1486 951 fortunam
1497 925 1592 951 cadere
1600 925 1731 952 videatur.
1747 926 1832 960 Equi-

1039 962 1100 987 dem
1112 961 1200 988 adhuc
1213 963 1302 992 miser.
1312 963 1338 988 in
1350 963 1477 988 maximis
1489 963 1556 988 meis
1568 963 1704 988 aerumnis
1715 967 1740 988 et
1752 962 1832 989 lucti-

1039 999 1099 1029 bus,
1117 999 1166 1025 hoc
1177 1004 1248 1025 metu
1260 999 1372 1029 adiecto,
1394 1008 1487 1026 maneo
1500 999 1705 1026 Thessalonicae
1716 1008 1832 1034 suspen-

1038 1045 1094 1066 sus,
1108 1044 1156 1062 nec
1167 1036 1252 1063 audeo
1265 1036 1426 1071 quidquam.
1457 1038 1482 1063 3.
1495 1037 1571 1063 Nunc
1585 1036 1618 1063 ad
1632 1045 1671 1067 ea,
1684 1045 1753 1072 quac
1763 1037 1832 1063 scri-

1039 1074 1128 1108 psisti.
1170 1073 1340 1109 Tryphonem
1351 1073 1497 1100 Caecilium
1510 1082 1561 1100 non
1574 1074 1642 1100 vidi.
1675 1073 1831 1100 Sermonem

1039 1115 1116 1136 tuum
1136 1115 1162 1136 et
1178 1111 1298 1146 Pompeii
1309 1111 1423 1146 cognovi
1434 1119 1467 1137 ex
1479 1112 1532 1137 tuis
1545 1110 1650 1137 litteris.
1690 1111 1791 1137 Motum
1803 1111 1831 1137 in

1039 1147 1177 1182 republica
1190 1156 1240 1174 non
1253 1153 1355 1174 tantum
1367 1157 1416 1183 ego
1427 1147 1583 1182 impendere
1594 1147 1682 1178 video.
1698 1153 1830 1183 quantum

1039 1189 1066 1210 tu
1083 1190 1129 1211 aut
1144 1184 1220 1211 vides
1232 1190 1277 1211 aut
1287 1184 1320 1211 ad
1333 1193 1374 1211 me
1385 1184 1578 1211 consolandum
1589 1185 1676 1211 alters.
1716 1185 1831 1220 Tigrane

1039 1222 1110 1248 enim
1124 1222 1253 1257 neglecto,
1270 1222 1375 1249 sublata
1386 1227 1449 1248 sunt
1459 1223 1559 1248 omnia.
1581 1222 1692 1248 Varroni
1704 1221 1831 1248 meiubes

1039 1268 1116 1294 agere
1126 1260 1238 1295 gratias;
1263 1259 1367 1290 faciam,
1381 1260 1444 1286 item
1459 1259 1591 1295 Hypsaeo.
1631 1258 1707 1291 Quod
1721 1259 1829 1290 suades,

1039 1305 1071 1322 ne
1088 1296 1194 1332 longius
1209 1296 1391 1329 discedamus,
1407 1296 1473 1323 dum
1483 1301 1540 1324 acta
1552 1296 1653 1323 mensis
1663 1296 1727 1323 Maii
1738 1296 1772 1323 ad
1782 1304 1831 1324 noa

1038 1333 1219 1370 perferantur:
1251 1341 1315 1371 puto
1335 1344 1377 1362 me
1398 1336 1433 1362 ita
1454 1344 1512 1362 esse
1529 1335 1675 1365 facturum;
1707 1334 1754 1361 sed
1771 1334 1828 1366 ubi.

1039 1372 1159 1399 nondum
1173 1373 1265 1399 statui.
1305 1373 1392 1408 Atque
1409 1373 1443 1399 ita
1457 1372 1611 1408 perturbato
1622 1381 1682 1398 sum
1694 1373 1784 1398 animo
1796 1371 1831 1399 de

1038 1410 1145 1442 Quinto,
1171 1415 1200 1437 ut
1216 1409 1284 1437 nihil
1298 1419 1397 1445 queam
1407 1415 1533 1436 statuere.
1573 1409 1626 1436 Sed
1638 1414 1726 1436 tamen
1740 1409 1831 1436 statim

1038 1452 1062 1474 te
1074 1447 1169 1474 faciam
1180 1448 1330 1474 certiorem.
1371 1449 1395 1474 4.
1416 1447 1458 1474 Ex
1468 1446 1644 1482 epistolarum
1655 1455 1776 1473 mearum
1787 1447 1831 1473 in-

1038 1485 1185 1511 constantia
1205 1489 1269 1519 puto
1285 1489 1309 1511 te
1324 1485 1423 1511 mentis
1439 1493 1513 1511 meae
1528 1489 1631 1510 motum
1642 1483 1747 1517 videre3
1769 1484 1828 1519 qui,

1037 1522 1087 1548 etsi
1106 1521 1260 1548 incredibili
1275 1527 1301 1548 et
1314 1521 1446 1558 singulari
1462 1521 1611 1548 calamitate
1626 1520 1742 1547 afflictus
1755 1529 1828 1552 sum,

1038 1564 1125 1586 tamen
1137 1568 1188 1586 non
1201 1564 1254 1586 tam
1265 1564 1350 1586 estex
1360 1559 1567 1594 miseria,quam
1581 1567 1615 1585 ex
1624 1557 1719 1592 culpae
1725 1562 1831 1584 nostrae

1037 1596 1217 1623 recordatione
1231 1601 1390 1623 commotus.
1425 1596 1510 1623 Cuius
1520 1596 1592 1622 enim
1603 1595 1703 1622 scelere
1717 1594 1831 1629 impulsi

1037 1642 1066 1660 ac
1087 1634 1185 1668 proditi
1200 1634 1301 1664 simus,
1319 1634 1371 1660 iam
1385 1632 1503 1668 profecto
1517 1632 1608 1659 vides:
1631 1637 1710 1667 atque
1726 1633 1830 1658 utinam

1037 1671 1090 1697 iam
1110 1676 1170 1697 ante
1185 1670 1310 1701 vidisses,
1328 1679 1416 1705 neque
1431 1674 1516 1696 totum
1531 1670 1652 1696 animum
1667 1674 1745 1695 tuum
1756 1677 1830 1695 mae-

1036 1708 1089 1734 rori
1110 1716 1216 1734 mecum
1231 1707 1314 1734 simul
1329 1707 1464 1734 dedisses!
1491 1708 1588 1738 Quare,
1601 1714 1686 1741 quum
1699 1714 1741 1732 me
1752 1705 1830 1732 adfli-

1035 1749 1108 1771 ctum
1129 1750 1155 1772 et
1169 1744 1320 1771 confectum
1336 1744 1409 1771 luctu
1424 1743 1532 1774 audies,
1545 1744 1697 1770 existimato
1707 1751 1750 1769 me
1760 1742 1830 1769 stul-

1035 1783 1109 1808 titiae
1121 1790 1195 1808 meae
1209 1790 1322 1817 poenam
1334 1781 1401 1808 ferre
1411 1781 1532 1817 gravius.
1544 1789 1625 1816 quam
1636 1781 1738 1813 eventi;
1755 1780 1829 1815 quod

1036 1820 1061 1845 ei
1072 1819 1243 1849 crediderim,
1255 1827 1337 1854 quem
1349 1827 1407 1845 esse
1419 1817 1553 1844 nefarium
1564 1826 1616 1844 non
1627 1818 1755 1852 putarim.
1786 1817 1828 1844 Me

1035 1861 1062 1883 et
1082 1865 1202 1883 meorum
1219 1856 1350 1883 malorum
1367 1856 1504 1886 memoria,
1522 1859 1547 1881 et
1565 1859 1653 1880 metus
1664 1854 1697 1880 de
1709 1854 1788 1881 fratre
1799 1855 1828 1881 in

1036 1893 1179 1920 scribendo
1195 1893 1318 1928 impedit.
1358 1893 1398 1919 Tu
1414 1893 1464 1919 ista
1479 1893 1569 1919 omnia
1585 1891 1648 1917 vide
1659 1896 1685 1918 et
1694 1891 1826 1927 guberna.

1035 1931 1157 1958 Terentia
1169 1930 1218 1957 tibi
1230 1931 1362 1957 maximas
1372 1930 1472 1966 gratias
1483 1929 1548 1965 agit.
1569 1929 1729 1955 Litterarum
1735 1937 1828 1955 exem—

1035 1968 1121 2003 plum,
1144 1977 1211 2004 quas
1227 1967 1261 1994 ad
1274 1968 1432 2002 Pompeium
1447 1967 1555 2002 scripsi,
1571 1966 1635 1993 misi
1646 1965 1706 1993 tihi.
1718 1965 1776 1993 Dat.
1788 1973 1825 1992 tv.

1035 2006 1095 2032 Kal.
1108 2006 1166 2032 Iun.
1179 2005 1396 2032 Thessalonicae.

1088 2075 1129 2095 lx.
1158 2076 1240 2099 (Pisone,
1249 2075 1329 2095 Gabinio
1340 2082 1388 2093 enus.
1399 2077 1455 2096 695.)

1219 2118 1387 2146 CICERO
1418 2116 1586 2145 ATTICO
1615 2116 1644 2144 S.

1090 2158 1113 2183 l.
1135 2151 1258 2188 Quintus
1274 2156 1354 2183 frater
1368 2164 1454 2191 quum
1467 2163 1502 2181 ex
1511 2155 1575 2181 Asia
1585 2153 1755 2181 discessisset
1764 2158 1825 2180 ante

1010 2202 1013 2227 ;
1034 2193 1093 2220 Kal.
1106 2194 1169 2220 Mai.
1184 2199 1210 2220 et
1220 2193 1338 2220 Athenas
1349 2193 1468 2219 venisset
1481 2191 1562 2223 1dih..
1577 2191 1655 2218 valde
1666 2189 1718 2217 fuit
1727 2190 1752 2216 ei
1762 2198 1825 2225 pro-

1033 2231 1196 2265 perandum,
1222 2239 1255 2257 ne
1269 2230 1337 2266 quid
1352 2230 1450 2256 absens
1465 2230 1598 2264 acciperet
1610 2227 1782 2258 calamitatis,
1799 2228 1824 2254 si

1033 2269 1095 2303 quis
1120 2267 1185 2294 forte
1206 2267 1314 2298 fuisset,
1337 2268 1385 2303 qui
1405 2271 1545 2294 contentus
1565 2265 1662 2292 nostris
1677 2263 1756 2290 malis
1770 2272 1823 2291 non

1032 2309 1113 2331 esset.
1153 2306 1244 2340 ltaque
1259 2313 1322 2331 eum
1337 2303 1422 2331 malui
1437 2311 1578 2339 properare
1597 2302 1721 2332 Romam,
1740 2309 1823 2335 quam

1032 2342 1066 2369 ad
1077 2351 1119 2368 me
1130 2343 1235 2375 venire3
1259 2347 1284 2369 et
1294 2341 1480 2376 simul(dicam
1492 2337 1654 2374 enim,quod
1665 2346 1760 2364 verum
1767 2343 1820 2380 esu

1031 2388 1066 2406 ex
1080 2388 1134 2414 quo
1145 2379 1360 2415 magnitudinem
1371 2378 1540 2404 miseriarum
1552 2383 1672 2402 mearum
1685 2383 1823 2417 perspice-

1031 2425 1058 2443 re
1070 2417 1158 2451 possis
1166 2417 1184 2452 z)
1201 2417 1322 2443 animum
1334 2415 1462 2442 inducere
1472 2423 1525 2440 non
1534 2413 1620 2448 potui,
1636 2416 1665 2438 ut
1675 2416 1721 2454 aut
1732 2411 1820 2443 illum,

1030 2455 1247 2480 amantissimum
1262 2454 1325 2485 mei,
1343 2452 1503 2479 mollissimo
1517 2450 1615 2480 animo,
1629 2454 1700 2475 tanto
1711 2457 1738 2475 m
1749 2457 1823 2475 mae-

1031 2500 1088 2517 rore
1103 2492 1266 2526 aspicerem,
1287 2495 1333 2517 aut
1350 2498 1423 2516 meas
1438 2488 1560 2514 miserias
1580 2486 1653 2512 luctu
1669 2484 1781 2512 afflictas
1795 2490 1822 2513 et

1029 2528 1162 2563 perditam
1173 2528 1306 2554 fortunam
1320 2527 1361 2553 illi
1370 2526 1491 2553 offerrem
1506 2529 1552 2550 aut
1565 2523 1599 2550 ab
1613 2522 1660 2549 illo
1674 2523 1759 2557 aspici
1772 2531 1822 2558 pa-

1030 2570 1106 2591 terer.
1147 2565 1234 2600 Atque
1244 2565 1325 2591 etiam
1335 2563 1404 2590 illud
1415 2561 1552 2591 timebam.
1564 2559 1638 2596 quod
1647 2559 1766 2595 profecto
1775 2568 1822 2586 ac-

1029 2602 1148 2633 cidisset,
1171 2611 1204 2628 ne
1224 2611 1239 2627 a
1257 2609 1300 2628 me
1319 2599 1425 2636 digredi
1445 2607 1497 2625 non
1517 2602 1618 2633 posset.
1659 2597 1821 2624 Versabatur

1029 2639 1097 2665 mihi
1113 2644 1220 2673 tempus
1235 2637 1304 2665 illud
1317 2642 1377 2664 ante
1391 2636 1492 2666 oeulos,
1505 2643 1590 2670 quum
1601 2634 1648 2661 ille
1657 2639 1703 2661 aut
1713 2634 1819 2661 lictores

1004 2688 1007 2696 ι
1027 2676 1173 2703 dimitteret
1183 2680 1229 2703 aut
1238 2676 1267 2702 vi
1277 2674 1437 2702 avelleretur
1447 2681 1482 2700 ex
1491 2672 1635 2708 complexu
1641 2680 1711 2698 meo.
1731 2671 1819 2698 Huius
