1941 3052
240 145 301 169 4:⁵2⁵
810 140 867 164 261.

237 213 323 239 ‚tiu-ru
335 221 395 247 μευ-κ
408 211 470 237 1ιιιιι·
483 211 595 236 οὺκιίιτιι
610 214 649 235 est
660 214 685 235 et
698 209 809 234 luminis
820 216 930 243 expers:

236 251 316 276 ultera
329 259 376 275 ties·
389 258 447 283 pari,
457 249 477 274 is
491 257 537 273 iii-e
548 247 627 272 claris
641 246 746 272 lucilius
758 246 840 275 ardet.

236 288 282 313 ιιι-Λ
297 287 428 313 ιιιιῚΙίυιτι·
442 286 502 310 iavit
512 289 635 318 quatu-nii
647 292 660 308 t·
671 292 779 317 corpore
793 282 893 308 lumen.
980 284 1029 309 2³80

239 325 306 350 lim-v
317 324 436 349 ‹lt-xtriim
448 322 546 355 tlt-plici
559 321 652 347 dextro
663 320 729 355 pedo
741 319 840 354 pellere
852 318 968 354 palmam

237 363 329 395 gestit:
348 362 398 386 iam
413 368 473 384 vero
484 358 579 384 cliiiata
592 363 631 384 est
643 357 743 391 ungula
757 359 864 383 vemens

238 399 311 424 farti-⁴
325 397 391 432 liqui
404 401 510 430 propter
522 396 628 430 pennati
640 394 759 428 corporis
770 394 849 420 alam.

294 437 350 468 lpse
363 439 450 459 antem
464 433 556 458 labens
568 432 660 458 multis
672 432 765 466 Equus
777 430 821 457 ille
833 436 937 457 tenetur

239 472 373 498 l'iacibiis:
389 471 451 496 Ιιιιίι·
462 471 554 496 cervix
564 470 656 495 (lextra
669 468 801 494 mulcetur
811 469 854 503 Aq
862 477 877 494 u
885 477 898 494 a
906 477 917 494 r
925 468 941 494 i.

237 510 327 534 Serius
343 509 406 533 liat-¹·
416 507 506 533 obitus
518 508 595 533 terrai
609 507 687 532 iussit
697 507 760 540 equi
773 506 841 536 vin',

236 555 327 580 quum,
340 545 461 581 gelidum
475 544 563 570 valido
573 544 606 569 de
619 548 722 578 pectore
735 542 820 577 frigus
831 542 970 573 anhelans,

236 592 345 617 corpore
356 581 481 608 semifero
493 590 589 616 magno
600 581 821 615 Capricornus
835 581 860 606 in
872 580 949 611 orbe3

979 430 1030 464 (513)

982 470 1030 494 200

236 629 316 655 quem
329 629 412 654 quum
426 624 553 653 perpetuo
566 619 674 644 vestivit
685 617 786 643 lumine
797 617 883 649 Titan,
980 617 1031 651 (60)
1052 615 1053 635 l

237 657 352 683 brumali
365 656 471 682 flectens
483 660 638 690 contorquet
651 660 766 690 tempore
778 663 898 680 currum.
982 655 1031 680 ⁴295
1058 653 1060 659 '

237 696 289 721 lloe
301 704 365 720 cave
377 699 400 720 te
414 699 492 728 ponto
504 693 612 719 studeas
623 693 788 718 committere
801 700 906 718 mense:

237 741 298 758 num
310 741 361 758 non
375 731 552 766 longinquum
565 731 682 765 spatium
695 729 782 755 labere
793 729 936 756 diurnum:

236 779 288 796 nou
301 769 412 795 hiberna
424 769 476 794 cito
487 768 609 794 volvetur
619 766 754 793 curriculo
766 775 832 793 nox:

238 806 348 833 humida
360 815 410 832 non
423 814 481 831 sese
494 805 589 831 vestris
600 813 692 831 aurora
705 803 822 839 querelis

236 845 312 870 ocius
323 843 452 873 ostendet,
466 842 530 868 clari
543 846 699 876 praenuntia
712 841 790 867 solis:

237 886 262 907 at
275 880 372 907 validis
383 888 482 915 aequor
494 879 612 914 pulsabit
624 879 729 905 viribus
740 878 850 905 Auster:

237 923 293 945 tum
307 918 390 944 lixum
403 917 516 943 tremulo
527 917 662 951 quatietur
673 916 770 951 frigore
779 923 888 950 corpus.

218 977 222 984 ,
238 955 290 982 Sed
303 960 388 981 tamen
401 955 464 981 anni
476 955 528 980 iam
541 954 667 980 labuntur
678 958 795 987 tempore
807 957 868 983 toto,

980 803 1031 837 (65)

238 1001 287 1019 nce
298 993 342 1019 eui
354 993 493 1027 signorum
504 991 607 1021 cedent,
621 999 708 1026 neque
719 990 825 1017 flamina
837 991 930 1020 vitant,
980 990 1032 1024 (70)
1052 1000 1055 1024 4

238 1038 286 1056 nec
298 1034 421 1056 metuunt
431 1037 510 1055 canos
523 1029 656 1055 minitanti
668 1036 806 1054 murmure
817 1026 924 1053 fluctus.
984 1029 1032 1054 305

292 1068 322 1093 ΑΙ
334 1072 435 1096 nauare,
446 1068 541 1100 fulicae
550 1068 646 1092 similes
655 1074 787 1098 meryoque
798 1067 906 1095 visitanti,

237 1106 319 1130 mimia
329 1113 376 1137 prr
387 1108 465 1130 lotum
476 1105 600 1129 iactantes
612 1105 708 1129 luminu
718 1107 830 1135 pontum,

237 1143 408 1174 nequidquam
420 1150 544 1174 nusquam
553 1142 673 1173 parentia
685 1141 773 1165 littora
783 1144 919 1172 quaerunt,

237 1181 297 1204 dum
309 1181 390 1204 tenuis
400 1181 473 1211 ui'qro
484 1179 571 1203 {nbula
582 1179 626 1203 lios
635 1179 769 1210 distinquit
780 1179 812 1202 ab
823 1176 897 1202 Orco.

237 1215 324 1250 Atque
338 1216 418 1241 etiam
429 1223 527 1248 supero
538 1215 600 1240 navi
613 1213 762 1249 pelagoque
774 1218 868 1248 vagato

238 1260 339 1284 mense,
362 1251 606 1287 Sagittipotens
622 1250 687 1278 solis
705 1259 791 1286 quum
806 1250 921 1277 sustinet
935 1258 978 1277 or-

646 1288 718 1315 bem.

238 1326 307 1363 [Non
317 1328 395 1352 mzdto
408 1328 503 1353 leviora
511 1331 585 1360 putes
597 1329 693 1352 instare
701 1328 809 1359 pericla,

237 1369 295 1390 mile
308 1367 398 1397 niqras
410 1368 499 1390 cautus
510 1365 625 1390 tenebras
635 1366 773 1390 subducere
781 1361 908 1399 puppim]

237 1401 304 1427 Nam
316 1401 370 1427 iam
383 1405 438 1427 tum
451 1401 532 1427 nimis
543 1401 642 1436 exiguo
655 1400 701 1427 lux
712 1405 830 1435 tempore
840 1404 945 1435 praesto
956 1404 1005 1430 est,

236 1438 287 1464 hoc
298 1439 408 1473 signum
419 1439 531 1464 veniens
541 1443 665 1473 poterunt
675 1446 847 1472 praenoscere
860 1442 968 1464 nautae:
984 1438 1033 1463 315

237 1476 290 1501 iam
302 1484 384 1510 prope
395 1476 586 1510 praecipitante
599 1475 690 1502 licebit
701 1476 788 1501 visere
800 1479 885 1506 nocte,
981 1475 1033 1510 (76)

236 1518 266 1539 ut
277 1521 336 1538 sese
347 1520 486 1548 emergens
498 1512 614 1539 ostendit
624 1512 746 1547 Scorpios
758 1512 819 1543 alto,

236 1550 381 1585 posteriore
393 1550 500 1576 trahens
512 1550 623 1585 plexum
634 1551 662 1576 vi
673 1551 791 1584 corporis
801 1557 907 1576 arcum:

235 1590 279 1613 secl
290 1588 360 1620 Nepa
372 1596 422 1613 non
432 1589 538 1613 multum
548 1591 629 1620 prior,
641 1592 668 1613 αι
678 1590 754 1620 prior
764 1590 818 1613 exit
828 1589 861 1613 ab
874 1588 957 1613 undis.
996 1585 1004 1592 ⁹

236 1625 291 1650 Iam
303 1632 384 1659 supra
395 1633 487 1650 cernes
499 1625 571 1651 Arcti
583 1629 663 1659 caput
675 1633 733 1650 esse
744 1625 866 1655 minoris,

237 1666 263 1688 et
273 1662 360 1697 magis
371 1666 489 1687 erectum
502 1661 535 1687 ad
546 1670 684 1687 summum
696 1663 829 1688 versarier
838 1662 941 1688 orbem.

236 1698 306 1724 Tum
317 1707 376 1725 sese
387 1699 468 1725 Orion
481 1704 533 1725 toto
545 1699 598 1725 iam
611 1707 720 1733 corpore
731 1699 823 1726 condit

237 1740 355 1762 extrema
366 1744 448 1770 prope
459 1741 544 1767 nocte,
558 1741 584 1763 et
594 1736 718 1771 Cepheus
730 1736 854 1763 conditur
864 1741 933 1768 ante,

237 1772 391 1799 lumborum
404 1777 480 1799 tenus
493 1782 507 1799 a
518 1773 625 1808 palma*
636 1773 767 1808 depulsus
778 1773 812 1799 ad
823 1773 943 1800 umbras.

292 1810 349 1841 Hic,
372 1810 484 1836 missore
505 1819 602 1837 vacans
610 1831 616 1842 ‚
639 1810 746 1846 fulgens
767 1811 836 1837 iacet
852 1819 906 1837 una
920 1810 978 1838 Sa-

644 1848 728 1883 gitta
736 1869 742 1879 ,

237 1892 333 1919 »quam
345 1889 454 1919 propter
465 1885 552 1911 nitens
563 1893 651 1919 penna
662 1884 832 1911 convolvitur
841 1884 904 1910 Ales
913 1894 918 1911 :
926 1895 938 1909 α

237 1926 263 1947 et
274 1920 370 1947 clinata
381 1922 468 1957 magis
479 1921 569 1956 paullo
579 1927 620 1948 est
630 1921 772 1956 Aquilonis
784 1921 817 1947 ad
828 1930 918 1948 auras.

237 1958 284 1984 »At
298 1963 405 1992 propter
418 1967 446 1984 se
463 1958 508 1993 Aq
516 1958 583 1984 uila
601 1958 703 1984 ardenti
715 1967 777 1984 cum
788 1967 897 1992 corpore
907 1963 1006 1993 portat«

237 1995 384 2031 igniferum
396 1994 517 2021 mulcens
531 1995 716 2021 tremebundis
727 1995 833 2022 aethera
844 1996 946 2030 pinnis,

238 2041 290 2059 non
302 2032 382 2058 nimis
396 2033 497 2067 ingenti
509 2041 570 2058 cum
582 2041 700 2067 corpore,
712 2032 760 2058 sed
770 2041 852 2067 grave
863 2033 973 2059 maestis
984 2035 1032 2059 330

236 2069 353 2096 ostendit
363 2070 461 2100 nautis,
474 2069 634 2103 perturbans
646 2078 770 2104 aequora,
783 2070 903 2105 signum.
981 2070 1032 2106 (90)

286 2107 368 2132 »Tum
380 2107 471 2142 magni
482 2115 582 2133 curvus
593 2107 748 2141 Capricorni
758 2115 867 2141 corpora
879 2112 986 2142 propter

237 2144 276 2170 »D
284 2152 297 2170 e
304 2143 310 2170 l
317 2143 359 2178 ph
366 2144 374 2169 i
381 2152 397 2170 n
404 2152 421 2169 u
428 2153 440 2169 s
452 2144 528 2174 iacet,
541 2143 614 2170 haud
626 2144 710 2170 nimio
721 2143 842 2170 lustratu’
853 2145 964 2175 nitore,«

237 2185 341 2216 praeter
352 2180 544 2216 quadruplices
555 2181 645 2207 stellas
658 2181 685 2207 in
697 2181 782 2208 fronte
794 2180 901 2213 locatas,

236 2226 304 2252 quas
315 2217 487 2244 intervallum
500 2218 577 2244 binas
588 2218 757 2245 disterminat
768 2227 863 2245 unum.

236 2255 328 2282 Cetera
339 2264 401 2290 pars
414 2255 481 2281 late*
493 2257 566 2282 tenui
577 2264 639 2282 cum
652 2255 754 2282 lumine
764 2256 857 2290 serpit.

235 2292 308 2323 Illae,
321 2301 390 2327 quae
402 2291 506 2327 fulgent
517 2292 589 2319 luces
601 2302 635 2319 ex
645 2301 689 2319 ore
700 2301 820 2324 corusco,

236 2334 299 2356 sunt
310 2330 379 2356 inter
389 2334 476 2364 partes
487 2329 590 2365 gelidas
601 2329 736 2365 Aquiloni'
749 2329 856 2360 locatae,

236 2372 315 2402 atque
326 2367 395 2393 inter
405 2367 522 2401 spatium
534 2372 560 2394 et
571 2367 632 2394 laeti
642 2368 756 2402 vestigia
767 2367 842 2394 solis.

236 2404 269 2430 At
279 2412 340 2438 pars
352 2403 462 2430 inferior
473 2404 598 2439 Delphini
610 2404 669 2431 fusa
680 2404 788 2431 videtur

236 2441 305 2467 inter
315 2440 380 2467 solis
392 2442 449 2472 iter,
463 2441 545 2467 simul
557 2443 626 2468 inter
637 2442 744 2468 flamina
755 2441 838 2471 venti,

236 2478 341 2503 viribus
352 2480 469 2513 erumpit
480 2487 532 2513 qua
545 2480 645 2505 summi
656 2479 769 2513 spiritus
779 2478 882 2504 Austri.

291 2515 409 2541 »Exinde
420 2516 532 2546 Orion,
545 2516 656 2551 obliquo
667 2523 776 2550 corpore
789 2515 903 2546 nitens‚«

236 2550 361 2577 inferiora
372 2556 443 2579 tenet
453 2552 597 2579 truculenti
608 2561 717 2588 corpora
729 2552 823 2578 Tauri:

235 2596 316 2622 quem
328 2589 375 2623 qui
387 2589 554 2624 suspiciens*
566 2590 593 2616 in
605 2590 710 2617 caelum
721 2594 796 2616 nocte
807 2597 901 2615 serena

236 2623 286 2651 late
297 2624 450 2659 dispersum
461 2635 512 2653 non
523 2626 630 2658 viderit,
644 2627 718 2654 haud
728 2627 764 2653 ita
778 2634 842 2652 vero

235 2666 321 2689 cetera
332 2670 361 2689 se
372 2667 460 2697 speret
469 2671 629 2699 cognoscere
640 2665 716 2701 signa
727 2668 843 2699 potesse.

984 1215 1032 1239 340

984 1849 1033 1874 325

981 1884 1033 1920 (85)

983 2221 1032 2246 335

980 2257 1033 2292 (⁹5)

983 2406 1032 2431 340

962 2442 1032 2477 (ioo)

981 2591 1030 2616 345

962 2626 1030 2662 (105)

1048 209 1059 302 i

983 842 1031 866 ³00

901 137 1279 164 M.T.Ct(:131t0Nts

1134 208 1255 242 Namque
1266 206 1348 241 pedes
1359 207 1452 233 subter
1462 206 1542 233 rutilo
1551 215 1613 233 cum
1627 207 1727 235 lumine
1736 208 1817 235 claret

1082 244 1214 270 vlu-rvitlus
1228 244 1271 270 ille
1283 244 1379 270 Canii·
1390 244 1527 270 stellarum
1541 244 1598 270 luce
1609 244 1771 280 refulgens..

1057 308 1059 318 ‚
1081 282 1155 307 llune
1167 282 1230 317 tegit
1241 281 1372 306 obscurus
1382 282 1474 307 subtr-r
1485 282 1636 316 praecordia
1650 288 1753 310 venter:
1825 284 1873 308 350

1057 321 1059 328 “
1081 328 1128 345 nec:
1142 324 1193 345 ιυιυ
1204 318 1310 353 spirans
1322 318 1415 344 rubido
1425 318 1458 344 de
1469 327 1577 353 corpore
1588 318 1722 346 nummum
1804 321 1826 354 (4
1835 321 1874 355 40)

1050 382 1052 386 ‚
1081 355 1218 382 aestiferas
1231 355 1328 381 validis
1339 357 1457 390 erumpit
1468 355 1575 382 flatibus
1588 356 1678 390 ignes:

1051 399 1052 402 ’
1082 398 1151 419 totus
1163 392 1196 419 ab
1210 402 1254 419 ore
1267 393 1369 419 micans
1381 394 1476 419 iacitur
1487 393 1644 419 mortalibus
1655 393 1742 420 ardor.

1081 432 1115 456 Si
1123 434 1170 456 rin
1178 440 1192 455 ri
1203 432 1269 456 hunc
1285 430 1380 456 Gracci
1388 432 1526 463 praeclaro
1536 433 1634 456 nomino
1645 433 1741 457 dicunt.

1082 468 1129 493 llic
1141 467 1187 493 ubi
1198 476 1226 492 se
1239 468 1336 502 pariter
1346 476 1407 493 cum
1420 467 1480 493 Sole
1493 468 1519 494 in
1530 467 1648 494 culmina
1659 468 1727 495 caeli
1825 470 1874 494 355

1058 503 1059 509 ¹
1081 504 1186 534 extulit.
1201 504 1271 530 baud
1283 505 1382 539 patitur
1394 504 1516 531 loliorum
1529 505 1646 539 tegmine
1658 505 1754 532 frustra

1082 550 1228 576 suspensos
1239 542 1343 568 animos
1354 542 1461 568 arbusta
1475 547 1565 568 ornata
1578 547 1676 569 tenere.
1806 543 1828 577 (4
1838 542 1876 577 1³)

1084 580 1148 605 Nam
1159 587 1274 614 quorum
1286 580 1384 613 stirpes
1396 579 1475 605 tellus
1486 579 1609 613 amplexa
1622 579 1773 614 prehendit.

1083 617 1146 643 baec
1159 625 1260 652 augens
1272 617 1360 642 anima
1374 616 1447 642 vitali
1459 615 1565 642 flamine
1577 617 1689 643 mulcet:

1082 659 1107 680 at
1118 662 1232 689 quorum
1245 658 1381 688 nequeunt
1392 653 1495 680 radices
1507 653 1606 680 findere
1619 659 1710 686 terras,
1827 655 1875 680 350

1052 691 1060 699 '¹
1082 691 1199 718 denudat
1211 690 1282 717 soliis
1294 699 1381 717 ramos
1391 696 1417 717 et
1426 691 1524 717 cortice
1534 695 1651 718 truncos.

1085 730 1231 755 Tvnzlcntem
1243 731 1362 755 occiduas
1372 731 1449 754 eumn
1459 730 1524 754 hunc
1533 731 1655 755 sentimus
1665 730 1699 754 ad
1709 736 1783 754 ortu:

1085 771 1167 793 cetera
1178 768 1312 799 siqnandi‘s
1322 770 1380 791 sunt
1392 767 1515 799 lanquida
1525 767 1612 792 sidera
1622 766 1749 791 membr-1¹5.

1137 803 1213 829 llunc
1224 807 1332 838 propter
1342 801 1489 838 subterque
1503 801 1599 837 pedes,
1616 811 1684 838 quos
1699 802 1820 829 diximus

1488 845 1557 870 ante.
1807 839 1877 874 (420)

1082 877 1182 904 Orioni'
1195 877 1262 903 iacet
1274 876 1376 912 levipes
1388 877 1504 912 Lepus.
1545 878 1592 903 llic
1607 876 1685 913 sugit.
1698 877 1767 903 ictus
1827 877 1876 902 365

1083 914 1220 941 horrilicos
1235 919 1357 941 metuens
1369 916 1446 941 rostri
1458 914 1652 941 tremebundus
1663 914 1745 941 acuti.

1083 952 1148 978 Nam
1161 952 1240 978 Canis
1252 951 1347 978 infesto
1357 952 1480 986 sequitur
1492 953 1604 987 vestigia
1615 960 1706 982 cursu,

1083 989 1301 1024 praecipitantem
1313 989 1426 1024 agitanS.
1439 989 1528 1015 oriens
1540 989 1592 1015 iam
1603 988 1721 1023 denique
1733 987 1832 1023 paullo,

1083 1025 1262 1053 „curriculum
1274 1034 1422 1061 numquam
1433 1025 1537 1052 desecto
1547 1035 1656 1061 corpore
1667 1025 1774 1052 sedans.
1808 1025 1878 1059 (⁴25)

1139 1064 1185 1090 »At
1198 1064 1278 1090 Canis
1292 1063 1325 1089 ad
1336 1063 1449 1090 caudam
1461 1071 1572 1098 serpens
1583 1063 1748 1098 praelabitur
1762 1063 1821 1089 Ar-

1490 1109 1528 1135 go
1536 1121 1541 1130 ,
1550 1111 1561 1125 α

1083 1146 1238 1164 conversam
1251 1146 1313 1172 prae
1324 1145 1353 1163 se
1365 1142 1471 1172 portans
1482 1146 1544 1163 cum
1557 1137 1658 1163 lumine
1670 1137 1798 1172 puppim:

1083 1184 1134 1202 non
1147 1175 1213 1201 aliae
1225 1184 1307 1201 naves
1318 1179 1347 1201 ut
1358 1175 1385 1201 in
1395 1174 1447 1201 alto
1459 1174 1574 1208 pondere
1587 1183 1678 1209 proras

1083 1217 1142 1239 ante
1153 1212 1239 1239 solent
1250 1217 1334 1238 rostro
1344 1212 1477 1246 Neptunia
1489 1216 1563 1246 prata
1573 1216 1703 1242 secantes,

1083 1250 1130 1276 sed
1142 1258 1270 1276 conversa
1282 1254 1350 1275 retro
1360 1249 1427 1275 caeli
1438 1257 1466 1275 se
1478 1257 1526 1283 per
1537 1249 1591 1275 loca
1602 1253 1701 1283 portat:

1083 1288 1163 1318 sicut,
1179 1295 1264 1322 quum
1276 1290 1399 1321 coeptant
1409 1290 1480 1312 tutos
1491 1287 1644 1322 contingere
1656 1290 1758 1321 portus,

1083 1324 1227 1351 obvertunt
1238 1332 1334 1351 navem
1347 1332 1443 1359 magno
1454 1332 1516 1350 cum
1531 1323 1648 1358 pondere
1659 1327 1764 1354 nautae,

1828 1100 1877 1126 370

1809 1247 1880 1282 (iao)

1829 1285 1878 1311 375

1061 1370 1062 1376 ¹
1084 1362 1279 1397 adversamque
1291 1361 1399 1388 trahunt
1409 1365 1497 1396 optata
1509 1361 1542 1387 ad
1554 1361 1640 1387 littora
1651 1361 1776 1396 puppim.

1084 1400 1129 1427 Sic
1139 1407 1267 1426 conversa
1279 1403 1357 1425 vetus
1367 1406 1450 1433 super
1460 1398 1566 1425 aethera
1578 1399 1690 1424 vertitur
1699 1398 1779 1433 Argo,

1084 1442 1164 1473 atque
1179 1444 1266 1472 usque
1281 1444 1295 1462 a
1309 1444 1388 1471 prora
1403 1435 1436 1462 ad
1451 1435 1571 1462 celsum·
1582 1436 1641 1462 sine
1653 1435 1755 1462 lumine
1765 1442 1824 1461 ma-

1493 1473 1558 1503 lum,
1810 1471 1880 1506 (435)

1084 1521 1097 1538 a
1111 1511 1180 1538 malo
1191 1511 1223 1538 ad
1235 1512 1350 1546 puppim
1361 1519 1423 1537 cum
1436 1510 1538 1537 lumine
1549 1509 1619 1536 clara
1634 1509 1754 1542 videtur;
1830 1509 1880 1535 380

1085 1549 1147 1576 inde
1157 1549 1362 1585 gubernaclum,
1375 1548 1498 1583 disperso
1510 1547 1612 1574 lumine
1623 1547 1739 1583 fulgens,

1084 1586 1148 1613 clari
1159 1587 1304 1621 posteriora
1315 1586 1396 1613 Canis
1407 1586 1521 1621 vestigia
1531 1585 1632 1612 condit.

1140 1624 1209 1650 Exin
1221 1628 1350 1650 semotam
1361 1622 1463 1658 procul,
1476 1623 1503 1649 in
1516 1627 1626 1657 tutoque
1637 1621 1749 1648 locatam

1084 1660 1282 1688 Andromedam
1296 1665 1384 1687 tamen
1399 1659 1542 1695 explorans
1555 1659 1610 1686 sera
1630 1666 1758 1694 quaerere
1773 1657 1827 1684 Pi-

1492 1697 1578 1723 strix
1811 1694 1880 1729 (⁴40)

1084 1736 1180 1771 pergit,
1193 1740 1218 1761 et
1229 1742 1316 1769 usque
1327 1735 1406 1761 sitam
1417 1733 1521 1760 validas
1532 1732 1674 1768 Aquilonis
1685 1731 1719 1758 ad
1730 1740 1808 1759 auras
1830 1733 1880 1758 385

1084 1772 1190 1798 caerula
1201 1772 1316 1807 vestigat
1327 1771 1400 1798 finita
1412 1772 1438 1797 in
1449 1770 1571 1806 partibus
1582 1771 1682 1797 Austri.

1084 1810 1170 1835 »Hanc
1181 1809 1257 1835 Aries
1269 1809 1342 1844 tegit,
1359 1813 1384 1835 et
1395 1816 1539 1843 squamoso
1547 1815 1657 1842 corpore
1668 1807 1768 1837 Pisces,

1084 1846 1233 1873 »Fluminis
1244 1845 1344 1872 illustri
1356 1850 1507 1881 tangentem
1518 1849 1623 1880 pectore
1635 1845 1733 1879 ripas«

1084 1884 1206 1919 Namque
1222 1883 1302 1909 etiam
1316 1882 1497 1909 Eridanum
1512 1890 1606 1909 cernes
1622 1882 1650 1908 in
1664 1885 1738 1917 parte
1754 1880 1825 1908 loca-

1493 1924 1552 1946 tum
1811 1918 1881 1953 (445)

1084 1957 1160 1987 caeli,
1175 1957 1312 1983 funestum
1325 1957 1430 1993 magnis
1441 1965 1503 1983 cum
1515 1956 1622 1983 viribus
1633 1964 1748 1987 amnem,
1831 1956 1881 1982 390

1084 2003 1166 2030 quem
1178 1994 1296 2020 lacrimis
1307 1999 1423 2020 maestae
1434 1993 1607 2021 Phaethontis
1618 2001 1698 2028 saepe
1708 2000 1812 2020 sorores

1084 2036 1249 2066 sparserunt,
1264 2031 1346 2058 letum
1358 2032 1486 2058 maerenti
1498 2039 1562 2058 voce
1573 2035 1706 2057 canentes.

1084 2070 1160 2095 llunc
1171 2068 1278 2095 Orionis
1288 2068 1340 2095 sub
1355 2068 1429 2095 laeva
1441 2077 1549 2095 cernere
1559 2067 1650 2103 planta

1084 2111 1235 2141 serpentem
1246 2107 1355 2141 poteris,
1367 2113 1546 2141 »proceraque
1556 2105 1646 2132 vincla
1656 2103 1774 2134 videbis,
1810 2103 1880 2139 (450)

1084 2152 1167 2178 »quae
1178 2144 1293 2170 retinent
1302 2143 1403 2174 Pisces,
1415 2143 1562 2169 caudarum
1573 2151 1588 2168 a
1598 2146 1673 2177 parte
1684 2140 1782 2168 locata«
1831 2141 1880 2167 395

1061 2204 1063 2208 ,
1084 2181 1209 2207 Flumine
1221 2181 1305 2207 mixta
1315 2185 1385 2207 retro
1395 2180 1428 2206 ad
1440 2180 1559 2206 Pistricis
1570 2184 1644 2215 terga
1655 2179 1764 2206 reverti.

1084 2218 1153 2245 Haec
1165 2226 1217 2244 una
1229 2217 1305 2244 stella
1316 2222 1468 2248 nectuntur,
1480 2225 1562 2252 quam
1574 2217 1637 2243 iacit
1647 2224 1682 2242 ex
1691 2223 1720 2242 se

1084 2256 1205 2282 Pistricis
1216 2255 1294 2290 spina
1304 2254 1408 2281 evalida
1420 2262 1482 2281 cum
1494 2254 1552 2280 luce
1564 2253 1711 2289 refulgens.

1139 2291 1245 2318 Exinde
1259 2292 1374 2327 exiguae
1385 2292 1458 2318 tenui
1469 2300 1532 2318 cum
1544 2291 1646 2318 lumine
1657 2289 1758 2316 multae
1810 2288 1880 2323 (455)

1084 2324 1304 2356 intePPistricem
1316 2328 1390 2355 susae
1401 2337 1565 2363 sparsaeque
1576 2327 1703 2354 videntur
1831 2326 1878 2352 too

1084 2371 1164 2402 atque
1175 2366 1375 2393 Gubernaclum
1387 2365 1489 2397 stellae,
1502 2374 1570 2401 quas
1579 2365 1698 2400 contegit
1705 2363 1803 2393 omnis,

1084 2403 1232 2430 formidans
1243 2412 1331 2430 acrem
1342 2411 1472 2434 morsum,
1486 2403 1589 2437 Lepus:
1602 2402 1646 2428 his
1656 2409 1745 2436 neque
1754 2407 1852 2426 nomen

1083 2449 1132 2467 nec
1144 2440 1256 2467 sormam
1266 2446 1370 2467 veteres
1380 2445 1480 2467 certam
1493 2440 1619 2466 statuisse
1630 2438 1765 2465 videntur.

1082 2478 1150 2504 Nam
1161 2486 1230 2513 quae
1241 2477 1379 2504 sideribus
1389 2477 1470 2504 claris
1480 2482 1573 2503 natura
1585 2475 1683 2511 polivit
1809 2473 1879 2508 (460)

1083 2520 1109 2541 et
1119 2516 1193 2541 vario
1202 2516 1292 2550 pinxit
1301 2515 1474 2550 distinguens
1485 2514 1588 2540 lumine
1600 2513 1707 2542 formas.
1831 2512 1878 2537 ⁴05

1082 2551 1148 2578 haec
1159 2552 1205 2578 ille
1216 2557 1349 2578 astrorum
1359 2557 1450 2578 custos
1459 2552 1561 2578 ratione
1571 2550 1682 2580 notavit,

1081 2590 1214 2625 signaque
1226 2590 1345 2625 signavit
1358 2588 1483 2615 caelestia
1494 2588 1602 2614 nomine
1612 2594 1690 2612 vero:

1082 2626 1130 2653 has
1141 2632 1240 2658 autem,
1255 2634 1325 2662 quae
1338 2631 1402 2653 sunt
1411 2633 1495 2660 parvo
1505 2623 1557 2650 suh
1567 2623 1687 2650 culmine
1698 2622 1782 2653 fusae,

1081 2663 1218 2691 consimili
1231 2664 1321 2699 specie
1332 2662 1432 2694 stellas,
1444 2661 1579 2698 parilique
1589 2661 1683 2691 nitore,
1810 2659 1878 2695 (465)
