1941 3052
239 124 301 149 tom
804 120 859 144 ⁴17.
891 119 925 144 M.
960 118 991 144 T.
1025 119 1044 144 C

235 203 313 229 nsper
326 195 350 219 in
363 201 479 227 corpore.
495 191 598 216 alii-nus
610 199 623 215 n
635 190 770 215 avnxitmx.
801 190 868 215 llaec
880 188 934 214 duo
945 189 1027 215 Grae-

235 232 260 257 ci
275 231 322 259 illi.
335 239 449 265 «piorum
461 229 593 262 copiosior
604 232 643 253 est
656 227 756 259 lingna,
769 235 850 260 quain
864 232 960 256 nostra.
976 234 1028 252 uno

237 269 344 294 immine
365 265 508 301 appellant.
550 265 639 298 Itaque
662 263 807 290 industrios
830 264 952 289 homines
989 263 1028 289 illi

235 306 370 331 suntin-w<
388 303 427 328 vel
446 303 533 336 potius
550 306 668 327 ornantes
687 300 786 327 doloris
808 300 957 335 appellant:
980 309 1028 326 nos

236 341 402 368 commodius
425 340 578 365 laboriosos.
629 338 709 364 Aliud
735 343 775 364 est
801 339 873 364 enim
899 337 1026 367 laborare,

236 380 307 405 nliml
324 378 422 403 «loli-re.
462 378 484 401 ()
501 376 642 402 verborum
661 376 737 409 inops
757 375 904 405 interdum,
927 375 1028 410 quibus
1048 383 1050 386 ’

236 415 371 442 abundare.
384 420 406 440 te
418 423 524 449 semper
540 418 630 448 putas,
649 413 773 438 Graecia!
793 412 886 443 Aliud,
906 413 1026 447 inquam,

235 458 274 479 est
285 453 382 481 dolere,
399 451 472 477 aliud
486 451 614 476 laborare.
654 451 743 482 Quum
757 451 859 476 varices
870 450 1029 476 secabantur
1049 473 1050 477 ,

234 491 263 515 tl.
279 490 373 519 Murio,
389 488 508 514 dolebat:
527 496 587 514 cum
600 492 674 513 aestu
687 496 784 523 magno
795 487 909 513 ducebat
921 496 1026 520 agmen,

234 563 404 590 Consuetudo
415 564 486 589 enim
501 562 620 589 laborum
634 563 834 597 perpessionem
850 561 971 588 dolorum
989 560 1029 587 cl·
1050 558 1051 578 ἶ

235 602 287 627 licit
300 600 457 626 faciliorem.

235 675 323 701 labore
340 675 492 701 voluerunt.
533 674 609 706 Quod
622 675 768 709 Spartiatae
783 675 862 700 etiam
875 675 901 700 in
915 673 1028 700 feminas

234 712 405 739 tratulerunt:
419 720 488 746 quae
499 712 594 738 ceteris
607 712 632 738 in
646 712 760 737 urbibus
772 711 931 738 mollissimo
941 710 1025 741 cultu.

233 751 365 784 parietum
378 749 483 776 umbris
493 749 663 775 occuluntur.
704 748 744 775 Illi
757 754 845 775 autem
859 748 1001 775 voluerunt

270 789 333 813 iilliil
343 789 431 813 Ιιόνιιηι
442 788 524 812 simile
534 795 592 812 esse
603 788 672 819 opud
683 786 815 812 Lacaenas
826 788 952 819 vi'ryiries,·

269 825 354 858 qttilm'
365 825 440 857 imiyi'
451 825 591 856 palaestra,
603 824 721 854 Ister-olus,
737 825 783 853 sol,
794 825 886 856 pulvi-5,
899 825 980 853 labor,

268 863 361 888 militia
373 863 456 887 studio
467 866 510 890 est,
523 863 600 895 qudm
610 862 731 893 fertilitas
743 861 865 887 barbara.

233 899 303 934 Ergo
320 899 362 925 his
375 898 514 924 laboriosis
525 898 763 924 exercitationibus
775 903 799 924 et
810 898 885 924 dolor
897 899 1027 924 intercur-

233 937 266 962 rit
282 944 498 970 nonnumquam:
522 935 710 970 impelluntur,
730 935 875 966 feriuntur,
893 935 1027 961 abiiciun-
1048 956 1057 968 „

230 979 288 1003 tur.
307 973 419 999 cadunt:
436 978 461 1000 et
478 974 534 1007 ipsc
547 972 620 999 labor
631 973 709 1007 qnasi
721 972 820 999 callum
831 973 966 1008 quoddam
978 972 1027 999 ob-

232 1010 307 1036 ducit
317 1010 412 1037 dolori.
454 1010 523 1036 XVI.
537 1011 578 1036 37.
592 1010 714 1036 Militiam
728 1019 790 1036 vero
800 1025 836 1030 —-
847 1010 972 1045 (nostram
985 1010 1027 1035 di—

231 1056 276 1078 co,
294 1056 345 1075 non
362 1048 570 1082 Spartiatarum,
588 1056 703 1082 quorum
720 1047 839 1081 procedit
856 1056 926 1074 mora
943 1047 975 1073 ad
993 1048 1027 1073 ti-
1056 1066 1057 1073 1

232 1085 314 1116 biam,
329 1094 377 1111 nec
389 1085 533 1111 adhibetur
545 1085 597 1110 ulla
610 1086 668 1110 sine
680 1085 830 1119 anapaestis
842 1085 1027 1119 pedibuslior-

232 1122 303 1157 tatio)
320 1123 402 1149 nostri
418 1123 552 1149 exercitus
569 1123 686 1156 primum
703 1122 774 1148 unde
789 1131 884 1149 nomen
901 1122 1024 1152 habeant,

232 1159 323 1186 vides:
341 1159 439 1185 deinde
450 1160 496 1194 qui
511 1159 596 1189 labor,
613 1164 730 1194 quantus
741 1160 871 1194 agminis!
886 1159 953 1186 serre
964 1159 1026 1194 plus

231 1196 366 1223 dimidiati
379 1198 478 1223 mensis
490 1197 603 1222 cibaria:
623 1196 704 1227 ferre,
721 1197 744 1222 si
755 1196 822 1231 quid
838 1197 870 1223 ad
887 1206 967 1223 usum
980 1205 1027 1223 ve-
1056 1218 1057 1222 ,

232 1234 293 1260 lint:
313 1234 380 1260 serre
393 1227 504 1260 vallum.
546 1234 610 1259 Nam
623 1238 744 1264 scutum,
758 1233 893 1269 gladium,
910 1234 1023 1270 galeam,

231 1272 258 1297 in
269 1280 348 1297 onere
361 1272 442 1297 nostri
456 1270 555 1297 milites
567 1279 618 1297 non
631 1270 693 1305 plus
705 1276 859 1302 numerant,
876 1280 957 1306 quam
975 1271 1027 1297 hu—
1055 1285 1056 1300 1

230 1316 326 1338 meros,
344 1308 463 1339 lacertos,
478 1317 582 1334 manus.
624 1308 703 1334 Arma
716 1309 788 1334 enim
800 1309 919 1335 membra
932 1309 1026 1335 militis

229 1354 288 1371 esse
300 1345 403 1372 dicunt.
425 1346 497 1378 Quae
508 1345 620 1380 quidem
633 1346 666 1372 ita
678 1351 775 1380 gerunt
787 1351 856 1381 apte,
870 1351 907 1377 ut,
924 1347 948 1372 si
959 1355 1026 1373 usus
1055 1372 1056 1380 ἶ

231 1382 304 1414 serat,
318 1383 430 1410 abiectis
441 1383 579 1413 oneribus,
593 1383 727 1418 expeditis
739 1384 830 1414 armis,
844 1388 873 1410 ut
884 1384 1024 1413 membris,

230 1429 350 1455 pugnare
361 1421 474 1455 possint.
510 1419 599 1452 Quid?
610 1421 764 1447 exercitatio
777 1420 927 1456 legionum,
941 1420 1027 1456 quid‘?
1055 1449 1056 1453 ,

230 1457 274 1483 ille
285 1466 391 1488 cursus,
404 1466 560 1488 concursus,
575 1457 683 1487 clamor,
700 1459 793 1492 quanti
805 1458 904 1485 laboris
915 1459 967 1485 est!
986 1459 1027 1485 Ex

229 1494 278 1521 hoc
290 1494 336 1521 ille
346 1496 453 1521 animus
466 1495 492 1521 in
505 1495 614 1529 praeliis
625 1500 734 1530 paratus
745 1495 777 1522 ad
789 1495 911 1522 vulnera.
931 1495 1026 1522 Adduc

229 1533 286 1566 pari
299 1533 389 1559 animo
402 1533 606 1559 inexercitatum
618 1533 746 1559 militem:
764 1532 863 1559 mulier
878 1533 1024 1560 videbitur.

228 1571 269 1595 38.
292 1568 363 1596 Cur‘?
383 1570 496 1596 Tantum
519 1570 628 1596 interest
648 1570 717 1596 inter
738 1579 838 1596 novum
860 1575 886 1597 et
909 1575 1026 1597 veterem

228 1607 390 1638 exercitum,
407 1612 540 1642 quantum
554 1608 658 1642 experti
669 1616 776 1634 sumus.

228 1643 388 1679 plerumque
410 1644 518 1670 melior:
544 1644 591 1670 sed
612 1644 680 1670 ferre
700 1644 832 1676 laborem,
856 1650 1026 1672 contemnere

228 1680 329 1707 vulnus
343 1681 509 1708 consuetudo
525 1681 610 1708 docet.
651 1682 722 1714 Quin
737 1683 817 1708 etiam
833 1682 972 1714 videmus.
991 1691 1025 1709 ex

228 1718 284 1743 acie
300 1718 387 1745 efferri
403 1727 483 1754 saepe
499 1719 618 1751 saucios;
637 1724 662 1745 et
676 1719 787 1753 quidem
804 1719 899 1746 rudem
911 1720 988 1746 illum
1000 1725 1026 1747 et

228 1755 447 1787 inexercitatum,
464 1757 591 1790 quamvis
606 1755 659 1782 levi
675 1757 743 1787 ictu,
764 1757 883 1791 ploratus
898 1758 1026 1792 turpissi-

228 1800 286 1818 mos
302 1792 394 1819 edere:
412 1797 437 1819 at
453 1802 515 1819 vero
531 1793 576 1819 ille
593 1794 754 1819 exercitatus
768 1798 794 1820 et
808 1799 887 1820 vetus
902 1794 937 1820 ob
951 1803 1025 1821 eam-

227 1838 280 1864 que
293 1838 347 1856 rem
359 1829 458 1861 fortior¹
469 1830 605 1856 medicum
617 1830 696 1857 modo
706 1831 855 1865 requirens,
865 1840 878 1857 a
889 1840 944 1866 quo
954 1831 1025 1858 obli-

227 1871 313 1901 getur,

265 1904 287 1931 0
300 1904 442 1935 Patrocles,
459 1904 569 1939 (inquit)
583 1907 618 1930 ad
634 1907 676 1930 vo's
691 1907 840 1936 ‹usli-eniens,
856 1907 987 1932 otia-ilium
1001 1911 1024 1932 el

506 1944 605 1968 vestr-tis
618 1951 708 1968 manus

262 1980 330 2011 peto',
341 1980 492 2012 priusquam
504 1981 620 2011 oppetam
630 1981 724 2005 niolam
732 1983 834 2012 pestem,
846 1981 934 2006 datam
945 1981 1024 2006 hosti-

507 2017 527 2042 li'
537 2025 628 2042 tinnitu:

263 2060 342 2085 neque
351 2055 458 2086 sanquis
468 2054 521 2079 ullo
529 2056 596 2086 potis
607 2058 643 2079 ese
652 2058 728 2086 pacto
737 2055 867 2086 profluens
873 2056 1023 2081 consistere:

261 2091 285 2115 si
295 2091 341 2122 qui
349 2092 476 2123 sapientia
488 2091 563 2123 maqi'
574 2095 659 2116 vestra
670 2092 780 2117 devitari
790 2094 858 2117 mors
865 2096 953 2124 polest.

263 2126 378 2160 Namque
389 2128 525 2160 Aesculapi
534 2129 672 2154 liberorum
681 2130 766 2154 saucii
779 2129 880 2161 opplent
893 2131 1022 2161 porticus:

262 2171 312 2189 tion
329 2167 410 2196 potest
430 2167 524 2190 accedi.
564 2165 589 2190 P.
614 2164 685 2190 Certe
699 2165 848 2198 Eurypylus
866 2167 907 2192 hic
922 2168 1022 2200 quidem

500 2206 543 2227 est.
584 2202 715 2227 Hominem
726 2204 881 2228 exercitum!

1049 507 1051 516 .

236 527 379 553 laborabat.
411 526 457 552 Est
469 527 536 551 inter
548 525 612 551 lim-c
624 530 710 551 tamen
722 524 854 559 quaedam
866 523 1026 551 similitudo.
1049 509 1057 556 ,l

496 602 536 626 36.
554 601 643 634 ltaque
656 599 704 630 illi,
718 600 765 634 qui
778 599 904 626 Graeciae
917 599 1027 625 sormam
1049 613 1057 623 ι,

234 647 321 664 rerum
333 637 503 672 publicarum
515 637 655 667 dederunt,
664 645 773 671 corpora
786 637 915 663 iuvenum
929 636 1027 662 lirmari
1050 642 1057 676 1}
1126 672 1152 698 b-

1049 675 1051 682 ⁴
1081 681 1121 698 ma
1148 677 1175 698 it.

818 1608 897 1634 Aetas
909 1609 1026 1635 tironum
1054 1616 1055 1626 ¹

1060 118 1301 145 tet-:noxis

1117 191 1218 214 ΙιιΙιω-Γ.
1233 189 1258 214 Ι’.
1274 190 1379 220 Quiesce
1393 192 1472 222 ἱρέων
1481 205 1517 210 -
1527 196 1549 216 et
1562 193 1652 217 eulnua
1662 193 1753 224 olltqa.

1079 226 1178 260 (titium
1190 226 1213 251 ui
1225 226 1379 261 Eurypylus
1390 232 1488 261 [maaet.
1501 236 1552 254 non
1565 234 1653 262 [maaet
1665 230 1805 263 Aesopum,

1286 263 1315 289 E.
1329 277 1364 282 —
1376 266 1418 289 ubi
1428 267 1530 296 (ortunu
1544 266 1658 292 uectoria

1120 305 1231 325 nostram
1239 303 1325 325 ‹ici-em
1335 303 1416 326 aciem
1428 303 1578 327 mctn'nmum
1588 317 1624 322 —

1055 355 1057 375 A
1080 342 1104 362 et
1121 342 1206 362 cetera
1222 337 1339 371 explicat
1355 338 1381 363 in
1397 337 1498 364 dolore.
1537 338 1581 364 Sic
1597 345 1636 366 eat
1655 340 1726 366 enim
1743 340 1875 374 inu-inpe-

1056 383 1057 415 ι
1081 382 1143 400 rans
1161 374 1285 400 militaris
1302 375 1327 400 in
1341 374 1400 401 lorti
1413 376 1470 401 viro
1501 375 1575 402 toria.
1615 376 1760 411 Ergotmw
1774 382 1876 403 vetera-

1056 422 1057 428 *
1081 420 1133 437 nus
1150 411 1227 437 miles
1244 411 1328 437 lacere
1345 413 1452 446 iuuerit:
1493 418 1569 439 octus
1589 414 1629 440 vir
1644 415 1806 448 sapiensque
1823 423 1874 440 non

1081 448 1196 483 poterit?
1215 448 1261 474 Ille
1274 458 1336 475 vero
1348 449 1459 479 melius,
1472 458 1502 476 ac
1514 459 1564 476 non
1577 450 1667 485 paullo
1677 451 1799 486 quidem.
1831 452 1872 477 to.

1080 487 1132 512 Sed
1155 485 1188 511 de
1212 486 1407 512 consuetudine
1431 486 1520 513 adbuc
1546 489 1743 514 exercitationi»
1770 488 1872 522 loquor,

1081 523 1200 549 nondum
1213 523 1246 548 de
1258 524 1357 549 ratione
1368 529 1394 550 et
1404 525 1544 559 sapientia.
1585 524 1714 551 Aniculae
1725 534 1803 560 saepe
1817 526 1876 551 ine-

1080 560 1153 586 diam
1176 560 1290 586 biduum
1312 566 1356 587 aut
1377 561 1495 587 triduum
1518 561 1615 588 ferunt.
1655 562 1766 588 Subduc
1781 562 1874 588 cibum

1081 606 1166 623 [trium
1178 597 1249 623 diem
1262 597 1389 624 athletae:
1409 599 1497 625 Iovem
1508 599 1680 634 Olympium.
1697 608 1759 625 eum
1773 600 1873 634 ipsum,

1079 635 1124 660 cui
1137 645 1165 660 se
1176 635 1320 664 exercebit.
1338 635 1504 670 implorabit:
1523 636 1590 663 lerre
1602 645 1652 662 non
1665 645 1743 671 posse
1754 645 1782 662 se
1794 637 1804 648 ’
1819 636 1875 662 cla-

1056 688 1057 701 ι
1216 672 1425 699 Consuetudinis
1446 682 1541 708 magna
1564 675 1605 700 vis
1629 679 1678 700 est.
1719 674 1875 700 Pernoctant

1056 714 1057 742 g
1082 714 1219 735 venatores
1232 710 1258 735 in
1271 710 1346 736 nive.
1362 711 1387 736 in
1401 711 1537 737 montibus
1549 712 1590 737 uri
1601 720 1629 737 se
1641 711 1788 746 patiuntur.
1811 710 1874 737 Inde

1056 746 1057 775 l
1081 746 1188 781 pugiles
1199 747 1334 773 caestibus
1346 749 1450 774 contusi
1463 756 1494 774 ne
1507 748 1815 783 ingemiscuntquidem.
1831 748 1872 774 kt.

1056 780 1057 803 l
1080 783 1132 810 Sed
1145 784 1210 818 quid
1223 784 1280 814 hos.
1296 785 1397 819 quibus
1404 784 1590 820 Olympiorum
1599 786 1707 812 victoria
1718 784 1874 811 consulatus

1056 810 1057 858 l
1080 821 1126 847 ille
1137 822 1266 856 antiquus
1279 822 1402 848 videtur?
1412 822 1572 858 gladiatores
1587 828 1631 849 aut
1642 822 1739 858 perditi
1752 822 1874 849 homines

1056 875 1057 893 ;
1079 863 1124 885 aut
1137 859 1242 885 barbari
1254 868 1321 893 quas
1333 859 1425 895 plagas
1437 859 1592 894 perferunt?
1605 869 1660 895 quo
1672 860 1750 886 modo
1761 859 1799 886 illi
1808 880 1814 889 .
1826 859 1874 894 qui

1080 896 1147 922 bene
1165 897 1278 922 instituti
1296 902 1372 927 sunt,
1394 898 1514 932 accipere
1530 897 1636 933 plagam
1653 897 1769 927 malunt,
1792 905 1873 931 quam

1080 934 1192 968 turpiter
1205 933 1305 959 vitarc‘?
1319 943 1400 968 quam
1413 943 1492 969 saepe
1503 940 1625 970 apparet,
1642 934 1710 961 nihil
1726 943 1771 960 eos
1783 933 1872 964 malle,

1055 972 1057 978 “
1079 979 1160 1005 quam
1185 970 1226 996 vel
1253 971 1362 997 ‹lomino
1383 971 1536 998 satisfacere
1558 972 1599 998 vel
1621 971 1739 1006 populo?
1765 972 1874 997 mittunt

1078 1009 1158 1034 etiam
1171 1007 1330 1034 vulneribus
1341 1009 1454 1035 confecti
1465 1009 1498 1035 ad
1514 1009 1650 1039 dominos,
1668 1010 1716 1044 qui
1733 1013 1872 1043 quaerant,

1056 1051 1057 1059 ¹
1078 1045 1145 1080 quid
1162 1045 1258 1072 velint:
1281 1046 1304 1071 si
1320 1047 1385 1072 satis
1402 1046 1444 1072 his
1461 1046 1559 1073 factum
1576 1055 1627 1073 non
1639 1047 1687 1076 sit,
1705 1054 1733 1071 se
1745 1045 1813 1071 velle
1825 1045 1875 1071 de-

1056 1086 1057 1100 *
1078 1082 1216 1108 cumbere.
1257 1082 1323 1115 Quis
1340 1084 1482 1110 mediocris
1497 1084 1628 1119 gladiator
1644 1082 1793 1118 ingemuit?
1811 1083 1874 1117 quis

1080 1120 1184 1146 vultum
1201 1121 1314 1146 mutavit
1329 1120 1476 1155 umquam‘.J
1494 1122 1557 1155 quis
1573 1130 1624 1147 non
1637 1120 1715 1146 modo
1725 1121 1810 1149 stetit,
1827 1128 1875 1145 ve-

1080 1165 1138 1183 rum
1150 1158 1230 1183 etiam
1241 1157 1371 1183 decubuit
1387 1158 1517 1192 turpiter?
1531 1159 1608 1193 quis,
1625 1166 1710 1193 quum
1727 1157 1875 1183 decubuis-

1056 1197 1057 1200 ’
1078 1199 1131 1225 set,
1148 1193 1248 1220 serrum
1265 1196 1382 1230 recipere
1398 1196 1504 1226 iussus,
1521 1195 1621 1222 collum
1637 1193 1785 1221 contraxit?
1805 1195 1874 1220 Tan-

1079 1237 1135 1257 tum
1147 1232 1315 1264 exercitatio,
1333 1232 1484 1264 meditatio,
1501 1232 1667 1260 consuetudo
1685 1231 1763 1258 valet.
1803 1231 1874 1267 Ergo

1079 1269 1128 1295 hoc
1139 1270 1236 1304 poterit

1055 1303 1056 1334 l
1115 1306 1227 1338 Samnis,
1238 1315 1347 1340 spurcus
1360 1309 1440 1336 homo,
1451 1310 1507 1334 vita
1518 1309 1565 1334 illa
1575 1308 1661 1341 diynu'
1673 1308 1789 1340 locoque:

1055 1339 1056 1347 ¹
1079 1344 1120 1369 vir
1136 1349 1213 1370 natus
1229 1344 1262 1370 ad
1277 1344 1391 1381 gloriam
1410 1344 1492 1371 ullam
1509 1350 1611 1380 partem
1633 1345 1717 1371 animi
1733 1349 1786 1370 tam
1805 1343 1874 1370 mol-

1055 1396 1056 1399 =
1080 1381 1131 1407 lem
1149 1381 1271 1412 habebit,
1294 1391 1376 1417 quam
1391 1391 1443 1409 non
1456 1383 1627 1409 meditatione
1637 1387 1663 1409 et
1674 1382 1774 1409 ratione
1784 1389 1874 1408 corro-

1079 1419 1171 1445 boret‘?
1184 1418 1298 1446 Crudele
1313 1419 1493 1455 gladiatorum
1508 1419 1691 1455 spectaculum
1706 1425 1732 1446 et
1748 1418 1874 1445 inhuma-

1055 1459 1056 1466 ¹
1079 1465 1143 1483 num
1155 1456 1292 1483 nonnullis
1304 1457 1390 1483 videri
1402 1457 1482 1484 solet:
1499 1462 1525 1484 et
1537 1457 1607 1484 haud
1621 1458 1677 1484 scio
1689 1466 1721 1483 an
1733 1458 1766 1483 ita
1778 1456 1826 1486 sit,
1844 1461 1874 1482 ut

1078 1503 1150 1520 nunc
1161 1494 1198 1520 lit.
1239 1494 1329 1526 Quum
1345 1503 1408 1521 vero
1423 1500 1512 1521 sontes
1524 1494 1593 1521 ferro
1602 1494 1807 1530 depugnabant,
1825 1501 1874 1519 au-

1078 1532 1154 1557 ribus
1167 1531 1276 1558 fortasse
1289 1531 1401 1562 multae,
1415 1532 1501 1558 oculis
1512 1532 1624 1567 quidem
1634 1531 1708 1558 nulla
1719 1535 1820 1566 poterat
1830 1538 1874 1556 es·-

1054 1574 1055 1580 ¹
1077 1577 1106 1595 se
1119 1569 1209 1595 fortior
1219 1574 1309 1596 contra
1320 1569 1439 1596 dolorem
1451 1574 1477 1596 et
1488 1575 1598 1596 mortem
1610 1569 1765 1604 disciplina.

1133 1606 1226 1632 XVIII.
1253 1608 1294 1633 42.
1320 1607 1356 1633 De
1379 1607 1568 1633 exercitatione
1586 1611 1612 1633 et
1630 1605 1825 1633 consuetudine
1847 1610 1873 1631 et

1077 1645 1300 1671 commentatione
1311 1644 1379 1670 dixi.
1412 1645 1468 1679 Age
1479 1645 1526 1675 sis,
1541 1652 1612 1670 nunc
1623 1644 1656 1670 de
1668 1645 1768 1670 ratione
1780 1642 1873 1668 videa-

1077 1689 1152 1707 mus:
1165 1681 1217 1707 nisi
1228 1681 1295 1716 quid
1307 1682 1350 1707 vis
1361 1680 1394 1707 ad
1405 1681 1480 1707 haec.
1519 1681 1551 1708 A.
1567 1681 1658 1716 Egone
1669 1686 1697 1707 ut
1709 1685 1734 1707 te
1745 1679 1874 1714 interpel-

1078 1717 1148 1744 lem‘?
1168 1718 1206 1743 Ne
1223 1718 1272 1744 hoc
1287 1717 1399 1753 quidem
1414 1717 1526 1744 vellem:
1550 1719 1584 1744 ita
1601 1726 1643 1744 me
1658 1717 1691 1744 ad
1706 1717 1872 1743 credendum

1077 1761 1121 1781 tua
1132 1755 1207 1781 ducit
1217 1756 1310 1782 oratio.
1347 1756 1383 1781 M.
1398 1756 1472 1781 Sitne
1483 1756 1567 1790 igitur
1578 1755 1679 1781 malum
1691 1754 1766 1781 dolor
1777 1762 1870 1782 necne.

1076 1792 1157 1819 Stoici
1170 1792 1298 1823 viderint,
1315 1793 1363 1828 qui
1374 1792 1531 1819 contortulis
1541 1791 1706 1827 quibusdam
1718 1800 1748 1818 ac
1759 1791 1872 1818 minutis

1076 1829 1320 1860 conclusiunculis,
1339 1838 1388 1856 nec
1399 1829 1432 1856 ad
1443 1838 1540 1856 sensus
1551 1829 1786 1864 permanantibus,
1800 1828 1872 1854 effici

1077 1866 1183 1897 volunt,
1200 1876 1251 1893 non
1263 1876 1322 1893 esse
1333 1866 1435 1893 malum
1453 1867 1582 1893 dolorem.
1622 1867 1679 1902 Ego
1690 1865 1772 1897 illud,
1790 1865 1872 1900 quid-

1075 1904 1142 1939 quid
1154 1905 1201 1934 sit,
1221 1909 1323 1931 tantum
1339 1912 1412 1935 esse,
1430 1909 1562 1939 quantum
1574 1903 1710 1934 videatur,
1727 1911 1779 1929 non
1795 1907 1869 1938 puto.

1076 1941 1196 1976 falsaque
1212 1942 1272 1968 eius
1288 1942 1392 1968 visione
1407 1946 1433 1968 et
1448 1942 1538 1976 specie
1553 1941 1655 1968 moveri
1674 1941 1797 1967 homines
1811 1939 1872 1966 dico

1077 1979 1277 2009 vehementius,
1297 1978 1470 2013 doloremque
1486 1979 1546 2005 eius
1555 1987 1663 2005 omnem
1675 1986 1734 2004 esse
1745 1976 1872 2004 tolerabi—

1077 2016 1138 2042 lem.
1180 2016 1255 2042 Unde
1271 2016 1354 2051 igitur
1367 2015 1474 2043 ordiar?
1493 2025 1526 2042 an
1544 2016 1638 2042 eadem
1654 2015 1772 2042 breviter
1791 2014 1871 2040 attin-

1075 2062 1145 2089 gam.
1153 2062 1223 2088 quae
1230 2053 1308 2080 modo
1319 2053 1386 2084 dixi,
1395 2062 1449 2088 quo
1460 2052 1568 2080 facilius
1579 2053 1662 2080 oratio
1672 2051 1797 2087 progredi
1806 2059 1872 2086 pos—

1075 2092 1110 2117 sit
1126 2090 1250 2126 longius?
1279 2092 1320 2117 43.
1340 2091 1410 2117 Inter
1423 2099 1517 2117 omnes
1532 2091 1616 2126 igitur
1627 2090 1677 2116 hoc
1689 2093 1805 2119 constat,
1821 2096 1870 2114 nec

1075 2127 1166 2154 doctos
1183 2128 1306 2154 homines
1321 2127 1423 2159 solum,
1440 2128 1488 2154 sed
1503 2129 1584 2154 etiam
1598 2127 1732 2157 indoctos,
1750 2127 1869 2152 virorum

1075 2174 1133 2191 esse
1150 2165 1258 2191 tortium
1274 2170 1299 2191 et
1314 2166 1548 2201 magnanimorum
1564 2170 1589 2191 et
1603 2164 1763 2200 patientium
1777 2167 1804 2189 et
1817 2162 1870 2188 hu·
1886 2196 1891 2199 .

1075 2211 1152 2229 mana
1167 2203 1334 2229 vincentium
1350 2202 1492 2229 toleranter
1510 2201 1630 2228 dolorem
1645 2201 1714 2236 pati:
1737 2208 1786 2226 nec
1806 2207 1870 2225 vero

224 2236 272 2263 ubi
284 2241 387 2263 tantum
400 2237 488 2264 luctus
498 2239 679 2265 continuatur.
701 2239 783 2266 XVII.
795 2241 836 2266 39.
849 2240 925 2271 Vide,
939 2249 1021 2275 quam

225 2282 276 2300 non
288 2273 413 2301 flebiliter
424 2275 596 2310 respondeat:
614 2277 746 2303 rationem
761 2277 842 2303 etiam
853 2277 957 2309 afferat,
972 2286 1021 2304 cur

224 2319 309 2345 aequo
320 2312 410 2338 animo
420 2312 474 2338 sibi
486 2312 626 2339 ferendum
637 2314 685 2340 sit:

427 2365 464 2369 —
474 2350 504 2376 E.
520 2350 571 2382 Qui
580 2352 657 2377 alteri
668 2353 775 2377 exitium
784 2356 871 2385 parat,

259 2393 315 2411 eum
329 2387 396 2412 scire
412 2392 508 2420 oportet
522 2389 572 2414 sibi
584 2392 706 2421 paratam
718 2392 825 2421 pestem,
841 2394 870 2415 ut
882 2392 1021 2423 participet

640 2433 721 2451 arem.

223 2457 344 2485 Abducet
354 2460 495 2492 Patrocles,
509 2461 597 2492 credo,
610 2434 640 2488 uli
650 2461 761 2488 collocet
771 2463 798 2488 in
810 2463 904 2494 cubili,
917 2468 947 2489 ut
957 2463 1020 2490 vul-

224 2502 274 2520 nus
285 2495 398 2531 obliget:
414 2499 438 2524 si
449 2498 560 2533 quidem
573 2499 652 2525 homo
663 2504 713 2525 est.
753 2499 805 2525 Sed
817 2500 886 2526 nihil
897 2501 955 2527 vidi
966 2501 1020 2527 mi-

223 2539 284 2557 nuS.
324 2533 433 2564 Quaerit
443 2536 524 2566 enim,
538 2535 605 2570 quid
617 2541 706 2562 actum
717 2537 761 2562 sit.

259 2582 295 2587 —
305 2569 333 2595 P.
344 2570 482 2604 Eloquere:
496 2576 537 2598 res
548 2575 671 2606 Arqiodm
678 2575 780 2606 praetio
791 2578 817 2599 ut
827 2582 853 2599 se
862 2577 979 2601 stistinet.

258 2604 282 2630 E
284 2625 290 2631 .
297 2606 353 2632 Non
362 2610 430 2639 potis
438 2612 519 2642 ecfari
530 2612 629 2641 (datum
638 2612 722 2641 dictis,
735 2614 859 2644 quantum
868 2614 946 2645 sactis
955 2614 1018 2645 stip-
1046 2622 1048 2642 ;

619 2650 683 2680 petit

1050 2249 1052 2263 ÷
1073 2240 1220 2274 quisquam
1236 2239 1300 2270 fuit,
1317 2240 1366 2275 qui
1382 2248 1459 2270 eum,
1476 2240 1524 2274 qni
1539 2240 1573 2265 ita
1584 2243 1731 2274 pateretur,
1748 2245 1799 2263 non
1810 2235 1870 2262 lau-

1073 2277 1192 2303 dandum
1205 2281 1319 2311 putaret.
1359 2276 1437 2309 Quod
1448 2285 1511 2312 ergo
1522 2281 1547 2303 et
1557 2275 1707 2311 postulatur
1716 2283 1731 2300 a
1742 2273 1866 2303 sortibus,

1073 2319 1097 2341 et
1109 2313 1241 2344 laudatur,
1255 2322 1340 2349 quum
1353 2314 1390 2345 fit,
1404 2314 1431 2339 id
1443 2319 1488 2340 aut
1499 2314 1674 2340 extimescere
1684 2311 1809 2341 veniens,
1823 2316 1868 2336 aut

1073 2360 1124 2378 non
1138 2351 1204 2377 ferre
1215 2359 1355 2385 praesens,
1373 2359 1462 2377 nonne
1472 2355 1549 2385 turpe
1560 2349 1618 2377 est?
1631 2349 1714 2383 Atqui
1729 2347 1804 2377 vide,
1823 2355 1864 2373 ne.

1072 2397 1157 2423 quum
1172 2397 1265 2415 omnes
1281 2393 1367 2414 rectae
1383 2388 1467 2414 animi
1482 2387 1634 2414 affectiones
1649 2387 1762 2412 virtutes
1774 2384 1867 2419 appel-

1072 2425 1172 2455 lentur,
1189 2434 1242 2452 non
1257 2426 1293 2451 sit
1304 2425 1354 2452 hoc
1363 2426 1503 2460 proprium
1514 2432 1610 2450 nomen
1621 2423 1742 2449 omnium
1750 2442 1756 2452 ,
1774 2422 1821 2448 sed
1833 2421 1866 2448 ab

1071 2471 1110 2493 ea,
1119 2471 1188 2498 quae
1199 2471 1252 2489 una
1264 2463 1359 2489 ceteris
1371 2462 1528 2491 excellebat,
1536 2469 1629 2488 omnes
1640 2460 1791 2486 nominatae
1801 2460 1864 2484 sint.

1071 2500 1211 2535 Appellata
1221 2505 1262 2526 est
1271 2500 1344 2526 enim
1355 2508 1390 2526 ex
1401 2500 1458 2525 viro
1469 2499 1569 2524 virtus:
1592 2498 1644 2523 viri
1657 2502 1746 2523 autem
1758 2496 1866 2531 propria

1071 2538 1189 2564 maxime
1200 2542 1240 2563 est
1249 2536 1385 2563 fortitudo.
1419 2535 1504 2562 Cuius
1518 2543 1628 2561 munera
1640 2534 1694 2560 duo
1704 2538 1767 2560 sunt
1778 2533 1866 2559 maxi-

1047 2577 1049 2584 *
1071 2583 1113 2600 ma
1125 2576 1218 2601 mortis
1232 2573 1387 2608 dolorisque
1401 2573 1572 2606 contemptio.
1613 2570 1747 2597 Utendum
1757 2575 1797 2596 est
1812 2570 1866 2604 igi·

1070 2617 1112 2637 tur
1123 2611 1179 2642 his,
1197 2612 1221 2637 si
1233 2611 1341 2637 virtutis
1351 2614 1500 2644 compotes,
1519 2608 1561 2634 vel
1575 2609 1665 2642 potius
1680 2609 1705 2634 si
1719 2608 1771 2634 viri
1787 2607 1865 2633 votu-

1045 2659 1048 2671 ι
1069 2657 1130 2675 mus
1144 2657 1203 2675 esse
1211 2668 1217 2678 ,
1233 2648 1361 2682 quoniam
1372 2655 1386 2673 a
1397 2646 1464 2672 viris
1475 2646 1562 2672 virtus
1574 2654 1670 2672 nomen
1682 2650 1722 2671 est
1732 2649 1862 2671 mutuata.
