1941 3052
236 117 298 142 1090
783 113 840 138 1ξο.
876 110 911 137 Μ.
945 110 976 136 T.

233 187 298 213 rntio
313 189 461 219 comparata
472 188 521 209 ost.
562 182 608 208 llic
619 186 659 207 ent
671 181 714 207 itt·-
727 181 891 210 moderatus,
911 180 954 206 liic
970 180 1023 206 for·
1043 180 1045 188 ¹

233 225 281 253 tis,
305 223 347 249 liic
368 223 488 256 sapit-im.
513 220 568 248 liic.
591 224 616 244 et
637 218 808 244 nam-mutum
824 222 849 243 et
863 217 1022 244 cadentibuu
1044 247 1046 256 7

233 269 316 295 quum
330 259 440 292 reliquis
452 256 598 282 cuitunodis
614 261 668 281 tuin
686 256 802 281 maxime
820 254 926 285 liberis,
945 263 1023 289 pare·
1044 271 1045 285 1

234 298 273 324 bit
283 303 308 323 et
318 296 423 322 otu-alivi
437 298 576 329 praecepto
589 292 626 318 illi
641 293 735 318 veteri:
1043 289 1046 314 l

271 335 355 366 Nequi·
366 334 429 358 mn‘m
442 333 577 356 lau-tntumr
589 333 706 363 nimquam
719 333 762 354 nec
775 330 894 354 maerebit
905 331 988 358 infmia,
1043 317 1046 345 1

269 373 335 404 quor!
345 377 440 401 semiper
453 371 476 392 in
488 377 514 391 sn·
525 370 578 400 ipsu
588 376 682 391 munt-m
693 370 760 399 spi-'m
772 370 872 399 reponet
882 368 930 391 aui.
1044 368 1046 394 Ι

233 409 271 434 Ex
289 408 336 433 lun·
354 405 560 438 igiturl'lntonis
572 404 648 438 quasi
665 403 781 438 quodam
793 408 884 429 sunu-to
895 407 1023 438 augusto-

232 454 283 479 que
297 444 365 469 fonte
378 448 464 468 nostra
475 442 562 467 omnis
578 441 695 466 ninnnbit
706 441 798 467 oratio.
1045 452 1047 482 1

289 481 356 506 ΧΙΙΙ.
379 480 420 505 37.
443 478 516 505 Unde
540 479 620 511 igitur
645 478 742 504 rectius
762 477 844 503 ordiri
867 485 1021 512 possumus,

231 527 311 553 quum
323 527 335 542 n
348 516 484 542 communi
498 520 604 550 parente
616 514 726 541 nuturn‘?
737 523 815 550 quae,
829 514 964 549 quidquid
976 523 1023 549 ge-

233 556 303 585 nuit,
322 563 372 580 non
386 553 463 579 inodo
474 551 586 581 3111111111,
600 552 646 578 scd
659 553 738 578 etiam
750 551 821 586 quod
835 552 868 578 ita
880 556 967 577 ortum
981 560 1024 576 es·

232 597 294 618 sete
308 597 383 620 terra,
399 595 426 616 ιιι
437 590 568 624 stirpibus
579 590 636 615 suis
649 590 790 619 niteretur,
804 590 830 615 in
842 597 892 614 suo
902 588 1023 623 quidque
1045 590 1047 594 '

231 638 327 663 genere
348 628 494 663 perfectum
518 635 576 653 esse
597 626 690 652 voluit.
731 627 821 661 ltaque
837 631 862 652 et
877 626 984 651 arbores
999 630 1025 651 et

233 667 300 692 vites
316 670 341 691 et
356 674 399 695 ea.
417 674 485 699 (111110
501 669 563 690 sunt
579 664 735 694 humiliora,
758 672 844 698 neque
859 671 888 688 se
904 662 994 688 tollere
1010 671 1023 687 a
1045 661 1047 665 “

232 709 298 730 terra
311 703 390 728 altius
403 707 526 736 possunt,
545 701 595 727 alia
611 710 718 735 semper
734 701 834 731 virent,
853 699 917 729 alia,
936 700 1023 725 hicine

232 740 343 770 nudata,
362 748 441 765 verno
457 744 573 773 tempore
590 737 717 772 tepefacta
734 737 919 764 frondescunt:
937 745 1024 771 neque

231 776 452 811 estullum,qnod
466 785 515 802 non
530 776 562 802 ita
576 776 663 808 vigeat
677 776 798 801 interiore
810 774 926 809 quodum
939 779 1021 804 motu,
1046 798 1053 812 ,¹

231 821 257 841 et
267 815 324 841 suis
338 815 362 840 in
375 823 482 848 quoque
493 808 643 839 seminibus
656 812 780 843 inclusis,
798 817 826 838 ut
837 817 881 838 aut
892 811 968 838 llores
979 816 1024 837 aut
1046 808 1047 832 ἶ

232 852 323 887 frugi-s
335 851 426 877 fundat
440 856 484 877 aut
497 851 583 881 1111035,
596 850 739 885 omniaque
752 851 778 876 in
788 849 924 879 omnibus,
937 857 1024 884 quan·
1046 855 1047 874 i

232 895 288 916 tuni
307 890 331 915 111
350 889 415 922 ipsis
431 889 478 917 sit,
502 887 573 913 nulla
589 888 615 913 vi
633 887 809 922 impediente,
828 886 942 922 perfecta
958 887 1022 912 sint.

232 928 273 952 38.
297 926 412 952 Fut-ilius
425 934 486 951 vero
498 926 576 950 etiam
590 926 615 951 in
629 925 734 955 bestiis,
753 924 824 959 quod
842 924 884 950 his
899 932 995 950 sensus
1009 931 1023 949 a
1046 928 1047 961 ζ

230 969 324 990 natura
341 968 380 989 est
395 963 486 991 datus,
510 963 550 987 vis
567 962 652 996 ipsius
670 967 777 988 naturae
793 961 910 996 perspici
926 965 1022 996 potest.
1046 969 1047 995 j

233 1000 427 1035 Namquealias
440 1000 537 1025 bestias
550 1004 641 1025 nantes
652 1008 782 1034 aquarum
796 999 895 1025 incolas
906 1007 965 1025 esse
977 1006 1024 1024 vo-

233 1038 295 1069 luit:
312 1038 377 1063 alias
389 1037 511 1063 volucres
523 1037 594 1062 caelo
612 1036 662 1063 frui
681 1037 776 1068 libero:
793 1040 930 1071 serpentes
942 1044 1025 1071 quas·
1045 1027 1047 1064 ⁴]

232 1075 307 1106 dam,
327 1075 457 1110 quasdam
470 1083 528 1100 esse
539 1074 704 1109 gradientes,
722 1082 814 1100 earum
831 1075 950 1108 ipsarum
963 1081 1024 1107 par·
1045 1065 1047 1103 l

232 1113 279 1139 tim
300 1112 447 1147 solivagas.
471 1112 567 1146 partim
589 1116 776 1147 congregatas;
800 1112 931 1137 immanes
946 1111 1021 1140 alias.
1046 1106 1047 1130 l

231 1150 362 1184 quasdam
379 1154 466 1175 autem
483 1150 598 1181 cieurcs3
622 1148 764 1175 nonnullas
779 1148 884 1175 abditas
901 1153 1024 1182 terraque

233 1192 322 1214 tectas.
363 1187 449 1221 Atque
465 1195 555 1212 earum
571 1194 693 1220 quaeque
709 1195 789 1212 suum
807 1190 899 1212 tenens
915 1193 1024 1215 munuS,

232 1233 316 1259 quum
330 1224 356 1249 in
368 1224 484 1258 disparis
495 1224 638 1249 animantis
651 1224 732 1249 vitam
748 1224 859 1249 transire
870 1231 921 1249 non
929 1222 1022 1257 possit.

232 1266 320 1287 manet
336 1262 362 1287 in
380 1261 436 1296 lege
451 1265 569 1287 naturae.
609 1261 641 1287 Et
656 1265 686 1287 ut
702 1261 795 1287 bestiis
806 1260 880 1286 aliud
891 1260 936 1286 alii
948 1268 1025 1294 prae-

231 1299 304 1333 cipui
316 1308 329 1324 a
342 1303 433 1324 natura
445 1298 536 1324 datum
549 1302 597 1328 est,
606 1298 677 1332 quod
689 1307 770 1324 suum
782 1306 906 1333 quaeque
919 1298 1021 1327 retinet,
1046 1316 1047 1334 1

232 1345 280 1362 nec
295 1335 410 1362 discedit
425 1335 458 1362 al»
473 1344 516 1361 eo:
540 1336 578 1361 sic
594 1335 695 1361 homini
711 1335 795 1361 multo
806 1335 935 1370 quiddam
948 1342 1026 1369 prae·
1046 1338 1048 1355 ἰ

231 1374 358 1399 stantius:
377 1374 426 1399 etsi
438 1374 598 1407 praestantia
609 1373 707 1399 debent
719 1381 748 1399 ea
760 1372 828 1403 dici,
846 1380 915 1407 quae
927 1372 1026 1398 liabent
1046 1383 1048 1400 ς

231 1410 593 1445 aliquamcomparationem:
608 1410 742 1436 humanus
753 1415 841 1436 autem
853 1408 1026 1440 animus,de-
1046 1411 1055 1446 t}

231 1452 338 1482 cerptus
349 1456 382 1474 ex
394 1452 481 1473 mente
491 1447 662 1478 divina,cum
675 1447 727 1474 alio
738 1447 820 1477 nullo,
830 1448 882 1473 nisi
892 1455 954 1473 cum
967 1447 1025 1480 ipso

231 1485 294 1515 deo,
313 1486 336 1511 si
349 1485 397 1511 1100
410 1484 448 1511 fas
459 1490 499 1510 cst
509 1484 596 1515 dictu,
613 1485 761 1519 comparari
777 1489 872 1519 potest.
913 1485 954 1510 39.
977 1484 1025 1509 Hic

232 1523 323 1557 igitur,
336 1523 360 1548 si
372 1526 411 1548 est
422 1522 555 1552 excultus,
569 1523 628 1548 etsi
639 1523 698 1548 eius
709 1523 780 1548 acies
792 1524 827 1548 ita
838 1526 928 1548 curata
939 1526 988 1551 est,
997 1525 1026 1547 ut

232 1568 263 1585 ne
275 1564 397 1585 caecetur
409 1559 557 1586 erroribus:
575 1560 603 1585 lit
619 1559 734 1594 perfecta
751 1568 840 1590 mens,
856 1559 883 1585 id
895 1563 936 1585 est
946 1558 1026 1585 abso·
1047 1571 1049 1574 ⁴

233 1596 285 1622 luta
298 1597 376 1628 ratio;
390 1596 461 1631 quod
473 1601 513 1622 est
524 1596 595 1622 idem
607 1597 703 1623 virtus.
737 1597 778 1627 Et,
791 1597 814 1622 si
825 1605 904 1622 omne
917 1596 1023 1622 beatum
1047 1617 1049 1627 ,

232 1638 280 1661 est,
289 1634 332 1659 cui
344 1633 411 1659 1111111
423 1633 498 1660 deest
509 1638 534 1659 et
544 1633 616 1668 quod
629 1634 654 1660 in
667 1642 716 1660 suo
726 1642 823 1669 genere
835 1633 972 1668 expletum
986 1637 1026 1659 at-

231 1678 284 1705 que
299 1670 464 1696 cumulatum
477 1675 525 1701 est,
539 1670 620 1705 idque
633 1671 740 1697 virtutis
750 1675 789 1697 est
800 1671 953 1705 proprium:
967 1678 1026 1696 cer-

233 1712 256 1733 te
271 1716 364 1733 ornnes
379 1708 486 1734 virtutis
500 1713 636 1742 compotes
651 1708 721 1734 beati
738 1713 810 1734 sunt.
851 1708 883 1734 Et
897 1707 946 1733 hoc
961 1707 1026 1742 qui—

232 1744 294 1770 dem
307 1745 373 1770 mihi
388 1753 448 1770 cum
461 1746 539 1771 Bruto
551 1746 688 1775 convenit,
708 1745 734 1771 id
750 1750 790 1771 est
800 1753 861 1770 cum
874 1744 1023 1775 Aristotele,

232 1781 389 1813 Xenocrate,
403 1781 565 1816 Speusippo.
578 1781 729 1808 Polemone.
770 1782 839 1808 xlv,
853 1783 894 1808 40.
910 1781 960 1807 Sed
974 1782 1026 1807 mi-

233 1818 260 1844 111
278 1818 404 1845 videntur
419 1820 498 1845 etiam
515 1819 674 1845 beatissimi.
715 1818 785 1851 Quid
806 1820 878 1844 0111111
899 1818 974 1844 deest.
992 1818 1025 1844 ad

232 1855 307 1882 beate
324 1856 471 1882 vivendum
486 1857 524 1886 ei,
542 1857 589 1890 qui
601 1855 711 1882 conlidit
721 1857 779 1881 suis
791 1855 887 1882 bonis?
901 1860 959 1886 aut,
977 1855 1025 1890 qui

232 1892 345 1923 diffidit,
368 1893 462 1919 beatus
482 1901 540 1918 esse
561 1895 608 1927 (1111
624 1892 728 1927 potest?
747 1893 780 1918 At
797 1892 902 1919 diffidat
918 1900 1025 1918 necesse

233 1934 282 1959 est,
298 1930 345 1964 (1111
356 1929 423 1955 110113
435 1930 534 1956 dividit
545 1930 686 1963 tripartito.

232 2003 328 2038 Atqui.
347 2004 398 2029 nisi
410 2003 499 2029 stabili
512 2009 536 2029 et
548 2003 600 2029 lixo
611 2009 636 2029 et
647 2009 818 2038 permanente
830 2004 912 2033 bono,
931 2003 1025 2029 beatus
1047 2003 1049 2035 ξ

233 2048 291 2066 0550
308 2049 384 2067 nemo
399 2045 495 2075 potest.
534 2040 604 2072 Quid
620 2049 683 2075 ergo
698 2041 831 2067 eiusmodi
846 2042 957 2067 istorum
969 2040 1026 2066 est'?

232 2077 266 2104 Ut
277 2077 343 2103 1111111
356 2078 467 2104 Laconis
479 2077 545 2103 illud
557 2077 659 2103 dictum
673 2079 698 2104 in
713 2078 761 2104 hos
776 2078 870 2104 cadere
886 2078 1022 2104 videatur:

232 2115 280 2149 qui
291 2114 416 2150 glorianti
427 2114 534 2140 cuidam
547 2116 694 2145 mercatori,
710 2115 782 2150 quod
794 2115 892 2141 multas
904 2124 986 2141 naves
997 2115 1024 2141 in
1047 2125 1055 2152 1³

232 2160 339 2177 omnem
351 2161 423 2178 oram
437 2152 597 2178 maritimam
609 2153 766 2182 dimisisset,
775 2162 823 2178 non
834 2162 896 2178 sane
906 2154 1026 2185 optabitis

232 2191 331 2222 quidem
344 2192 405 2216 isla.
423 2190 510 2223 inquit
519 2209 524 2219 ,
541 2192 688 2215 rudentibus
698 2195 759 2222 apta
769 2193 882 2223 fortuna.
921 2190 962 2216 An
973 2189 1025 2215 du—

232 2225 309 2252 bium
321 2231 373 2257 est,
391 2227 456 2261 quin
473 2226 539 2252 nihil
551 2227 586 2252 sit
597 2226 751 2253 habendum
762 2227 788 2253 in
801 2235 832 2253 eo
841 2235 953 2262 genere,
970 2235 1025 2262 quo

233 2264 285 2289 vita
298 2263 372 2289 beata
385 2263 546 2298 completur,
563 2264 586 2289 si
603 2263 629 2289 id
644 2264 729 2298 possit
745 2263 849 2290 amitti?
866 2263 939 2290 Nihil
951 2264 1024 2301 enim

232 2301 434 2331 interarescere,
453 2300 520 2326 nihil
531 2301 682 2336 exstingui,
700 2301 768 2327 1111111
783 2301 876 2327 cadere
888 2301 1025 2327 debeteo-

232 2345 305 2368 rum,
323 2338 350 2363 in
365 2338 465 2372 quibus
482 2338 534 2364 vita
549 2338 624 2364 beata
635 2339 767 2364 consistit.
807 2339 873 2364 Nam
885 2339 934 2373 qui
946 2339 1025 2364 time-

232 2373 284 2405 bit,
302 2383 334 2400 ne
344 2375 410 2409 quid
422 2384 455 2401 ex
468 2375 508 2400 1115
520 2374 660 2409 deperdat,
679 2375 772 2401 beatus
783 2384 842 2401 esse
853 2385 904 2402 non
917 2376 1022 2410 poterit.

233 2412 272 2437 41.
295 2411 425 2438 Volumus
436 2413 507 2438 enim
516 2432 522 2442 ,
535 2420 610 2442 eum,
627 2413 674 2447 qui
686 2412 779 2438 beatus
790 2413 838 2443 sit,
855 2418 942 2439 tutum
953 2421 1021 2444 esse,

233 2447 595 2483 inexpugnabilem,septum
608 2454 686 2484 atque
698 2450 846 2477 munitum:
861 2459 911 2476 non
923 2455 952 2476 ut
962 2458 1024 2484 par-

234 2493 266 2510 vo
278 2490 348 2510 metu
361 2486 497 2519 praeditus
508 2487 552 2516 sit,
566 2486 613 2512 sed
625 2491 654 2512 ut
664 2486 747 2513 nullo.
769 2487 801 2512 Ut
812 2487 883 2512 enim
896 2488 1024 2513 innocens

233 2521 256 2546 is
267 2520 377 2553 dicitur,
396 2532 446 2549 non
463 2524 509 2558 qui
523 2523 616 2549 leviter
627 2528 715 2554 nocet,
733 2523 781 2549 sed
792 2525 840 2558 qui
851 2524 920 2550 nihil
932 2529 1021 2550 nocet:

726 1929 778 1961 Qui·
791 1930 862 1955 enim
875 1930 970 1964 poterit
980 1934 1025 1955 aut
1047 1955 1056 1974 Ι

232 1967 350 2000 corporis
371 1967 492 1992 lirniitate
512 1971 557 1992 aut
578 1966 696 1992 fortunae
716 1966 860 1993 stabilitate
875 1966 1026 1993 conlidere‘?
1047 1971 1048 1974 ’

234 2559 272 2583 sic
284 2559 341 2584 sine
352 2564 423 2585 metu
436 2561 458 2585 is
469 2560 609 2586 habendus
623 2565 672 2592 est,
688 2569 740 2587 non
751 2561 799 2595 qui
811 2569 905 2595 parum
918 2561 1020 2592 metuit,

233 2594 280 2620 sed
291 2596 338 2629 qui
354 2597 462 2623 omnino
477 2602 548 2623 metu
561 2602 645 2624 vacat.
685 2597 758 2629 Quae
773 2603 813 2624 est
823 2599 895 2624 enim
906 2598 957 2624 alia
970 2598 1024 2624 for-

235 2631 331 2663 titudo,
349 2633 402 2658 nisi
417 2634 499 2660 animi
515 2634 620 2661 affectio*
631 2643 717 2670 quum
729 2635 756 2661 in
767 2634 892 2662 adeundo
902 2635 1023 2670 periculo

1011 109 1297 136 CICERONIS

1074 185 1099 206 ct
1111 181 1136 206 in
1150 180 1238 206 labore
1249 189 1278 205 ac
1290 179 1379 206 dolore
1391 181 1503 215 patiens.
1512 186 1568 207 tum
1576 180 1667 216 procul
1679 181 1713 207 ab
1723 182 1796 208 omni
1809 189 1865 208 me-

1075 218 1120 242 tu?
1150 218 1190 243 62.
1213 218 1299 251 Atque
1320 217 1383 243 hacc
1401 222 1470 244 certe
1486 226 1537 244 non
1555 219 1588 244 ita
1605 227 1633 244 se
1649 219 1789 247 haberent.
1812 219 1864 245 nisi

1073 262 1152 280 onme
1169 254 1268 280 bonum
1287 255 1312 280 in
1331 262 1381 280 una
1399 254 1534 281 tinnit-nme
1548 261 1713 282 ‹omnum-ret.
1753 257 1805 287 Qut
1817 264 1866 281 nu-

1075 297 1127 317 tem
1144 290 1216 316 illam
1233 292 1350 317 maxime
1365 297 1480 326 optatam
1495 298 1520 318 et
1537 294 1681 327 expetitam
1697 294 1865 320 securitatem

1074 328 1252 362 (securitatem
1268 333 1356 354 autem
1373 337 1443 354 nunc
1459 329 1564 363 appello
1579 331 1737 356 vacuitatem
1749 331 1868 365 aegritu-

1074 365 1160 394 dinis.
1183 366 1208 391 in
1225 374 1277 400 qua
1295 366 1346 391 vita
1365 366 1596 400 1103131105113051,
1613 367 1866 403 hubert-quisquam

1075 407 1168 437 potent,
1181 404 1225 428 cui
1237 407 1282 428 aut
1293 403 1362 428 adsit
1373 408 1418 429 aut
1429 403 1522 428 adesse
1533 404 1617 438 posuit
1629 404 1772 430 multitudo
1784 405 1868 431 111310-

1075 439 1153 465 rum‘?
1174 440 1225 471 Qut
1243 445 1331 466 autem
1349 441 1443 474 poterit
1456 449 1515 466 esse
1531 440 1620 466 celsus
1631 447 1656 467 et
1666 447 1769 467 erectus
1785 447 1810 468 et
1825 450 1866 473 03,

1074 485 1143 511 quae
1159 476 1261 503 homini
1277 476 1397 503 accidere
1413 482 1538 512 possunt.
1553 479 1642 504 omnia
1659 486 1739 513 parva
1753 479 1866 510 ducens,

1052 517 1053 521 ’
1074 513 1181 548 qualem
1194 514 1342 548 sapientem
1353 523 1412 540 esse
1424 514 1558 544 volumus,
1572 516 1624 541 nisi
1634 515 1723 541 omnia
1734 516 1786 542 sibi
1801 517 1826 543 in
1838 524 1868 542 se

1075 552 1159 586 posita
1171 551 1309 577 censebit?
1320 552 1358 577 Λη
1372 551 1583 582 Lacedaemonii.
1599 552 1722 587 Philippo
1733 554 1867 580 minitanti

1076 597 1122 623 per
1142 588 1255 619 litteras,
1277 597 1306 614 se
1321 590 1424 618 omnia,
1444 597 1513 624 quae
1527 595 1698 619 conarentur,
1716 590 1869 624 prohibitu-

1076 634 1148 656 rum,
1162 626 1367 660 quaesiverunt,
1381 635 1445 652 num
1457 635 1486 651 se
1496 631 1566 653 esset
1577 627 1656 653 etiam
1669 628 1734 653 mori
1747 627 1869 662 prohibi-

1075 668 1166 689 turus:
1181 663 1264 692 viris,
1280 671 1361 697 quem
1372 664 1537 698 quaerimus,
1547 673 1597 690 non
1610 663 1694 690 multo
1706 664 1811 690 facilius
1823 664 1868 691 tali

1075 701 1164 726 animo
1181 701 1339 734 reperietur,
1357 709 1438 735 quam
1453 701 1549 726 civitas
1565 701 1709 727 universa?
1727 701 1816 733 Quid?
1835 701 1868 728 ad

1076 737 1144 763 11311(-
1157 736 1350 768 fortitudinem,
1363 738 1395 763 de
1407 746 1459 773 qua
1473 737 1622 772 loquimur,
1636 739 1809 773 temperantia
1821 738 1869 765 ad-

1076 775 1178 804 iuncta,
1196 783 1265 809 quae
1281 775 1316 800 sit
1331 775 1493 801 moderatrix
1507 776 1628 801 omnium
1647 777 1866 805 commotionum.

1075 811 1141 846 quid
1154 817 1239 846 potest
1250 811 1282 838 ad
1295 812 1370 838 beate
1383 813 1529 838 vivendum
1541 812 1635 838 deesse
1646 814 1684 844 ei,
1701 822 1782 848 quem
1795 813 1869 839 forti-

1076 849 1139 875 tudo
1154 849 1188 875 ab
1201 849 1369 883 aegritudine
1384 854 1409 876 et
1425 859 1438 875 a
1455 854 1525 876 metu
1544 850 1675 876 vindicet:
1695 850 1868 885 temperantia

1075 891 1132 913 tum
1143 895 1156 912 a
1171 886 1282 912 libidine
1295 891 1398 916 avocet,
1423 892 1478 913 tum
1490 887 1614 913 insolenti
1626 887 1760 913 alacritate
1770 888 1869 923 gestire

1076 932 1127 950 non
1139 923 1227 950 sinat‘?
1238 923 1305 949 Haec
1317 923 1421 950 eflicere
1434 925 1559 950 virtutem
1571 925 1748 953 ostenderem,
1759 925 1811 951 nisi
1821 933 1870 951 su-

1075 961 1226 995 perioribus
1242 960 1339 987 diebus
1354 966 1443 987 essent
1457 961 1599 996 explicata.
1641 962 1697 988 XV.
1720 963 1760 988 43.
1783 963 1870 997 Atque

1075 1007 1159 1033 quum
1173 998 1386 1033 perturbationes
1397 999 1480 1024 animi
1495 999 1646 1029 miseriam,
1663 998 1870 1025 sedationesau-

1077 1041 1128 1061 tem
1146 1036 1227 1061 vitam
1242 1035 1359 1062 efficiant
1375 1035 1492 1062 beatam:
1509 1036 1664 1071 duplexque
1684 1037 1750 1062 ratio
1765 1041 1871 1070 pertur-

1076 1073 1191 1099 bationis
1207 1073 1254 1102 sit,
1275 1072 1347 1108 quod
1364 1073 1503 1108 aegritudo
1514 1078 1538 1099 et
1551 1078 1637 1099 metus
1649 1074 1674 1099 in
1687 1073 1766 1099 malis
1775 1074 1870 1107 opina-

1076 1110 1123 1140 tis,
1141 1111 1168 1136 in
1184 1110 1315 1136 bonorum
1331 1115 1418 1136 autem
1434 1119 1521 1136 errore
1532 1110 1629 1136 laetitia
1641 1111 1759 1146 gestiens
1772 1109 1871 1137 libido-

1075 1156 1128 1182 que
1141 1152 1273 1173 versetur:
1287 1156 1371 1182 quum
1385 1147 1448 1174 haec
1458 1148 1547 1174 onmia
1558 1156 1620 1173 cum
1631 1147 1744 1174 consilio
1754 1152 1779 1173 et
1790 1148 1870 1174 ratio-

1076 1193 1108 1210 ne
1132 1189 1264 1220 pugnent;
1294 1185 1336 1210 his
1361 1189 1389 1211 tu
1410 1190 1462 1211 tam
1483 1185 1614 1219 gravibus
1635 1185 1867 1215 concitationibus,

1076 1226 1184 1257 tamque
1197 1222 1264 1256 ipsis
1279 1222 1348 1248 inter
1358 1230 1386 1248 se
1402 1222 1626 1248 dissentientibus
1642 1227 1721 1257 atque
1735 1222 1869 1248 distractis

1075 1268 1156 1294 quem
1169 1268 1295 1289 vacuum,
1309 1258 1437 1290 solutum,
1453 1259 1568 1285 liberum
1581 1259 1691 1289 videris,
1705 1260 1777 1285 hunc
1788 1259 1870 1286 dubi-

1076 1296 1145 1322 tabis
1157 1296 1263 1322 beatum
1276 1296 1382 1323 dicere?
1393 1297 1474 1332 Atqui
1485 1298 1593 1331 sapiens
1604 1305 1709 1332 semper
1720 1298 1754 1323 ita
1761 1296 1870 1323 affectus

1076 1338 1125 1360 est.
1166 1333 1278 1368 Semper
1289 1335 1372 1369 igitur
1382 1335 1490 1369 sapiens
1501 1334 1595 1360 beatus
1606 1339 1652 1360 est.
1693 1335 1780 1369 Atque
1790 1334 1870 1360 etiam

1076 1370 1267 1397 omnebonum
1284 1371 1406 1397 laetabile
1421 1376 1474 1398 est:
1497 1371 1569 1406 quod
1585 1376 1672 1397 autem
1688 1371 1825 1402 laetabile,
1842 1370 1870 1397 id

1077 1408 1288 1443 praedicandum
1304 1413 1329 1434 et
1340 1417 1402 1444 prae
1414 1417 1442 1435 se
1454 1408 1607 1435 ferendum:
1623 1408 1695 1443 quod
1708 1409 1757 1434 tale
1769 1413 1868 1439 autem,

1077 1445 1104 1471 id
1115 1446 1194 1472 etiam
1206 1446 1368 1482 gloriosum:
1383 1447 1407 1472 si
1422 1454 1484 1472 vero
1494 1445 1652 1481 gloriosum.
1665 1451 1734 1472 certe
1747 1445 1872 1472 laudabi-

1078 1482 1114 1509 le:
1137 1483 1209 1517 quod
1223 1483 1358 1510 laudabile
1369 1488 1471 1514 autem,
1488 1483 1605 1518 profecto
1619 1484 1699 1509 etiam
1713 1483 1868 1509 honestum:

1076 1520 1149 1555 quod
1165 1520 1265 1546 bonum
1282 1521 1378 1556 igitur,
1395 1520 1423 1547 id
1439 1520 1591 1547 honestum.
1632 1521 1672 1546 kt.
1695 1521 1727 1546 At
1742 1529 1810 1555 quae
1826 1520 1870 1546 isti

1077 1557 1145 1583 bona
1157 1563 1307 1584 numerant.
1317 1567 1348 1584 ne
1360 1558 1412 1592 ipsi
1424 1558 1535 1593 quidem
1543 1558 1651 1584 honesta
1662 1557 1768 1583 dicunt:
1782 1557 1870 1583 solum

1077 1595 1160 1630 igitur
1171 1595 1281 1625 bonum,
1294 1595 1366 1630 quod
1379 1595 1535 1621 honestum:
1552 1603 1587 1622 ex
1596 1603 1651 1629 quo
1661 1594 1777 1620 eflicitur
1787 1594 1871 1620 hone-

1077 1637 1142 1658 state
1154 1640 1206 1658 una
1218 1633 1299 1658 vitam
1311 1633 1441 1659 contineri
1453 1633 1567 1658 beatam.
1601 1632 1658 1658 Non
1673 1637 1735 1657 sunt
1746 1632 1830 1666 igitur
1840 1639 1870 1657 ea

1054 1696 1055 1702 ,
1077 1669 1146 1695 bona
1157 1669 1269 1695 dicenda
1282 1678 1330 1695 nec
1343 1669 1478 1699 habenda,
1496 1669 1597 1704 quibus
1611 1668 1794 1695 abundantem
1809 1667 1871 1695 licet

1054 1736 1056 1746 ι
1077 1714 1136 1732 0550
1152 1706 1345 1732 miserrimum.
1387 1707 1427 1733 45.
1448 1706 1489 1732 An
1505 1706 1628 1735 dubitas,
1649 1706 1716 1740 quin
1732 1710 1871 1739 praestans

1054 1761 1056 1777 ,
1078 1742 1241 1773 valetudine,
1251 1743 1364 1773 viribus,
1379 1742 1472 1773 forma,
1485 1744 1623 1769 acerrimis
1636 1743 1870 1778 integerrimisque

1054 1790 1056 1824 i
1077 1780 1218 1810 sensibus,
1231 1780 1299 1806 adde
1310 1781 1399 1811 etiam,
1413 1781 1436 1806 si
1450 1780 1522 1810 libet,
1537 1781 1721 1815 pernicitatem
1733 1785 1758 1805 et
1770 1779 1871 1805 veloci-

1054 1826 1056 1851 Ι
1077 1822 1171 1848 tatem,
1184 1816 1217 1843 da
1228 1817 1351 1848 divitias,
1367 1817 1492 1847 honores.
1507 1818 1632 1852 imperia,
1645 1826 1723 1851 opes.
1740 1816 1868 1851 gloriam:

1054 1855 1057 1904 1
1077 1855 1100 1880 51
1112 1854 1193 1880 fuerit
1204 1854 1235 1885 15,
1249 1855 1296 1889 (1111
1309 1855 1373 1881 haec
1385 1855 1472 1883 habet,
1486 1855 1612 1885 iniustus,
1627 1855 1820 1888 intemperans,
1836 1853 1872 1880 ti—

1054 1907 1056 1920 ,
1077 1891 1182 1922 midus,
1200 1891 1289 1918 hebeti
1302 1892 1410 1927 ingenio
1421 1896 1500 1926 atque
1512 1891 1600 1918 nullo:
1622 1891 1796 1917 dubitabisne
1807 1898 1870 1917 eum

1077 1929 1206 1954 miserum
1222 1928 1329 1955 dicere?
1347 1929 1442 1960 Qualia
1459 1929 1542 1964 igitur
1557 1930 1605 1955 ista
1622 1928 1690 1955 bona
1708 1933 1784 1960 sunt,
1800 1935 1871 1962 quae

1077 1966 1125 2000 qui
1135 1966 1239 1996 habeat,
1254 1967 1422 1992 miserrimus
1433 1974 1492 1992 esse
1504 1965 1606 2000 possit?
1616 1965 1770 1995 Videamus,
1785 1973 1826 1995 1101
1839 1969 1871 1991 ut

1077 2011 1190 2029 acervus
1200 2011 1233 2029 ex
1244 2004 1287 2029 sui
1298 2004 1406 2039 generis
1416 2004 1517 2039 granis,
1530 2004 1569 2030 sic
1579 2003 1654 2029 beata
1670 2004 1723 2029 vita
1734 2011 1768 2028 ex
1777 2002 1821 2028 sui
1830 2002 1871 2028 si-

1054 2057 1056 2075 ,
1078 2040 1190 2066 milibus
1211 2041 1333 2075 partibus
1351 2040 1422 2067 ellici
1437 2040 1543 2067 debeat.
1582 2040 1659 2072 Quod
1674 2041 1698 2066 si
1714 2041 1749 2066 ita
1765 2043 1818 2071 est;
1835 2046 1871 2065 ex

1054 2077 1056 2083 ⁸
1077 2077 1168 2108 bonis,
1185 2086 1254 2112 quae
1269 2078 1325 2104 sola
1340 2077 1450 2104 honesta
1464 2082 1540 2108 sunt,
1563 2077 1735 2104 efficiendum
1751 2081 1791 2102 est
1805 2076 1871 2102 bea-

1077 2119 1144 2141 tum.
1184 2115 1220 2141 Ea
1237 2116 1319 2141 mixta
1335 2123 1368 2141 ex
1383 2115 1566 2141 dissimilibus
1581 2115 1603 2141 si
1618 2119 1708 2141 erunt:
1727 2114 1869 2140 honestum

1054 2148 1055 2188 i
1076 2160 1109 2178 ex
1125 2152 1167 2178 his
1182 2151 1253 2178 effici
1268 2152 1336 2178 1111111
1352 2153 1460 2187 poterit:
1483 2161 1536 2187 quo
1547 2152 1678 2181 detracto,
1695 2151 1762 2186 quid
1773 2150 1870 2184 poterit

1054 2194 1055 2219 l
1076 2189 1183 2215 beatum
1195 2189 1328 2225 intelligi?
1348 2190 1452 2216 Etenim
1464 2189 1599 2224 quidquid
1611 2194 1663 2219 est,
1681 2187 1753 2223 quod
1768 2187 1868 2213 bonum

1054 2228 1055 2247 i
1075 2227 1123 2257 sit,
1140 2226 1167 2252 id
1179 2227 1360 2262 expetendum
1371 2231 1425 2253 est:
1443 2226 1515 2261 quod
1526 2231 1615 2252 autem
1627 2225 1807 2260 expetendum
1816 2244 1822 2254 ,
1841 2223 1870 2249 id

1075 2269 1144 2290 certe
1156 2264 1374 2299 approbandum:
1387 2264 1459 2298 quod
1472 2272 1534 2290 vero
1545 2263 1710 2298 approbaris,
1725 2261 1752 2288 id
1761 2265 1868 2297 gratum

1075 2306 1270 2336 acceptumque
1285 2301 1455 2327 habendum:
1477 2309 1540 2336 ergo
1555 2302 1634 2326 etiam
1650 2299 1767 2334 dignitas
1781 2299 1806 2324 ei
1821 2298 1870 2324 tri-

1076 2338 1183 2365 buenda
1193 2344 1242 2365 est.
1273 2338 1349 2371 Quod
1360 2339 1383 2364 si
1395 2338 1430 2364 ita
1441 2342 1489 2364 est.
1504 2337 1638 2363 laudabile
1649 2337 1684 2362 sit
1695 2343 1803 2361 necesse
1812 2339 1866 2361 est:

1075 2375 1176 2402 bonum
1192 2377 1275 2411 igitur
1289 2383 1367 2402 omne
1385 2374 1529 2401 laudabile.
1567 2374 1609 2400 Ex
1619 2381 1672 2408 quo
1683 2372 1811 2402 eflicitur,
1827 2375 1866 2402 ut,

1075 2411 1633 2447 quodsithonestum.idsitsotumbonum.
1655 2409 1725 2435 xvi.
1739 2411 1779 2436 56.
1790 2408 1868 2441 Quod

1076 2451 1103 2476 ni
1114 2451 1149 2476 ita
1161 2450 1322 2480 tenebimus,
1336 2449 1420 2475 multa
1431 2453 1517 2479 erunt,
1525 2456 1594 2483 quae
1605 2447 1683 2473 nobis
1695 2446 1762 2472 bona
1774 2446 1868 2472 dicen-

1074 2487 1107 2513 da
1118 2489 1186 2514 sint:
1201 2488 1294 2514 omitto
1305 2487 1428 2518 divitias;
1441 2493 1518 2520 quas,
1531 2493 1616 2519 quum
1627 2484 1728 2519 quivis,
1741 2484 1868 2518 quamvis

1075 2524 1218 2560 indignus,
1234 2524 1331 2550 habere
1342 2523 1440 2558 possit,
1454 2523 1482 2548 in
1493 2522 1571 2548 bonis
1583 2530 1634 2547 non
1647 2529 1772 2547 numero:
1794 2519 1867 2555 quod

1075 2562 1147 2588 enim
1159 2567 1199 2588 est
1209 2562 1310 2588 bonum
1318 2581 1324 2592 ‚
1343 2561 1370 2587 id
1382 2568 1433 2586 non
1445 2559 1537 2594 quivis
1549 2558 1646 2585 habere
1658 2563 1757 2592 potest:
1774 2558 1867 2584 omitto

1051 2613 1054 2660 1
1074 2599 1241 2625 nobilitatem
1253 2598 1405 2632 famamque
1418 2595 1588 2631 popularem,
1607 2594 1750 2621 stultorum
1765 2595 1868 2629 impro-

1073 2635 1224 2671 borumque
1234 2643 1368 2662 consensu
1378 2634 1530 2660 excitatam.
1570 2633 1648 2664 Haec,
1660 2641 1730 2668 quae
1741 2631 1868 2658 5111111111-

1940 1111 1941 1132 „„
1937 1026 1941 1095 ῌΔ-
1936 930 1941 1009 —n
1934 826 1941 918 *⁴1
