1941 3052
321 109 650 136 EPISTOLARUM
679 108 732 136 AD
761 108 996 136 DIVERSOS
1035 109 1116 136 LIB.
1142 109 1176 135 X.
1207 110 1268 136 ΕΡ.
1292 112 1322 136 29
1343 112 1441 137 —33.

64 182 101 207 Ita
117 181 140 206 si
156 180 184 206 id
199 180 301 215 agitur,
323 184 352 206 ut
366 189 460 206 rursus
476 181 504 207 in
520 184 648 215 potestate
661 181 750 206 omnia
775 180 855 206 unius

64 219 131 244 sint.-
154 218 320 252 quicumque
340 218 363 243 is
384 222 436 248 est,
460 218 485 244 ei
505 226 547 244 me
562 218 687 252 profiteor
702 218 854 243 inimicum.

64 256 118 281 Nec
128 253 280 289 perieulum
291 258 332 280 est
342 254 438 286 ullum,
455 255 527 290 quod
538 264 585 290 pro
597 255 716 281 libertate
728 260 773 281 aut
784 254 857 281 refu-

63 293 137 328 giam
152 296 198 318 aut
212 291 348 326 deprecer.
389 293 413 318 4.
435 292 486 318 Sed
501 292 625 319 consules
641 301 728 327 neque
748 296 857 318 senatus

63 328 199 360 consulto,
217 337 303 364 neque
316 329 410 355 litteris
421 330 479 355 suis
490 334 680 364 praeceperant
691 329 772 360 mihi.
790 329 857 364 quid

65 366 190 393 facerem.
214 366 286 392 Unas
298 367 370 392 enim
381 371 441 401 post
451 367 514 393 Idus
525 368 631 393 Martias
643 367 753 393 demum
764 375 778 392 a
790 367 858 392 Pan—

64 412 92 430 sa
104 403 205 430 litteras
221 404 325 438 accepi,
342 405 370 430 in
385 404 486 439 quibus
502 404 622 430 hortatur
636 412 692 435 me,
709 409 739 430 ut
753 404 857 430 senatui

64 441 195 472 scribam,
213 449 256 467 me
271 445 297 467 et
311 442 459 468 exercitum
475 442 501 467 in
516 446 644 476 potestate
655 442 714 467 eius
725 441 856 467 futurum.

64 478 155 511 Quod,
177 487 263 513 quum
278 479 397 513 Lepidus
413 480 613 505 concionaretur
632 483 712 513 atque
731 478 858 504 omnibus

64 515 194 542 scriberet
205 524 233 541 se
244 517 394 542 consentire
405 525 467 542 cum
478 517 605 547 Antonio,
623 516 740 542 maxime
754 520 859 541 contra-

65 554 134 579 rium
149 552 208 579 suit.
249 554 317 579 Nam
332 553 433 588 quibus
448 553 642 579 commeatibus
658 553 742 579 invito
754 552 799 579 illo
811 561 859 587 per

65 589 139 616 illius
159 591 326 624 provinciam
346 590 464 626 legiones
484 590 628 616 ducerem‘?
648 594 706 621 aut,
729 590 752 615 si
772 594 858 615 cetera

64 628 234 658 transissem,
259 636 323 654 num
344 629 423 654 etiam
443 627 524 662 Alpes
545 632 662 662 poteram
684 627 856 658 transvolare,

65 673 134 699 quae
145 665 280 699 praesidio
292 664 366 690 illius
378 664 518 691 tenentur?
538 664 613 690 Adde
629 665 695 695 huc,
713 664 786 699 quod
797 672 859 698 per·-

66 701 130 728 ferri
155 702 255 728 litterae
280 701 353 727 nulla
373 702 524 728 conditione
543 706 700 736 potuerunt:
723 702 858 727 sexcentis

66 740 138 765 enim
154 739 218 765 locis
234 739 419 769 excutiuntur,
444 739 542 765 deinde
558 739 637 765 etiam
658 739 806 765 retinentur
825 739 858 764 ab

65 776 166 811 Lepido
177 775 318 802 tabellarii.
358 777 383 802 5,
405 776 475 802 Illud
490 785 532 802 me
543 776 682 803 Cordubae
693 785 741 811 pro
752 777 859 802 concio-

66 822 98 840 ne
110 814 225 844 dixisse,
243 822 321 839 ncmo
333 813 439 840 vocabit
450 814 476 839 in
488 813 602 840 dubium
611 835 617 845 ,
637 814 804 848 provinciam
816 822 858 839 me

65 850 142 882 nulli,
156 851 209 877 nisi
220 851 268 885 qui
279 850 312 877 ab
324 855 417 877 senatu
429 851 530 877 missus
542 851 673 882 venisset,
686 851 857 877 traditurum.

65 889 132 914 Nam
143 888 176 914 de
188 887 292 923 legione
303 888 452 924 Trigesima
463 888 589 915 tradenda
596 893 709 923 quantas
717 889 858 915 habuerim

65 926 260 956 contentiones,
278 925 346 960 quid
362 934 411 961 ego
426 925 562 952 scribam?
580 935 633 960 qua
648 926 743 952 tradita
759 931 859 961 quanto

64 971 112 998 pro
123 962 261 997 republica
272 962 402 989 infirmior
414 962 520 989 futurus
533 962 642 994 fuerim,
665 964 727 998 quis
740 963 860 999 ignorat?

65 1001 118 1027 Hac
129 1000 201 1026 enim
213 999 317 1036 legione
328 1000 383 1026 noli
394 1001 482 1027 acrius
493 1005 538 1027 aut
547 1001 698 1036 pugnacius
709 1001 859 1036 quidquam

65 1042 159 1073 putare
175 1045 243 1063 esse.
284 1037 371 1069 Quare
386 1046 448 1064 eum
460 1046 502 1064 me
513 1039 638 1064 existima
650 1047 721 1069 esse,
739 1039 787 1073 qui
803 1039 859 1073 pri-

65 1083 141 1101 mum
151 1075 225 1109 pacis
236 1075 433 1109 cupidissimus
444 1076 511 1102 sim:
524 1075 626 1110 (omnes
633 1076 706 1102 enim
716 1076 790 1102 cives
801 1081 860 1102 stu-

65 1112 115 1139 deo
126 1112 204 1147 plane
216 1120 275 1138 esse
286 1112 375 1139 salvos
384 1113 514 1148 :)deinde,
523 1114 571 1148 qui
582 1118 608 1140 et
618 1122 661 1139 me
672 1118 698 1140 et
708 1113 859 1148 rempubli-

64 1158 123 1175 cam
144 1149 281 1176 vindicare
301 1150 329 1176 in
345 1150 494 1177 libertatem
509 1155 618 1185 paratus
633 1152 695 1177 sim.
736 1153 760 1177 6.
782 1150 859 1183 Quod

65 1187 226 1213 familiarem
247 1195 338 1214 meum
358 1192 465 1214 tuorum
481 1197 593 1215 numero
613 1188 710 1219 habes,
733 1189 859 1223 opinione

65 1229 110 1251 tua
121 1224 188 1250 mihi
200 1225 302 1259 gratius
313 1229 362 1252 est.
395 1225 505 1252 Invideo
516 1225 557 1252 illi
568 1230 666 1257 tamen,
679 1226 751 1261 quod
763 1226 860 1252 ambu-
881 1253 882 1256 ,

66 1261 101 1288 lat
113 1267 137 1288 et
149 1262 250 1288 iocatur
260 1266 360 1289 tecum.
399 1262 529 1295 Quaeres,
547 1264 641 1298 quanti
652 1263 810 1289 aestimem?
830 1263 859 1289 Si

66 1307 196 1334 umquam
214 1298 319 1326 licuerit
334 1301 425 1326 vivere
441 1301 469 1326 in
482 1301 549 1332 otio,
567 1301 729 1335 experieris:
753 1300 859 1327 nullum

65 1337 138 1363 enim
150 1337 295 1372 vestigium
307 1337 355 1363 ahs
367 1341 390 1364 te
402 1337 571 1364 discessurus
582 1346 654 1364 sum.
693 1337 763 1364 Illud
778 1338 860 1364 vehe-

66 1379 169 1400 menter
184 1374 314 1406 admiror,
331 1383 383 1401 non
399 1376 540 1410 scripsisse
551 1380 576 1402 te
588 1376 669 1407 mihi,
688 1375 820 1402 manendo
832 1376 859 1402 in

65 1412 218 1447 provincia,
234 1420 267 1438 an
282 1411 405 1439 ducendo
416 1413 562 1439 exercitum
574 1413 602 1439 in
614 1412 714 1439 Italiam
728 1413 860 1448 reipubli-

65 1457 111 1475 cae
122 1449 209 1484 magis
220 1448 372 1476 satisfacere
384 1451 496 1485 possim.
526 1450 583 1486 Ego
593 1450 714 1485 quidem.
730 1451 780 1477 etsi
792 1451 858 1477 mihi

65 1487 150 1513 tutius
162 1495 191 1512 ac
202 1487 292 1512 minus
305 1486 467 1514 laboriosum
483 1492 523 1514 est
538 1496 659 1519 manere,
675 1492 777 1519 tamen,
795 1489 859 1523 quia

65 1523 154 1555 video,
164 1523 211 1550 tali
222 1528 340 1558 tempore
351 1525 435 1552 multo
446 1525 533 1560 magis
546 1525 698 1560 legionibus
709 1534 778 1560 opus
788 1534 857 1557 esse,

64 1569 147 1596 quam
162 1561 324 1596 provinciis,
346 1571 415 1597 quae
436 1563 593 1597 praesertim
613 1563 765 1597 recuperari
785 1563 859 1589 nullo

65 1599 170 1634 negotio
182 1603 307 1633 possunt,
320 1600 460 1631 constitui,
473 1604 503 1626 ut
513 1608 585 1626 nunc
596 1604 648 1630 est.
666 1609 728 1626 cum
739 1601 859 1627 exercitu

64 1635 209 1670 proficisci.
248 1637 349 1663 Deinde
360 1646 394 1664 ex
408 1637 516 1668 litteris,
533 1646 601 1672 quas
612 1638 712 1664 Pansae
724 1638 801 1669 misi,
814 1646 860 1665 co-

65 1681 177 1708 gnosces
187 1674 291 1700 omnia:
305 1683 366 1700 nam
378 1675 427 1701 tibi
439 1683 531 1701 earum
542 1675 681 1710 exemplar
695 1676 767 1702 misi.
788 1684 857 1702 xvu.

65 1710 124 1737 Kal.
136 1710 222 1746 April.
235 1710 368 1738 Corduba.
408 1712 482 1739 vale,

118 1788 218 1810 xxxn.
237 1789 314 1810 ΑΚΘ.
329 1790 362 1810 De
378 1789 441 1809 Bulbi
456 1790 580 1816 ‹prmutoris
595 1790 631 1811 nui
646 1790 740 1816 flagitiis
751 1791 808 1811 etde
818 1798 858 1811 suo

65 1823 89 1844 in
98 1823 252 1850 rempublicam
264 1823 338 1844 studio
349 1823 448 1851 exponit.
481 1827 561 1848 (Occisis
571 1828 637 1848 Pansa,
647 1828 709 1845 nimio
719 1834 765 1845 ens».
777 1829 831 1849 τη.)

162 1863 192 1890 C.
217 1864 372 1891 ASINIUS
396 1865 537 1893 POLLIO
563 1867 761 1895 CICERONI.

122 1902 145 1926 l.
168 1895 273 1927 Balbus
293 1907 431 1936 quaestor,
458 1912 553 1938 magna
575 1910 713 1932 numerata
733 1906 856 1940 pecunia,

66 1946 163 1973 magno
174 1938 289 1972 pondere
301 1940 373 1970 auri,
390 1940 489 1966 maiore
505 1942 608 1975 argenti
622 1947 711 1969 coacto
722 1943 755 1969 ‹le
767 1943 859 1977 publi-

65 1975 105 2001 cis
116 1975 315 2006 exactionibus,
334 1985 365 2002 ne
381 1977 516 2011 stipendio
531 1978 641 2012 quidem
654 1979 787 2006 militibus
799 1980 859 2006 red-

65 2011 121 2039 dito
131 2012 209 2039 duxit
219 2022 247 2039 sc
259 2022 273 2039 a
287 2013 422 2044 Gadibus,
435 2019 461 2041 et
472 2014 591 2041 triduum
603 2021 759 2051 tempestate
772 2022 860 2043 reten-

65 2053 110 2076 tus
120 2049 153 2076 ad
164 2049 263 2084 Calpen
272 2071 278 2081 ,
295 2050 354 2077 Kal.
366 2051 451 2077 luniis
462 2052 565 2079 traiecit
576 2062 634 2079 sese
646 2054 672 2080 in
685 2063 797 2087 regnum
810 2055 860 2081 Bo-

65 2086 160 2123 gudis,
175 2087 252 2122 plane
264 2087 331 2114 bene
343 2088 504 2123 peculiatus.
544 2090 591 2116 llis
602 2088 757 2118 rumoribus
769 2096 859 2118 utrum

66 2124 155 2151 Gades
171 2125 312 2157 reseratur,
330 2134 362 2151 an
376 2126 498 2158 Romam,
515 2125 558 2161 (ad
572 2128 695 2163 singulos
706 2129 777 2155 enim
790 2138 860 2155 nun-

65 2162 116 2188 tios
128 2163 283 2196 turpissime
294 2163 406 2189 consilia
418 2164 522 2199 mutat,)
533 2165 652 2191 nondum
664 2166 729 2192 scio.
760 2168 786 2193 2.
807 2166 859 2192 Sed

66 2203 170 2234 praeter
185 2199 252 2226 furta
268 2204 293 2226 et
308 2201 415 2235 rapinas
431 2206 456 2227 et
471 2202 555 2236 virgis
575 2211 667 2229 caesos
688 2205 774 2230 socios
795 2203 860 2229 haec

66 2244 173 2272 quoque
189 2236 263 2264 fecit:
281 2237 320 2272 (ut
336 2238 392 2272 ipse
407 2237 515 2273 gloriari
527 2238 606 2271 solet,
623 2240 731 2271 eadem,
748 2250 817 2276 quae
828 2241 858 2267 C.

67 2273 188 2309 Caesam)
207 2274 292 2306 ludis,
309 2284 377 2310 quos
389 2275 512 2302 Gadibus
524 2275 599 2308 fecit,
620 2278 783 2304 Herennium
796 2278 860 2305 Gal—

67 2309 123 2337 lum
131 2311 297 2344 histrionem,
305 2321 412 2339 summo
423 2312 547 2339 ludorum
558 2313 600 2340 (lie
612 2315 711 2341 annulo
722 2324 802 2342 aureo
812 2315 861 2341 do-

67 2352 168 2380 natum,
182 2349 209 2375 in
220 2358 277 2376 xiv.
290 2358 396 2376 sessum
408 2350 533 2377 deduxit:
550 2355 587 2377 tot
596 2352 668 2378 enim
681 2351 777 2379 fecerat
787 2353 861 2379 ordi-

67 2393 115 2412 nes
125 2387 257 2421 equestris
270 2386 330 2414 loci.
368 2388 615 2420 Quattuorviratum
627 2389 680 2415 sibi
692 2391 857 2425 prorogavit:

67 2423 174 2450 comitia
195 2423 298 2450 biennii
314 2424 397 2451 biduo
413 2425 520 2456 habuit.
544 2425 593 2452 hoc
608 2431 662 2457 est,
685 2428 858 2458 renuntiavit,

68 2466 135 2494 quos
146 2460 171 2487 ei
183 2461 272 2487 visum
284 2466 336 2488 est:
359 2462 467 2489 exsules
479 2462 599 2494 reduxit,
621 2472 672 2490 non
686 2464 780 2490 horum
792 2469 861 2491 tem—

68 2503 173 2531 porum,
186 2498 233 2524 sed
245 2498 362 2531 illorum,
375 2500 476 2534 quibus
487 2508 500 2526 a
511 2500 646 2526 seditiosis
658 2507 766 2528 senatus
778 2502 861 2528 truci-

67 2532 146 2560 datus
157 2539 202 2561 aut
212 2536 342 2570 expulsus
352 2541 401 2568 cst,
414 2537 476 2564 Sex.
489 2537 557 2563 Varo
568 2538 737 2572 proconsule.
771 2541 796 2565 3.
815 2539 859 2565 llla

69 2571 199 2598 veroium
215 2581 247 2598 ne
262 2573 383 2600 Caesaris
403 2574 515 2609 quidem
535 2575 672 2610 exemplo,
694 2575 767 2610 quod
789 2576 860 2603 ludis

69 2612 245 2642 praetextam,
259 2610 292 2636 de
303 2620 352 2638 suo
364 2612 458 2638 itinere
469 2612 501 2638 ad
514 2613 544 2638 L.
557 2612 700 2639 Lentulum
713 2622 860 2648 proconsu-

70 2643 122 2670 lem
133 2645 346 2680 sollicitandum,
362 2649 462 2684 posuit.
501 2650 534 2677 Et
548 2649 659 2685 quidem
670 2659 756 2686 quum
768 2660 860 2687 agere-

1649 113 1698 139 743

907 184 958 211 tur,
972 178 1054 211 flevit,
1067 181 1195 207 memoria
1206 189 1296 207 rerum
1307 186 1445 217 gestarum
1456 186 1614 208 commotus.
1637 182 1701 209 Gla-

907 217 1056 244 diatoribus
1072 223 1174 249 autem,
1192 218 1305 245 Fadium
1322 219 1480 254 quemdam,
1498 219 1611 245 militem
1623 220 1702 246 Pom-

908 255 1048 289 peianum,
1066 256 1143 290 quia,
1160 264 1246 290 quum
1262 256 1406 291 depressus
1418 257 1445 283 in
1458 256 1552 282 ludum
1564 257 1607 283 bis
1619 258 1702 293 gratis

907 291 1102 327 depugnasset,
1125 294 1255 320 auctorari
1278 302 1337 320 sese
1357 294 1464 320 nolebat
1482 298 1507 320 et
1522 294 1555 320 ad
1570 295 1702 329 populum

908 328 1077 365 confugerat,
1095 331 1213 364 primum
1225 330 1317 357 Gallos
1332 332 1437 366 equites
1453 332 1566 358 immisit
1577 333 1604 357 in
1616 340 1703 366 popu-

910 366 980 392 lum:
1003 366 1117 401 (collecti
1129 369 1200 393 enim
1213 368 1315 402 lapides
1326 370 1427 395 suntin
1440 378 1516 399 eum,
1533 378 1619 404 quum
1631 370 1704 395 abri-

908 408 1017 438 peretur
1028 404 1128 430 Fadius
1136 405 1154 438 :)
1168 405 1266 431 deinde
1277 406 1440 432 abstractum
1452 406 1554 433 defodit
1566 407 1593 432 in
1605 406 1668 433 ludo
1679 412 1705 433 et

910 441 1004 466 vivum
1016 441 1178 468 combussit:
1196 451 1281 477 quum
1292 443 1404 478 quidem
1416 452 1545 478 pransus,
1563 443 1645 470 nudis
1657 452 1704 478 pe-

909 477 1004 509 dibus,
1027 479 1117 505 tunica
1135 479 1236 510 soluta,
1258 481 1386 506 manibus
1406 481 1438 507 ad
1460 486 1565 516 tergum
1586 482 1702 511 reiectis,

910 515 1102 547 inambularet,
1120 521 1146 542 et
1161 516 1201 542 illi
1217 518 1314 544 misero
1328 519 1467 552 quiritanti
1484 519 1512 545 C.
1531 519 1561 545 R.
1579 519 1705 545 NATUs

909 552 985 579 SUM
1007 553 1192 588 responderet:
1217 555 1269 580 Abi
1283 564 1367 586 nunc,
1381 555 1474 590 populi
1486 555 1566 581 sidem
1580 556 1702 590 implora.

909 590 1005 616 Bestiis
1017 599 1079 616 vero
1090 591 1164 617 cives
1176 592 1317 623 Romanos,
1333 593 1413 618 etiam
1425 593 1452 618 in
1465 593 1508 619 his
1518 593 1704 619 circulatorem

909 627 1056 662 quemdam
1072 629 1241 660 auctionum,
1258 630 1429 656 notissimum
1442 630 1579 656 hominem
1591 630 1703 665 Hispali,

909 665 973 699 quia
985 664 1112 691 deformis
1129 670 1196 696 erat,
1214 666 1322 693 obiecit.
1363 667 1431 693 Cum
1443 667 1631 694 huiuscemodi
1644 677 1706 702 por-

909 706 981 728 tento
992 710 1033 727 res
1044 702 1113 728 mihi
1124 702 1183 729 fuit.
1206 703 1257 729 Sed
1269 704 1302 729 de
1314 703 1359 730 illo
1370 704 1447 738 plura
1458 713 1558 731 coram.
1580 707 1604 731 4.
1618 706 1703 735 Nunc,

909 739 981 773 quod
1002 744 1130 773 praestat,
1153 740 1220 774 quid
1241 750 1284 766 me
1305 741 1394 767 velitis
1416 741 1515 772 facere,
1541 743 1704 768 constituite.

910 777 974 802 Tres
986 775 1104 812 legiones
1117 777 1207 803 sirmas
1219 778 1317 804 habeo:
1331 787 1446 813 quarum
1459 788 1549 810 unam,
1566 780 1707 806 Duodetri-

910 814 1051 849 gesimam,
1062 823 1147 848 quum
1160 815 1193 841 ad
1205 823 1233 841 se
1245 816 1321 841 initio
1332 815 1397 842 belli
1409 817 1564 843 arcessisset
1574 817 1706 843 Antonius

911 852 960 877 hac
970 851 1171 885 pollicitatione,
1185 861 1238 887 quo
1250 853 1293 878 die
1306 854 1332 879 in
1344 858 1429 879 castra
1440 855 1568 884 venisset,
1582 854 1706 880 denarios

910 890 1062 923 quingenos
1073 889 1191 924 singulis
1202 890 1338 916 militibus
1349 890 1485 922 daturum,
1500 891 1527 917 in
1540 892 1650 917 victoria
1662 900 1707 917 ve-

910 935 939 952 ro
958 926 1052 952 eadem
1072 928 1204 961 praemia,
1228 936 1297 962 quae
1315 928 1373 954 suis
1392 927 1558 964 legionibus;
1581 929 1707 963 (quorum

910 964 973 998 quis
988 963 1070 990 ullam
1088 964 1168 990 finem
1180 969 1226 991 aut
1237 965 1347 991 modum
1360 965 1480 992 futurum
1492 966 1624 1000 putavit?)
1639 967 1707 992 inci-

910 1001 1069 1027 tatissimam
1086 1002 1198 1033 retinui,
1217 1011 1295 1038 aegre
1310 1003 1492 1029 mehercules:
1515 1012 1564 1029 nec
1579 1004 1707 1030 retinuis-

910 1047 980 1069 sem,
999 1039 1023 1064 si
1039 1047 1093 1065 uno
1110 1039 1166 1065 loco
1182 1040 1353 1071 habuissem,
1375 1045 1466 1075 utpote
1482 1049 1568 1075 quum
1584 1041 1707 1077 singulae

910 1076 1043 1110 quaedam
1055 1076 1176 1103 cohortes
1188 1077 1348 1104 seditionem
1360 1077 1481 1105 fecerint.
1501 1078 1629 1113 Reliquas
1640 1088 1708 1113 quo-

909 1122 963 1148 que
979 1113 1098 1149 legiones
1114 1123 1167 1140 non
1182 1114 1284 1141 destitit
1300 1115 1395 1141 litteris
1410 1120 1489 1150 atque
1504 1116 1617 1142 infinitis
1628 1116 1708 1150 polli-

910 1151 1084 1177 citationibus
1096 1152 1217 1178 incitare.
1258 1153 1312 1178 Nec
1328 1162 1390 1179 vero
1405 1154 1497 1179 minus
1509 1153 1628 1188 Lepidus
1640 1154 1708 1180 ursit

910 1197 953 1214 me
966 1193 992 1215 et
1002 1189 1060 1215 suis
1071 1193 1097 1215 et
1107 1189 1216 1216 Antonii
1228 1189 1332 1221 litteris,
1345 1195 1374 1216 ut
1385 1190 1516 1226 legionem
1529 1191 1707 1226 Trigesimam

910 1227 1043 1252 mitterem
1064 1226 1128 1253 sihi.
1173 1229 1198 1253 5.
1225 1228 1317 1262 Itaque
1342 1236 1423 1262 quem
1449 1229 1597 1254 exercituin
1620 1237 1707 1263 neque

910 1263 1027 1290 vendere
1038 1263 1103 1290 ullis
1115 1265 1242 1299 praemiis
1254 1264 1342 1295 volui,
1360 1274 1409 1291 nec
1420 1274 1511 1291 eorum
1524 1266 1706 1300 periculorum

910 1305 998 1332 metu,
1015 1310 1098 1336 quae,
1116 1302 1265 1328 victoribus
1281 1302 1350 1333 illis,
1368 1303 1608 1336 portendebantur,
1625 1303 1708 1329 dimi-

911 1347 1005 1369 nuere,
1027 1338 1133 1365 debetis
1148 1339 1303 1365 existimare
1319 1344 1451 1366 retentum
1473 1345 1499 1366 et
1519 1345 1706 1367 conservatum

910 1375 1077 1410 reipublicae
1088 1385 1160 1402 esse:
1179 1382 1258 1411 atque
1270 1377 1304 1403 ita
1317 1377 1438 1408 credere,
1452 1377 1644 1413 quodcumque
1656 1379 1708 1404 im-

910 1414 1069 1448 perassetis,
1088 1413 1220 1440 facturum
1237 1413 1335 1445 fuisse,
1352 1415 1388 1445 si,
1407 1415 1479 1449 quod
1490 1415 1623 1446 iussistis,
1644 1415 1706 1441 feci.

911 1452 977 1477 Nam
989 1456 1015 1477 et
1025 1452 1192 1485 provinciam
1204 1452 1231 1477 in
1243 1452 1310 1483 otio,
1327 1456 1352 1478 et
1363 1457 1512 1478 exercitum
1525 1453 1551 1478 in
1563 1461 1621 1478 mea
1633 1458 1707 1487 pote-

911 1493 976 1515 state
989 1489 1077 1514 tenui:
1096 1488 1197 1515 finibus
1212 1498 1286 1515 meae
1302 1490 1456 1524 provinciae
1468 1499 1602 1524 nusquam
1614 1499 1708 1516 exces-

910 1527 948 1552 si.—
965 1526 1079 1552 militem
1096 1535 1147 1552 non
1165 1526 1243 1553 modo
1260 1526 1451 1562 legionarium,
1475 1527 1522 1552 sed
1539 1536 1571 1553 ne
1592 1527 1708 1554 auxilia-

911 1564 981 1589 rium
994 1563 1105 1598 quidcm
1119 1563 1206 1590 ullum
1219 1573 1355 1599 quoquam
1367 1565 1443 1590 misi:
1461 1568 1499 1595 et,
1515 1565 1618 1599 siquos
1629 1566 1707 1600 equi—

911 1606 950 1627 tes
966 1601 1125 1627 decedentes
1141 1606 1235 1627 nactus
1255 1610 1330 1632 sum,
1354 1601 1489 1636 supplicio
1509 1601 1595 1628 affeci.
1635 1602 1707 1634 Qua-

911 1647 971 1664 rum
993 1647 1082 1664 rerum
1100 1638 1216 1665 fructum
1237 1640 1302 1665 satis
1324 1648 1452 1673 magnum
1474 1639 1612 1673 republica
1633 1639 1707 1666 salva

911 1675 1006 1702 tulisse
1018 1684 1060 1701 me
1072 1676 1182 1710 putabo.
1217 1676 1269 1702 Sed
1287 1676 1439 1711 respublica
1451 1677 1527 1702 sime
1539 1677 1604 1703 satis
1616 1678 1708 1703 novis-

911 1718 951 1739 set
965 1718 991 1740 et
1006 1714 1090 1739 maior
1101 1722 1163 1748 pars
1177 1719 1300 1744 senatus,
1321 1715 1434 1740 maiores
1450 1723 1484 1740 ex
1496 1722 1537 1739 nie
1550 1714 1652 1740 fructus
1665 1719 1707 1741 tu-

912 1750 995 1777 lisset.
1036 1751 1194 1785 Epistolam,
1210 1760 1291 1786 quam
1303 1751 1393 1781 Balbo,
1408 1760 1492 1785 qutun
1505 1752 1584 1777 etiam
1597 1753 1707 1778 nuncin

911 1788 1049 1823 provincia
1065 1793 1148 1819 esset,
1169 1789 1280 1824 scripsi,
1305 1788 1445 1823 legendam
1463 1789 1511 1815 tibi
1529 1790 1604 1815 misi:
1627 1790 1707 1816 etiam

911 1831 1075 1860 praetextam
1087 1827 1110 1852 si
1122 1826 1196 1852 voles
1209 1827 1309 1862 legere,
1326 1826 1434 1853 Gallum
1445 1826 1613 1858 Cornelium,
1630 1826 1708 1853 fami-

912 1863 1004 1889 liarem
1016 1872 1115 1891 meum.
1130 1865 1241 1898 poscito.
1275 1873 1309 1890 vi.
1327 1864 1390 1890 ldus
1401 1864 1501 1895 lunias,
1517 1864 1650 1890 Corduba.

964 1942 983 1962 X
990 1942 1007 1961 λ
1014 1942 1075 1962 ΧΗΙ.
1094 1942 1112 1962 Α
1120 1943 1137 1961 t<
1145 1942 1171 1961 G.
1189 1941 1263 1962 I'ulliu
1278 1941 1423 1961 calamitatem
1439 1941 1537 1968 deplorat
1554 1941 1607 1968 reip*
1624 1942 1707 1968 praelii·

910 1976 1033 1996 Mutinensi
1044 1980 1165 2004 accepturu.
1177 1983 1244 2003 seque
1253 1977 1362 1997 cummuni
1372 1977 1474 1997 incendio
1486 1984 1600 1997 intr-irrerc
1609 1981 1707 2003 pnrntun·

910 2011 1016 2032 outeutlit.
1048 2014 1078 2036 (ln
1087 2012 1178 2037 Hispani·
1188 2013 1284 2034 ulteriore,
1294 2013 1359 2031 occisis
1368 2014 1434 2035 Pansa,
1444 2013 1508 2032 Hirtio
1517 2021 1564 2033 ceu.
1577 2015 1629 2034 511.)

969 2095 992 2119 l.
1015 2088 1048 2120 S.
1061 2094 1090 2120 V.
1106 2095 1134 2120 B.
1149 2095 1177 2120 Ε.
1191 2095 1221 2120 Ε.
1234 2094 1266 2126 Q.
1281 2095 1311 2120 V.
1351 2096 1409 2126 Quo
1429 2094 1531 2120 tardius
1549 2095 1645 2120 certior
1661 2095 1707 2120 tic-

911 2139 967 2156 rem
979 2130 1012 2156 de
1024 2131 1133 2165 praeliis
1145 2131 1216 2165 apud
1229 2132 1359 2157 Mutinam
1372 2131 1462 2162 tactis,
1479 2131 1598 2166 Lepidus
1609 2131 1704 2160 etl‘ecit.

911 2168 958 2202 qui
971 2176 1043 2193 meos
1055 2168 1206 2194 tabellarios
1218 2177 1313 2195 novem
1326 2168 1384 2194 (lies
1396 2169 1518 2196 retinuit:
1534 2170 1637 2195 tametsi
1650 2174 1707 2195 tan-

912 2210 964 2231 tam
980 2205 1158 2231 calamitatem
1176 2205 1340 2239 reipublicae
1356 2214 1437 2240 quam
1450 2206 1602 2232 tardissime
1614 2206 1706 2231 andire

910 2242 1057 2276 optandum
1074 2247 1126 2274 est3
1149 2242 1196 2268 sod
1214 2242 1282 2273 illis,
1304 2243 1352 2277 qui
1368 2243 1494 2277 prodesse
1511 2243 1578 2269 nihil
1595 2248 1708 2277 possunt

912 2287 998 2314 neque
1011 2279 1122 2306 mederi.
1163 2280 1249 2314 Atque
1267 2280 1367 2305 utinam
1384 2280 1476 2306 eodem
1488 2279 1707 2306 senatuscmisul—

912 2321 946 2346 ιο,
959 2325 1013 2351 quo
1024 2316 1151 2342 Plancum
1163 2316 1326 2350 ottvpidnm
1339 2317 1365 2342 in
1378 2317 1479 2343 ltaliam
1491 2318 1650 2345 arcessistis,
1664 2326 1706 2343 me

911 2362 1019 2388 quoque
1043 2354 1191 2380 iussissetis
1213 2355 1316 2379 venire!
1348 2354 1464 2388 profecto
1488 2363 1539 2380 non
1561 2356 1707 2389 accepisset

912 2390 1064 2425 respublica
1077 2391 1125 2417 boc
1139 2390 1247 2417 vulnus.
1288 2392 1346 2422 Quo
1356 2392 1378 2417 si
1390 2392 1437 2426 qui
1450 2391 1579 2418 lau-tantur
1591 2394 1616 2418 in
1630 2401 1706 2426 prae-

911 2429 1010 2458 sentia,
1033 2428 1096 2463 quia
1119 2428 1244 2454 videntur
1262 2433 1287 2454 et
1307 2429 1390 2454 duces
1411 2434 1435 2455 et
1452 2430 1569 2455 veterani
1585 2430 1705 2455 Caesaris

913 2466 1028 2499 partium
1046 2466 1193 2496 interiisse,
1218 2471 1305 2491 tamen
1323 2465 1461 2500 postmodo
1478 2475 1586 2492 necesse
1603 2472 1642 2493 est
1658 2466 1705 2493 do-

914 2502 996 2533 leant,
1012 2511 1096 2537 qutun
1115 2503 1264 2529 vastitatem
1282 2503 1370 2529 ltaliae
1387 2504 1562 2538 respexerint.
1603 2505 1668 2530 Nam
1681 2509 1705 2530 et

913 2540 994 2565 robur
1013 2545 1039 2566 et
1058 2540 1168 2566 suboles
1184 2540 1300 2566 militum
1320 2541 1433 2570 interiit,
1451 2541 1474 2567 si
1488 2541 1613 2575 quidem,
1636 2550 1705 2576 (luite

913 2577 1082 2608 nuntiantur,
1101 2577 1155 2604 ulla
1171 2587 1204 2604 ex
1221 2583 1293 2612 parte
1311 2587 1371 2603 vera
1387 2583 1459 2604 sunt.
1499 2580 1525 2604 2.
1548 2579 1639 2614 Neque
1655 2587 1705 2613 ego

912 2623 963 2640 non
977 2614 1112 2645 videbam,
1125 2620 1225 2650 (planto
1236 2615 1297 2641 usui
1311 2615 1475 2649 reipublicae
1486 2624 1573 2642 essem
1587 2616 1702 2646 futurus,

911 2652 935 2678 si
946 2651 979 2678 ad
991 2652 1123 2687 Lepidum
1137 2654 1286 2679 venissem:
1304 2661 1411 2679 omnem
1423 2653 1495 2680 enim
1507 2654 1703 2681 cunctationem
