1941 3052
457 134 644 162 ORATIO
676 135 766 162 PRO
798 135 829 162 L.
863 134 1065 162 FLACCO.
1090 134 1187 162 CAP.

73 204 121 232 sed
141 203 255 231 salutem
276 209 406 236 nostram,
428 214 496 240 quae
516 215 564 241 spe
584 206 681 242 exigua
696 210 868 241 extremaque
888 205 891 220 ¹

73 242 180 278 pendet,
194 243 375 269 tenuerimus:
389 243 456 269 nihil
469 247 508 269 est
520 248 662 278 praeterea,
676 252 730 279 quo
740 243 869 280 confuge-

72 288 101 307 re
112 280 263 314 possimus:
281 280 333 306 nisi
346 279 424 311 forte,
437 289 506 315 quae
517 289 559 307 res
571 281 619 307 hoc
631 281 731 307 iudicio
743 286 866 312 tentetur,

72 317 140 353 quid
151 321 257 353 agatur,
275 317 320 343 cui
330 326 441 344 caussae
452 317 625 345 fundamenta
637 319 780 350 iaciantur‚
797 318 869 345 iudi-
889 314 891 344 i

72 363 130 386 σεε,
148 363 200 381 non
216 354 323 381 videtis.
364 356 388 381 5.
406 355 603 382 Condemnatus
614 357 701 387 estis,
719 357 766 391 qui
778 356 870 382 Catili-

73 400 144 423 nam,
167 392 242 428 signa
263 392 364 427 patriae
383 392 550 424 inferentem,
573 393 720 420 interemit:
742 393 808 428 quid
829 397 869 419 est

72 437 196 460 caussae,
218 438 267 455 cur
282 438 334 456 non
349 430 386 461 is,
407 430 456 465 qui
473 430 612 457 Catilinam
628 439 661 457 ex
675 431 744 457 Urbe
758 430 866 465 repulit,

73 466 261 502 pertimescat?
281 467 420 501 Repetitur
435 467 467 493 ad
484 476 610 502 poenam,
628 468 676 503 qui
687 468 786 494 indicia
797 477 870 494 com-

73 504 164 530 munis
176 504 251 530 exitii
263 505 380 539 excepit:
403 513 451 531 cur
461 505 513 531 sibi
524 505 639 531 confidat
654 506 690 536 is,
707 506 755 540 qui
767 514 796 531 ea
808 514 870 540 pro-

73 541 182 568 ferenda
203 546 228 568 et
248 541 430 576 patefacienda
450 542 572 569 curavit?
593 542 662 569 Socii
683 543 866 573 consiliorum,

73 579 204 610 ministri,
222 580 388 614 comitesque
404 584 548 606 vexantur:
571 580 638 615 quid
654 584 787 610 auctores,
801 580 868 614 quid

72 615 169 647 duces,
187 616 253 651 quid
265 617 400 651 principes
412 617 465 643 sibi
476 617 648 652 exspectent?
666 618 754 652 Atque
766 618 867 643 utinam

71 654 175 680 inimici
197 655 280 680 nostri
300 662 330 680 ac
350 654 480 680 bonorum
505 655 625 681 omnium
647 663 753 681 mecum
778 655 867 689 potius

71 691 246 718 contendant!
268 695 360 717 utrum
373 696 429 718 tum
441 700 534 718 omnes
546 692 608 718 boni
619 692 702 718 duces
714 693 811 722 nostri,
834 700 867 718 an

71 729 182 755 comites
204 728 303 755 fuerint
322 728 355 755 ad
375 737 545 756 communem
565 729 775 756 conservandam
795 729 869 755 salu-

72 770 126 792 tem
137 766 149 779 *
156 765 168 779 ⁸*

411 803 425 816 8
463 802 476 816 ἑ
514 803 528 816 *

127 839 139 853 *
160 839 343 876 strangulatos
355 840 450 867 maluit
462 841 559 867 dicere.

126 877 196 910 Quid
208 878 261 904 sibi
273 886 348 904 meus
360 879 527 905 necessarius
540 878 631 906 Caetra
644 877 747 905 voluit?

125 914 196 947 Quid
209 923 270 942 vero
280 915 430 942 Decianus?

126 961 231 987 Utinam
247 965 318 988 esset
333 961 439 997 proprie
454 962 527 988 mea!
549 961 664 988 Senatus
675 961 758 997 igitur
769 970 866 997 magna

70 1006 103 1025 ex
113 1003 200 1033 parte.
212 1019 217 1024 .
228 1019 249 1025 ..

125 1036 164 1067 Di,
177 1036 298 1071 inquam,
311 1035 490 1063 immortales!
503 1036 695 1063 Lentulum...
705 1057 711 1063 .

122 1080 139 1096 *
149 1081 161 1094 ⁸¹
189 1082 257 1114 Quid
271 1084 379 1108 attinuit
393 1084 513 1109 adhibere
529 1085 697 1109 testimonium
714 1087 864 1113 externum,

68 1127 154 1154 quum
165 1118 310 1145 domestica
324 1120 376 1146 vita
387 1125 535 1155 naturaque
546 1119 696 1146 constaret?
710 1121 802 1155 Itaque
813 1129 866 1146 non

68 1157 162 1191 patiar,
175 1157 204 1182 D.
218 1156 299 1186 Laeli.
312 1161 336 1183 te
349 1157 397 1183 tibi
409 1157 458 1184 hoc
468 1166 574 1184 sumere
586 1162 665 1193 atque
678 1157 745 1184 lianc
755 1158 865 1184 caeteris

67 1193 96 1220 in
108 1198 258 1229 posterum,
276 1194 353 1221 nobis
370 1195 397 1221 in
412 1203 538 1230 praesens
555 1200 660 1230 tempus
677 1195 762 1231 legem
774 1195 867 1222 condi-

69 1233 215 1265 tionemque
225 1236 337 1258 statuere
344 1253 350 1262 ‚
367 1236 396 1258 ut
406 1235 562 1266 defensiones
572 1237 675 1259 nostrus
685 1235 720 1259 ad
730 1238 867 1259 accusato-

67 1277 126 1294 rum
141 1271 278 1295 arbitrium
293 1272 522 1300 accommodemus,
538 1279 589 1296 non
606 1273 736 1296 veniamus
749 1273 783 1296 ad
794 1272 867 1296 illam

69 1308 259 1336 contentionem,
272 1309 307 1332 ad
317 1315 394 1340 quam
404 1315 450 1333 nos
461 1316 554 1333 caussa
566 1310 622 1340 ipsa
632 1310 741 1334 deducit.

123 1342 213 1375 Quum
224 1343 428 1370 adolescentiam
440 1345 547 1375 notaris,
556 1353 640 1379 quum
653 1344 787 1379 reliquum
799 1349 866 1371 tem-

67 1389 119 1416 pus
131 1381 224 1407 aetatis
241 1381 416 1415 turpitudinis
432 1381 545 1408 maculis
561 1383 756 1417 consperseris,
779 1391 865 1417 quum

67 1419 234 1454 privatarum
255 1426 343 1445 rerum
366 1419 469 1451 ruinas,
492 1428 578 1454 quum
599 1419 759 1446 domesticas
781 1419 863 1450 labes,

66 1465 152 1491 quum
166 1456 294 1482 urbanam
310 1455 461 1488 infamiam,
479 1465 564 1491 quum
577 1457 732 1491 Hispaniae,
751 1457 862 1489 Galliae,

67 1493 184 1524 Ciliciae,
193 1493 293 1524 Cretae,
307 1494 408 1528 quibus
421 1494 447 1520 in
460 1494 605 1529 provinciis
617 1503 669 1521 non
681 1494 794 1521 obscure
806 1503 865 1521 ver—

66 1535 141 1557 satus
162 1535 210 1562 est,
234 1530 298 1557 vitia
319 1535 344 1557 et
365 1530 462 1567 flagitia
483 1531 639 1566 protuleris:
664 1537 721 1558 tum
737 1532 862 1567 denique,

65 1568 133 1604 quid
151 1568 278 1595 Tmolitae
292 1572 318 1594 et
334 1569 470 1602 Lorymeni
486 1569 519 1595 de
535 1569 565 1595 L.
582 1569 677 1596 Flacco
697 1569 862 1601 existiment,

65 1605 217 1632 audiemus.

121 1642 206 1676 Quem
224 1651 286 1670 vero
301 1647 337 1670 tot
353 1647 405 1670 tam
421 1652 574 1679 gravesque
590 1644 742 1679 provinciae
756 1643 863 1670 salvum

64 1688 124 1707 esse
135 1680 257 1715 cupiant,
275 1689 356 1716 quem
368 1681 479 1716 plurimi
490 1682 563 1707 cives
576 1686 627 1708 tota
639 1690 672 1708 ex
683 1681 756 1708 Italia
768 1681 864 1708 devin-

64 1718 100 1744 cti
115 1718 313 1745 necessitudine
328 1727 358 1745 ac
373 1722 505 1745 vetustate
520 1718 678 1750 defendant,
701 1727 782 1754 quem
799 1719 863 1745 haec

63 1755 212 1782 communis
232 1760 352 1782 nostrum
368 1756 490 1782 omnium
507 1757 590 1791 patria
607 1761 714 1792 propter
729 1761 863 1783 recentem

64 1793 165 1820 summi
186 1793 309 1819 beneficii
330 1794 485 1820 memoriam
507 1794 646 1829 complexa
668 1799 767 1820 teneat:
791 1794 864 1820 hunc

63 1830 168 1857 etiamsi
184 1835 237 1857 tota
247 1830 309 1857 Asia
326 1830 447 1866 deposcit
461 1831 494 1857 ad
506 1831 685 1867 supplicium,
709 1831 860 1864 defendam,

63 1868 196 1895 resistam.

119 1904 208 1938 Quid‘?
223 1905 246 1932 si
262 1913 350 1940 neque
361 1909 427 1937 tota,
445 1914 533 1941 neque
543 1906 659 1941 optima,
678 1914 764 1942 neque
776 1907 863 1934 incor-

62 1947 156 1978 rupta,
170 1950 258 1977 neque
269 1951 317 1969 sua
328 1947 436 1978 sponte,
450 1952 498 1969 nec
510 1943 580 1974 iure,
595 1952 643 1970 nec
654 1953 739 1976 more,
757 1953 804 1971 nec
817 1953 863 1971 ve-

63 1988 100 2012 re,
114 1988 162 2006 nec
173 1979 310 2015 religiose,
325 1980 499 2016 necnintegre;
522 1981 544 2007 si
557 1981 686 2016 impulsa,
703 1982 725 2008 si
737 1982 863 2008 sollicita-

63 2021 102 2048 ta,
116 2017 138 2043 si
150 2017 291 2048 concitata,
303 2017 326 2043 si
338 2022 439 2049 coacta,
453 2017 477 2044 si
488 2018 580 2052 impia,
594 2019 617 2045 si
630 2023 736 2050 temere,
749 2019 772 2045 si
784 2020 863 2054 cupi-

62 2054 105 2086 de,
119 2055 141 2081 si
153 2055 333 2081 inconstanter
344 2063 440 2081 nomen
451 2063 532 2081 suum
545 2056 619 2082 misit
630 2059 656 2082 in
670 2056 718 2083 hoc
729 2056 861 2083 iudicium

62 2100 110 2128 per
125 2091 314 2128 egentissimos
330 2096 424 2125 testes;
448 2092 505 2127 ipsa
521 2097 610 2119 autem
627 2093 693 2120 nihil
709 2094 786 2128 queri
803 2103 862 2120 vei-e

62 2129 96 2157 de
112 2129 218 2156 iniuriis
235 2133 335 2164 potest:
359 2134 495 2161 tamenne,
518 2130 634 2162 iudices,
652 2132 717 2157 haec
731 2131 764 2157 ad
780 2131 861 2158 breve

62 2171 170 2202 tempus
186 2166 275 2193 audita
292 2166 432 2202 longinqui
448 2168 574 2203 temporis
590 2168 757 2204 cognitarum
771 2177 861 2196 rerum

62 2203 143 2231 fidem
155 2203 340 2240 derogabunt‘?

117 2242 224 2268 Tenebo
238 2242 321 2278 igitur
336 2243 404 2267 hunc
419 2241 537 2268 ordinem
547 2241 684 2274 defensor,
701 2251 780 2278 quem
792 2242 861 2279 fugit

62 2279 202 2312 inimicus;
216 2283 241 2305 et
251 2284 430 2305 accusatorem
443 2279 544 2315 urgebo
553 2284 633 2315 atque
644 2280 772 2316 insequar
782 2285 808 2307 et
820 2280 861 2307 ul-

63 2320 103 2344 tro
112 2317 213 2344 crimen
225 2317 259 2343 ab
271 2316 424 2343 adversario
439 2315 571 2352 flagitabo.
611 2316 682 2350 Quid
697 2322 751 2349 est,
770 2317 861 2344 Laeli?

61 2353 133 2381 Num
148 2354 215 2390 quid
231 2362 261 2381 ea
277 2354 340 2380 d...
357 2353 420 2380 d...
438 2362 509 2380 ea...
527 2353 582 2380 f...
596 2363 691 2383 no....
705 2355 861 2382 vere⁰di-

61 2391 120 2419 eis?
134 2392 181 2427 qui
195 2390 343 2456 [le]qui‹lem
356 2400 407 2418 non
421 2392 446 2418 in
460 2391 554 2418 umbra
567 2400 654 2427 neque
665 2392 692 2418 in
703 2392 778 2419 illius
789 2397 860 2419 neta-

23 2434 26 2435 ’
63 2429 98 2456 tis
111 2429 198 2465 discip
211 2429 263 2456 inis
278 2429 436 2464 artibusque
453 2434 573 2455 versatus
585 2433 635 2455 est.
676 2429 781 2456 Etenim
794 2438 860 2465 puer

61 2473 124 2494 cum
135 2471 208 2502 patre
219 2466 329 2494 consule
340 2466 372 2493 ad
386 2466 487 2493 bellum
500 2471 539 2492 est
551 2466 694 2501 profectus.
725 2467 859 2493 Nimirum

62 2503 142 2530 etiam
153 2506 200 2531 hoc
211 2504 271 2540 ipso
281 2505 389 2531 nomine
400 2503 512 2540 aliquid,
526 2507 585 2538 quia
597 2506 740 2538 suspiciose
751 2507 803 2530 dici
811 2513 859 2538 po-

63 2545 138 2574 terae,
152 2543 334 2569 criminabare.

89 2652 98 2661 ¹
111 2649 253 2678 Fragmenta
262 2657 273 2672 e
283 2650 358 2672 cortice
369 2650 481 2672 Vaticano
490 2651 518 2672 uti
528 2650 554 2671 A.
567 2650 631 2671 Maia
641 2649 709 2671 edim.

89 2697 111 2706 '⁸
121 2693 287 2722 Fragmentum
295 2702 306 2716 e
316 2694 392 2716 cortice
397 2694 564 2716 Mediolanum·
573 2695 601 2715 ab
611 2696 684 2715 «utcu.
693 2693 857 2715 nutantium.
886 2685 889 2704 ί

1224 136 1233 161 l
1258 150 1294 154 —
1318 136 1339 161 i.
1667 138 1717 164 4557

975 204 987 219 *
1009 205 1061 232 Sed
1073 206 1094 232 si
1108 205 1279 241 nequeAsiae
1290 205 1410 233 luxuries
1422 206 1638 233 infirmissimum
1651 212 1719 233 tem-

920 252 972 278 pus
984 244 1076 269 aetatis
1088 242 1137 256 ***

976 281 1017 307 Ex
1037 281 1086 307 hoc
1107 281 1200 307 aetatis
1221 280 1306 317 gradu
1327 289 1356 307 se
1371 280 1404 307 ad
1419 281 1567 307 exercitum
1585 281 1613 308 C.
1631 281 1718 308 Flacci

920 319 1008 353 patrui
1019 318 1141 344 contulit.

977 355 1113 382 Tribunus
1130 355 1252 382 militaris
1264 364 1326 381 cum
1336 356 1366 382 P.
1380 355 1502 387 Servilio,
1520 356 1682 392 gravissimo
1693 361 1719 382 et

921 393 1092 420 sanctissimo
1103 394 1169 424 cive,
1183 393 1329 428 profectus.

977 430 1096 463 Quorum
1108 430 1286 466 amplissimis
1297 430 1405 457 iudiciis
1416 435 1535 462 ornatus,
1544 435 1670 466 quaestor
1681 430 1720 457 fa-

920 472 979 494 ctus
991 473 1041 494 est.

977 506 1012 531 M.
1031 505 1138 536 Pisone,
1156 505 1204 540 qui
1220 513 1366 541 cognomen
1382 504 1557 541 frugalitatis,
1576 506 1629 532 nisi
1644 513 1719 532 acce-

920 543 1013 578 pisset,
1027 543 1085 577 ipse
1097 543 1253 577 peperisset.

976 580 1049 606 Idem
1062 589 1161 606 novum
1173 579 1275 606 bellum
1287 580 1406 614 suscepit
1418 583 1497 615 atque
1509 579 1629 606 confecit.

976 618 1034 644 Non
1046 618 1124 643 Asiae
1136 618 1259 649 testibus,
1272 617 1320 644 sed
1332 618 1530 644 accusatoribus
1541 618 1719 644 contuberna-

920 654 992 682 libus
1005 655 1127 682 traditus.

1261 691 1274 705 t
1312 691 1325 705 t
1364 690 1377 705 *

975 730 1018 756 111.
1036 731 1060 755 6.
1082 729 1159 755 Hunc
1174 729 1258 764 igitur
1273 729 1375 759 virum,
1394 728 1478 760 Laeli,
1497 729 1598 764 quibus
1610 729 1716 756 tandem

919 767 1000 793 rebus
1011 766 1172 803 oppugnas?
1185 766 1255 797 Fuit,
1268 766 1296 792 P.
1308 766 1421 793 Servilio
1433 766 1598 801 imperatore,
1613 767 1639 793 in
1653 766 1718 793 Cili-

919 805 958 831 cia
971 804 1097 831 tribunus
1108 803 1236 830 militum.
1267 804 1304 830 Ea
1316 813 1358 830 res
1369 803 1473 830 siletur.
1506 804 1567 830 Fuit
1578 805 1612 830 M.
1626 805 1717 830 Pisoni

919 847 1044 877 quaestor
1055 842 1082 868 in
1092 841 1230 876 Hispania.
1270 841 1328 868 Vox
1343 841 1375 868 de
1390 846 1534 876 quaestura
1549 841 1622 867 nulla
1635 842 1717 867 missa

919 884 967 905 est.
988 879 1092 906 Bellum
1100 879 1225 906 Cretense
1236 887 1270 905 ex
1281 888 1376 915 magna
1388 884 1461 913 parte
1471 879 1564 915 gessit,
1573 884 1652 914 atque
1665 887 1717 905 una

918 926 980 943 cum
1002 925 1109 943 summo
1129 917 1288 951 imperatore
1309 917 1448 943 sustinuit.
1489 917 1561 942 Muta
1578 921 1618 942 est
1634 916 1717 942 huius

918 954 1046 989 temporis
1057 955 1200 980 accusatio.
1230 954 1371 980 Praeturae
1382 954 1540 985 iurisdictio,
1555 963 1596 980 res
1609 955 1679 980 varia
1692 958 1718 980 et

919 991 1062 1027 multiplex
1073 991 1105 1018 ad
1117 992 1286 1026 suspiciones
1298 997 1322 1018 et
1333 991 1493 1023 simultates,
1503 1000 1554 1018 non
1567 992 1715 1027 attingitur.

917 1030 955 1056 Ea
967 1030 1067 1056 veroin
1080 1038 1186 1056 summo
1198 1034 1222 1055 et
1234 1029 1463 1064 periculosissimo
1475 1029 1638 1064 reipublicae
1650 1034 1717 1055 tem-

918 1076 982 1102 pore
993 1067 1073 1093 etiam
1085 1067 1118 1093 ab
1130 1067 1247 1093 inimicis
1260 1066 1393 1093 laudatur.
1433 1066 1466 1092 At
1481 1075 1494 1092 a
1507 1067 1620 1093 testibus
1635 1066 1718 1092 laedi-

917 1109 968 1131 tur.
1008 1105 1158 1139 Antequam
1170 1104 1243 1135 dico,
1257 1113 1270 1130 a
1281 1105 1397 1139 quibus,
1410 1113 1463 1139 qua
1474 1113 1534 1139 spe,
1548 1113 1601 1139 qua
1614 1104 1648 1133 vi,
1663 1113 1716 1138 qua

918 1151 946 1169 re
956 1143 1107 1173 concitatis,
1126 1151 1179 1177 qua
1192 1141 1311 1173 levitate,
1325 1151 1378 1177 qua
1389 1147 1514 1177 egestate.
1528 1150 1581 1176 qua
1594 1141 1713 1176 perfidia,

918 1188 970 1215 qua
982 1179 1092 1206 audacia
1104 1179 1245 1215 praeditis,
1259 1179 1346 1206 dicam
1357 1179 1390 1205 de
1401 1188 1498 1214 genere
1510 1180 1636 1205 universo
1647 1183 1671 1205 et
1683 1179 1716 1205 de

917 1217 1068 1244 conditione
1084 1217 1204 1244 omnium
1221 1222 1351 1243 nostrum.
1392 1217 1442 1243 Per
1457 1217 1520 1242 deos
1536 1216 1714 1243 immortales!

917 1255 1030 1286 iudices,
1044 1264 1101 1286 vos,
1114 1254 1249 1290 quomodo
1260 1255 1293 1285 is,
1307 1255 1353 1289 qui
1366 1263 1435 1280 anno
1445 1255 1609 1280 anteRoniae
1620 1255 1662 1280 ius
1674 1254 1716 1280 di-

918 1298 999 1324 xerat,
1013 1301 1083 1319 anno
1094 1297 1154 1328 post
1164 1293 1192 1319 in
1204 1292 1266 1319 Asia
1278 1293 1321 1318 ius
1332 1292 1438 1322 dixerit,
1452 1300 1465 1317 a
1479 1292 1591 1318 testibus
1603 1300 1716 1326 quaere-

918 1331 952 1357 tis
972 1329 1088 1366 ignotis?
1109 1330 1161 1365 ipsi
1177 1330 1328 1356 coniectura
1345 1329 1412 1356 nihil
1428 1328 1601 1355 iudicabitis?
1620 1330 1648 1355 In
1662 1334 1715 1355 tam

918 1368 989 1394 varia
1011 1368 1196 1394 iurisdictione
1211 1372 1264 1393 tam
1281 1367 1364 1393 multa
1380 1366 1497 1397 decreta,
1521 1371 1557 1392 tot
1575 1367 1714 1392 hominum

916 1405 1093 1441 gratiosorum
1107 1404 1192 1431 laesae
1203 1404 1362 1431 voluntates.
1398 1404 1472 1435 Quae
1483 1408 1522 1430 est
1535 1412 1663 1439 umquam
1676 1405 1716 1429 ia-

916 1447 957 1469 cta
970 1451 1021 1469 non
1033 1442 1167 1477 suspicio,
1180 1450 1249 1477 quae
1261 1446 1349 1469 tamen
1361 1441 1427 1468 solet
1439 1450 1498 1468 esse
1510 1440 1589 1473 falsa,
1603 1441 1650 1468 sed
1663 1441 1715 1468 ira-

916 1480 1030 1507 cundiae
1041 1489 1093 1507 vox
1103 1485 1149 1506 aut
1159 1479 1277 1506 doloris?
1287 1481 1312 1506 7.
1320 1481 1353 1506 Et
1364 1481 1387 1506 is
1399 1485 1439 1506 est
1450 1489 1511 1506 rcus
1523 1480 1657 1509 avaritiae,
1666 1481 1713 1514 qui

917 1519 943 1544 in
956 1518 1091 1544 uberrima
1102 1526 1128 1544 re
1141 1522 1217 1552 turpe
1228 1517 1432 1552 compendium,
1451 1517 1477 1543 in
1491 1517 1715 1543 maledicentissi-

917 1564 958 1582 ma
975 1556 1096 1587 civitate,
1119 1556 1146 1582 in
1167 1555 1397 1589 suspiciosissimo
1414 1555 1518 1590 negotio
1540 1554 1713 1581 maledictum

916 1602 1008 1624 omne,
1023 1602 1074 1619 non
1087 1592 1166 1619 modo
1176 1593 1277 1619 crimen
1289 1592 1400 1628 effugit?
1419 1593 1556 1618 Praetereo
1568 1592 1626 1622 illa,
1645 1601 1714 1627 qnae

916 1630 1108 1665 praetereunda
1120 1639 1172 1657 non
1184 1635 1261 1656 sunt:
1285 1630 1392 1656 nullum
1408 1629 1491 1655 huius
1508 1631 1533 1656 in
1551 1630 1661 1664 privatis
1673 1638 1715 1656 re-

916 1669 966 1694 bus
980 1667 1079 1694 factum
1092 1676 1215 1698 avarum,
1235 1667 1335 1694 nullam
1352 1668 1379 1693 in
1396 1676 1423 1693 re
1440 1668 1591 1701 pecuniaria
1604 1672 1715 1693 conten-

916 1706 1028 1737 tionem,
1048 1705 1149 1732 nullam
1166 1705 1192 1731 in
1211 1714 1237 1731 re
1251 1705 1373 1731 familiari
1386 1705 1490 1735 sordem
1504 1714 1581 1739 posse
1594 1704 1713 1739 proferri.

915 1743 1020 1776 Quibus
1033 1743 1115 1779 igitur
1127 1743 1240 1769 testibus
1252 1751 1301 1778 ego
1313 1742 1391 1768 hosce
1403 1751 1512 1777 possum
1525 1742 1647 1772 refutare.
1662 1743 1714 1768 nisi

915 1780 1010 1807 vobis?
1039 1783 1064 1807 8.
1087 1780 1213 1807 Tmolites
1225 1780 1270 1806 ille
1283 1780 1406 1810 vicanus.
1422 1780 1500 1806 homo
1513 1788 1564 1806 non
1577 1779 1654 1805 modo
1667 1788 1715 1806 no-

915 1819 966 1849 bis,
980 1818 1028 1845 sed
1041 1826 1073 1844 ne
1084 1819 1153 1844 inter
1164 1826 1228 1844 suos
1239 1817 1349 1852 quidem
1363 1823 1450 1847 notus,
1460 1826 1506 1843 vos
1518 1817 1631 1848 docebit,
1646 1826 1714 1852 qua-

916 1855 948 1882 lis
964 1857 1000 1882 sit
1015 1856 1045 1882 L.
1062 1854 1192 1882 Flaccns‘?
1211 1864 1293 1890 quem
1314 1864 1361 1881 vos
1377 1855 1607 1881 modestissimum
1624 1855 1715 1881 adole-

914 1899 1047 1924 scentem,
1071 1893 1223 1928 provinciae
1245 1893 1377 1919 maximae
1393 1893 1594 1919 sanctissimum
1613 1893 1711 1922 virum,

915 1932 997 1958 nostri
1008 1931 1142 1958 exercitus
1153 1930 1330 1957 fortissimum
1342 1930 1464 1960 militem,
1472 1930 1712 1965 diligentissimum

913 1968 1020 2000 ducem,
1035 1968 1291 2003 temperatissimum
1305 1967 1421 2003 legatum
1433 1973 1657 2003 quaestoremque
1669 1976 1713 1993 eo-

913 2011 1077 2042 gnoverunt:
1091 2015 1172 2041 quem
1186 2014 1233 2032 vos
1245 2011 1397 2041 praesentes
1409 2005 1658 2031 constantissimum
1670 2014 1713 2031 se—

915 2049 1031 2070 natorem
1040 2065 1046 2075 ,
1069 2044 1251 2070 iustissimum
1273 2047 1434 2078 praetorem,
1457 2047 1537 2077 atque
1557 2043 1712 2068 amantissi-

914 2090 988 2108 mum
1005 2081 1168 2116 reipublicae
1183 2081 1269 2107 civem
1287 2080 1438 2106 indicastis:
1462 2081 1504 2106 lv,
1517 2082 1541 2105 9.
1563 2079 1595 2106 ‹le
1610 2080 1712 2114 quibus

914 2128 960 2145 vos
972 2119 1032 2145 aliis
1045 2123 1124 2145 testes
1136 2126 1194 2144 esse
1205 2118 1322 2148 debetis.
1341 2118 1373 2143 de
1385 2118 1418 2144 iis
1431 2118 1481 2152 ipsi
1495 2117 1561 2143 alios
1572 2122 1652 2143 testes
1664 2126 1712 2143 au-

912 2156 1011 2182 dietis‘?
1030 2156 1063 2182 At
1078 2165 1147 2191 quos
1164 2155 1262 2182 testes?
1282 2155 1399 2190 primum
1414 2155 1500 2180 (licam
1523 2154 1559 2189 (id
1579 2154 1651 2189 quod
1672 2160 1712 2180 est

912 2193 1077 2227 commune.)
1093 2194 1221 2219 Graecos:
1246 2201 1298 2218 non
1313 2201 1368 2227 quo
1386 2193 1483 2218 nationi
1501 2192 1563 2218 liuic
1579 2201 1628 2227 ego
1641 2200 1711 2218 tinus

914 2232 1029 2257 maxime
1046 2231 1125 2256 fidem
1141 2230 1282 2266 derogem;
1324 2238 1398 2259 nam,
1416 2230 1439 2255 si
1455 2230 1517 2263 quis
1534 2238 1663 2264 umquam
1678 2229 1711 2255 de

913 2268 1011 2294 nostris
1027 2267 1184 2294 hominibus
1199 2276 1213 2293 a
1227 2275 1325 2303 genere
1341 2267 1391 2292 isto
1412 2266 1501 2292 studio
1521 2275 1551 2292 ac
1574 2267 1710 2292 voluntate

913 2314 963 2331 non
975 2305 1120 2331 abhorrens
1133 2304 1196 2335 fuit,
1210 2312 1252 2330 me
1263 2308 1288 2330 et
1299 2312 1356 2329 esse
1368 2304 1488 2333 arbitror,
1498 2308 1522 2329 et
1534 2304 1620 2338 magis
1630 2304 1709 2329 etiam

912 2347 983 2373 tum,
1001 2351 1085 2377 quum
1102 2341 1164 2376 plus
1175 2341 1295 2371 eratotii,
1310 2339 1408 2367 fuisse:
1432 2341 1478 2367 sed
1489 2347 1551 2367 sunt
1565 2342 1590 2367 in
1603 2341 1649 2366 illo
1660 2350 1711 2367 nu-

912 2388 984 2406 mero
999 2379 1076 2405 multi
1093 2379 1169 2410 boni,
1187 2378 1271 2407 docti,
1289 2378 1448 2413 prudentes.
1467 2379 1513 2412 qui
1529 2378 1561 2404 nd
1578 2378 1626 2404 lior
1637 2378 1711 2404 iudi—

911 2418 982 2443 cium
995 2417 1102 2443 deducti
1115 2425 1166 2442 non
1178 2420 1254 2446 sunt,
1273 2415 1349 2441 multi
1362 2415 1561 2450 imprudentes,
1580 2415 1707 2445 illiterati.

913 2454 993 2484 leves,
1003 2463 1070 2489 qnos
1085 2454 1165 2479 variis
1176 2453 1209 2479 de
1219 2453 1324 2479 caussis
1337 2453 1415 2479 video
1425 2454 1578 2478 concitatos.
1597 2453 1709 2480 Verum-

911 2497 998 2518 tamen
1011 2491 1060 2518 hoc
1070 2491 1130 2517 dico
1140 2490 1172 2516 dc
1185 2495 1236 2517 toto
1247 2499 1343 2525 genere
1355 2491 1529 2516 Graecorum:
1553 2490 1643 2517 tribuo
1654 2490 1708 2517 illis

912 2529 1025 2559 litteras,
1041 2528 1075 2555 (lo
1087 2528 1231 2554 multarum
1244 2528 1341 2553 artium
1353 2528 1539 2562 disciplinam,
1557 2537 1608 2554 non
1620 2528 1710 2554 adimo

910 2567 1042 2592 sermonis
1060 2566 1190 2601 leporem.
1212 2566 1382 2601 ingeniorum
1397 2574 1524 2594 neuinen.
1541 2565 1647 2592 dicendi
1664 2575 1709 2592 co-

912 2604 997 2639 piam;
1010 2604 1127 2639 denique
1138 2604 1228 2634 etiam,
1244 2603 1332 2637 siqua
1343 2603 1396 2629 sibi
1407 2602 1457 2629 ulia
1467 2608 1589 2634 sumunt.
1604 2612 1656 2630 non
1667 2612 1708 2630 re-

937 2697 946 2706 ’
960 2694 1099 2722 Fragmenta
1111 2701 1121 2715 ε
1130 2694 1177 2714 cett.
1192 2692 1304 2714 satiram·
1314 2693 1382 2714 edita.

1466 2734 1498 2758 58
