1941 3052
364 148 549 176 ORATIO
581 148 672 176 PRO
703 147 829 176 LEGE
862 147 1089 175 MANILIA.
1122 147 1220 175 CAP.

69 229 155 257 quum
168 219 260 256 populi
275 220 386 247 Romani
400 219 492 255 legati,
508 224 641 255 praetores
654 223 864 255 quaestoresque

70 257 259 294 capiebantur?
272 266 357 292 quum
371 266 404 284 ex
417 257 542 284 omnibus
556 258 701 292 provinciis
714 261 863 284 commeatu

70 300 96 323 et
109 296 212 330 privato
225 300 250 322 et
263 294 372 330 publico
385 294 613 329 prohibebamur?
625 303 711 330 quum
724 295 760 321 ita
774 293 864 320 clausa

70 333 147 360 nobis
170 336 244 359 erant·
265 332 348 358 maria
369 332 471 362 omnia,
496 336 526 359 ut
547 341 634 368 neque
655 333 786 367 privatam
807 339 864 357 rem

70 370 274 397 transmarinam
291 377 378 404 neque
396 369 532 404 publicam
550 370 604 396 iam
618 369 691 396 obire
705 367 865 405 possemus?

70 407 164 434 XVIII.
176 408 218 434 54.
232 406 305 439 Quae
319 407 414 433 civitas
427 411 503 433 antea
519 415 649 442 umquam
663 406 722 438 fuit,
739 415 791 433 non
805 405 864 432 dico

71 444 284 475 Atheniensium,
300 452 370 479 quae
384 444 448 470 satis
464 443 514 470 late
527 444 663 479 quondam
676 452 749 470 mare
763 443 865 470 tenuis-

70 490 100 509 se
122 481 228 513 dicitur,
253 490 306 508 non
329 481 605 517 Karthaginiensium,
629 481 676 516 qui
700 480 864 516 permultum

71 518 156 546 classe
178 519 374 554 maritimisque
395 519 476 545 rebus
499 519 653 550 valuerunt,
678 527 730 545 non
748 517 866 544 Rhodio-

71 565 145 588 rum,
165 565 282 592 quorum
295 564 383 591 usque
397 556 430 582 ad
444 560 560 582 nostram
574 556 729 582 memoriam
743 554 866 589 discipli-

72 603 105 621 na
119 593 222 620 navalis
235 598 261 620 et
273 593 358 629 gloria
371 593 512 620 remansit:
539 601 609 628 quae
626 593 721 619 civitas
735 600 864 627 umquam

72 635 149 658 antea
166 635 221 658 tam
238 632 339 662 tenuis,
365 635 419 658 tam
437 639 518 666 parva
534 630 625 657 insula
642 629 705 661 fuit,
730 638 800 664 quae
813 637 865 655 non

73 673 165 704 portus
179 677 243 695 suos
257 673 282 695 et
295 677 372 704 agros
385 672 412 695 et
420 668 537 703 aliquam
548 672 650 702 partem
661 667 776 703 regionis
786 671 866 701 atque

71 715 132 734 orae
146 707 293 732 maritimae
306 714 354 740 per
363 714 392 732 se
402 706 460 740 ipsa
470 704 641 731 defenderet?
654 704 687 731 At
698 703 805 730 hercule
817 703 866 730 ali-

72 748 137 779 quot
151 752 233 770 annos
246 744 385 770 continuos
400 747 460 769 ante
474 742 560 778 legem
571 742 714 769 Gabiniam
724 741 770 768 ille
780 749 867 776 popu-

73 780 116 808 lus
129 781 274 812 Romanus,
290 780 367 806 cuius
381 788 468 814 usque
481 780 514 806 ad
525 784 641 806 nostram
652 779 807 805 memoriam
819 787 867 805 no-

73 827 134 845 men
148 819 279 844 invictum
292 817 321 843 in
335 817 476 844 navalibus
489 817 589 853 pugnis
602 820 793 852 permanserat,
809 824 867 842 ma-

72 864 125 892 gna
139 864 168 882 ac
181 854 265 881 multo
278 855 394 881 maxima
408 859 482 889 parte
497 863 549 881 non
563 854 643 881 modo
660 853 799 885 utilitatis,
819 852 867 879 sed

72 893 209 928 dignitatis
223 896 303 927 atque
317 892 423 927 imperii
436 893 534 919 caruit:
557 893 599 918 55.
612 900 669 923 nOS‚
681 899 797 927 quorum
809 899 867 917 ma-

72 931 141 957 iores
154 929 317 956 Antiochum
335 938 427 965 regem
440 929 526 956 classe
538 929 692 964 Persenque
705 931 868 964 superarunt

72 967 253 1002 omnibusque
271 966 413 993 navalibus
430 967 530 1003 pugnis
549 966 798 1003 Karthaginienses,
819 966 868 992 ho—

72 1005 158 1032 mines
176 1005 204 1031 in
222 1004 364 1031 maritimis
382 1004 463 1031 rebus
481 1005 715 1031 exercitatissimos
729 1003 868 1039 paratissi—

72 1050 198 1077 mosque,
219 1042 353 1074 vicerunt,
373 1042 392 1069 ii
410 1041 486 1069 nullo
504 1042 531 1068 in
550 1041 606 1068 loco
620 1042 672 1068 iam
687 1041 867 1077 praedonibus

72 1088 149 1116 pares
163 1087 222 1106 esse
235 1083 398 1114 poteramus.
428 1080 490 1111 Nos,
506 1080 555 1115 qui
568 1084 643 1106 antea
658 1088 710 1106 non
724 1079 803 1105 modo
817 1079 868 1104 lta-

72 1117 136 1144 .iam
150 1121 234 1144 tutam
248 1117 428 1149 habebamus,
449 1117 497 1144 sed
514 1125 608 1144 omnes
622 1117 708 1144 socios
722 1117 749 1143 in
764 1116 867 1143 ultimis

71 1155 125 1182 oris
144 1154 297 1181 auctoritate
315 1155 398 1181 nostri
415 1155 521 1189 imperii
540 1154 629 1181 salvos
647 1159 780 1190 praestare
794 1158 869 1189 pote-

72 1200 176 1223 ramuS,
192 1196 263 1223 tum,
278 1200 365 1227 quum
378 1191 467 1219 insula
481 1191 571 1224 Delos,
587 1196 640 1219 tam
655 1191 747 1226 procul
761 1200 775 1218 a
790 1191 868 1218 nobis

71 1230 100 1256 in
113 1230 201 1266 Aegeo
215 1229 281 1256 mari
295 1230 394 1265 posita,
413 1238 468 1265 quo
481 1238 574 1256 omnes
588 1229 708 1265 undique
722 1238 784 1256 cum
799 1237 869 1255 mer-

72 1267 150 1293 cibus
172 1271 252 1302 atque
273 1267 401 1294 oneribus
419 1267 615 1298 commeabant,
640 1266 735 1294 referta
752 1267 866 1297 divitiis,

73 1312 163 1339 parva,
179 1304 238 1331 sine
248 1312 334 1336 muro,
350 1304 418 1331 nihil
430 1305 547 1336 timebat,
564 1304 645 1331 iidem
657 1313 709 1331 non
720 1304 799 1331 modo
808 1312 870 1339 pro-

74 1342 171 1368 vinciis
189 1346 269 1377 atque
286 1342 340 1368 oris
353 1341 442 1368 Italiae
460 1342 602 1368 maritimis
620 1351 649 1368 ac
667 1342 798 1377 portubus
821 1350 869 1368 no-

73 1380 148 1410 stris,
169 1378 216 1405 sed
235 1379 314 1405 etiam
332 1379 419 1414 Appia
436 1379 489 1406 iam
508 1380 551 1405 via
568 1379 735 1406 carebamus.
775 1379 809 1406 Et
826 1378 868 1405 his

73 1416 240 1451 temporibus
258 1425 310 1443 non
328 1417 446 1451 pudebat
464 1417 635 1453 magistratus
649 1416 742 1452 populi
756 1416 869 1443 Romani

73 1454 101 1480 in
120 1454 192 1480 hunc
208 1455 300 1489 ipsum
319 1453 406 1480 locum
424 1454 579 1486 escendere,
604 1463 691 1490 quum
710 1462 772 1481 eum
791 1454 868 1480 vobis

73 1491 187 1518 maiores
210 1492 292 1518 vestri
314 1492 421 1518 exuviis
444 1492 557 1518 nauticis
581 1496 607 1518 et
628 1491 756 1519 classium
774 1491 869 1527 spoliis

73 1533 195 1556 ornatum
210 1528 392 1564 reliquissent.
426 1529 500 1555 XIX.
515 1530 557 1556 56.
573 1530 644 1556 Bono
659 1534 683 1556 te
697 1530 786 1556 animo
800 1533 866 1560 tum,

73 1565 104 1598 Q.
120 1566 255 1597 Hortensi,
272 1565 389 1601 populus
403 1567 539 1593 Romanus
557 1571 583 1593 et
595 1571 709 1599 ceteros,
734 1567 781 1602 qui
796 1571 870 1593 erant

73 1603 100 1630 in
114 1603 206 1630 eadem
220 1604 363 1635 sententia,
384 1603 472 1630 dicere
485 1605 649 1630 existimavit
663 1613 705 1635 ea,
725 1613 794 1640 quae
808 1612 870 1630 sen-

73 1641 193 1672 tiebatis;
208 1640 256 1667 sed
270 1645 358 1667 tamen
373 1641 399 1667 in
414 1641 500 1668 salute
513 1642 650 1668 communi
664 1641 735 1668 idem
751 1641 868 1677 populus

73 1678 209 1705 Romanus
222 1677 307 1705 dolori
322 1687 372 1705 suo
386 1678 488 1710 maluit,
505 1687 586 1714 quam
602 1679 751 1706 auctoritati
766 1683 869 1706 vestrae

73 1715 266 1750 obtemperare.
303 1716 394 1751 Itaque
408 1725 461 1743 una
476 1716 527 1748 lex,
544 1725 616 1743 unus
630 1717 680 1748 vir,
697 1725 768 1743 unus
782 1725 868 1743 annus

74 1761 125 1781 non
144 1753 224 1780 modo
242 1762 290 1780 nos
307 1753 354 1780 illa
372 1754 479 1780 miseria
497 1763 527 1780 ac
545 1754 712 1789 turpitudine
735 1754 867 1784 liberavit,

73 1789 121 1817 sed
134 1791 213 1817 etiam
228 1790 321 1823 effecit,
337 1795 367 1818 ut
380 1791 525 1826 aliquando
538 1800 600 1818 vere
614 1791 768 1818 videremur
781 1792 869 1818 omui-

72 1827 124 1854 bus
160 1828 268 1854 entibus
287 1836 317 1855 ac
334 1828 487 1855 nationibus
505 1833 572 1856 terra
592 1830 712 1865 marique
726 1830 866 1864 imperare.

73 1866 116 1892 57.
165 1874 198 1892 uo
215 1865 283 1892 mihi
301 1866 380 1892 etiam
399 1866 539 1902 indIgnius
558 1866 672 1898 videtur,
694 1867 868 1893 obtrectatum

73 1910 133 1929 esse
145 1902 246 1934 adhuc.
263 1903 378 1930 Gabinio
391 1903 492 1936 dicam,
513 1912 580 1931 anne
595 1904 734 1939 Pompeio,
753 1913 786 1931 an
802 1904 869 1931 utri-

72 1938 145 1974 que‘?
169 1939 208 1975 (id
220 1940 293 1975 quod
307 1945 347 1967 est
361 1941 451 1968 verius
461 1941 478 1977 :)
495 1949 528 1968 ne
542 1941 675 1978 legaretur
687 1941 719 1968 A.
735 1942 868 1969 Gabinius

73 1976 123 2004 Cn.
138 1976 264 2012 Pompeio
277 1979 411 2013 expetenti
425 1987 454 2005 ac
468 1978 623 2014 postulanti.
646 1979 739 2006 Utrum
749 1979 804 2011 ille,
820 1979 868 2014 qui

74 2013 191 2050 postulat
204 2014 237 2041 ad
251 2018 354 2041 tantum
368 2015 470 2042 bellum
483 2015 609 2052 legatum,
625 2025 706 2051 quem
721 2016 794 2048 velit,
810 2017 869 2044 ido-

75 2059 142 2078 neus
156 2060 208 2078 non
222 2056 275 2082 est,
294 2053 342 2087 qui
356 2053 492 2087 impetret,
508 2062 594 2088 quum
607 2054 686 2080 ceteri
700 2053 734 2080 ad
748 2054 869 2089 expilan-

73 2088 122 2115 dos
133 2088 218 2115 socios
228 2089 447 2125 diripiendasque
459 2091 618 2126 provincias,
635 2099 703 2126 quos
715 2090 866 2123 volucrunt,

75 2126 174 2162 legatos
188 2125 343 2153 eduxerint:
359 2135 392 2154 an
406 2128 473 2162 ipse,
489 2128 567 2154 cuius
582 2128 640 2164 lege
653 2128 727 2155 salus
739 2137 768 2155 ac
779 2129 869 2165 digni-

74 2167 114 2190 tas
132 2162 232 2198 populo
244 2163 362 2191 Romano
379 2169 459 2200 atque
475 2166 604 2192 omnibus
620 2166 747 2202 gentibus
770 2167 869 2193 consti-

74 2204 130 2228 tuta
148 2205 203 2232 est,
224 2209 319 2236 expers
337 2209 396 2229 esse
414 2202 493 2230 debet
510 2202 609 2239 gloriae
627 2203 686 2230 eius
701 2204 868 2239 imperatoris

74 2242 154 2274 atque
167 2239 227 2265 eius
241 2239 388 2271 exercitus,
408 2240 456 2275 qui
473 2240 584 2267 consilio
603 2241 690 2276 ipsius
704 2245 784 2276 atque
798 2242 869 2276 peri-

73 2275 135 2302 culo
148 2280 189 2302 est
201 2276 382 2303 constitutus?
409 2278 451 2303 58.
467 2277 507 2304 An
521 2278 551 2304 C.
567 2278 711 2310 Falcidius,
727 2279 759 2311 Q.
775 2278 869 2306 Metel-

75 2311 127 2344 lus,
139 2312 171 2346 Q.
183 2313 289 2341 Caelius
299 2314 469 2346 Latiniensis,
482 2315 530 2342 Cn.
542 2315 681 2347 Lentulus,
698 2324 766 2351 quos
776 2324 869 2343 omnes

75 2349 184 2377 honoris
197 2359 293 2378 caussa
303 2352 420 2382 nomino,
436 2360 521 2387 quum
533 2353 634 2379 tribuni
645 2352 732 2388 plebis
744 2353 867 2385 fuissent,

74 2395 143 2415 anno
157 2389 279 2423 proximo
292 2388 371 2424 legati
385 2397 443 2415 esse
458 2394 613 2424 potuerunt,
634 2390 661 2416 in
681 2390 730 2417 hoc
749 2399 803 2418 uno
816 2391 870 2418 Ga-

75 2423 149 2452 binio
162 2430 226 2452 sunt
239 2430 292 2452 tam
306 2426 457 2462 diligentes,
473 2427 557 2462 quiin
570 2427 619 2454 hoc
630 2427 708 2458 bello,
724 2428 798 2463 quod
813 2427 870 2463 lege

75 2460 188 2489 Gabinia
206 2463 320 2499 geritur,
346 2464 373 2490 in
398 2464 447 2490 lioc
465 2464 624 2499 imperatore
642 2469 722 2500 atque
739 2466 867 2497 exercitu,

75 2506 155 2534 quem
175 2508 221 2535 per
240 2509 286 2527 vos
304 2501 362 2536 ipso
376 2501 527 2533 constituit,
552 2502 631 2528 etiam
650 2502 794 2537 praecipuo
812 2503 869 2528 iure

75 2543 134 2563 csse
152 2536 278 2564 deberet?
302 2538 338 2565 De
356 2546 409 2573 quo
425 2538 537 2574 legando
550 2547 628 2574 spero
641 2539 765 2565 consules
779 2539 813 2566 ad
827 2548 869 2566 se-

76 2577 167 2600 natum
181 2574 317 2602 relaturos.
338 2574 390 2608 Qui
404 2576 427 2602 si
441 2576 603 2603 dubitabunt
617 2581 662 2603 aut
674 2577 867 2612 gravabuntur,

75 2617 124 2653 ego
137 2619 179 2638 me
193 2611 316 2646 profiteor
334 2612 493 2645 relaturum,
514 2622 602 2649 neque
620 2622 662 2640 me
681 2614 809 2649 impediet
822 2623 870 2641 cu-

75 2655 214 2683 iusquam,
234 2649 365 2682 Quirites,
387 2651 528 2677 inimicum
547 2651 678 2683 edictum,
698 2660 753 2686 quo
768 2652 867 2683 minus,

75 2682 158 2712 fretus
177 2685 266 2718 vobis,
291 2691 409 2714 vestrum
428 2688 471 2716 ius
490 2688 705 2724 beneficiumque
727 2688 869 2716 defendam

898 2701 901 2716 l

1257 149 1289 174 45
1309 163 1346 168 —
1365 149 1407 174 21.
1656 150 1700 176 37⁴

916 227 1003 254 neque
1015 222 1118 254 praeter
1132 218 1350 245 intercessionem
1363 217 1513 254 quidquam
1531 218 1652 251 audiam;
1676 219 1709 246 de

915 265 976 291 qua,
992 260 1023 283 ut
1036 256 1156 287 arbitror,
1171 256 1216 282 isti
1231 256 1297 291 ipsi,
1313 256 1361 291 qui
1375 256 1520 286 minantur,
1535 255 1614 282 etiam
1630 260 1710 291 atque

915 294 1004 325 etiam,
1020 293 1087 328 quid
1101 293 1186 325 liceat,
1201 293 1419 320 considerabunt.
1453 293 1509 319 Mea
1523 293 1633 328 quidem
1649 302 1711 320 sen-

915 331 1010 362 tentia,
1025 330 1155 363 Quirites,
1170 339 1242 357 unus
1256 331 1288 357 A.
1304 330 1436 358 Gabinius
1449 330 1514 357 belli
1528 331 1654 357 maritimi
1669 339 1711 357 re-

916 377 1031 403 rumque
1057 373 1193 404 gestarum
1217 368 1265 395 Cn.
1290 368 1415 403 Pompeio
1439 368 1530 394 socius
1557 367 1710 398 ascribitur,

916 410 1054 440 propterea
1071 405 1145 440 quod
1163 405 1228 432 alter
1241 406 1289 432 uni
1307 405 1376 432 illud
1390 404 1491 431 bellum
1506 405 1711 440 suscipiendum

917 443 1014 469 vestris
1028 442 1162 479 suffragiis
1176 442 1281 474 detulit,
1297 442 1363 469 alter
1372 442 1490 469 delatum
1500 447 1712 478 susceptumque

915 480 1038 507 confecit.

971 517 1034 543 XX.
1047 518 1088 543 59.
1103 516 1249 552 Reliquum
1263 521 1312 548 est,
1328 521 1357 543 ut
1370 516 1403 543 de
1414 516 1445 549 Q.
1458 516 1544 544 Catuli
1559 517 1713 543 auctoritate

917 559 943 581 et
961 555 1092 581 sententia
1109 554 1254 580 dicendum
1268 563 1326 580 esse
1342 554 1473 581 videatur.
1513 553 1564 586 Qui
1579 563 1664 589 quum
1679 562 1712 581 ex

918 592 995 618 vobis
1009 596 1162 627 quaereret,
1178 592 1201 618 si
1215 592 1243 617 in
1258 600 1311 618 uno
1325 591 1373 618 Cn.
1388 592 1514 626 Pompeio
1527 591 1616 618 omnia
1630 599 1712 626 pone-

918 630 996 661 retis,
1021 629 1125 664 siquid
1138 637 1169 655 eo
1182 628 1282 655 factum
1296 634 1379 660 esset,
1404 629 1431 655 in
1450 637 1504 663 quo
1522 637 1599 664 spem
1618 629 1712 655 essetis

918 667 1050 698 habituri,
1070 667 1141 701 cepit
1154 675 1282 702 magnum
1297 675 1361 692 suae
1375 667 1482 692 virtutis
1497 666 1614 692 fructum
1628 675 1658 692 ac
1671 666 1714 692 di-

917 705 1040 740 gnitatis,
1061 712 1146 739 quum
1165 712 1258 730 omnes
1277 712 1359 738 prope
1376 712 1429 730 una
1448 712 1524 735 voce,
1545 704 1590 730 »in
1608 712 1639 730 eo
1654 704 1714 738 ipso

917 750 965 768 vos
983 750 1059 776 spem
1074 741 1211 767 habituros
1226 749 1302 767 esse«
1320 741 1438 767 dixistis.
1478 741 1584 767 Etenim
1599 740 1659 767 talis
1673 745 1714 767 est

918 779 973 810 vir,
993 782 1023 805 ut
1037 778 1110 804 nulla
1125 787 1167 804 res
1181 782 1252 804 tanta
1265 778 1300 804 sit
1314 787 1343 804 ac
1354 782 1407 804 tam
1423 777 1556 808 difficilis,
1572 787 1653 813 quam
1667 778 1713 805 ille

918 825 970 843 non
989 820 1015 842 et
1032 815 1144 842 consilio
1162 824 1252 851 regere
1270 820 1295 842 et
1314 816 1464 851 integritate
1482 816 1549 842 tueri
1568 820 1593 842 et
1615 816 1714 842 virtute

918 853 1045 880 conficere
1060 853 1154 888 possit.
1177 853 1229 879 Sed
1243 854 1270 879 in
1286 853 1334 880 hoc
1348 854 1406 888 ipso
1421 853 1454 879 ab
1467 861 1498 879 eo
1508 852 1714 879 vehementissi-

918 900 961 917 me
974 891 1113 921 dissentio,
1129 890 1210 926 quod,
1226 899 1281 926 quo
1294 891 1384 917 minus
1399 894 1468 917 certa
1482 895 1523 917 est
1533 890 1673 916 hominum
1685 899 1714 916 ac

919 929 1009 955 minus
1023 928 1149 955 diuturna
1165 929 1232 959 vita,
1248 928 1298 955 hoc
1312 928 1397 963 magis
1411 927 1572 963 respublica,
1588 927 1653 954 dum
1668 936 1715 962 per

918 966 981 993 deos
995 965 1158 992 immortales
1174 965 1242 997 licet,
1260 965 1311 992 frui
1326 965 1405 992 debet
1417 966 1519 992 summi
1533 965 1650 992 hominis
1661 965 1715 991 vita

918 1008 997 1039 atque
1012 1004 1119 1030 virtute.
1134 1019 1171 1023 —-
1184 1005 1225 1030 60.
1242 1003 1292 1030 »At
1305 1004 1377 1030 enim
1392 1012 1424 1030 ne
1438 1002 1505 1038 quid
1519 1003 1580 1029 novi
1595 1002 1639 1029 fiat
1652 1011 1715 1029 con-

919 1046 958 1068 tra
972 1041 1094 1076 exempla
1110 1046 1189 1076 atque
1203 1041 1324 1067 instituta
1340 1041 1495 1067 maiorum«
1521 1055 1558 1060 —
1583 1040 1641 1067 Non
1655 1039 1715 1066 dico

919 1079 970 1106 hoc
984 1079 1049 1110 loco,
1065 1079 1178 1105 maiores
1194 1083 1296 1105 nostros
1311 1087 1416 1113 semper
1429 1079 1457 1104 in
1468 1086 1532 1113 pace
1543 1077 1716 1105 consuetudi-

920 1117 961 1148 ni,
976 1117 1005 1143 in
1019 1116 1090 1143 bello
1104 1116 1212 1142 utilitati
1227 1116 1357 1151 paruisse,
1373 1124 1480 1150 semper
1493 1115 1526 1142 ad
1540 1124 1623 1142 novos
1636 1123 1715 1142 casus

920 1159 1070 1189 temporum
1089 1162 1219 1180 novorum
1237 1153 1410 1180 consiliorum
1430 1153 1543 1180 rationes
1566 1161 1716 1179 accommo-

919 1192 1012 1218 dasse:
1028 1200 1081 1218 non
1095 1191 1192 1222 dicam,
1208 1191 1262 1218 duo
1275 1190 1344 1217 bella
1356 1191 1481 1222 maxima,
1492 1191 1625 1217 Punicum
1635 1195 1660 1216 et
1670 1190 1716 1216 ui-

919 1230 1076 1265 spaniense,
1092 1229 1124 1255 ab
1139 1238 1192 1255 uno
1206 1229 1364 1264 imperatore
1378 1237 1436 1255 esse
1450 1227 1578 1259 confecta,
1593 1228 1716 1262 duasque

920 1267 1000 1294 urbes
1014 1267 1227 1302 potentissimas,
1247 1275 1316 1301 quae
1331 1266 1394 1292 huic
1407 1266 1521 1301 imperio
1534 1266 1650 1292 maxime
1664 1265 1716 1291 mi-

920 1305 1086 1336 nitabantur,
1106 1304 1297 1340 Karthaginem
1316 1308 1396 1339 atque
1414 1303 1599 1334 Numantiam,
1620 1303 1653 1329 ab
1672 1310 1716 1329 eo-

919 1342 981 1369 dem
992 1342 1116 1377 Scipione
1127 1350 1185 1368 esse
1194 1341 1308 1368 deletas:
1324 1350 1377 1368 non
1390 1340 1612 1371 commemorabo.
1631 1348 1717 1375 nuper

919 1380 956 1406 ita
970 1379 1047 1406 vobis
1061 1379 1238 1414 patribusque
1252 1379 1349 1405 vestris
1368 1387 1427 1405 esse
1444 1379 1548 1409 visum,
1569 1382 1599 1404 ut
1616 1378 1643 1404 in
1662 1386 1716 1404 uno

921 1418 948 1444 C.
963 1417 1046 1444 Mario
1059 1425 1121 1452 spes
1136 1417 1242 1452 imperii
1256 1420 1406 1451 poneretur,
1423 1420 1452 1443 ut
1466 1416 1537 1442 idem
1547 1424 1609 1442 cum
1620 1416 1716 1450 Iugur-

921 1455 974 1486 tha,
991 1454 1062 1481 idem
1076 1463 1138 1481 cum
1153 1454 1278 1485 Cimbris,
1294 1454 1366 1480 idem
1380 1462 1442 1480 cum
1454 1453 1599 1480 Theutonis
1614 1452 1715 1479 bellum

921 1492 1130 1519 administraret:
1154 1494 1195 1518 6¹.
1211 1492 1238 1518 in
1252 1492 1312 1526 ipso
1326 1491 1374 1518 Cn.
1389 1491 1528 1526 Pompeio,
1544 1491 1572 1517 in
1586 1498 1640 1525 quo
1653 1490 1715 1516 nori

920 1530 1046 1557 constitui
1062 1529 1128 1556 nihil
1144 1528 1202 1556 vult
1212 1528 1243 1561 Q.
1256 1528 1376 1560 Catulus,
1392 1537 1473 1563 quam
1486 1527 1570 1555 multa
1584 1528 1637 1554 sint
1649 1535 1715 1554 nova

920 1576 1026 1594 summa
1044 1567 1076 1599 Q.
1092 1566 1179 1594 Catuli
1200 1566 1334 1593 voluntate
1352 1566 1508 1597 constituta,
1528 1565 1715 1592 recordamini.

920 1605 994 1631 XXI.
1013 1604 1085 1637 Quid
1098 1605 1170 1631 enim
1185 1608 1238 1631 tam
1258 1613 1371 1635 novum,
1391 1612 1473 1638 quam
1487 1601 1716 1630 adolescentulum

920 1643 1056 1677 privatum
1070 1643 1215 1668 exercitum
1230 1641 1334 1668 difficili
1350 1640 1513 1675 reipublicae
1527 1645 1644 1675 tempore
1653 1648 1717 1666 con-

921 1679 1016 1706 sicere‘.>
1029 1679 1158 1706 Consecit.
1179 1680 1246 1705 Huic
1261 1678 1402 1714 praeesse?
1419 1678 1546 1704 Praesuit.
1569 1678 1633 1704 Rem
1647 1678 1717 1712 opti-

920 1726 963 1744 me
977 1717 1059 1743 ductu
1073 1726 1123 1744 suo
1136 1716 1245 1752 gerere?
1259 1717 1358 1743 Gessit.
1384 1715 1455 1748 Quid
1471 1720 1523 1742 tam
1538 1720 1640 1750 praeter
1653 1723 1717 1741 con-

920 1754 1106 1786 suetudinem,
1122 1763 1203 1790 quam
1218 1754 1321 1781 homini
1337 1752 1560 1789 peradoleseenti,
1577 1753 1656 1779 cuius
1671 1760 1717 1778 ae-

920 1797 960 1819 tas
974 1801 987 1819 a
999 1793 1131 1819 senatorio
1144 1791 1230 1827 gradu
1245 1791 1323 1827 longe
1337 1791 1456 1821 abesset,
1478 1791 1622 1825 imperium
1636 1794 1717 1824 atquo

920 1831 1066 1857 exercitum
1081 1829 1156 1856 dari?
1170 1828 1289 1856 Siciliam
1304 1829 1422 1864 permitti
1436 1833 1516 1863 atque
1529 1827 1645 1854 Africam
1661 1826 1718 1853 bel-

921 1867 1032 1903 lumque
1046 1868 1073 1894 in
1088 1876 1117 1894 ea
1132 1865 1393 1894 administrandum?
1420 1866 1481 1892 Fuit
1499 1866 1526 1892 in
1545 1865 1588 1892 his
1607 1865 1717 1900 provin-

919 1906 968 1932 ciis
982 1905 1114 1941 singulari
1128 1904 1292 1935 innocentia,
1313 1904 1456 1939 gravitate,
1478 1903 1589 1929 virtute:
1615 1901 1716 1929 bellum

920 1943 947 1970 in
962 1942 1049 1969 Africa
1064 1943 1212 1969 maximum
1226 1941 1352 1972 coniecit,
1369 1942 1496 1968 victorem
1510 1941 1656 1967 exercitum
1671 1939 1717 1966 de-

920 1980 1044 2016 portavit.
1084 1980 1154 2013 Quid
1169 1988 1232 2006 vero
1245 1984 1298 2006 tam
1318 1978 1484 2009 inauditum,
1503 1986 1585 2013 quam
1599 1977 1716 2012 equitem

919 2018 1069 2045 Romanum
1084 2016 1269 2052 triumphare?
1287 2016 1320 2043 At
1333 2025 1391 2043 eam
1405 2024 1514 2051 quoquc
1529 2024 1584 2042 rem
1599 2014 1717 2050 populus

920 2056 1055 2082 Romanus
1069 2064 1121 2082 non
1137 2055 1216 2081 modo
1231 2054 1311 2084 vidit,
1331 2053 1379 2080 sed
1393 2054 1472 2080 etiam
1486 2053 1559 2079 omni
1573 2053 1663 2079 studio
1678 2053 1718 2077 vi-

920 2093 1030 2120 sendam
1045 2097 1072 2120 et
1084 2091 1321 2119 concelebrandam
1335 2092 1448 2126 putavit.
1471 2092 1512 2117 62.
1525 2090 1596 2123 Quid
1608 2095 1659 2116 tam
1676 2090 1717 2115 in-

921 2131 1063 2161 usitatum,
1088 2139 1170 2165 quam
1189 2134 1231 2160 ut,
1255 2137 1341 2164 quum
1359 2128 1413 2155 duo
1430 2127 1555 2155 consules
1573 2127 1716 2154 clarissimi

921 2167 1115 2202 fortissimique
1129 2172 1232 2198 essent,
1247 2175 1331 2201 eques
1344 2166 1480 2193 Romanus
1495 2165 1528 2191 ad
1543 2164 1644 2191 bellum
1661 2173 1717 2190 mu-

921 2206 1023 2232 ximum
1044 2204 1380 2239 formidolosissimumque
1399 2212 1446 2238 pro
1468 2202 1577 2229 consule
1600 2203 1717 2228 mittere-

921 2242 981 2269 tur‘?
999 2243 1098 2269 Missus
1112 2246 1162 2268 est.
1202 2242 1261 2274 Quo
1274 2241 1385 2276 quidem
1400 2245 1531 2275 tempore,
1547 2248 1632 2275 quum
1647 2243 1717 2264 essct

921 2288 1053 2307 nonnemo
1067 2280 1094 2306 in
1108 2284 1216 2310 senatu,
1240 2279 1287 2313 qui
1306 2278 1419 2309 diceret,
1442 2278 1500 2304 Non
1518 2281 1633 2310 oportet-a
1652 2279 1719 2301 mim

919 2319 1043 2343 hominem
1063 2319 1194 2349 privatum
1207 2325 1256 2350 pro
1273 2317 1388 2342 consule:
1414 2315 1443 2341 L.
1459 2313 1601 2348 Philippus
1615 2313 1717 2339 dixisse

919 2354 1030 2385 dicitur,
1049 2354 1105 2380 Nou
1113 2363 1140 2380 se
1151 2355 1223 2380 mum
1233 2362 1281 2379 sua
1291 2355 1416 2379 sententia
1424 2361 1473 2385 pro
1483 2353 1596 2379 consule.
1612 2353 1655 2377 scd
1669 2359 1718 2383 pro

921 2393 1066 2418 consulibus
1077 2393 1186 2417 nituere.
1227 2391 1309 2416 Tanta
1323 2390 1350 2416 in
1366 2398 1396 2416 co
1411 2388 1573 2423 reipublicae
1590 2388 1656 2414 bene
1670 2396 1717 2423 g&

921 2428 1017 2455 rendae
1027 2437 1089 2463 spes
1099 2428 1320 2458 constituebatur,
1337 2431 1366 2453 ut
1375 2426 1490 2453 duorum
1501 2425 1644 2452 consulum
1657 2433 1717 2451 niu-

920 2475 972 2492 nus
991 2466 1072 2492 unius
1090 2465 1266 2492 adolescentis
1281 2465 1373 2491 virtuti
1385 2463 1604 2490 committeretur.
1645 2463 1716 2494 Quid

921 2508 973 2530 tam
988 2503 1137 2539 singulare,
1158 2511 1239 2537 quam
1255 2507 1283 2528 ut
1297 2511 1330 2528 cx
1348 2500 1589 2531 senatusconsulto,
1612 2499 1716 2536 legibus

920 2540 1038 2571 solutus,
1061 2539 1154 2566 consul
1174 2545 1234 2566 ante
1253 2540 1338 2569 lieret,
1363 2547 1444 2573 quam
1460 2537 1546 2564 ullum
1561 2537 1644 2564 alium
1661 2546 1717 2563 mn—

919 2578 1060 2613 gistratum
1084 2586 1131 2612 per
1156 2576 1227 2613 leges
1245 2586 1338 2611 cupere
1358 2574 1494 2602 licuisset?
1516 2575 1582 2610 quid
1603 2580 1654 2601 tam
1676 2575 1717 2600 in-

920 2614 1061 2645 credibile,
1085 2623 1166 2649 quam
1191 2620 1219 2640 ut
1242 2615 1338 2640 iterum
1362 2622 1445 2648 eques
1465 2613 1599 2639 Romanus
1623 2621 1655 2638 ex
1674 2621 1717 2638 st·-

921 2652 1122 2679 natusconsulto
1145 2650 1339 2686 triumpharet?
1370 2651 1443 2683 Quae
1467 2650 1494 2676 in
1518 2650 1645 2676 omnibus
1670 2649 1716 2675 lio—

921 2690 1041 2716 minibus
1062 2698 1129 2716 uovn
1152 2694 1211 2724 post
1233 2689 1372 2715 homiuum
1396 2687 1551 2715 memorium
1574 2687 1716 2714 constitutit

1451 2735 1509 2760 07·
