1931 2994
502 594 1182 652 PROOEMIUM.

120 854 272 902 Detritis
316 867 421 917 longo
464 878 530 900 usu
571 865 710 899 laminis
747 858 976 912 stereotypis,
1020 864 1150 910 quibus
1189 871 1271 900 ante
1310 865 1374 900 hos
1413 864 1513 899 XXII
1552 878 1662 900 annos

18 935 56 970 C.
96 934 328 969 Tauchnitius
366 934 519 981 priorem
559 932 805 967 Tullianorum
837 944 983 979 operum
1017 931 1207 967 editionem
1245 945 1359 967 meam
1397 932 1662 979 insculpendam

18 1008 218 1044 curaverat,
257 1001 525 1037 honestissimus
564 1000 640 1035 eius
679 1000 787 1042 filius,
827 1000 888 1046 qui
927 1012 1023 1034 nunc
1061 1000 1222 1034 officinae
1262 1001 1474 1035 clarissimae
1514 1008 1662 1047 praeest.

17 1070 105 1105 mihi
145 1069 359 1118 significavit
398 1069 489 1104 velle
528 1080 564 1103 se
603 1068 695 1102 hanc
733 1067 923 1102 editionem
962 1067 1064 1103 novis
1104 1068 1270 1115 auspiciis
1309 1073 1467 1115 repetere
1506 1068 1663 1114 mihique

16 1143 226 1185 potestatem
253 1137 367 1172 facere
393 1137 507 1184 primo
536 1136 686 1171 aliorum
715 1141 749 1170 et
777 1136 864 1170 meis
893 1135 1019 1170 studiis
1048 1147 1143 1171 nunc
1172 1135 1278 1170 etiam
1306 1135 1418 1183 magis
1452 1135 1662 1170 restituendi

17 1206 211 1253 scriptoris,
244 1204 371 1239 deinde
403 1204 484 1239 fidei
517 1202 696 1238 faciendae
729 1203 832 1238 novis
866 1203 1186 1245 emendationibus,
1220 1203 1372 1250 denique
1405 1204 1510 1238 etiam
1551 1203 1662 1238 suble-

17 1273 154 1309 vandae
182 1273 375 1321 legentium
400 1271 601 1306 memoriae.

119 1339 176 1375 Sic
213 1340 282 1374 tria
313 1340 536 1387 potissimum
569 1344 653 1373 sunt
685 1351 779 1374 nova
811 1339 918 1373 huius
951 1339 1116 1374 editionis
1149 1351 1310 1381 munera,
1350 1338 1504 1385 primum
1537 1351 1663 1373 emen-

17 1408 212 1449 dationis,
241 1408 392 1442 alterum
420 1406 702 1442 adnotationis
731 1411 765 1440 et
794 1406 943 1441 indicis
973 1406 1127 1442 tertium.

119 1475 170 1509 Ac
199 1475 352 1521 primum
381 1474 523 1520 quidem
546 1473 745 1509 emendatio
773 1474 824 1508 ita
846 1474 1064 1509 instituenda
1086 1480 1175 1517 erat,
1206 1480 1245 1510 ut
1267 1474 1389 1517 edit-io,
1419 1486 1489 1521 quo
1508 1475 1663 1521 plurium

20 1543 98 1581 usui
142 1541 478 1584 accommodaretur,
522 1553 586 1576 nec
629 1553 776 1588 operoso
815 1548 987 1588 apparatu
1027 1548 1248 1584 oneraretur,
1292 1548 1327 1577 et
1365 1554 1471 1588 quam
1509 1543 1662 1576 maxime

18 1610 185 1658 parabilis
214 1609 422 1644 efficeretur.
475 1608 576 1644 Hanc
603 1609 716 1656 ipsam
745 1608 789 1643 ob
820 1620 979 1643 caussam
1007 1622 1078 1644 non
1108 1609 1152 1644 ad
1181 1609 1340 1645 codicum
1370 1610 1661 1645 conferendorum

19 1677 123 1713 fidem
155 1677 284 1712 licebat
315 1677 511 1712 orationem
542 1676 729 1724 refingere,
763 1675 824 1711 sed
856 1676 901 1711 ad
934 1689 1056 1712 eorum
1089 1677 1125 1711 in
1158 1677 1281 1724 primis
1310 1677 1485 1712 editorum
1515 1678 1662 1712 auctori-

19 1751 141 1787 tatem,
170 1744 377 1779 collatorum
405 1743 565 1779 codicum
592 1744 795 1779 testimonio
824 1745 1080 1787 confirmatam,
1109 1757 1291 1787 revocare,
1321 1758 1472 1792 quorum
1501 1746 1662 1792 exempla

17 1825 112 1848 nunc
150 1824 260 1859 quum
298 1812 451 1847 maxime
489 1811 527 1846 in
566 1811 694 1847 scholis
735 1824 801 1846 usu
834 1813 994 1847 veniunt.
1057 1812 1144 1847 Erat
1181 1818 1300 1848 autem
1332 1812 1399 1848 hoc
1431 1820 1512 1848 ante
1545 1814 1664 1848 onmia

19 1879 224 1922 videndum,
268 1885 308 1915 ut
350 1879 606 1915 emendationis
649 1879 753 1922 ratio,
797 1885 970 1926 quantum
1013 1880 1089 1915 fieri
1132 1887 1263 1928 posset,
1307 1880 1438 1928 ubique
1478 1881 1532 1916 sui
1572 1888 1663 1916 esset

18 1948 142 1983 similis
165 1953 200 1983 et
221 1953 401 1995 perpetua.
456 1946 578 1994 Itaque
601 1959 815 1994 quamquam
836 1947 969 1996 singuli
993 1948 1215 1997 singulorum
1237 1948 1471 1995 quorumdam
1490 1949 1660 1983 librorum

20 2015 262 2050 emendatores
305 2015 341 2049 in
385 2027 488 2050 usum
531 2027 603 2050 non
645 2027 749 2062 posse
791 2027 862 2050 non
901 2015 1060 2051 adhiberi
1099 2016 1328 2058 videbantur,
1368 2022 1485 2051 tamen
1525 2024 1663 2063 praeter

19 2073 152 2118 cetero's
184 2083 389 2118 consulendi
423 2088 538 2125 erant,
578 2083 639 2130 qui
672 2083 791 2118 omnia
819 2082 999 2119 Ciceronis
1028 2096 1135 2131 opera
1163 2083 1299 2120 edenda
1327 2090 1554 2131 susceperant
1583 2084 1663 2119 inde

19 2150 62 2185 ab
91 2149 270 2193 Ernestio,
304 2163 326 2186 a
342 2163 413 2198 quo
441 2151 556 2198 primo
583 2151 695 2186 veluti
725 2162 894 2198 sponsore
923 2150 1088 2187 editionis
1115 2165 1213 2188 meae
1242 2152 1329 2187 fides
1358 2151 1547 2199 repetenda
1577 2158 1661 2186 erat.

18 2216 92 2252 Iam
130 2229 239 2264 quum
279 2218 315 2252 in
353 2219 469 2266 priore
508 2218 662 2254 editione
695 2218 874 2253 Ciceronis
911 2219 1106 2255 orationem
1143 2232 1222 2255 cum
1260 2219 1429 2262 Ernestii,
1470 2218 1662 2262 Garatonii,

21 2284 156 2327 Beckii,
197 2283 352 2320 Schutzii
392 2286 782 2332 vetustissimorumque
815 2285 990 2322 editorum
1023 2287 1194 2334 exemplis
1227 2288 1467 2329 contulissem,
1500 2300 1595 2322 nunc
1628 2287 1663 2322 id

19 2352 217 2387 faciendum
255 2354 394 2400 putavi,
434 2360 486 2396 ut,
526 2354 720 2389 novissima
751 2366 892 2400 quoque
924 2353 1048 2390 Orellii
1083 2355 1286 2390 recensione
1319 2367 1373 2396 ac,
1412 2355 1528 2401 quoad
1567 2356 1662 2389 suffi-

19 2426 151 2462 cerent,
185 2419 314 2455 Klotzii
347 2427 382 2456 et
413 2421 599 2470 Madvigii,
629 2422 690 2468 qui
724 2422 903 2468 inceptum
936 2435 1006 2458 non
1041 2422 1282 2459 absolverant.
1316 2422 1498 2469 principiis
1532 2428 1660 2457 uterer.

17 2485 89 2523 Nec
121 2487 235 2534 potui,
268 2488 354 2534 quin
388 2489 493 2524 etiam
522 2489 564 2524 de
593 2489 743 2537 singulis
773 2489 871 2524 libris
900 2491 1052 2537 optimos
1082 2490 1286 2525 recentioris
1314 2490 1482 2537 temporis
1501 2496 1662 2525 auctores

18 2555 56 2589 in
85 2555 270 2590 consilium
299 2568 475 2599 vocarem,
510 2563 549 2592 ut
576 2556 857 2592 Lindemannum
892 2564 926 2593 et
954 2557 1171 2593 Ellendtium
1200 2558 1242 2593 de.
1270 2557 1483 2598 Rhetoricis,
1512 2557 1555 2592 de
1583 2557 1662 2592 aliis

19 2622 120 2665 alios,
154 2635 218 2658 suo
250 2635 424 2671 quemque
458 2625 533 2660 loco
566 2625 775 2660 nominatos.
834 2624 944 2661 Maior
977 2631 1094 2661 autem
1127 2625 1213 2660 mihi
1249 2625 1457 2673 suppetebat
1492 2625 1661 2660 librorum
