1941 3052
199 132 250 158 DE
280 131 465 158 NATURA
495 131 681 159 DEORUM
711 132 792 158 LIB.
818 132 856 158 11.
882 131 974 158 CAP.
997 132 1128 158 63—67.
1159 131 1244 158 LIB.
1272 132 1324 159 111.
1351 132 1443 160 CAP.
1471 135 1564 159 1—3.

63 204 105 231 his
115 207 141 230 et
151 202 307 229 civitatibus
318 207 344 229 et
354 202 472 238 singulis
484 203 642 229 hominibus
653 202 771 230 consuli:
785 202 859 237 quod
879 202 881 243 J

61 240 174 277 quidem
189 239 351 275 intelligitur
364 241 445 266 etiam
457 241 702 275 significationibus
715 249 803 266 rerum
816 239 860 266 su-

62 284 195 308 turarum,
215 286 285 312 quae
300 282 357 304 tum
373 277 583 308 dormientibus,
606 283 663 304 tum
680 277 859 313 vigilantibus

61 314 267 351 portenduntur.
306 315 389 341 Multa
400 320 535 349 praeterea
547 316 672 345 ostentis,
691 315 774 341 multa
789 315 859 341 extis
879 314 881 330 ¹

61 352 250 382 admonemur,
269 352 416 387 multisque
432 353 513 378 rebus
528 352 603 378 aliis:
626 362 694 388 quas
713 353 859 378 diuturnus
880 350 881 377 l

61 398 127 417 usus
141 390 176 416 ita
188 390 298 420 notavit,
311 394 340 416 ut
352 395 434 416 artem
446 390 623 416 divinationis
634 390 760 416 efficeret.
801 390 857 416 467.
880 390 881 416 3

61 428 144 454 Nemo
154 427 238 462 igitur
248 427 291 453 vir
302 435 417 462 magnus
429 428 487 453 sine
499 427 590 462 aliquo
601 427 690 454 afflatu
698 427 792 453 divino
798 435 860 452 um-
879 429 881 459 J

60 473 142 500 quam
154 463 214 490 fuit.
255 464 309 490 Nec
320 473 383 490 vero
395 465 429 491 ita
442 464 618 490 refellendum
631 470 679 495 est,
695 469 733 495 ut,
747 465 771 490 si
781 473 860 499 sege-

61 502 134 529 tibus
146 506 191 528 aut
202 502 300 528 vinetis
311 502 465 536 cuiuspiam
477 507 622 536 tempestas
633 502 762 531 nocuerit,
780 506 825 528 aut
835 502 859 527 si

60 539 127 574 quid
138 547 152 565 e
164 540 234 565 vitae
244 539 393 565 commodis
404 548 484 565 casus
495 539 645 570 abstulerit,
654 548 726 569 eum,
735 540 780 565 cui
791 538 859 574 quid

60 576 156 603 horum
168 576 304 607 acciderit,
313 581 358 602 aut
368 577 489 603 invisum
501 576 551 603 deo
562 582 608 603 aut
619 576 772 612 neglectum
784 585 797 602 a
809 576 859 602 deo

60 613 224 640 iudicemus.
250 614 346 649 Magna
357 613 397 640 dii
409 619 511 645 curant,
525 622 606 649 parva
619 614 770 649 negligunt.
802 614 859 639 Ma—
878 623 880 627 ⁴

59 651 216 687 gnisautem
225 651 290 677 viris
301 660 428 686 prospere
440 660 547 686 semper
558 652 688 677 eveniunt
698 659 791 677 omnes
804 659 855 681 res,
878 656 887 683 ,¹1

59 690 83 715 si
99 688 210 723 quidem
226 689 291 715 satis
306 697 320 715 a
335 689 434 715 nostris
449 693 474 715 et
492 698 505 715 a
527 689 649 723 principe
669 688 858 723 philosophiae
886 686 887 690 ¹

59 725 164 752 Socrate
175 725 278 752 dictum
290 730 330 752 est
343 726 377 752 de
388 726 557 752 ubertatibus
568 727 676 752 virtutis
687 731 712 752 et
722 726 818 760 copiis.

115 763 219 790 LXVlI.
235 765 291 790 ⁴68.
304 764 373 790 llaec
385 763 453 789 mihi
465 763 520 789 sere
532 765 559 790 in
572 768 688 789 mentem
700 763 854 793 veniebant,

58 809 128 835 quae
139 800 253 827 dicenda
267 805 390 835 putarem
401 801 434 827 de
447 806 539 827 natura
550 801 672 827 deorum.
705 801 744 826 Tu
756 805 854 830 autem,

59 838 146 869 Cotta,
164 839 241 864 sime
253 838 361 869 audias,
380 838 502 864 eamdem
518 847 642 864 caussam
657 846 721 873 agas
737 842 816 872 teque
832 842 858 863 et
878 845 880 869 ῃ

58 876 209 910 principem
225 876 313 901 civem
329 880 354 901 et
368 875 524 910 pontificem
540 884 599 901 esse
614 880 715 910 cogites
730 879 768 905 et,
789 883 858 909 quo-
878 879 880 909 ζ

58 913 131 939 niam
143 913 170 939 in
182 917 323 947 utramque
335 917 437 947 partem
449 912 527 939 vobis
543 912 605 939 licet
619 912 771 947 disputare,
788 912 857 938 hanc
878 926 879 948 χ

58 951 147 984 potius
163 958 269 981 sumas,
291 958 405 985 eamque
422 949 575 976 facultatem
590 949 752 981 disserendi,
775 958 857 984 quam
878 956 880 983 j

57 987 107 1014 tibi
123 995 137 1012 a
155 987 295 1013 rhetoricis
311 987 549 1014 exercitationibus
560 992 697 1022 acceptam
708 987 859 1022 amplifica-
878 1003 879 1016 ι

57 1024 97 1051 vit
106 1024 260 1055 Academia,
275 1025 328 1051 huc
338 1026 428 1059 potius
442 1024 574 1052 conferas.
605 1024 673 1052 Mala
685 1025 757 1051 enim
769 1030 794 1051 et
806 1025 858 1051 im—
878 1046 879 1051 ,

57 1063 101 1096 pia
125 1061 292 1089 consuetudo
310 1067 351 1089 est
368 1067 460 1089 contra
475 1062 540 1089 deos
554 1062 726 1098 disputandi,
748 1063 807 1089 sive
823 1071 857 1089 ex

57 1100 147 1126 animo
158 1099 186 1126 id
198 1099 235 1131 fit,
248 1100 307 1126 sive
317 1099 453 1127 simulate.

240 1399 395 1429 LIBER
431 1399 665 1430 TERTIUS.

108 1513 186 1533 ΑΚΒ.
204 1514 252 1535 Hoc
265 1513 323 1534 libro
337 1514 465 1534 continetur
475 1515 554 1535 Cottae
565 1513 693 1535 Academici
707 1516 784 1534 contra
794 1513 856 1534 Stoi-

54 1554 100 1568 cam
111 1548 219 1569 rationem
230 1549 257 1569 de
267 1549 311 1569 diis
322 1549 454 1576 disputatio.
470 1550 509 1573 Ea,
520 1553 545 1570 ut
555 1549 671 1576 superiore
682 1548 747 1573 libro,
758 1549 782 1569 in
793 1553 856 1575 qnat-

55 1585 105 1602 tuor
115 1586 189 1609 partes
199 1583 351 1605 distribuitur.
375 1585 430 1605 Nam
441 1584 512 1611 prima
522 1588 584 1611 parte
594 1584 635 1604 ille
645 1585 763 1611 respondet
773 1591 791 1605 c.
802 1587 814 1605 ³
821 1597 829 1600 -
836 1588 855 1605 7.

54 1617 80 1637 ud
92 1624 124 1641 ea,
136 1617 216 1644 quibus
229 1618 310 1640 Balbus
321 1619 400 1639 docere
410 1619 522 1643 voluerat,
534 1626 583 1640 esse
593 1619 654 1640 dens.
683 1620 716 1640 Ac
725 1619 796 1646 primu
807 1619 856 1646 qui-

53 1652 101 1672 dem
112 1656 177 1678 negat
186 1653 321 1678 argumentis
332 1661 377 1675 eam
389 1658 470 1681 partem
482 1654 576 1675 rationis
587 1654 677 1675 stoicae
687 1655 855 1675 confirmandam

54 1693 114 1712 esse,
131 1687 151 1708 si
161 1688 248 1715 quidem
259 1696 333 1709 verum
344 1689 386 1713 sit,
402 1690 459 1716 qnod
469 1689 541 1710 sinici
551 1689 638 1714 dicant,
649 1696 699 1710 esse
710 1690 775 1714 deos,
791 1694 856 1716 atque
878 1698 879 1705 ι

53 1721 112 1743 inter
122 1730 197 1744 oniues
207 1727 307 1749 constet3
323 1724 403 1745 deinde
417 1732 468 1745 vero
479 1725 525 1750 ugit
535 1725 561 1745 de
572 1728 699 1750 argumento
710 1731 723 1744 a
733 1725 854 1745 dixinatio-

53 1764 80 1778 ne
95 1757 178 1785 petito,
194 1762 215 1779 et
226 1758 342 1780 Cleanthis
358 1763 379 1780 et
390 1759 512 1787 Chrysippi
527 1763 654 1785 argumento
670 1759 767 1780 hreiiter
781 1767 854 1787 repre-

53 1792 141 1814 hendit:
157 1801 286 1821 quamquam
297 1801 324 1815 ea
333 1801 384 1821 pars
395 1802 438 1815 non
448 1795 535 1820 integra
545 1796 570 1815 ad
583 1802 623 1815 nus
633 1795 742 1822 pervenit.
772 1796 854 1817 Secun-

52 1828 80 1848 da
89 1831 152 1855 parte
162 1836 181 1850 c.
192 1832 260 1851 8-25.
271 1829 345 1850 uninia
355 1837 381 1850 ea
390 1830 554 1857 impugnantur,
566 1837 622 1856 qnae
631 1831 658 1850 de
668 1830 713 1851 diis
723 1831 790 1858 ipsis,
802 1838 854 1858 quu-

52 1862 85 1883 les
97 1867 184 1887 essent.
201 1864 316 1891 disputata
325 1867 395 1885 erant.
423 1865 500 1892 ltaque
511 1865 580 1892 primu
592 1872 634 1885 non
645 1872 670 1886 ea
681 1870 808 1890 argumenta
819 1874 855 1887 so-

52 1896 97 1918 lum
108 1897 225 1923 ‹lis-olvit,
241 1899 321 1926 quibus
333 1900 411 1920 mundo
419 1916 425 1925 ,
442 1900 494 1924 soli.
505 1900 571 1920 lunae
581 1900 737 1927 sideribusque
746 1901 855 1922 diviuitas

53 1936 138 1953 asserta
149 1936 208 1958 erat,
220 1934 258 1954 sed
269 1934 344 1959 etium,
356 1942 381 1955 ea
391 1934 468 1962 opinio
479 1941 541 1961 quam
553 1935 648 1956 absurda
658 1935 696 1959 sit,
708 1935 809 1962 pluribus
820 1944 854 1956 nr-

52 1967 162 1993 gui-nentis
172 1968 318 1989 demonstrat:
335 1977 426 1996 quorum
437 1969 504 1990 facile
514 1970 642 1997 primarium
653 1973 694 1995 est,
705 1978 747 1997 qno
759 1972 854 1992 Carneu-

52 2002 91 2023 εἰει
100 2002 134 2023 uti
145 2002 232 2023 solebat
246 2007 323 2024 contra
333 2004 433 2025 Stoicos:
451 2004 534 2025 nullum
550 2012 620 2031 neque
635 2012 715 2031 eorpus
726 2012 796 2032 neque
807 2006 854 2026 aui-

51 2037 103 2062 ιιι-1,
114 2038 171 2064 quud
182 2038 297 2065 patibilem
309 2043 408 2060 naturam
419 2039 506 2064 hubent,
517 2039 642 2060 immortale
652 2043 674 2059 et
683 2043 794 2061 ueternum
805 2047 855 2061 esse

52 2079 132 2100 μοιιιες
147 2073 316 2095 immortalitate
326 2078 398 2095 autem
413 2078 434 2095 et
445 2075 578 2095 aeternitate
592 2074 681 2095 sublata
691 2074 760 2102 ipsam
771 2075 854 2095 «livini-

52 2110 121 2128 tatem
133 2107 192 2129 tolli.
220 2109 308 2130 Deinde
317 2109 418 2137 poeticos
429 2110 494 2133 deus.
510 2112 532 2131 et
547 2117 602 2136 qum
616 2109 679 2137 plebs
695 2111 854 2137 mrperstitiosa

51 2144 198 2164 venerabatur
207 2148 329 2168 αωοειιικαῖς
339 2144 452 2169 ι’ρωιήαιυι,
466 2145 547 2172 quibus
557 2146 682 2166 Carneades
693 2145 716 2165 iu
727 2145 766 2166 hnc
776 2145 853 2173 dispu-

51 2177 137 2199 tatione
151 2178 186 2199 uti
196 2178 294 2203 nolet-nt,
311 2179 407 2207 aliisquo
422 2180 558 2205 argumentis
569 2180 638 2201 tollit.
662 2180 742 2201 'l'ertia
753 2188 804 2208 pare·
815 2188 853 2201 nn-

50 2215 94 2234 tem
104 2213 267 2241 disputationis
278 2221 324 2235 cnm
336 2215 437 2241 partibus
446 2215 532 2235 ιΙιιιιΙιιιι
542 2219 634 2242 quartae
644 2215 766 2236 intercidit.
797 2216 852 2237 bum

50 2252 128 2275 quarta
138 2249 300 2276 disputationis
312 2249 400 2270 Stoicae
411 2257 470 2277 pars,
482 2257 549 2276 quae,
564 2250 618 2271 deos
633 2250 759 2278 provintia-‹-
770 2254 789 2271 rt
801 2258 852 2271 con-

50 2283 150 2304 suluisse
160 2283 295 2309 hominibus,
307 2285 464 2308 contendi-but,
479 2288 584 2311 quattuor
594 2286 729 2311 argumentis
740 2285 853 2306 nitebatur

50 2319 82 2344 (ν.
93 2325 175 2344 argunt.
186 2319 211 2340 L.
223 2319 252 2340 ΙΙ.
265 2319 287 2339 iu
298 2320 363 2346 tinej:
380 2319 455 2340 horum
467 2321 563 2340 secundo
574 2323 593 2340 et
605 2324 683 2348 quarto
694 2328 749 2348 qutu-
761 2328 851 2348 respun-

49 2353 111 2374 ‹lisse
122 2354 187 2375 Cotta
196 2354 294 2379 tingitur,
306 2361 331 2375 ea
340 2354 389 2375 solu
399 2358 529 2382 nuper-unt:
542 2362 560 2376 c.
571 2357 650 2376 :tu-⁴0.
680 2356 783 2377 Ostendit
794 2356 851 2377 enim

49 2387 132 2415 primu,
148 2389 228 2415 quibus
239 2390 304 2410 rebus
315 2389 442 2410 homiuibus
453 2389 595 2410 conauluine
605 2390 637 2410 dii
648 2390 761 2415 dicantur,
777 2399 851 2412 eorum

50 2421 167 2450 pleraque,
186 2423 209 2444 in
220 2424 298 2452 primis
310 2424 429 2449 rationein,
448 2425 474 2445 ad
486 2425 596 2446 lnnniuum
607 2425 727 2452 perniciem
738 2426 850 2451 roni-etth

50 2465 190 2485 summosque
203 2459 304 2481 homines
319 2463 340 2480 et
354 2459 446 2480 virtutis
462 2460 627 2481 annunti-simn-
647 2461 775 2489 piernmquo
793 2462 850 2483 mala

49 2493 140 2514 fortuna
150 2500 203 2515 usos
213 2501 269 2515 esse.

105 2555 125 2581 1.
150 2556 172 2581 l.
195 2550 275 2587 Quae
290 2565 376 2592 quum
392 2557 492 2583 Balbus
507 2557 636 2589 dixisset,
655 2563 711 2585 tum
727 2558 850 2585 arridens

48 2591 132 2623 Cotta,
148 2591 222 2624 Sero,
238 2593 340 2629 inquit,
355 2595 437 2626 mihi,
452 2594 547 2626 Balbo,
561 2596 709 2630 praecipis,
722 2596 789 2630 quid
801 2596 850 2622 de-

48 2627 167 2656 fendam.
207 2630 264 2666 Ego
277 2632 360 2663 enim,
374 2636 398 2658 te
409 2632 579 2667 disputante,
594 2633 660 2668 qnid
673 2638 762 2659 contra
774 2633 850 2659 ‹lice-

48 2674 114 2698 rem,
128 2675 234 2694 mecum
246 2669 304 2704 ipse
316 2669 474 2701 meditabar,
492 2678 579 2705 neque
592 2675 644 2697 tam
657 2670 797 2697 refellendi
810 2671 849 2698 tui

1645 136 1709 161 ⁴¹27

909 211 1014 233 caussa,
1027 211 1109 237 quam
1121 211 1160 234 ea,
1173 211 1242 238 quae
1254 204 1345 230 minus
1356 203 1552 239 intelligebam,
1568 206 1710 240 requiren-

911 240 948 266 di.
988 240 1078 272 Quum
1100 245 1190 266 autem
1210 249 1260 267 suo
1279 241 1378 276 cuique
1398 241 1498 268 iudicio
1514 243 1549 268 sit
1564 242 1706 274 utendum,

879 266 881 300 l
911 277 1023 303 difficile
1036 277 1106 304 factu
1117 282 1166 309 est,
1179 287 1222 304 me
1234 278 1261 304 id
1272 279 1379 309 sentire,
1393 279 1466 313 quod
1478 284 1506 306 tu
1518 279 1596 306 velis.
1624 281 1648 306 2.
1661 281 1710 306 Hic

910 315 1044 345 Velleius,
1063 316 1170 345 Nescis,
1189 316 1290 350 inquit,
1308 321 1407 350 quanta
1424 326 1485 343 cum
1500 317 1708 351 exspectatione,

911 352 993 382 Cotta,
1007 353 1059 378 sim
1070 357 1094 378 te
1106 353 1259 378 auditurus.
1296 353 1433 379 iucundus
1445 355 1517 380 enim
1526 354 1608 381 Balbo
1620 360 1710 381 nostro

911 398 998 415 sermo
1019 394 1082 415 tuus
1098 394 1187 416 contra
1203 390 1352 424 Epicurum
1369 390 1428 417 fuit.
1470 392 1606 418 Praebebo
1627 393 1711 428 igitur

911 435 953 452 me
969 435 1018 461 ego
1035 427 1084 453 tibi
1100 427 1222 453 vicissim
1238 432 1368 454 attentum
1383 434 1472 455 contra
1488 429 1591 455 Stoicos
1605 430 1712 456 audito-

911 472 977 490 rem.
1018 463 1101 498 Spero
1112 465 1194 495 enim,
1209 470 1242 495 te,
1257 469 1285 490 ut
1296 464 1375 496 soles,
1390 466 1456 492 bene
1469 471 1593 501 paratum
1606 468 1709 493 venire.

910 503 935 527 3.
957 501 1026 527 Tum
1040 501 1122 531 Cotta,
1137 501 1166 527 Si
1178 502 1346 532 mehercule,
1365 503 1461 538 inquit,
1481 504 1574 530 Vellei.
1616 505 1711 539 Neque

910 539 982 564 enirn
999 538 1067 564 mihi
1082 547 1130 573 par
1144 540 1209 565 ratio
1224 548 1286 565 curn
1302 540 1407 566 Lucilio
1422 546 1474 571 est,
1496 550 1525 567 ac
1541 547 1630 568 tecum
1647 541 1708 568 fuit.

910 575 962 608 Qui
975 575 1095 606 tandem,
1115 576 1278 611 inquitille‘?
1300 577 1368 609 Quia
1385 578 1466 609 mihi,
1484 579 1586 614 inquit,
1604 579 1711 605 videtur

910 614 1045 647 Epicurus
1057 618 1145 640 vester
1156 613 1188 640 de
1200 614 1254 640 diis
1265 615 1464 641 immortalibus
1475 625 1526 642 non
1538 625 1636 652 magno
1645 624 1711 651 ope-

910 659 937 676 re
953 659 1083 686 pugnare.
1124 651 1320 678 Tantummodo
1336 661 1432 688 negare
1444 653 1508 679 deos
1522 662 1581 680 esse
1598 663 1650 680 non
1661 662 1711 680 au-

910 688 968 719 det,
991 697 1023 714 ne
1043 688 1111 723 quid
1130 688 1250 715 invidiae
1266 689 1361 715 subeat
1382 695 1427 716 aut
1446 692 1579 718 criminis.
1619 692 1710 723 Quum

910 734 973 751 vero
984 725 1048 751 deos
1060 725 1128 752 nihil
1140 734 1228 761 agere,
1237 726 1304 752 nibil
1312 736 1405 753 curare
1416 729 1555 755 confirmat
1566 729 1711 755 membris-

885 782 887 788 .
909 771 962 797 que
975 763 1101 789 humanis
1113 772 1172 789 esse
1188 764 1336 798 praeditOS,
1354 765 1401 791 sed
1418 774 1510 791 eorum
1527 766 1710 792 membrorum

910 808 991 825 usum
1004 800 1102 826 habere
1117 800 1233 831 nullum,
1252 801 1343 827 ludere
1355 802 1463 828 videtur
1474 804 1594 838 satisque
1605 808 1707 838 putare,

910 837 1103 863 sidixeritesse
1115 838 1262 872 quamdam
1275 838 1379 864 beatam
1393 844 1514 866 naturam
1527 846 1551 867 et
1563 846 1708 867 aeternam.

911 876 934 901 4.
956 875 979 900 A
990 874 1072 901 Balbo
1083 880 1172 901 autem
1184 875 1412 907 animadvertisti,
1426 878 1518 908 credo,
1532 877 1710 912 quammulta

910 912 981 938 dicta
992 913 1046 938 sint
1055 921 1205 947 quamque,
1224 914 1304 939 etiam
1315 914 1441 940 siminus
1454 924 1529 946 vera,
1548 920 1635 941 tamen
1651 920 1710 949 apta

910 950 979 976 inter
993 958 1021 975 se
1037 954 1063 976 et
1077 950 1256 976 cohaerentia.
1298 952 1389 986 ltaque
1405 953 1506 987 cogito,
1522 958 1551 979 ut
1567 953 1638 983 dixi,
1659 962 1710 979 non

910 992 963 1014 tam
980 986 1101 1013 refellere
1118 988 1177 1013 eius
1192 988 1353 1019 orationem,
1371 998 1453 1023 quam
1469 999 1512 1020 ea,
1533 999 1602 1024 quae
1619 990 1711 1016 minus

910 1024 1040 1056 intellexi,
1055 1026 1201 1060 requirere,
1242 1026 1338 1057 Quare,
1352 1026 1441 1057 Balbe,
1459 1027 1507 1053 tibi
1521 1028 1654 1061 permitto,
1669 1036 1711 1053 re-

909 1062 1076 1097 sponderene
1093 1063 1161 1088 mihi
1177 1062 1270 1093 malis,
1291 1063 1324 1089 de
1339 1064 1456 1099 singulis
1473 1065 1554 1090 rebus
1570 1065 1711 1100 quaerenti

909 1109 943 1126 ex
960 1105 984 1126 te
1001 1108 1045 1130 ea,
1071 1108 1140 1135 quae
1156 1109 1250 1135 parum
1268 1102 1372 1135 accepi.
1395 1110 1427 1127 an
1445 1103 1600 1128 universam
1617 1102 1711 1128 audire

909 1138 1055 1164 orationem
1072 1146 1169 1164 meam.
1211 1138 1279 1164 Tum
1295 1139 1408 1165 Balbus:
1432 1139 1488 1175 Ego
1505 1148 1581 1170 vero,
1605 1141 1627 1166 si
1644 1139 1711 1174 quid

909 1174 1048 1209 explanari
1061 1175 1110 1201 tibi
1122 1175 1205 1206 voles,
1219 1175 1381 1210 respondere
1393 1176 1472 1203 malo.
1513 1177 1559 1203 Sin
1572 1186 1614 1203 me
1628 1177 1711 1203 inter-

878 1223 879 1241 :
910 1221 1016 1248 rogare:
1034 1217 1149 1239 nontam
1162 1213 1333 1249 intelligendi
1345 1222 1540 1249 caussa,qnam
1553 1214 1708 1247 refellendi;

910 1255 1001 1277 utrum
1014 1250 1101 1281 voles,
1120 1249 1229 1282 faciam3
1250 1250 1291 1277 vel
1307 1251 1340 1277 ad
1352 1252 1473 1287 singula,
1492 1261 1560 1287 quae
1577 1253 1708 1287 requires,

909 1288 999 1314 statim
1012 1287 1188 1322 respondebo,
1203 1287 1254 1319 vel,
1268 1297 1354 1323 quum
1367 1290 1507 1323 peroraris,
1521 1290 1553 1315 ad
1566 1290 1665 1315 omnia.
1683 1291 1709 1316 5.

909 1326 977 1351 Tum
989 1326 1076 1356 Cotta,
1091 1324 1211 1360 Optime,
1227 1327 1328 1361 inquit:
1347 1327 1522 1361 quamobrem
1535 1328 1574 1353 sic
1586 1335 1708 1362 agamus,

910 1367 939 1389 ut
950 1372 998 1389 nos
1010 1363 1068 1397 ipsa
1079 1362 1154 1389 ducit
1166 1364 1241 1390 ratio.
1278 1364 1308 1390 ll.
1325 1364 1377 1390 Sed
1390 1370 1533 1399 antequam
1545 1364 1578 1390 de
1593 1373 1628 1394 re,
1643 1373 1711 1399 pau-

909 1409 939 1426 ca
950 1400 982 1426 de
994 1409 1046 1426 me.
1088 1401 1145 1427 Non
1161 1401 1233 1427 enim
1249 1401 1420 1428 mediocriter
1435 1411 1544 1428 moveor
1554 1403 1711 1428 auctoritate

909 1443 963 1469 tua,
976 1437 1071 1469 Balbe,
1084 1438 1257 1473 orationeque
1269 1447 1298 1464 ea
1307 1460 1313 1469 ,
1329 1448 1398 1474 quae
1411 1448 1453 1465 me
1468 1440 1494 1465 in
1507 1439 1655 1474 perorando
1665 1448 1711 1466 co—

909 1475 1073 1506 hortabatur,
1090 1480 1119 1501 ut
1131 1477 1315 1502 meminissem
1329 1486 1370 1502 me
1385 1482 1409 1503 et
1421 1478 1523 1503 Cottam
1535 1486 1593 1503 esse
1605 1482 1631 1503 et
1642 1485 1712 1512 pon-

908 1514 1018 1539 tificem.
1059 1513 1136 1545 Quod
1148 1522 1187 1543 eo,
1201 1514 1289 1543 credo,
1304 1514 1419 1545 valebat,
1433 1520 1461 1541 ut
1472 1515 1627 1549 opiniones,
1641 1523 1710 1549 quas

908 1559 922 1576 a
939 1550 1088 1577 maioribus
1103 1551 1258 1585 accepimus
1274 1551 1307 1577 (le
1323 1552 1377 1577 diis
1392 1552 1605 1583 immortalibus,
1623 1561 1708 1583 sacra,

907 1588 1085 1614 caerimonias
1097 1588 1297 1624 religionesque
1309 1589 1493 1616 defenderem
1520 1590 1576 1625 Ego
1591 1598 1654 1616 vcro
1664 1598 1710 1616 eas

908 1625 1053 1652 defendam
1068 1634 1176 1660 semper
1191 1635 1353 1661 semperque
1369 1627 1491 1653 defendi:
1515 1636 1564 1653 uec
1582 1636 1623 1653 me
1635 1636 1667 1653 cx
1679 1636 1710 1653 ea

877 1684 879 1693 ,
908 1664 1049 1697 opinione,
1072 1672 1154 1698 quam
1170 1672 1183 1689 a
1200 1664 1349 1690 maioribus
1363 1665 1453 1699 accepi
1467 1665 1499 1691 de
1510 1665 1583 1691 cultu
1597 1665 1710 1691 deorum

909 1701 1116 1731 immortalium,
1134 1700 1218 1727 ullius
1234 1710 1364 1736 uinquam
1378 1703 1462 1728 oratio
1473 1708 1517 1728 aut
1529 1702 1599 1728 docti
1611 1708 1656 1729 aut
1669 1703 1711 1728 in-

908 1738 980 1764 docti
1002 1738 1130 1764 movebit.
1171 1738 1223 1765 Sed
1242 1748 1328 1774 quum
1349 1740 1381 1765 de
1404 1740 1533 1775 religione
1551 1741 1648 1775 agitur.
1666 1740 1708 1766 Ti.

908 1776 1117 1806 Coruncanium,
1131 1776 1160 1802 P.
1173 1776 1337 1811 Scipionem,
1347 1778 1375 1803 Ρ.
1389 1777 1555 1804 Scaevolam.
1570 1778 1710 1812 pontifices

908 1814 1055 1844 maximos,
1079 1822 1130 1839 non
1144 1814 1277 1840 Zenonem
1294 1819 1339 1840 aut
1350 1815 1506 1841 Cleanthem
1522 1820 1567 1841 aut
1578 1816 1711 1850 Chrysip-

907 1859 972 1885 pum
985 1860 1092 1885 sequor,
1103 1851 1278 1886 habeoqueC.
1293 1851 1413 1878 Laelium
1426 1861 1556 1888 augurem
1569 1852 1711 1878 mundem-

907 1897 960 1923 que
971 1889 1136 1922 sapientem,
1152 1897 1234 1923 quem
1249 1890 1339 1924 potius
1355 1890 1463 1916 audiam
1480 1890 1513 1915 de
1526 1889 1654 1925 religione
1667 1889 1710 1915 ‹li-

906 1931 1011 1952 contem
1025 1925 1108 1952 milla
1120 1927 1238 1953 oratione
1251 1927 1348 1957 nobili,
1362 1936 1444 1962 quam
1455 1936 1621 1962 quemquam
1635 1928 1710 1962 prin-

906 1963 995 1997 cipem
1012 1963 1174 1990 Stoicorum.
1215 1965 1361 1999 Quumque
1381 1966 1469 1991 omnis
1487 1965 1579 2000 populi
1597 1965 1709 1990 Romani

907 2000 1004 2036 religio
1020 2001 1045 2026 in
1062 2010 1137 2027 sat-ra
1153 2006 1179 2028 ct
1196 2002 1221 2028 in
1243 2003 1364 2036 auspicia
1382 2002 1470 2028 divisa
1487 2004 1535 2033 sit,
1559 2007 1583 2029 et
1600 2004 1708 2028 tortium

907 2037 1065 2064 adiunctum
1077 2039 1121 2069 sit,
1133 2039 1156 2064 si
1169 2039 1235 2073 qnid
1248 2039 1439 2073 praedictionis
1450 2049 1544 2066 caussa
1557 2049 1590 2066 cx
1602 2045 1710 2074 porton-

907 2075 941 2101 tis
957 2080 982 2101 et
998 2076 1124 2101 monstris
1134 2076 1254 2111 Sibyllae
1268 2077 1426 2111 interpretes
1443 2078 1635 2112 haruspicesve
1652 2085 1709 2102 mo-

907 2117 1037 2138 nuerunt:
1052 2113 1205 2147 harumego
1216 2113 1378 2149 religionum
1392 2115 1493 2141 nullam
1508 2123 1708 2149 uniquamron-

906 2149 1077 2175 temnendam
1094 2151 1201 2184 putavi.
1219 2151 1342 2185 miliique
1358 2152 1392 2178 ita
1408 2153 1543 2186 persuasi.
1564 2151 1707 2177 liomulum

905 2187 1046 2221 auspiciis,
1057 2187 1172 2212 Numam
1179 2188 1263 2213 sacris
1274 2189 1428 2215 constitutis
1441 2189 1613 2215 [mulamouta
1628 2189 1708 2214 iecis-

875 2235 876 2239 ¹
906 2232 934 2249 se
942 2229 1046 2249 nostrae
1057 2224 1185 2254 civitatis,
1194 2233 1263 2258 quae
1271 2234 1419 2260 numquam
1433 2226 1550 2261 profecto
1561 2227 1619 2251 sim·
1631 2234 1708 2250 suni-

907 2269 949 2287 ma
962 2261 1110 2295 placatione
1121 2261 1233 2287 duorum
1247 2262 1438 2289 immortalium
1451 2268 1520 2290 tauta
1532 2272 1590 2289 osse
1603 2263 1707 2297 potuis-

905 2302 954 2324 set.
997 2298 1092 2328 nabes,
1107 2298 1198 2328 Balbe,
1210 2299 1366 2333 quidCutta,
1380 2300 1447 2335 quid
1461 2300 1580 2335 pontifex
1593 2300 1704 2326 sentiat:

906 2335 946 2361 fac
958 2344 1029 2361 nunc
1040 2344 1089 2371 ogo
1103 2336 1261 2371 intelligam,
1277 2342 1303 2362 ιιι
1315 2337 1382 2371 quid
1394 2339 1504 2364 sentias.
1527 2340 1551 2363 Γ».
1566 2338 1583 2363 Α
1597 2342 1620 2363 u·
1632 2338 1705 2362 onim

904 2372 1067 2407 philosopho
1079 2374 1206 2399 rationem
1221 2374 1341 2408 accipere
1353 2375 1438 2400 dobeo
1450 2375 1602 2409 roligionis,
1622 2374 1706 2400 maio·

905 2410 980 2436 ribus
991 2415 1080 2436 antem
1093 2411 1205 2440 nostris,
1222 2413 1302 2436 oth-un
1317 2411 1389 2437 nulla
1405 2409 1504 2438 ustione
1518 2411 1633 2440 mittun,
1647 2419 1706 2438 cre-

903 2447 976 2473 dore.
1018 2448 1060 2474 ΙΙΙ.
1083 2448 1150 2474 Τιιιιι
1164 2448 1275 2477 Bulbus,
1289 2450 1374 2480 &luam
1389 2450 1471 2482 igitur
1482 2458 1495 2474 a
1509 2458 1549 2474 un·
1563 2450 1702 2478 rationem,

905 2485 1259 2519 iuquit,Cotta,desideras?
1274 2486 1304 2512 Et
1317 2486 1369 2513 ille.
1382 2486 1590 2521 Quadripurtita.
1605 2487 1702 2521 inquit,

904 2521 953 2547 suit
969 2521 1069 2548 divisio
1084 2528 1142 2549 tua:
1165 2524 1282 2557 primum
1300 2528 1327 2549 ut
1341 2523 1424 2549 velles
1435 2524 1538 2553 doci-ro,
1552 2523 1616 2549 deos
1628 2532 1700 2553 essm

902 2559 1010 2589 deinde,
1023 2559 1117 2594 quales
1128 2565 1230 2590 esseut‘,
1246 2565 1311 2590 tum,
1326 2561 1358 2586 ab
1372 2561 1413 2587 his
1426 2561 1558 2588 inumlum
1570 2562 1640 2597 regi:
1655 2570 1704 2596 po-

901 2601 1010 2626 stremo,
1024 2597 1163 2623 consulere
1175 2607 1220 2623 uos
1232 2598 1313 2623 robus
1329 2598 1464 2625 humanis.
1506 2599 1582 2627 llaec.
1596 2600 1618 2625 si
1633 2604 1702 2625 recto

902 2634 1023 2664 memini,
1038 2636 1144 2669 partitio
1157 2635 1216 2661 suit.
1248 2636 1415 2667 uectis-sime,
1430 2637 1518 2672 inquit
1528 2636 1640 2667 Balbus.
1654 2636 1702 2662 sed

901 2676 1037 2706 exspecto,
1050 2672 1117 2707 quid
1130 2673 1261 2707 requiras.
