1941 3052
346 78 678 105 EPISTOLARUM
707 79 761 105 AD
790 77 1022 106 DIVERSOS
1060 79 1142 105 LIB.
1164 79 1184 105 I.
1216 79 1277 105 ΕΡ.
1300 80 1416 105 7-9.

59 159 136 187 pares
147 158 206 177 esse
217 159 269 177 non
285 154 407 184 possent,
426 158 545 185 pugnare
560 149 728 176 desisterent.
769 151 794 176 3.
816 150 857 176 Me

60 188 170 225 quidem
181 188 260 214 etiam
271 187 316 214 illa
327 196 370 214 res
381 187 541 219 consolatur,
553 187 626 222 quod
638 195 687 223 ego
696 187 719 213 is
729 196 800 217 sum,
814 188 858 213 cui

60 225 103 253 vel
124 226 239 252 maxime
259 224 404 252 concedant
424 233 532 256 omnes,
553 229 584 251 ut
599 224 641 251 vel
660 233 689 250 ea
704 224 856 255 defendam,

61 271 129 299 quae
139 263 283 297 Pompeius
299 262 377 293 velit,
396 261 439 288 vel
451 267 564 293 taceam,
582 261 624 288 vel
636 262 730 293 etiam,
748 261 775 288 id
785 261 859 296 quod

61 301 128 328 mihi
139 300 256 327 maxime
267 299 350 330 lubet,
366 299 399 326 ad
411 304 498 326 nostra
511 308 552 326 me
564 299 651 326 studia
663 298 776 325 reseram
788 299 859 325 litte-

61 347 164 365 rarum:
187 337 259 372 quod
280 337 396 372 profecto
417 337 525 368 faciam,
548 337 571 363 si
587 337 654 363 mihi
671 345 717 371 per
737 336 858 363 eiusdem

61 376 204 402 amicitiam
217 374 317 401 licebit.
342 374 416 407 Quae
427 375 498 401 enim
510 375 644 409 proposita
654 373 760 400 fuerant
769 373 856 404 nobis,

61 421 146 448 quum
161 417 187 439 et
198 412 344 439 honoribus
356 412 532 446 amplissimis
544 416 569 438 et
584 411 721 439 laboribus
733 411 858 437 maximis

61 449 195 485 perfuncti
207 458 341 481 essemus,
359 449 476 485 dignitas
486 450 515 476 in
526 449 665 475 sententiis
677 448 812 479 dicendis,
827 448 859 474 li-

61 488 149 515 bertas
166 488 193 514 in
209 487 347 522 republica
361 487 538 522 capessenda,
560 495 589 513 ea
608 485 713 512 sublata
727 490 793 516 tota,
811 485 859 511 sed

61 533 110 552 nec
121 525 188 551 mihi
200 526 295 560 magis,
309 533 390 560 quam
401 524 537 551 omnibus.
578 524 644 550 Nam
656 528 702 549 aut
712 523 860 550 assentien-

61 562 127 589 dum
139 566 179 588 est
190 562 264 589 nulla
274 571 336 589 cum
348 562 476 598 gravitate
488 561 589 596 paucis,
598 560 747 587 autsrustra
753 560 860 586 dissen-

61 599 194 626 tiendum.
229 601 253 626 4.
275 600 343 626 Haec
354 608 403 635 ego
413 599 447 625 ad
461 604 484 625 te
495 599 528 625 ob
540 607 598 625 eam
609 606 732 624 caussam
743 598 859 624 maxime

62 637 159 668 scribo,
172 642 202 664 ut
212 638 264 664 iam
275 637 308 664 de
319 642 363 663 tua
374 645 482 671 quoque
494 637 593 662 ratione
606 635 743 662 meditere.
781 635 861 662 Com-

62 679 163 701 mutata
179 679 230 701 tota
246 675 311 701 ratio
326 678 366 701 est
380 678 502 705 senatus,
523 673 698 704 iudiciorum,
725 674 762 698 rei
778 673 859 698 totius
881 694 883 700 ,

62 712 196 747 publicae.
227 711 318 739 Otium
330 711 407 738 nobis
418 710 599 745 exoptandum
610 715 663 736 est:
686 709 759 745 quod
770 710 798 741 ii,
812 710 859 744 qui

62 750 201 784 potiuntur
212 758 314 780 rerum,
331 749 489 783 praestaturi
502 748 639 778 videntur,
655 748 679 773 si
689 747 800 782 quidam
813 747 861 774 ho-

62 787 149 813 mines
160 787 304 822 patientius
315 795 408 813 eorum
418 786 562 820 potentiam
575 785 641 811 serre
653 785 795 819 potuerint.
816 785 861 811 Di-

61 825 190 860 gnitatem
205 823 316 859 quidem
332 823 407 850 illam
422 823 589 850 consularem
606 822 681 849 sortis
697 827 722 849 et
736 827 861 849 constan-

62 862 97 888 tis
113 862 255 892 senatoris,
274 861 341 888 nihil
353 865 393 887 est
404 860 476 896 quod
487 861 646 896 cogitemus.
686 860 793 886 Amissa
803 860 861 886 cul-

61 907 96 934 pa
110 903 151 926 est
167 907 272 930 eorum,
294 899 342 934 qui
358 907 372 925 a
387 902 481 929 senatu
496 902 521 925 et
536 898 657 924 ordinem
671 898 861 924 coniunctissi-

62 945 137 963 mum
149 941 175 963 et
186 937 322 963 hominem
333 936 515 962 clarissimum
526 935 720 962 abalienarunt.
753 936 778 961 5.
796 935 858 966 Sed,

62 978 93 1001 ut
102 974 135 1001 ad
145 983 188 1006 ea,
206 982 275 1009 quae
286 974 466 1000 coniunctiora
476 973 557 999 rebus
569 973 622 999 tuis
635 977 711 1004 sunt,
729 977 859 1005 revertar,
883 969 884 978 ¹

61 1011 220 1047 Pompeium
232 1012 280 1038 tibi
292 1011 369 1038 valde
379 1012 496 1038 amicum
508 1019 568 1037 esse
577 1011 704 1046 cognovi:
717 1019 748 1037 eo
759 1015 787 1037 tu
798 1019 862 1037 con-

62 1049 130 1081 sule,
143 1054 275 1084 quantum
286 1058 335 1085 ego
345 1049 487 1084 perspicio,
499 1048 602 1079 omnia,
616 1057 685 1083 quae
696 1047 778 1079 voles,
791 1048 861 1074 obti-

63 1087 152 1114 nebis:
175 1087 276 1123 quibus
295 1088 323 1113 in
335 1087 415 1113 rebus
431 1095 473 1112 me
487 1086 540 1112 sibi
556 1085 602 1112 ille
613 1085 725 1112 affixum
737 1086 859 1112 habebit:
883 1097 885 1121 g

63 1133 149 1160 neque
160 1134 175 1151 a
186 1134 228 1152 me
239 1124 294 1151 ulla
305 1133 360 1155 res,
377 1133 446 1160 quae
457 1124 490 1150 ad
502 1128 526 1150 te
537 1124 680 1158 pertineat,
698 1123 859 1159 negligetur.
884 1136 885 1140 =

62 1163 155 1198 Neque
166 1163 238 1189 enim
249 1162 373 1193 verebor,
390 1170 422 1188 ne
438 1161 490 1188 sim
505 1162 529 1187 ei
545 1160 686 1192 molestus,
704 1161 749 1187 cui
765 1161 862 1187 iucun—

63 1200 129 1226 dum
145 1201 207 1231 erit,
225 1200 304 1226 etiam
315 1204 423 1235 propter
432 1199 460 1225 id
471 1199 575 1233 ipsum,
592 1198 666 1233 quod
677 1207 721 1225 me
731 1207 790 1225 esse
800 1207 862 1234 gra-

62 1242 120 1264 tum
132 1237 243 1264 videbit.
284 1239 308 1263 6.
324 1237 365 1264 Tu
377 1236 458 1263 velim
470 1236 519 1262 tibi
530 1237 565 1262 ita
576 1236 745 1271 persuadeas,
759 1236 861 1262 nullam

62 1283 118 1302 rem
134 1283 193 1301 esse
209 1275 362 1305 minimam,
379 1283 448 1309 quae
463 1274 497 1300 ad
512 1278 537 1300 te
553 1275 696 1308 pertineat,
713 1282 783 1308 quae
794 1273 862 1300 mihi
884 1278 885 1282 ¹

63 1321 115 1339 non
130 1313 215 1339 carior
230 1312 278 1343 sit,
295 1321 376 1347 quam
393 1320 467 1338 meae
482 1320 524 1337 res
535 1320 639 1337 omnes.
679 1311 762 1346 quue
775 1319 861 1346 quum

62 1351 190 1380 sentiam,
206 1349 348 1376 sedulitate
365 1349 487 1375 mihimet
502 1349 560 1383 ipse
575 1347 727 1375 satisfacere
739 1357 859 1383 possum,

63 1396 91 1414 re
101 1387 211 1422 quidem
227 1388 285 1422 ipsa
297 1387 357 1413 ideo
368 1386 435 1413 mibi
447 1395 499 1413 non
509 1386 656 1417 satisfacio,
675 1386 747 1421 quod
759 1385 861 1412 nullam

63 1429 165 1459 partem
182 1429 289 1451 tuorum
306 1425 461 1450 meritorum
483 1432 535 1450 non
550 1423 629 1450 modo
645 1423 794 1455 reserenda,
814 1423 862 1449 sed

63 1471 96 1489 ne
106 1462 244 1498 cogitanda
256 1462 366 1497 quidem
376 1462 458 1497 gratia
469 1461 597 1496 consequi
607 1469 729 1496 possum.
758 1462 783 1487 7.
797 1462 861 1487 Rem
884 1469 893 1487 z>

630 1499 862 1533 Exspectabantur
884 1507 893 1536 3}

64 1536 166 1564 litterae
181 1541 254 1568 tuae,
271 1537 304 1563 de
315 1537 416 1571 quibus
428 1544 534 1563 eramus
547 1537 600 1562 iam
611 1544 673 1562 cum
686 1536 812 1571 Pompeio
825 1535 863 1562 lo-
884 1539 893 1554 θ

64 1575 132 1601 cuti:
155 1583 224 1610 quac
235 1575 259 1600 si
270 1578 348 1601 erunt
359 1573 465 1605 allatae,
481 1578 602 1600 nostrum
614 1573 736 1600 studium
747 1573 863 1600 exstabit
884 1568 885 1578 ¹

63 1504 89 1526 te
104 1500 182 1526 valde
197 1500 265 1526 bene
279 1500 397 1535 gessisse
415 1508 506 1525 rumor
526 1503 590 1525 erat.

63 1612 90 1639 iu
101 1612 291 1639 conveniendis
303 1611 503 1647 magistratibus
515 1616 540 1637 et
550 1611 728 1638 senatoribus.
759 1611 859 1642 Cetera,

63 1657 132 1684 quae
142 1649 176 1676 ad
187 1654 211 1676 te
227 1650 410 1685 pertinebunt,
433 1657 518 1684 quum
530 1649 608 1675 etiam
621 1648 683 1683 plus
694 1649 862 1675 contenderi-

63 1695 134 1751 {imsss'
146 1695 228 1722 quam
240 1695 399 1722 possumus,
416 1687 506 1713 minus
517 1690 606 1713 tamen
619 1686 762 1718 faciemus,
780 1695 861 1721 quam

83 1733 96 1751 e
116 1733 202 1751 emus.

117 1794 158 1815 ΙΧ.
175 1794 251 1814 ARG.
263 1794 368 1821 Exponit,
380 1794 450 1814 curin
461 1794 553 1816 arntiam
564 1801 612 1814 eum
623 1794 726 1817 Caesare,
737 1792 830 1813 Vatinio
841 1796 863 1813 et

64 1831 146 1851 Crono
157 1829 256 1854 redierit,
267 1829 294 1849 de
305 1829 396 1856 scriptis
407 1829 463 1853 auis,
474 1829 500 1848 de.
512 1828 601 1848 Lentuli
613 1829 678 1849 rebus
687 1827 824 1851 domesticis,
836 1828 863 1848 «le

65 1867 92 1890 q.
105 1864 181 1885 fratria
192 1864 280 1889 negotio
288 1879 293 1888 .
304 1864 331 1884 de
342 1871 381 1884 suo
394 1863 416 1884 in
428 1863 545 1884 Lentulum
556 1863 643 1888 studio,
660 1864 686 1884 (le
697 1863 763 1890 Appii
775 1870 861 1884 succes-

65 1899 136 1923 sinne,
147 1900 173 1919 ile
183 1899 309 1926 publicanis
321 1906 363 1919 nou
373 1898 520 1919 offenilemlis.

262 1936 349 1959 (nonme.
360 1935 445 1953 Domitio
453 1948 457 1955 ,
468 1935 532 1959 Appio
543 1942 589 1954 rou,
602 1937 657 1955 mn.)

94 1979 128 2004 M.
145 1978 174 2004 T.
191 1978 220 2004 C.
233 1977 260 2003 S.
277 1978 306 2003 D.
322 1978 351 2003 P.
368 1977 551 2004 LENTULO
572 1978 829 2004 IMPERATORI.

120 2025 144 2050 4.
159 2019 347 2050 periucundae
359 2023 425 2049 mihi
438 2022 546 2050 fuerunt
558 2023 658 2049 litterae
669 2028 742 2057 tuae;
760 2025 863 2058 quibus

66 2060 226 2092 intellexi,te
233 2061 475 2095 perspiceremeam
487 2061 513 2087 in
527 2065 550 2087 te
562 2061 700 2095 pietatem:
713 2062 779 2096 quid
791 2062 862 2088 enim

65 2097 151 2125 dicam
164 2098 385 2129 benevolentiam,
393 2106 478 2133 quum
490 2098 558 2124 illud
569 2099 659 2133 ipsum
671 2099 862 2134 gravissimum

65 2140 92 2163 nt
105 2136 306 2162 sanctissimum
328 2144 425 2162 nomen
446 2135 551 2170 pietatis
568 2135 655 2162 levius
672 2136 737 2162 mihi
761 2137 863 2163 meritis

66 2181 127 2209 erga
148 2181 190 2199 me
210 2173 263 2199 tuis
283 2181 343 2199 esso
364 2172 504 2199 videatur?
523 2172 599 2205 Quod
614 2177 702 2199 autem
719 2174 768 2200 tibi
790 2178 863 2207 grata

67 2218 124 2237 mea
134 2219 195 2247 erga
207 2215 231 2237 to
244 2210 332 2237 studia
344 2210 441 2237 scribis
452 2218 520 2241 esse,
538 2210 604 2237 facis
616 2215 644 2237 tu
655 2210 765 2245 quidem
777 2212 864 2238 abun—

66 2247 154 2275 dantia
169 2248 286 2283 quadam
302 2248 412 2278 amoris,
435 2252 464 2274 ut
478 2248 557 2274 etiam
572 2252 646 2283 grata
662 2248 716 2274 sint
730 2257 773 2280 ea,
794 2257 863 2283 quac

67 2285 239 2320 praetermitti
255 2286 313 2312 sine
328 2285 428 2312 nefario
448 2284 547 2312 scelere
568 2294 619 2311 non
641 2290 762 2320 possunt.
803 2286 862 2312 Tibi

67 2327 154 2350 autem
171 2322 255 2350 multo
267 2323 351 2349 notior
362 2327 441 2358 atque
453 2322 582 2349 illustrior
593 2331 669 2349 meus
681 2323 707 2349 in
720 2327 745 2349 tc
756 2324 863 2350 animus

67 2364 149 2391 esset,
165 2361 188 2387 si
201 2361 249 2387 boc
261 2365 378 2395 tempore
388 2361 475 2390 omni,
492 2368 546 2395 (μιο
561 2359 687 2386 disiuncti
705 2359 820 2391 fuimus,
838 2365 864 2387 et

68 2404 120 2424 una
131 2401 156 2424 et
165 2398 263 2424 Romae
275 2398 432 2424 fuissemus.
473 2399 497 2423 2.
515 2398 580 2423 Nam
596 2397 663 2423 ineo
675 2397 742 2431 ipso,
755 2398 828 2432 quod
840 2403 863 2424 te

68 2434 185 2462 ostendis
200 2443 258 2462 esse
274 2435 420 2466 facturum,
441 2434 568 2470 quodque
583 2439 609 2460 ct
624 2435 650 2460 in
668 2435 761 2469 primis
778 2439 861 2470 potes,
886 2464 887 2469 Ἰ

68 2475 94 2498 et
103 2479 151 2507 ego
161 2480 174 2498 a
186 2476 210 2498 te
221 2472 392 2499 veliementer
406 2477 544 2507 exspecto,
563 2472 589 2497 in
605 2472 745 2498 sententiis
759 2477 859 2498 senato—

69 2508 115 2535 riis
129 2513 155 2536 et
169 2510 196 2536 in
207 2511 280 2537 omni
291 2511 393 2537 actione
403 2514 482 2545 atque
493 2509 722 2536 administratione
734 2510 864 2544 reipubli-

68 2553 113 2572 cae
127 2545 320 2574 floruissemus.
361 2548 397 2574 De
412 2556 464 2582 qua
480 2547 617 2574 ostendam
633 2546 758 2581 equidem
774 2547 864 2582 puullo

71 2585 191 2619 post,qui
201 2584 236 2610 sit
246 2593 322 2612 meus
333 2593 430 2612 sensus
441 2589 466 2612 et
477 2589 570 2615 status,
579 2589 605 2610 ct
615 2584 757 2610 rescribam
771 2585 819 2611 tibi
831 2584 862 2611 ad

70 2627 109 2651 ea,
121 2629 189 2657 quae
199 2623 320 2657 quaeris:
343 2622 391 2650 sed
405 2627 474 2649 certe
484 2626 510 2649 et
520 2630 569 2659 ego
581 2626 604 2649 te
615 2626 720 2649 auctore
731 2622 864 2649 amicissi-

885 2625 888 2654 ἰ

1658 81 1706 106 667

910 158 953 175 mo
967 158 996 175 ac
1007 149 1220 184 sapientissimo,
1238 154 1264 176 et
1278 154 1307 176 tu
1318 158 1361 176 me
1371 149 1522 177 consiliario
1534 149 1643 176 fortasse
1655 159 1707 177 non

910 187 1124 221 imperitissimo,
1143 187 1215 213 fideli
1229 187 1340 222 quidem
1356 192 1381 214 et
1395 187 1525 214 benevolo
1539 192 1622 218 certe,
1640 196 1707 214 usus

910 233 998 250 esses:
1011 233 1176 259 quamquam
1188 230 1232 251 tua
1244 225 1353 259 quidem
1365 234 1472 256 caussa,
1486 229 1510 251 te
1522 233 1580 251 esse
1592 226 1706 260 impera-

911 266 993 288 torem
1009 262 1228 297 provinciamque
1244 262 1311 288 bene
1327 263 1411 298 gestis
1422 262 1502 288 rebus
1516 271 1577 289 cum
1590 263 1707 289 exercitu

911 300 1010 325 victore
1021 299 1148 330 obtinere,
1156 304 1186 326 ut
1197 299 1290 330 debeo,
1300 299 1394 326 laetor:
1407 300 1455 326 sed
1465 305 1544 330 certe,
1556 300 1604 335 qui
1616 300 1663 326 tibi
1676 309 1709 326 ex

912 345 954 362 me
969 336 1071 363 fructus
1087 336 1231 367 debentur,
1255 346 1299 363 eos
1319 337 1456 363 uberiores
1474 342 1499 363 et
1514 338 1708 372 praesentiores

912 382 1037 408 praesens
1058 382 1151 408 capere
1173 374 1316 408 potuisses.
1357 375 1385 401 In
1401 375 1440 400 eis
1456 383 1518 401 vero
1534 374 1706 405 ulciscendis,

911 419 979 446 quos
995 411 1043 437 tibi
1059 412 1155 445 partim
1171 412 1294 438 inimicos
1308 421 1367 438 esse
1377 412 1505 447 intelligis
1518 417 1624 447 propter
1636 417 1708 438 tuam

912 449 1151 483 propugnationem
1163 448 1257 475 salutis
1270 458 1352 479 meae,
1361 450 1456 484 partim
1471 450 1591 476 invidere
1602 455 1710 484 propter

912 485 985 512 illius
1001 487 1112 512 actionis
1123 486 1330 521 amplitudinem
1341 492 1366 513 et
1376 487 1498 522 gloriam,
1513 487 1655 513 mirificum
1668 496 1709 513 me

912 523 959 549 tibi
975 524 1098 549 comitem
1115 523 1313 558 praebuissem:
1334 533 1499 559 quamquam
1515 525 1560 550 ille
1575 526 1709 559 peremnis

911 561 1038 587 inimicus
1049 561 1195 587 amicorum
1207 569 1327 592 suorum,
1336 563 1392 596 qui,
1405 562 1459 588 tuis
1472 563 1597 588 maximis
1608 562 1710 588 beneti-

911 598 960 624 ciis
975 603 1097 629 ornatus,
1113 599 1140 624 in
1152 603 1177 624 te
1189 599 1360 632 potissimum
1373 599 1480 625 fractam
1493 599 1566 625 illam
1578 604 1602 626 et
1613 599 1710 625 debili-

912 640 992 662 tatam
1004 636 1058 662 vim
1070 644 1146 662 suam
1158 635 1279 666 contulit,
1289 641 1405 662 nostram
1417 637 1502 663 vicem
1516 636 1589 663 ultus
1601 642 1640 663 est
1653 638 1710 671 ipse

911 681 980 699 sese.
1020 673 1057 699 Ea
1068 678 1108 699 est
1118 674 1189 699 enim
1201 678 1321 704 conatuS,
1335 674 1435 708 quibus
1447 673 1592 708 patefactis,
1609 674 1709 700 nullam

911 710 964 736 sibi
975 711 1002 736 in
1014 715 1151 745 posterum
1162 719 1213 736 non
1225 711 1304 737 modo
1315 711 1461 746 dignitatis,
1478 711 1525 738 sed
1537 720 1568 737 ne
1582 711 1710 738 libertatis

911 747 1021 783 quidem
1034 752 1134 782 partem
1145 747 1263 782 reliquit.
1305 750 1329 774 3.
1352 749 1387 774 Te
1402 753 1491 775 autem
1503 749 1551 774 etsi
1564 748 1670 775 mallem
1683 750 1710 775 in

912 786 979 812 meis
995 785 1075 811 rebus
1091 790 1245 820 expertum,
1264 794 1346 820 quam
1363 787 1442 812 etiam
1459 787 1486 812 in
1498 787 1565 816 tuis,
1584 791 1671 812 tamen
1683 788 1711 812 in

912 822 1033 849 molestia
1044 822 1161 858 gaudeo,
1179 831 1236 849 eam
1253 822 1333 849 fidem
1346 832 1474 859 cognosse
1487 823 1640 853 hominum,
1658 832 1711 849 non

913 861 947 886 ita
963 869 1058 896 magna
1075 860 1208 892 mercede,
1225 869 1307 895 quam
1323 869 1372 896 ego
1386 861 1503 887 maximo
1514 860 1602 887 dolore
1614 869 1712 896 cogno-

912 907 977 924 ram.
1015 898 1050 924 De
1061 906 1114 933 qua
1125 898 1225 924 ratione
1236 902 1288 924 tota
1299 899 1352 924 iam
1365 898 1471 925 videtur
1482 898 1548 924 mihi
1561 898 1711 933 exponendi

913 940 1019 970 tempus
1035 935 1104 966 dari,
1123 940 1152 962 ut
1169 936 1217 962 tibi
1233 936 1378 962 rescribam
1397 936 1429 962 ad
1445 945 1488 966 ea,
1508 944 1577 971 quae
1592 936 1710 970 quaeris.

914 974 938 999 4.
960 973 1104 1000 Certiorem
1121 978 1145 999 te
1162 982 1209 1008 per
1225 973 1325 999 litteras
1341 973 1437 1000 scribis
1453 982 1512 999 esse
1533 973 1645 1003 factum,
1670 982 1712 999 me

912 1020 973 1037 cum
985 1010 1095 1037 Caesare
1107 1015 1132 1037 et
1143 1019 1204 1037 cum
1211 1010 1299 1046 Appio
1309 1019 1368 1037 esse
1379 1011 1406 1037 in
1417 1012 1514 1046 gratia:
1531 1015 1609 1046 teque
1622 1011 1648 1036 id
1661 1020 1712 1037 nou

913 1048 1107 1083 reprehendere
1131 1048 1252 1074 ascribis.
1303 1049 1440 1075 Vatinium
1466 1053 1568 1079 autem„
1598 1049 1666 1074 scire
1689 1053 1712 1074 te

913 1085 982 1112 velle
996 1085 1130 1117 ostendis,
1152 1086 1253 1121 quibus
1269 1086 1350 1112 rebus
1366 1086 1498 1112 adductus
1511 1085 1675 1112 defenderim
1688 1090 1713 1111 et

913 1123 1055 1150 laudarim.
1072 1123 1149 1155 Quod
1161 1123 1210 1150 tibi
1222 1128 1251 1150 ut
1262 1123 1370 1158 planius
1381 1132 1521 1158 exponam,
1530 1123 1610 1149 altius
1622 1123 1712 1158 paullo

913 1162 1041 1188 rationem
1052 1161 1225 1187 consiliorum
1237 1170 1358 1188 meorum
1370 1166 1496 1196 repetam,
1510 1170 1617 1187 necesse
1629 1166 1678 1187 est.

968 1199 1025 1235 Ego
1036 1207 1086 1230 me,
1095 1198 1216 1230 Lentule,
1229 1199 1305 1226 initio
1315 1208 1404 1225 rerum
1416 1204 1495 1234 atque
1506 1199 1640 1225 actionum
1653 1203 1711 1224 tua-

913 1245 987 1268 rum,
1005 1245 1057 1263 non
1069 1236 1157 1263 solum
1169 1237 1250 1267 meis,
1268 1236 1316 1263 sed
1332 1237 1411 1262 etiam
1427 1236 1590 1271 reipublicae
1605 1237 1713 1262 restitu-

913 1278 971 1300 tum
986 1274 1128 1309 putabam⁷
1151 1279 1188 1304 et,
1205 1274 1333 1308 quoniam
1350 1274 1397 1300 tibi
1414 1274 1599 1300 incredibilem
1617 1282 1714 1308 quem-

913 1311 974 1337 dam
991 1319 1107 1337 amorem
1120 1315 1146 1337 et
1155 1312 1245 1337 omnia
1256 1312 1283 1337 in
1296 1315 1320 1337 te
1331 1312 1421 1346 ipsum
1433 1320 1538 1337 summa
1551 1320 1580 1336 ac
1592 1310 1714 1346 singula-
1743 1315 1745 1317 ’

914 1349 951 1375 ria
967 1349 1055 1375 studia
1071 1348 1209 1380 deberem,
1227 1348 1404 1383 reipublicae,
1422 1357 1490 1383 quac
1507 1354 1531 1374 te
1543 1349 1570 1374 in
1583 1356 1624 1374 me
1636 1349 1713 1374 resti-

914 1386 1012 1412 tuendo
1024 1386 1139 1412 multum
1152 1386 1378 1417 adiuvisset,eum
1390 1392 1459 1412 certe
1471 1395 1513 1412 me
1525 1387 1644 1412 animum
1657 1394 1714 1411 me-

914 1424 964 1450 rito
975 1425 1062 1458 ipsius
1074 1423 1170 1449 debere
1182 1424 1337 1455 arbitrabar,
1349 1432 1430 1459 quem
1443 1429 1517 1450 antea
1530 1423 1713 1449 tantummodo

913 1461 1051 1487 communi
1062 1461 1150 1487 officio
1164 1462 1280 1491 civium,
1298 1470 1350 1487 non
1365 1461 1444 1488 alicui
1456 1470 1516 1497 erga
1529 1469 1570 1487 mc
1582 1460 1712 1495 singulari

915 1499 1043 1525 beneflcio
1053 1498 1173 1525 debitum
1187 1499 1389 1533 praestitissem.
1428 1499 1481 1524 Hac
1493 1507 1534 1524 me
1546 1503 1633 1524 mente
1646 1497 1714 1524 suis-

914 1545 956 1567 se,
973 1541 998 1563 et
1009 1541 1118 1563 senatus
1130 1545 1163 1562 ex
1175 1545 1230 1566 me,
1249 1541 1273 1562 te
1283 1536 1407 1567 consule,
1421 1536 1538 1566 audivit,
1551 1540 1575 1561 et
1588 1541 1615 1561 tu
1628 1536 1653 1561 in
1666 1543 1714 1561 no-

914 1574 976 1600 stris
997 1574 1167 1600 sermonibus
1187 1573 1464 1608 collocutioniliusque
1480 1575 1537 1607 ipse
1555 1573 1655 1598 vidisti.
1687 1574 1711 1598 5.

914 1611 970 1637 Etsi
982 1611 1035 1637 iam
1047 1612 1141 1645 primis
1159 1611 1324 1646 temporibus
1339 1611 1407 1641 illis,
1431 1611 1523 1637 inultis
1540 1610 1620 1636 rebus
1637 1618 1713 1636 meus

914 1648 1097 1675 offendebatur
1112 1649 1231 1680 animus,
1249 1657 1349 1683 quum,
1366 1653 1390 1675 te
1401 1653 1494 1684 agente
1509 1648 1541 1674 de
1553 1648 1654 1682 reliqua
1668 1656 1715 1673 no-

914 1690 968 1713 stra
979 1686 1117 1722 dignitate,
1126 1690 1171 1712 aut
1181 1686 1283 1712 occulta
1295 1685 1483 1713 nonnullorum
1496 1685 1555 1711 odia
1567 1685 1716 1711 autobseu-

914 1733 941 1750 ra
953 1725 980 1750 in
992 1733 1034 1750 me
1045 1724 1135 1750 studia
1145 1724 1296 1750 cernebam.
1336 1724 1401 1749 Nam
1415 1732 1500 1758 neque
1511 1723 1544 1748 de
1556 1731 1716 1748 monumen-

915 1763 949 1788 tis
965 1762 1032 1788 meis
1048 1762 1081 1788 ab
1096 1762 1129 1787 iis
1145 1761 1254 1788 adiutus
1270 1770 1313 1793 es,
1331 1770 1344 1787 a
1360 1761 1461 1796 quibus
1476 1761 1608 1789 debuisti,
1628 1768 1715 1794 neque

915 1799 947 1826 de
959 1800 985 1825 vi
998 1798 1107 1829 nefaria,
1115 1808 1168 1834 qua
1179 1808 1242 1825 cum
1254 1799 1334 1825 fratre
1345 1807 1416 1825 eram
1428 1799 1507 1825 domo
1518 1797 1658 1832 expulsus,
1669 1806 1715 1823 ne-

914 1846 967 1872 que
979 1836 1088 1863 hercule
1099 1837 1125 1863 in
1138 1837 1171 1863 iis
1182 1837 1249 1872 ipsis
1260 1837 1354 1867 rebus,
1367 1845 1448 1871 quae,
1465 1844 1629 1871 quamquam
1641 1839 1715 1861 erant

915 1875 982 1901 mihi
994 1879 1102 1909 propter
1117 1875 1154 1900 rei
1171 1874 1311 1900 familiaris
1327 1873 1464 1909 naufragia
1482 1873 1658 1903 necessariae,
1677 1877 1715 1898 ta-

915 1920 976 1938 men
987 1921 1001 1938 a
1013 1920 1055 1938 me
1066 1912 1172 1938 minimi
1184 1912 1348 1947 putabantur
1359 1913 1386 1937 in
1398 1911 1466 1937 meis
1481 1910 1601 1939 damnis,
1619 1918 1653 1936 ex
1667 1919 1715 1935 au-

914 1951 1034 1976 ctoritate
1050 1954 1159 1976 senatus
1174 1949 1335 1980 sarciendis,
1358 1957 1416 1975 eam
1431 1947 1609 1978 voluntatem,
1633 1956 1714 1982 quam

915 1992 1107 2022 exspectaram,
1122 1988 1321 2021 praestiterunt.
1347 1986 1419 2019 Quae
1430 1994 1516 2021 quum
1529 1985 1646 2011 viderem
1658 1985 1715 2019 (ne-

914 2033 968 2060 que
979 2026 1051 2051 enim
1063 2030 1137 2051 erant
1146 2024 1283 2059 obscura),
1302 2033 1354 2051 non
1370 2029 1459 2050 tamen
1475 2028 1528 2050 tam
1543 2022 1636 2049 acerba
1649 2022 1713 2048 mibi

915 2062 980 2088 haec
991 2062 1158 2093 accidebant,
1171 2071 1253 2097 quam
1265 2066 1339 2088 erunt
1349 2061 1393 2087 illa
1404 2065 1490 2097 grata,
1507 2069 1576 2095 quae
1589 2060 1713 2086 fecerunt.

915 2101 940 2125 6.
952 2100 1043 2134 Itaque
1054 2108 1220 2134 quamquam
1232 2099 1390 2133 etl‘oinpeio
1401 2098 1558 2133 plurimum,
1569 2102 1592 2124 te
1603 2097 1713 2132 quidem

915 2137 974 2171 ipso
987 2137 1165 2171 praedicatore
1175 2145 1205 2163 ac
1216 2141 1292 2167 teste,
1305 2136 1445 2165 debebam,
1454 2140 1479 2161 et
1490 2144 1550 2161 cum
1564 2144 1614 2161 non
1627 2133 1713 2160 solum

915 2174 1057 2204 beneficio,
1080 2174 1128 2200 sed
1143 2182 1231 2200 amore
1246 2175 1324 2200 etiam
1337 2178 1362 2199 et
1373 2177 1502 2207 perpetuo
1514 2172 1631 2207 quodam
1644 2171 1715 2197 iudi·

914 2212 956 2238 cio
967 2219 1026 2237 meo
1035 2211 1196 2246 diligebam:
1212 2217 1299 2237 tamen
1312 2219 1363 2236 non
1375 2214 1511 2244 reputans,
1524 2209 1590 2244 quid
1604 2208 1648 2234 ille
1659 2207 1715 2233 vel-

917 2249 964 2280 let,
987 2249 1014 2275 in
1026 2249 1152 2275 omnibus
1165 2249 1231 2274 meis
1245 2248 1386 2274 sententiis
1398 2248 1431 2273 de
1442 2247 1578 2281 republica
1593 2246 1713 2281 pristinis

916 2286 1115 2321 permanebam.
1156 2287 1181 2311 7.
1204 2286 1260 2321 Ego
1275 2285 1383 2311 sedente
1395 2285 1442 2311 Cn.
1462 2284 1598 2318 Pompeio,
1616 2291 1712 2317 quum,

915 2328 945 2350 ut
956 2323 1075 2349 laudaret
1086 2323 1114 2349 P.
1128 2323 1265 2353 Sextium,
1283 2323 1419 2348 introisset
1435 2322 1460 2347 in
1474 2321 1570 2347 Urbem
1587 2320 1714 2346 dixisset-

915 2369 967 2396 que
980 2361 1054 2387 testis
1066 2361 1201 2390 Vatinius,
1220 2369 1276 2388 nie,
1290 2359 1393 2385 fortunii
1404 2364 1429 2385 et
1442 2358 1565 2384 felicitate
1576 2359 1605 2383 C.
1619 2358 1714 2384 Caesu-

916 2399 952 2424 ris
963 2402 1136 2428 commotum,
1151 2397 1188 2424 illi
1201 2398 1317 2423 amicum
1329 2405 1388 2423 esse
1399 2397 1529 2430 coepisse,
1542 2396 1608 2425 dixi,
1623 2403 1665 2421 me
1677 2395 1711 2421 Μ.

916 2435 1004 2461 Bibuli
1017 2435 1158 2464 fortunam,
1171 2444 1253 2470 quum
1267 2434 1311 2460 ille
1325 2433 1448 2460 afflictam
1462 2437 1578 2468 putaret,
1591 2434 1712 2459 omnium

916 2472 1060 2507 triumphis
1073 2473 1245 2507 victoriisque
1257 2471 1399 2499 anteferre:
1413 2471 1525 2506 dixique
1536 2470 1628 2497 codem
1637 2474 1711 2498 teste,

915 2510 966 2536 alio
979 2510 1042 2540 loco,
1056 2510 1162 2536 eosdem
1175 2519 1243 2539 esse,
1256 2508 1436 2544 quillibuluni
1449 2510 1520 2534 exire
1532 2508 1611 2534 domo
1623 2507 1713 2543 probi-

916 2548 1051 2579 iniissent,
1068 2549 1152 2583 etqui
1165 2556 1206 2574 ine
1219 2548 1379 2582 coegissent.
1419 2547 1482 2572 'sota
1495 2554 1556 2571 vero
1567 2546 1713 2579 interroga-

915 2586 951 2611 tio
963 2594 1019 2611 men
1033 2585 1098 2612 nibil
1111 2585 1217 2615 babuit,
1232 2585 1283 2611 nisi
1296 2584 1529 2619 reprehensionem
1542 2583 1615 2609 illius
1628 2584 1712 2609 tribu-

916 2627 1006 2651 natus:
1022 2623 1047 2650 iu
1059 2631 1114 2658 quo
1124 2623 1212 2650 omniu
1223 2622 1292 2649 dicta
1303 2627 1366 2649 sunt
1378 2622 1497 2649 libertate
1507 2622 1708 2656 animoquenm·

1446 2669 1505 2695 sti·
