1941 3052
712 120 1031 147 FRAGMENTA.

50 193 128 219 terire
140 197 245 226 putem,
268 196 425 227 tantumque
435 192 534 218 mentis
546 191 651 222 lumen.
669 200 684 218 e
695 192 787 218 divina
799 200 848 217 na-

51 234 108 257 tura
119 229 277 260 delibatum,
291 237 369 264 posse
380 230 528 265 exstingui,
537 229 584 256 sed
596 230 686 264 potius
697 234 768 256 certo
779 234 848 255 tem-

50 275 114 302 pore
135 275 244 293 emenso
267 267 299 293 ad
321 267 548 293 immortalitatem
571 267 666 293 redire.
707 268 749 293 73.
776 266 847 298 Quid

51 309 140 331 autem
152 305 289 331 hominem
303 305 389 339 magis
401 304 502 335 deceat,
512 313 603 339 quam,
612 309 665 331 tam
677 304 769 331 multis
780 309 848 330 tam-

51 350 104 377 que
116 342 201 368 firmis
213 342 362 368 rationibus
375 342 482 372 nixum,
498 341 605 368 virilem
618 342 738 368 animum
750 342 848 367 retine-

51 387 92 410 re,
113 378 257 406 femineam
280 379 420 405 mollitiem
442 379 559 405 exuere?
579 379 630 411 Qui
646 388 709 405 vero
730 384 848 405 mortuos

51 417 134 443 nimis
147 417 252 452 lugent,
270 424 319 443 nec
335 416 481 442 humanam
492 416 673 443 conditionem
686 425 782 452 magno
793 416 849 442 ela-

51 458 131 488 toque
150 455 240 480 animo
261 454 399 489 despicere
420 458 546 489 possunt:
570 455 597 480 in
613 462 657 480 eos
674 453 742 480 illud
758 453 849 488 probri

48 490 162 525 plenum
174 500 236 518 vere
248 491 366 517 dicetur:

92 530 139 555 Vos
150 532 240 555 etenim
250 531 351 554 iuvenes
361 531 475 554 animum
485 531 575 562 geritis
585 530 745 554 muliebrem:

87 568 184 600 illaque
194 569 267 599 virgo
276 568 334 591 viri.

50 603 149 631 Multae
160 604 233 629 enim
245 608 363 638 repertae
376 602 491 629 feminae
503 607 652 637 sunt‚quae
664 603 691 628 in
702 602 849 628 domestico

51 641 125 668 luctu
132 640 297 676 singularem
308 641 391 666 animi
403 641 581 675 praesentiam
593 649 623 665 ac
634 640 849 675 magnitudinem

50 679 250 714 praestiterunt.
292 678 344 704 Sed
359 677 447 704 virilis
463 677 603 708 fortitudo,
625 682 654 703 ut
670 677 792 707 libidini,
810 677 849 702 sic

51 715 151 746 dolori,
170 724 221 742 non
233 715 322 746 aliter,
341 724 422 750 quam
434 724 512 741 servo
523 715 641 746 domina,
659 715 790 749 imperare
802 714 850 740 de-

50 753 109 785 bet,
123 761 237 787 eamque
246 761 367 779 coercere
379 761 408 779 ac
421 752 556 788 frangere,
575 757 712 787 tamquam
725 753 848 778 vitiosam

51 795 77 818 et
87 789 252 817 imbecillam
268 791 351 816 animi
367 795 480 825 partem.
521 790 607 822 Quam
619 790 642 815 si
654 797 790 825 emergere
802 797 850 823 pa-

50 828 145 859 tiatur,
168 836 251 863 seque
266 827 358 862 paullo
373 827 454 854 altius
470 827 571 858 efferre,
590 836 642 853 non
661 827 739 853 modo
755 826 850 852 rationi

51 870 218 900 praecurret,
241 865 288 891 sed
309 866 390 892 etiam
412 865 510 892 victrix
531 865 558 890 in
579 865 669 890 animo
692 863 848 890 exsultabit.

51 902 109 936 Quo
121 903 189 929 nihil
205 903 307 929 homini
324 903 431 937 turpius
447 907 492 928 aut
507 902 686 936 perniciosius
698 910 730 927 ne
742 901 851 936 excogi-

51 941 100 967 tari
117 940 229 975 quidem
245 941 340 974 possit.
381 941 423 965 74.
446 939 560 974 Gorgias
575 944 675 969 orator,
697 940 750 964 iam
767 943 850 964 aetate

51 977 189 1004 conlectus
201 986 231 1003 ac
247 978 325 1003 morti
340 977 496 1012 proximuS‚
514 981 636 1012 rogatus,
654 985 720 1002 num
737 975 851 1002 libenter

52 1019 212 1041 moreretur:
236 1015 354 1041 Maxime
376 1023 452 1045 vero,
480 1015 578 1048 inquit.
620 1014 687 1040 Nam
712 1018 850 1048 tamquam

51 1060 85 1079 ex
100 1052 173 1087 putri
189 1053 342 1087 miseraque
357 1051 436 1078 domo
453 1051 538 1078 laetus
554 1051 686 1087 egredior.
727 1050 749 1077 O
761 1051 850 1077 virum

51 1090 191 1125 egregium
203 1089 382 1125 dignumque,
395 1090 474 1115 cuius
489 1090 579 1125 vigeat
590 1090 617 1115 in
627 1089 750 1115 oninium
762 1097 806 1114 ore
821 1097 851 1114 ac

51 1131 140 1154 mente
151 1127 296 1153 sententia!
319 1126 390 1158 Quid
405 1127 477 1153 enim
495 1128 582 1161 potuit
598 1126 761 1161 praeclarius
778 1125 852 1152 dice-

51 1164 97 1191 re‘?
116 1164 206 1196 Quum
218 1164 301 1195 mala,
318 1172 388 1199 quae
402 1165 537 1190 viventem
550 1165 604 1199 pati
617 1172 725 1190 necesse
736 1168 789 1194 est,
806 1172 851 1189 co-

50 1202 155 1238 gitaret.
170 1202 341 1228 miseriarum
354 1201 433 1228 finem
442 1222 448 1233 ,
462 1210 530 1236 quas
542 1202 659 1228 moriens
671 1201 849 1235 relinquebat,

51 1239 146 1265 adesse
160 1238 318 1265 laetaretur?
328 1238 371 1265 Sic
382 1247 431 1274 par
441 1243 482 1265 est
493 1239 566 1274 loqui
579 1239 726 1269 hominem,
740 1239 788 1273 qui
800 1247 851 1264 non

52 1276 166 1303 libidine
182 1281 308 1307 vexetur,
332 1285 384 1302 non
401 1276 547 1311 voluptatis
559 1276 694 1302 illecebris
706 1276 850 1306 irretiatur,

51 1314 120 1340 nulli
132 1314 250 1349 denique
262 1318 353 1349 pareat
363 1313 520 1349 cupiditati:
534 1322 604 1349 quae
615 1322 722 1340 summa
734 1317 775 1339 est
786 1313 852 1339 ratio

51 1356 77 1379 et
87 1352 228 1386 sapientia,
242 1351 377 1378 humanae
389 1353 540 1378 necessitati
553 1352 694 1386 imperare,
704 1359 755 1377 non
767 1350 852 1377 dolori

51 1389 159 1420 cedere,
178 1398 230 1415 non
242 1388 378 1415 desiderio
389 1389 465 1424 angi,
489 1388 557 1415 nihil
569 1388 689 1424 denique
701 1388 851 1414 humanum

51 1427 237 1453 extimescere.
278 1426 353 1453 XXI.
375 1427 417 1453 75.
440 1426 580 1462 Angamur
595 1426 741 1452 liberorum
756 1431 802 1452 aut
813 1425 853 1451 ar-

51 1463 147 1491 finium
160 1463 287 1490 interitu?
307 1463 378 1495 Quid
394 1463 448 1490 ita‘?
467 1469 497 1490 ut
507 1463 604 1490 stultos
621 1464 774 1494 imitemur,
792 1463 850 1498 qui,

50 1509 120 1537 quae
131 1502 229 1527 mutari
240 1510 292 1528 non
304 1505 426 1536 possunt,
439 1509 564 1536 quaeque
575 1501 618 1527 vel
630 1500 750 1527 nolentes
761 1501 854 1535 oppri-

51 1542 137 1570 munt,
150 1538 268 1573 perferre
280 1543 431 1573 nequeunt:
446 1539 575 1569 saniores,
589 1547 705 1573 quorum
716 1543 769 1565 tam
781 1538 853 1564 mul-

50 1580 76 1603 ta
87 1580 194 1603 exstant
208 1576 241 1602 ad
257 1576 440 1602 aeternitatem
456 1576 574 1603 illustria
586 1577 644 1602 sive
656 1575 780 1610 exempla
794 1576 852 1602 sive

51 1614 218 1643 testimonia,
242 1612 431 1649 negligamus?
460 1613 530 1645 Quid
552 1618 593 1640 est
616 1613 690 1639 aliud
712 1621 851 1640 caecorum

51 1659 125 1677 more
136 1650 274 1677 ambulare
290 1655 328 1682 et,
345 1659 431 1686 quum
447 1651 474 1677 in
486 1650 640 1677 celebritate
655 1652 755 1677 versari
768 1660 798 1677 ac
809 1659 853 1676 so-

52 1688 85 1714 lis
97 1687 199 1714 lumine
211 1689 250 1714 uti
262 1689 364 1723 possis,
387 1688 562 1715 solitudinem
579 1693 667 1715 tamen
684 1698 714 1715 ac
729 1688 853 1714 tenebras

51 1725 199 1761 quaerere?
218 1726 272 1752 lam
285 1726 357 1752 enim
369 1725 401 1752 ad
413 1734 468 1756 eos,
481 1735 550 1761 quos
562 1726 691 1752 aemulari
703 1726 788 1752 satius
802 1730 851 1756 est,

50 1771 175 1798 quosque
185 1763 263 1790 nobis
274 1763 419 1790 imitandos
434 1764 575 1798 proposuit
586 1764 746 1798 antiquitas,
765 1767 852 1789 nostra

50 1800 192 1827 delabatur
211 1801 304 1827 oratio.
343 1801 385 1827 76.
408 1801 519 1827 Mortem
536 1801 619 1837 igitur
636 1801 662 1827 in
683 1801 762 1827 malis
778 1800 853 1826 nullo

50 1837 130 1865 modo
141 1846 200 1865 esse
211 1837 377 1873 ponendam,
399 1838 447 1864 sed
462 1839 489 1865 in
502 1839 656 1873 praecipuis
668 1838 745 1865 bonis
757 1846 854 1864 nume-

51 1875 171 1903 randam.
184 1875 371 1902 dubitaturum
387 1880 451 1910 puto
462 1876 610 1902 neminem.
651 1876 679 1902 Si
691 1877 763 1902 enim
775 1886 788 1903 a
801 1877 854 1902 mi-

51 1913 131 1939 seriis
142 1912 286 1943 abstrahit,
305 1913 328 1938 si
340 1913 367 1938 in
380 1912 519 1939 meliorem
532 1914 614 1940 vitam
631 1913 750 1945 inducit,
767 1915 791 1940 si
806 1922 854 1940 ne-

51 1958 104 1985 que
116 1950 213 1976 misera
226 1950 284 1984 ipsa
296 1954 345 1980 est,
358 1958 406 1976 nec
417 1949 500 1976 ullius
512 1951 646 1985 particeps
658 1952 792 1982 miseriae,
805 1960 854 1978 cur

51 1986 121 2013 mala
131 1986 289 2013 censeatur?
298 1987 346 2013 Sin
359 1987 408 2013 hoc
421 1987 542 2023 largitur,
551 1992 580 2014 ut
590 1989 763 2022 sempiternis
775 1989 853 2015 bonis

51 2025 187 2059 potiamur
198 2025 344 2060 vitamque,
357 2033 439 2059 quam
452 2024 591 2051 mortalem
604 2025 854 2055 habuimus,aeter-

51 2070 114 2089 nam
125 2062 319 2097 adipiscamur.
327 2062 394 2097 quid
406 2067 490 2088 morte
500 2062 606 2088 beatius
618 2070 676 2088 esse
688 2062 791 2097 possit‘?
803 2063 854 2089 lta—

51 2107 105 2135 que
115 2100 331 2134 sapientissimos
344 2099 467 2126 homines
479 2100 633 2134 accepimus
644 2108 695 2126 non
703 2100 782 2126 modo
790 2109 854 2126 suo-

51 2145 112 2163 rum
128 2141 211 2164 morte
228 2146 279 2163 non
297 2136 435 2171 perculsos
450 2145 537 2172 neque
552 2136 643 2163 dolore
659 2137 714 2163 ullo
734 2137 850 2168 affectos,

51 2174 99 2201 sed
110 2175 190 2201 etiam
202 2175 362 2209 saepissime
375 2173 483 2201 laetatos
494 2182 564 2201 esse.
604 2175 647 2201 77.
665 2175 851 2210 Anaxagorae,

51 2212 121 2238 inter
133 2211 279 2239 familiares
290 2220 354 2238 suos
366 2211 399 2237 de
413 2216 506 2238 natura
523 2220 613 2238 rerum
627 2211 786 2242 disserenti,
804 2212 852 2238 tilii

51 2253 164 2276 mortem
181 2250 329 2276 nuntiatam
346 2249 467 2281 tradunt,
492 2248 616 2284 nihilque
631 2249 706 2276 aliud
723 2249 756 2276 ab
769 2258 799 2276 eo
811 2258 853 2275 re-

51 2295 196 2321 sponsum,
214 2287 282 2317 nisi,
304 2294 333 2312 se
350 2285 427 2313 illum
443 2287 571 2322 genuisse
583 2286 733 2314 mortalem.
774 2288 853 2314 Prae—

51 2323 122 2351 clara
139 2332 200 2350 vero
215 2332 269 2350 vox
283 2328 310 2350 et
320 2332 382 2350 vere
393 2323 489 2359 digna,
511 2332 581 2359 quae
597 2333 610 2350 a
622 2328 694 2351 tanto
705 2325 763 2351 viro
773 2325 853 2351 emit-

50 2365 160 2388 teretur.
200 2361 258 2388 Non
275 2362 347 2388 enim
363 2369 427 2388 sane
444 2361 536 2392 video,
559 2361 627 2396 quid
642 2362 792 2396 sapientius
807 2367 854 2389 aut

50 2399 217 2426 constantius
228 2398 283 2425 dici
295 2403 394 2433 posset.
435 2399 475 2424 An
492 2398 688 2426 adolescentem
703 2399 780 2426 illum
793 2408 852 2426 esse

50 2435 206 2462 mortuum?
221 2436 306 2462 Fracti
319 2435 369 2462 hoc
379 2436 463 2462 animi
480 2444 528 2462 nec
539 2436 566 2462 in
578 2436 659 2463 rebus
670 2437 792 2464 adversis
804 2437 853 2464 ad-

50 2473 161 2500 modum
173 2472 243 2499 firmi
255 2473 365 2509 signum
378 2472 483 2499 fuisset.
517 2473 558 2500 Αιι
572 2474 636 2509 angi
649 2482 708 2501 sese
725 2483 777 2501 non
791 2483 849 2506 sua,

50 2510 99 2537 sed
118 2510 168 2537 filii
188 2510 302 2537 caussa?
326 2510 397 2537 Num
416 2510 500 2546 igitur
520 2511 643 2546 ignorare
663 2520 692 2538 se
714 2511 848 2543 fateretur,

49 2549 160 2583 quantis
171 2556 185 2574 e
197 2547 276 2574 malis
287 2547 396 2582 elapsus
407 2551 479 2574 esset
491 2547 581 2574 filius?
590 2548 631 2575 An
640 2557 669 2574 se
679 2549 791 2584 quidem
803 2549 851 2575 do-

50 2583 118 2615 lere.
134 2584 182 2612 sed
195 2589 283 2612 tamen
295 2585 445 2612 humanum
457 2593 550 2612 casum
565 2585 727 2621 agnoscere?
746 2586 797 2613 Ubi
809 2595 851 2613 er-

50 2630 85 2658 go
96 2622 214 2649 hominis
225 2623 352 2659 gravitas,
366 2623 510 2654 iudicium
522 2623 673 2658 sapientia?
683 2628 729 2650 aut
738 2623 805 2659 quid
817 2624 851 2650 ab

51 2660 239 2696 imperitorum
259 2660 337 2688 turba
357 2659 487 2688 distabit?
506 2668 520 2687 e
541 2660 644 2696 quibus
664 2665 752 2688 tamen
771 2669 850 2697 saepo

1631 123 1690 148 ⁴35¹

899 191 977 218 multi
998 200 1047 218 nec
1067 192 1101 218 iis
1116 191 1197 217 rebus
1212 196 1360 227 anguntur,
1382 199 1451 226 quae
1467 193 1617 218 necessario
1632 201 1695 218 eve-

900 231 990 260 niunt,
1009 238 1071 260 nec,
1093 238 1147 264 quo
1162 229 1253 255 minus
1272 230 1409 259 eveniant,
1432 237 1516 263 quum
1538 238 1695 256 communes

898 267 1025 294 omnibus
1037 268 1099 297 sint,
1115 266 1289 292 laborandum
1301 266 1356 292 ullo
1368 271 1443 300 pacto
1454 271 1574 292 censent.
1594 268 1635 293 78,
1648 267 1696 293 Ille

900 313 962 331 vero
973 305 1081 339 sapiens
1092 309 1117 330 et
1129 313 1190 330 vere
1202 303 1394 338 philosophus:
1407 312 1488 338 quem
1502 305 1695 339 nequeimpro—

901 343 977 368 visus
994 342 1105 368 nuntius
1121 341 1248 375 perculit,
1275 350 1323 367 nec
1339 350 1353 367 a
1369 341 1549 375 disputatione
1571 342 1694 368 abduxit.

900 379 947 405 sed
959 380 1048 413 potius
1060 387 1152 405 vocem
1164 379 1309 413 expressit.
1328 387 1449 404 summae
1462 379 1578 405 indicem
1592 379 1697 406 sortitu-

900 417 972 442 dinis
984 425 1013 442 ac
1025 417 1181 450 sapientiae.
1217 415 1317 442 Vellem
1329 421 1353 442 et
1365 416 1413 442 hoc
1426 417 1515 450 ipsum
1527 416 1559 442 de
1570 417 1697 451 pluribus

900 463 933 480 ex
945 455 1042 480 nostris
1054 453 1142 479 dicere
1155 453 1257 479 liceret:
1280 462 1348 487 quos
1363 454 1386 479 si
1398 462 1450 487 qua
1466 454 1600 480 interdum
1613 453 1698 480 sortu-

901 500 948 517 nae
962 491 1096 525 oppressit
1108 491 1218 520 iniuria,
1237 490 1304 516 nihil
1322 490 1395 516 aliud
1408 491 1524 521 iudices,
1541 500 1623 526 quam
1635 500 1698 526 pro-

900 533 995 555 stratos
1006 528 1067 554 illos
1079 537 1108 554 ac
1119 529 1227 563 penitus
1239 528 1356 554 abiectos
1370 536 1438 554 esse.
1479 528 1561 560 Quasi
1575 538 1636 555 vero
1648 529 1698 554 ali—

900 566 965 601 quid
978 565 1118 595 acciderit.
1135 565 1207 600 quod
1224 564 1265 591 vel
1278 570 1337 591 ante
1350 566 1422 599 ipsos
1435 567 1546 596 nemini,
1563 571 1608 592 aut
1624 566 1698 600 quod

901 604 977 638 ipsis,
990 604 1013 629 si
1025 604 1115 629 minus
1128 603 1177 629 hoe
1189 608 1315 637 tempore.
1338 603 1431 629 saltem
1445 604 1538 637 paucis
1549 609 1608 638 post
1620 605 1697 629 annis

902 650 953 667 non
966 645 1125 666 eventurum
1139 639 1228 667 fuerit.
1266 640 1312 670 Ac,
1328 648 1413 674 quum
1426 641 1542 666 maxime
1554 642 1643 667 animo
1656 642 1698 666 vi-

900 686 962 713 gere
979 678 1119 707 deberent,
1137 682 1192 704 tum
1209 678 1352 712 praecipue
1369 686 1419 703 non
1437 677 1524 703 solum
1541 679 1697 712 praeteritae

901 716 1055 750 patriaeque
1068 716 1184 746 virtutis,
1198 715 1245 741 sed
1257 716 1336 740 etiam
1349 715 1482 740 humanae
1495 715 1561 749 legis
1573 724 1602 741 ac
1614 724 1698 750 paene

901 753 1101 779 obliviscuntur
1111 753 1164 778 sui.
1191 753 1305 778 Tantum
1319 752 1344 778 in
1357 761 1448 778 eorum
1461 753 1559 778 animis
1571 753 1698 779 mollities

901 794 987 824 potest
1007 798 1036 816 ac
1056 790 1173 816 servitus
1193 789 1326 824 quaedam
1347 789 1446 815 doloris
1468 795 1547 824 atque
1563 791 1695 816 tristitiae.

902 828 986 853 xxil.
1003 828 1044 853 79,
1068 828 1106 853 An
1119 836 1168 862 ego
1180 827 1257 853 illum
1270 827 1388 852 iudicare
1401 827 1515 853 liberum
1528 828 1639 861 possim,
1653 828 1698 853 cui

901 864 976 891 dolor
988 864 1117 899 imperat‘?
1136 873 1217 899 quem
1230 864 1385 898 repentinus
1397 872 1475 890 casus
1488 865 1633 899 perturbat,
1648 865 1699 890 im-

902 902 992 937 pellit,
1008 903 1116 932 evertit,
1132 902 1179 936 qui
1192 901 1260 927 nihil
1272 910 1334 936 prae
1346 901 1445 927 doloris
1457 902 1643 936 magnitudine
1654 910 1699 928 co-

902 940 1001 975 gitare,
1020 938 1086 965 nihil
1104 939 1227 965 meditari
1243 938 1341 973 queat‘?
1361 940 1408 973 qui
1424 939 1491 965 nihil
1505 940 1530 965 in
1543 948 1571 964 se
1584 940 1654 973 ipso,
1673 940 1699 965 in

903 977 1070 1011 temporibus
1083 981 1162 1011 atque
1184 977 1210 1002 iu
1228 975 1346 1006 fortuna,
1369 984 1437 1010 quae
1456 976 1610 1002 stabilitatis
1631 976 1698 1002 nihil

903 1014 996 1045 habet,
1019 1022 1067 1040 sua
1083 1018 1163 1048 ponat
1173 1013 1280 1039 omnia‘?
1301 1014 1356 1047 Ego
1373 1022 1434 1040 vero
1453 1014 1530 1040 istam
1553 1024 1604 1040 non
1622 1014 1700 1040 niodo

903 1052 1074 1082 servitutem,
1097 1051 1144 1077 sed
1157 1059 1240 1085 paene
1251 1051 1432 1084 captivitatem
1445 1056 1470 1077 et
1481 1051 1591 1086 quidem
1605 1053 1701 1077 miser-

903 1090 999 1115 rimam
1019 1089 1182 1115 censuerim.
1222 1087 1292 1119 Quid
1314 1088 1385 1113 enim
1409 1089 1518 1115 interest
1539 1090 1606 1115 inter
1627 1097 1698 1118 eum,

903 1127 950 1161 qui
967 1127 1074 1153 vinctus
1090 1126 1123 1152 ab
1139 1126 1261 1152 hostibus
1272 1130 1297 1151 et
1308 1126 1462 1151 carceribus
1473 1126 1617 1152 conclusus
1627 1126 1701 1152 obsi-

903 1164 1010 1195 deatur,
1028 1168 1054 1190 et
1067 1172 1144 1194 eum,
1166 1163 1214 1198 qui
1226 1162 1316 1189 dolore
1327 1167 1420 1197 captus
1433 1172 1482 1190 suo
1494 1172 1603 1197 prorsus
1615 1169 1703 1189 eareat

903 1201 1031 1228 arbitrio‘?
1050 1201 1082 1228 At
1093 1201 1139 1227 ille
1150 1200 1277 1235 quidem,
1294 1201 1344 1226 etsi
1356 1209 1465 1235 corpore
1481 1202 1593 1229 serviat,
1613 1201 1702 1227 animo

904 1244 992 1266 tamen
1005 1239 1074 1265 liber
1084 1243 1132 1269 est,
1147 1247 1195 1264 nec
1205 1237 1311 1264 dubitat
1322 1237 1468 1272 aliquando
1479 1237 1543 1269 fore,
1552 1243 1580 1265 ut
1594 1238 1702 1265 liberta-

905 1282 956 1303 tem
969 1281 1141 1319 assequatur.
1159 1276 1207 1310 qui
1220 1284 1282 1301 vero
1292 1275 1377 1301 dolori
1390 1280 1476 1309 paret,
1495 1285 1543 1302 nec
1558 1276 1627 1302 valet
1643 1284 1702 1302 cor-

904 1323 976 1356 pore,
989 1319 1014 1341 et
1025 1314 1115 1340 animo
1125 1322 1207 1348 quam
1217 1313 1333 1338 maxime
1346 1312 1454 1339 laborat
1481 1314 1537 1339 Non
1549 1314 1621 1339 enini
1634 1314 1703 1339 ami-

904 1353 943 1378 cis
960 1351 1027 1383 frui,
1049 1360 1100 1377 non
1117 1350 1282 1385 reipublicae
1298 1350 1439 1384 prodesse
1459 1359 1509 1377 non
1528 1351 1644 1385 privatas
1660 1359 1702 1376 res

904 1397 1011 1420 curare,
1025 1398 1076 1415 non
1092 1388 1210 1423 publicis
1222 1387 1362 1414 consulere
1374 1392 1469 1422 potest.
1511 1389 1565 1414 Ita
1560 1397 1586 1414 in
1597 1389 1664 1418 otio,
1678 1392 1703 1414 et

904 1427 1015 1462 quidem
1032 1426 1237 1456 molestissimo,
1261 1434 1308 1451 nec
1323 1426 1452 1460 cuiquam
1468 1431 1555 1459 paret,
1573 1430 1598 1452 et
1614 1431 1702 1451 tamen

905 1464 959 1491 sibi
980 1473 1032 1490 non
1056 1464 1179 1498 imperat.
1219 1463 1271 1495 Qui
1292 1471 1378 1497 quum
1399 1462 1518 1489 assiduis
1535 1468 1559 1489 et
1575 1463 1703 1489 maximis

905 1506 1041 1537 prematur
1062 1501 1209 1537 angustiis,
1236 1500 1349 1526 alterum
1373 1508 1432 1526 esse
1452 1509 1562 1526 necesse
1583 1505 1637 1531 est,
1663 1505 1702 1531 ut.

905 1539 1036 1574 quamdiu
1052 1539 1078 1565 in
1094 1538 1185 1565 dolore
1202 1543 1336 1568 versatur,
1354 1546 1460 1572 semper
1472 1538 1554 1564 miser
1567 1538 1614 1564 sit:
1637 1537 1704 1564 alte-

906 1586 965 1603 rum
979 1577 1035 1602 lieri
1046 1576 1120 1602 nullo
1132 1575 1211 1602 niodo
1223 1580 1321 1609 potest.
1334 1580 1376 1605 ut.
1394 1576 1446 1601 nisi
1457 1575 1547 1601 dolere
1559 1575 1673 1605 desinat,
1690 1583 1704 1601 a

905 1615 1023 1641 miseriis
1036 1614 1180 1640 eximatur.
1207 1615 1248 1639 80.
1264 1612 1368 1644 Quanto
1379 1613 1528 1647 sapientius
1541 1612 1702 1647 Xenophon,

905 1652 962 1687 qui,
971 1660 1055 1686 quum
1067 1660 1140 1677 sacra
1152 1649 1293 1677 sollemnia
1306 1655 1452 1685 perageret,
1461 1651 1645 1685 maioremque
1656 1658 1704 1676 na-

905 1695 933 1716 tu
946 1689 1032 1715 silium
1043 1689 1070 1715 in
1083 1687 1184 1723 praelio
1196 1687 1268 1722 apud
1276 1688 1436 1713 Mantineam
1444 1687 1576 1713 cecidisse
1587 1687 1702 1717 audiret,

904 1735 1029 1753 coronam
1042 1731 1144 1752 tantum
1156 1734 1170 1751 e
1181 1726 1268 1760 capite
1279 1724 1418 1760 deposuit.
1435 1724 1482 1751 sed
1494 1726 1520 1751 in
1532 1725 1616 1751 sacris
1628 1733 1705 1759 pera-

904 1764 1002 1800 gendis
1013 1768 1165 1790 constanter
1176 1763 1302 1797 perstitit.
1343 1762 1394 1789 Ubi
1407 1771 1469 1788 vero
1480 1763 1615 1797 cognovit.
1630 1762 1706 1789 sorti-

905 1808 944 1829 ter
955 1806 1120 1837 pugnantem
1132 1800 1406 1831 occidisse,coronam
1418 1809 1511 1826 rursus
1523 1800 1605 1834 capiti
1618 1801 1706 1834 impo-

905 1839 1094 1873 suit,deosque
1106 1837 1298 1873 ipsos,quibus
1311 1837 1446 1868 litabatur.
1463 1842 1574 1864 testatus
1585 1842 1634 1867 est,
1648 1845 1706 1863 ma-

906 1878 988 1903 iorem
1005 1885 1033 1902 se
1049 1885 1083 1902 ex
1098 1876 1147 1902 lilii
1168 1876 1266 1902 virtute
1283 1874 1462 1909 voluptatem,
1484 1883 1564 1909 quam
1581 1883 1614 1901 ex
1628 1875 1705 1901 obitu

907 1914 1056 1940 molestiam
1075 1914 1190 1948 cepisse.
1231 1913 1299 1939 liuic
1313 1921 1376 1948 ego,
1395 1921 1447 1939 non
1458 1912 1620 1941 dubitarim,
1638 1914 1705 1946 quin

905 1953 1009 1982 omnia,
1023 1958 1211 1986 quaecumque
1223 1949 1343 1976 accidere
1356 1955 1465 1984 possent
1477 1950 1503 1976 in
1517 1951 1584 1980 vita,
1602 1949 1704 1976 nullam

904 1994 995 2016 essent
1009 1988 1237 2024 perturbationem
1254 1987 1376 2014 allatura.
1417 1988 1469 2019 Qui
1485 1988 1557 2013 enim
1573 1995 1660 2021 usque
1675 1995 1706 2013 eo

906 2028 932 2053 in
944 2026 1056 2053 deorum
1068 2025 1143 2052 cultu
1155 2030 1280 2052 constans
1291 2030 1317 2051 et
1328 2025 1421 2051 lirinus
1433 2029 1512 2054 esset
1521 2029 1643 2059 utneque
1657 2023 1706 2050 lilii

906 2069 989 2090 morte
1001 2064 1122 2090 nuntiata
1133 2063 1185 2089 ab
1179 2064 1212 2090 iis
1224 2063 1329 2089 avocari
1341 2067 1444 2097 posset,
1462 2071 1510 2088 cur
1523 2070 1586 2088 euni
1597 2061 1704 2088 credam

907 2101 955 2127 lilii
971 2105 1054 2127 morte
1071 2100 1188 2135 lugenda
1203 2109 1217 2127 n
1232 2100 1344 2127 deorum
1361 2099 1497 2126 voluntate
1516 2099 1705 2125 dis-sensurum

906 2137 1008 2164 ruisse?
1023 2138 1125 2172 autqui
1137 2138 1265 2164 virtutem
1277 2137 1326 2163 lilii
1339 2137 1408 2164 vitae
1419 2136 1570 2166 anteferret,
1584 2145 1636 2162 non
1648 2137 1705 2162 iure

905 2175 978 2201 credi
991 2175 1089 2210 possit,
1104 2174 1181 2201 illum
1193 2179 1218 2200 et
1230 2175 1337 2201 virtutis
1349 2174 1440 2201 studio
1452 2175 1607 2204 incensum,
1621 2179 1645 2199 et
1658 2181 1706 2207 pa-

905 2213 970 2239 triae
986 2213 1095 2239 caritate
1111 2211 1275 2246 impulsum,
1297 2220 1390 2238 omnes
1407 2211 1543 2238 molestias
1556 2219 1705 2245 omnesque

904 2250 1071 2276 calamitates
1088 2249 1267 2275 libentissime
1285 2248 1368 2275 tuisse
1387 2248 1560 2275 subiturum?
1589 2250 1630 2273 at.
1652 2247 1704 2274 Sed

904 2296 958 2322 quo
969 2287 1095 2317 rariores,
1108 2287 1156 2321 qui
1170 2286 1219 2312 boc
1231 2285 1310 2312 modo
1321 2287 1431 2313 animati
1443 2287 1510 2316 sint.
1526 2286 1574 2312 boc
1586 2284 1706 2320 praecla-

905 2325 988 2351 riores
1005 2325 1067 2351 viri.
1108 2323 1182 2350 Nihil
1199 2325 1271 2350 onim
1287 2323 1321 2350 ad
1338 2323 1444 2350 laudem
1458 2323 1604 2353 iliustrius,
1622 2330 1704 2357 quam

905 2363 932 2388 in
944 2367 1078 2389 aeternam
1094 2361 1207 2397 gloriani
1224 2366 1269 2387 aut
1286 2362 1312 2387 in
1328 2362 1429 2395 patriae
1442 2360 1583 2387 utilitatem
1597 2360 1705 2386 intuen-

905 2405 971 2431 tem,
994 2404 1040 2426 aut
1054 2399 1150 2425 saltem
1166 2398 1267 2425 sortiter
1281 2398 1386 2425 dolores
1402 2397 1579 2433 perferentem
1597 2403 1622 2423 et
1641 2405 1703 2423 eum

905 2435 1009 2464 fortuna
1028 2436 1171 2463 luctantem
1188 2435 1324 2471 negligere
1340 2435 1467 2462 humana.
1508 2436 1582 2467 Quae
1597 2436 1645 2469 qui
1663 2435 1704 2461 ni—

905 2475 990 2501 mium
1005 2479 1113 2505 curant,
1136 2474 1155 2500 ii
1172 2473 1259 2500 laudis
1275 2473 1412 2503 studium,
1434 2473 1537 2499 civium
1552 2471 1702 2503 commoda,

903 2512 1022 2547 denique
1035 2513 1139 2542 omnia,
1157 2519 1226 2546 quae
1243 2510 1388 2537 laudabilia
1405 2515 1546 2545 putantur.
1564 2518 1674 2545 prorsus
1689 2518 1704 2535 e

904 2554 993 2576 mente
1004 2558 1035 2576 ac
1045 2550 1206 2584 cogitatione
1217 2549 1325 2574 eiiciant
1337 2556 1446 2574 necesse
1457 2553 1507 2574 est.
1525 2547 1618 2582 Neque
1629 2547 1702 2574 enim

905 2586 1032 2613 humanis
1048 2587 1121 2613 curis
1133 2585 1283 2620 implicitus
1296 2590 1349 2612 toto
1358 2586 1448 2612 animo
1459 2585 1492 2612 de
1504 2585 1605 2620 patriae
1617 2584 1703 2611 salute

904 2629 984 2659 atque
1006 2623 1121 2651 utilitate
1141 2624 1272 2659 cogitare.
1295 2628 1340 2649 aut
1362 2622 1468 2649 laudem
1488 2622 1542 2650 sibi
1559 2621 1703 2658 praeclaris

904 2661 1056 2689 actionibus
1067 2669 1222 2697 comparare
1234 2659 1276 2687 vel
1287 2661 1390 2697 egregii
1401 2659 1553 2696 quidquam
1564 2660 1702 2695 suscipere
