1941 3052
405 157 452 182 IN
484 157 685 183 VERREM

68 231 185 254 auratam
200 225 228 252 C.
244 226 333 252 Verris
346 231 460 253 statuam
474 227 604 254 viderem.
628 229 684 254 139.
695 227 772 260 Quod
786 232 860 263 post-

67 272 178 299 eaquam
193 263 262 294 dixi,
283 268 371 290 tantus
389 268 429 290 est
446 265 562 300 gemitus
582 264 666 292 factus
684 269 792 300 aspectu
806 269 860 291 sta-

68 306 128 329 tuae
141 305 167 327 et
183 302 447 333 commemoratione,
467 306 498 328 ut
515 302 583 328 illud
601 303 629 328 in
647 303 721 329 curia
740 303 856 337 positum

68 343 271 366 monumentum
285 338 425 370 scelerum,
442 348 495 366 non
508 339 699 366 beneficiorum
713 340 856 366 videretur.

66 377 134 403 Tum
149 384 197 410 pro
210 384 238 402 se
251 376 378 411 quisque,
394 381 525 411 quantum
539 377 652 403 dicendo
667 378 773 412 assequi
785 381 859 412 pote-

67 417 114 445 rat,
129 413 222 439 docere
236 421 279 439 me
292 414 379 448 coepit
393 422 431 445 ea,
447 423 515 448 quae
526 414 616 449 paullo
626 419 686 441 ante
697 423 859 441 commemo-

67 451 137 477 ravi:
152 449 292 486 spoliatam
307 451 411 482 urbem,
428 450 487 477 fana
501 451 618 486 direpta:
638 451 670 478 de
684 451 797 478 Heraclii
812 451 860 477 he-

66 487 188 518 reditate,
205 496 286 523 quam
300 488 459 522 palaestritis
471 490 658 520 concessisset,
675 489 760 515 multo
774 489 860 515 maxi—

66 534 136 552 mam
151 529 252 560 partem
266 525 356 560 ipsum
378 525 534 552 abstulisse:
562 534 649 561 neque
667 526 858 561 postulandum

66 562 162 594 fuisse,
179 567 208 588 ut
221 562 267 589 ille
280 562 446 598 palaestritas
460 563 595 599 diligeret,
610 564 657 598 qui
672 563 750 589 etiam
764 564 859 589 inven-

65 605 148 627 torem
162 599 213 626 olei
227 600 308 626 deum
322 600 489 626 sustulisset:
506 609 593 635 neque
605 600 679 627 illam
690 605 804 627 statuam
816 609 859 626 es-

65 646 93 664 se
107 646 140 663 ex
154 638 267 672 pecunia
281 637 387 672 publica
402 646 488 672 neque
502 637 609 672 publice
623 637 724 663 datam:
740 637 787 663 sed
801 646 854 668 eos,

65 675 111 710 qui
124 674 277 701 hereditatis
287 674 453 709 diripiendae
462 675 605 709 participes
620 674 741 706 fuissent,
759 674 858 701 facien-

64 712 124 738 dam
145 712 366 747 statuendamque
384 720 505 738 curasse:
531 711 638 738 eosdem
656 712 753 738 Romae
773 711 857 738 fuisse

66 749 173 785 legatos,
190 749 264 775 illius
274 749 407 776 adiutores
417 749 604 783 improbitatis,
617 749 702 776 socios
714 749 854 779 furtorum,

63 787 183 813 conscios
198 785 371 822 flagitiorum:
388 795 418 812 eo
432 787 522 812 minus
533 787 624 812 mirari
636 795 678 812 me
689 792 817 821 oportere,
834 787 856 812 si

64 823 103 850 illi
117 824 252 850 communi
268 823 414 859 legatorum
428 823 557 850 voluntati
568 827 593 849 et
603 823 682 850 saluti
693 823 799 850 Siciliae
810 824 857 850 de-

64 861 186 887 fuissent.
227 861 317 887 LXIII.
335 861 392 887 ⁴40.
412 861 461 887 Ubi
481 869 573 887 eorum
591 860 708 887 dolorem
727 870 760 888 ex
778 862 856 887 istius

63 898 177 928 iniuriis,
194 906 245 924 non
260 898 338 924 modo
353 907 404 924 non
415 899 553 929 minorem,
569 898 616 924 sed
626 907 708 933 prope
719 899 854 930 maiorem,

62 943 143 970 quam
161 939 307 962 ceterorum
327 935 479 962 Siculorum
497 944 555 962 esse
573 936 699 971 cognovi:
729 941 785 962 tum
808 944 856 971 ego

62 981 152 999 meum
167 973 286 999 animum
300 973 327 999 in
340 973 415 1003 illos,
435 978 490 999 tum
510 973 563 999 mei
581 972 685 999 consilii
704 974 856 1009 negotiique

61 1010 142 1036 totius
161 1010 279 1045 suscepti
297 1018 417 1036 caussam
437 1011 620 1045 rationemque
637 1012 778 1045 proposui,
799 1015 854 1037 tum
877 1029 879 1050 ἒ

877 1054 879 1060 ¹
907 1047 1090 1073 nobilissimos
1112 1047 1234 1074 homines
1258 1052 1337 1083 atque
1360 1048 1592 1075 innocentissimos
1611 1049 1699 1075 securi

61 1056 106 1074 eos
120 1047 240 1074 hortatus
258 1056 332 1078 sum,
354 1052 383 1074 ut
400 1056 510 1074 caussae
523 1049 659 1074 communi
673 1048 808 1083 salutique
822 1056 855 1074 ne

61 1084 197 1111 deessent:
218 1089 247 1111 ut
261 1084 334 1111 illam
350 1084 542 1116 laudationem,
558 1093 639 1120 quam
654 1094 682 1111 se
696 1086 723 1112 vi
738 1094 767 1112 ac
781 1090 854 1111 metu

61 1127 176 1153 coactos,
192 1123 285 1157 paucis
299 1122 353 1148 illis
368 1122 477 1153 diebus,
493 1122 615 1149 decresse
629 1122 761 1154 dicebant,
779 1123 855 1149 tolle-

61 1163 127 1186 rent.
149 1160 249 1194 Itaque,
266 1160 377 1191 iudices,
394 1159 554 1195 Syracusani
569 1160 633 1186 haec
647 1159 756 1191 faciunt,
773 1161 853 1187 istius

60 1196 170 1223 clientes
184 1201 262 1232 atque
277 1198 364 1223 amici.
390 1197 510 1224 Primum
525 1197 591 1224 mihi
607 1197 705 1224 litteras
720 1197 851 1233 publicas,

60 1241 128 1269 quas
145 1235 173 1260 in
192 1234 290 1261 aerario
308 1235 437 1261 sanctiore
453 1234 572 1261 conditas
596 1235 740 1267 habebant,
765 1235 854 1270 profe-

61 1275 136 1298 runt:
160 1272 187 1298 in
204 1272 305 1306 quibus
323 1272 466 1298 ostendunt
484 1273 586 1304 omnia,
606 1281 674 1307 quae
692 1272 747 1299 dixi
766 1272 852 1299 ablata

60 1316 131 1340 esse,
153 1309 310 1344 perscripta,
327 1314 352 1335 et
366 1309 441 1344 plura
456 1310 548 1341 etiam,
564 1318 645 1344 quam
659 1318 709 1346 ego
723 1310 797 1345 potui
811 1310 852 1336 di-

60 1353 132 1372 cere:
149 1347 294 1381 perscripta
308 1351 396 1372 autem
410 1346 459 1373 hoc
473 1346 565 1373 modo:
581 1356 655 1377 Qcon
670 1357 704 1373 ex
718 1357 793 1373 asna
808 1357 853 1375 ai-

60 1391 179 1410 nanvn:
194 1393 248 1410 aoc
263 1393 296 1410 ετ
310 1393 397 1410 tLLtJD
411 1393 550 1410 messer:
570 1393 645 1414 onon
663 1393 698 1411 cx
716 1394 792 1410 aena
808 1394 853 1411 ro-

60 1430 118 1452 V1s,
142 1430 217 1451 Quoo
240 1430 273 1447 Ex
296 1430 371 1447 iit-:ns
390 1429 506 1448 LIBERI:
533 1425 563 1448 ut
579 1422 696 1457 quisque
714 1423 752 1448 eis
772 1422 852 1448 rebus

59 1457 167 1485 tuendis
180 1458 423 1493 conservandisque
441 1458 603 1494 praefuerat,
624 1459 659 1485 ita
673 1460 851 1494 perscriptum

59 1500 122 1527 erat,
139 1504 223 1530 quum
238 1496 366 1522 rationem
380 1504 394 1522 e
409 1495 467 1531 lege
481 1496 610 1527 redderet,
626 1501 652 1523 et
665 1505 733 1532 quae
744 1505 853 1532 accepe-

59 1536 111 1564 rat,
127 1532 235 1560 deberet
249 1533 364 1559 tradere:
389 1534 500 1568 petisse,
521 1538 551 1560 ut
569 1534 634 1564 sibi,
655 1534 728 1569 quod
747 1534 795 1560 hae
810 1542 851 1560 res

58 1569 194 1602 abessent,
215 1571 408 1606 ignosceretur:
435 1571 525 1606 itaque
543 1579 635 1597 omnes
655 1570 777 1598 liberatos
796 1571 852 1597 dis-

57 1607 180 1638 cessisse,
196 1612 222 1634 et
235 1616 293 1634 esse
307 1608 427 1643 ignotum
441 1608 582 1634 omnibus:
606 1617 674 1643 quas
688 1617 737 1644 ego
752 1609 851 1635 litteras

58 1644 238 1681 obsignandas
262 1645 370 1680 publico
392 1646 470 1681 signo
490 1645 722 1681 deportandasque
748 1647 848 1672 curavi.

59 1682 116 1708 tlit.
136 1682 172 1708 De
191 1681 340 1709 laudatione
357 1687 446 1709 autem
464 1683 530 1709 ratio
547 1683 586 1709 sic
604 1683 670 1709 mihi
685 1683 786 1710 reddita
800 1687 848 1709 est.

58 1719 178 1746 Primum
195 1728 280 1754 quum
299 1728 312 1746 a
327 1719 356 1746 C.
371 1720 452 1746 Verre
466 1719 567 1746 litterae
581 1720 717 1755 aliquanto
731 1725 790 1747 ante
804 1720 851 1747 ad-

58 1760 167 1783 ventum
182 1765 271 1783 meum
285 1756 318 1783 de
333 1756 482 1784 laudatione
497 1758 641 1789 venissent,
658 1757 793 1784 nihilesse
804 1758 851 1784 de-

57 1798 172 1820 cretum:
192 1793 297 1825 deinde,
313 1803 399 1829 quum
412 1794 522 1830 quidam
537 1803 570 1821 ex
584 1795 657 1822 illius
671 1796 764 1822 amicis
777 1804 851 1822 com-

58 1835 207 1862 monerent,
222 1836 341 1866 oportere
355 1831 474 1862 decerni,
494 1833 612 1859 maximo
625 1841 683 1859 esse
697 1832 811 1859 clamore
825 1837 851 1859 et

58 1868 178 1895 convicio
191 1868 356 1903 repudiatos:
381 1873 553 1904 posteaquam
567 1878 644 1896 meus
657 1869 788 1897 adventus
803 1879 850 1905 ap-

58 1906 261 1941 propinquaret,
277 1906 422 1941 imperasse
437 1915 508 1938 eum,
524 1907 571 1942 qui
586 1916 719 1934 summam
734 1912 850 1942 potesta-

57 1946 110 1969 tem
130 1942 250 1974 haberet,
273 1948 303 1970 ut
319 1943 503 1970 decernerent:
523 1944 659 1971 decretum
678 1945 714 1971 ita
728 1954 799 1976 esse,
821 1950 850 1972 ut

58 1979 143 2007 multo
157 1979 218 2014 plus
232 1980 272 2007 illi
287 1980 404 2007 laudatio
418 1981 489 2012 mali,
505 1989 586 2016 quam
602 1981 663 2008 boni
674 1983 849 2016 possetass‘er—

57 2025 95 2044 re.
134 2017 164 2043 Id
178 2016 255 2048 adeo,
272 2017 383 2049 iudices,
399 2022 429 2044 ut
443 2018 509 2044 mihi
523 2018 556 2045 ab
569 2018 624 2045 illis
638 2019 848 2046 demonstratum

57 2058 106 2085 est,
121 2054 161 2080 sic
174 2062 222 2080 vos
235 2063 269 2081 ex
283 2063 324 2081 me
338 2056 497 2090 cognoscite.

112 2091 202 2118 LXIV.
216 2092 273 2118 ΜΞ.
289 2092 345 2118 Mos
358 2097 399 2118 est
409 2091 558 2128 Syracusis,
575 2097 612 2124 ut,
628 2093 651 2119 si
665 2102 718 2128 qua
732 2093 765 2120 de
779 2103 806 2120 re
815 2094 848 2121 ad

57 2133 179 2155 senatum
193 2127 333 2160 referatur,
349 2128 419 2156 dicat
433 2130 604 2161 sententiam,
619 2131 666 2165 qui
682 2130 755 2158 velit.
796 2132 849 2158 No-

57 2165 178 2192 minatim
193 2174 270 2192 nemo
284 2170 400 2202 rogatur.
422 2167 455 2193 Et
468 2171 564 2197 tamen,
581 2171 610 2194 ut
623 2168 740 2203 quisque
751 2168 848 2195 honore

57 2207 83 2230 et
95 2207 177 2230 aetate
191 2203 335 2235 antecedit,
356 2204 391 2230 ita
410 2203 513 2238 primus
526 2204 593 2231 solet
606 2213 654 2231 sua
668 2210 762 2240 sponte
775 2206 849 2233 dice-

57 2248 98 2267 re:
117 2240 200 2276 idque
214 2249 228 2266 a
241 2241 335 2267 ceteris
349 2241 373 2267 ei
387 2241 549 2268 conceditur.
591 2241 637 2268 Sin
652 2242 796 2278 aliquando
810 2247 849 2270 ta-

56 2281 116 2304 cent
129 2286 230 2310 omnes,
247 2283 311 2304 tunc
323 2279 416 2304 sortito
428 2282 561 2314 coguntur
573 2278 670 2306 dicere.
700 2279 790 2312 Quum
805 2280 848 2308 hic

57 2322 114 2342 mos
128 2319 211 2346 esset,
227 2314 340 2341 refertur
354 2315 386 2342 ad
400 2320 522 2342 senatum
536 2315 569 2342 de
584 2315 733 2343 laudatione
747 2317 846 2344 Verris.

56 2351 86 2378 ln
99 2360 152 2387 quo
166 2353 297 2387 primum,
314 2357 344 2379 ut
356 2352 459 2388 aliquid
473 2357 543 2379 esset
556 2361 657 2384 morae,
674 2354 751 2381 multi
765 2355 848 2381 inter-

57 2387 168 2424 pellant:
193 2389 226 2416 de
240 2389 300 2416 Sex.
315 2389 465 2421 Peducaeo,
486 2390 533 2425 qui
553 2390 586 2416 de
603 2390 648 2417 illa
661 2391 768 2418 civitate
782 2396 848 2418 tota-

56 2433 109 2461 que
119 2427 254 2461 provincia
265 2427 365 2462 optime
376 2428 487 2454 meritus
497 2432 576 2458 esset,
592 2436 651 2454 sese
661 2433 745 2459 antea,
760 2437 846 2464 quum

56 2462 200 2495 audissent,
216 2464 240 2490 ei
252 2465 388 2500 negotium
400 2464 562 2495 facessitum,
574 2473 715 2500 quumque
724 2474 785 2492 eum
797 2475 847 2500 pu-

55 2498 136 2532 blice,
157 2509 205 2536 pro
221 2501 346 2536 plurimis
364 2502 423 2528 eius
441 2506 467 2528 et
484 2503 609 2528 maximis
624 2503 725 2528 meritis
740 2502 846 2529 laudare

55 2542 193 2572 cuperent,
214 2547 227 2565 a
241 2538 271 2565 C.
287 2539 365 2566 Verre
379 2539 526 2574 prohibitos
540 2547 613 2566 esse:
638 2539 763 2575 iniquum
776 2548 844 2571 esse,

55 2575 159 2602 tametsi
172 2575 326 2602 Peducaeus
344 2584 435 2602 eorum
455 2576 604 2603 laudatione
622 2577 674 2603 iani
693 2586 744 2603 non
760 2582 847 2604 utere»

55 2614 111 2643 tur,
130 2615 218 2639 tamen
236 2621 288 2640 non
307 2613 333 2640 id
348 2614 423 2648 prius
437 2613 590 2644 decernere,
610 2613 682 2649 quod
701 2613 846 2649 aliquando

54 2646 217 2682 voluissent.
236 2658 318 2685 quam
330 2651 403 2686 quod
417 2655 473 2677 tuin
488 2656 653 2687 cogerentur.
696 2652 753 2678 163.
776 2652 845 2678 Con-

54 2683 169 2713 clamant
180 2695 273 2714 omnes
286 2691 312 2714 et
324 2687 472 2723 approbant
484 2688 520 2714 ita
534 2688 589 2715 fieri
603 2693 732 2724 oportere.
754 2688 845 2716 Refer-

719 157 739 183 A
755 157 773 183 C
789 157 871 183 T.11.

906 157 924 183 L
940 158 949 183 1
964 158 990 183 B.
1012 157 1050 183 tv.
1085 157 1103 183 C
1117 157 1138 183 A
1152 157 1181 183 P.
1216 159 1247 184 59
1268 173 1303 176 —
1323 160 1364 183 66.
1652 161 1699 186 327

911 232 954 253 tur
966 227 999 253 de
1012 226 1157 254 Peducaeo.
1197 228 1231 254 Ut
1247 228 1364 263 quisque
1381 233 1464 254 aetate
1477 233 1503 255 et
1516 229 1614 256 honore
1627 235 1701 257 ante-

911 264 1032 295 cedebat,
1053 264 1088 290 ita
1105 266 1263 291 sententiam
1277 265 1346 291 dixit
1358 274 1391 292 ex
1404 265 1506 292 ordine.
1546 266 1576 292 Id
1590 267 1654 294 adeo
1668 276 1701 294 ex

911 302 969 336 ipso
992 306 1099 328 senatus
1122 302 1244 329 consulto
1269 303 1432 338 cognoscite:
1459 312 1521 329 nam
1547 304 1700 339 principum

911 340 1056 365 sententiae
1070 340 1198 374 perscribi
1212 339 1306 366 solent.
1328 340 1426 366 Recita.
1452 350 1528 371 ouon
1541 350 1635 367 vatin
1649 351 1702 368 rii-

911 385 962 402 cu
977 386 1046 403 scsr
1060 385 1093 402 nc
1109 386 1169 403 sax.
1186 386 1347 404 anancaeo.
1387 378 1467 408 Dicit,
1483 378 1530 412 qui
1545 379 1625 412 primi
1639 388 1701 405 sua-

911 414 1001 439 serint.
1035 414 1197 440 Decernitur.
1231 414 1353 441 Refertur
1365 414 1462 441 deinde
1475 415 1508 441 de
1522 415 1610 442 Verre.
1644 417 1699 447 Dic,

910 459 1018 485 quaeso,
1042 451 1195 485 quomodo?
1215 461 1290 482 ouon
1312 461 1406 478 venna
1425 461 1517 478 neu
1534 462 1605 479 sna-r
1623 462 1657 479 na
1675 462 1699 480 c.

910 497 1017 514 vanas.
1051 488 1123 520 Quid
1136 493 1226 523 postea
1240 490 1369 524 scriptum
1381 488 1440 515 est‘?
1456 499 1534 520 chu
1549 499 1702 517 snae-caer

910 534 986 551 namo
1003 534 1099 556 usone
1118 534 1304 552 SENTEN'HAM
1319 535 1457 552 nicensi:
1497 526 1567 559 Quid
1581 527 1630 554 hoc
1644 527 1702 554 est?

910 571 977 588 sons
991 571 1127 589 nncirna.
1154 562 1350 595 Quamobrem?
1368 564 1452 590 Nemo
1464 568 1520 590 erat
1533 564 1701 591 voluntarius

911 599 1029 625 laudator
1043 604 1180 634 praeturae
1194 604 1267 630 tuae,
1283 600 1407 627 defensor
1420 601 1609 635 periculorum,
1625 610 1702 637 prae-

910 637 1001 662 sertim
1014 645 1099 671 quum
1115 637 1182 663 inire
1196 646 1210 663 a
1224 642 1342 672 praetore
1356 638 1467 673 gratiam
1482 638 1589 672 posset?
1612 648 1699 666 nemo.

909 673 950 699 Illi
964 674 1017 708 ipsi
1032 674 1071 700 tui
1085 675 1225 705 convivae,
1246 674 1403 705 consiliarii,
1424 676 1537 706 conscii,
1558 677 1622 702 socii
1640 685 1700 703 ver-

909 711 974 737 bum
994 710 1078 737 facere
1097 720 1148 737 non
1167 711 1308 738 audebant.
1350 713 1379 738 In
1397 721 1451 746 qua
1468 713 1541 738 curia
1555 718 1641 740 statua
1655 718 1700 740 tua

909 748 1003 779 stabat,
1019 753 1045 774 et
1059 748 1129 774 nuda
1144 748 1200 779 filii,
1217 749 1244 774 in
1259 757 1288 774 ea
1303 757 1380 775 nemo
1394 748 1453 779 fuit,
1469 758 1549 784 quem
1564 759 1596 776 ne
1611 751 1700 777 nudus

908 785 1018 820 quidem
1033 785 1105 811 fitius
1120 787 1147 811 in
1161 786 1258 812 nudata
1272 786 1409 820 provincia
1421 787 1617 814 commoveret?
1644 789 1700 814 itt.

908 823 995 857 Atque
1009 823 1088 849 etiam
1107 823 1156 849 hoc
1173 832 1216 849 me
1233 823 1340 855 docent,
1360 823 1494 850 eiusmodi
1512 829 1619 850 senatus
1637 834 1701 851 con-

908 860 979 886 sulto
997 869 1055 886 sese
1074 860 1181 891 fecisse,
1203 860 1380 887 laudationem
1398 866 1428 887 ut
1445 870 1538 888 omnes
1552 861 1700 898 intelligere

908 902 1017 932 possent
1030 907 1082 924 non
1097 897 1289 929 laudationem,
1311 898 1357 924 sed
1372 899 1462 933 potius
1476 899 1626 925 irrisionem
1641 908 1700 926 esse

908 935 995 966 illam,
1016 943 1085 970 quae
1102 935 1339 962 commonefaceret
1352 936 1432 962 istius
1445 941 1550 970 turpem
1565 936 1700 964 calamito—

908 981 1020 1007 samque
1033 977 1193 1007 praeturam.
1223 973 1328 999 Etenim
1342 974 1472 1008 scriptum
1487 982 1545 1000 esse
1559 974 1608 1000 ita:
1624 983 1700 1004 onon

907 1010 957 1036 iste
973 1019 1071 1036 vincis
1084 1018 1218 1037 neuwen
1232 1019 1420 1037 esernissnr:
1441 1019 1454 1036 a
1467 1019 1522 1046 quo
1534 1012 1700 1047 cognoscetis

906 1093 965 1110 esse
984 1093 1139 1119 percussos:
1160 1094 1236 1115 ouon
1254 1094 1433 1112 vicinari-:a
1451 1094 1631 1112 novinciau
1645 1095 1699 1112 Αυ-

906 1131 1133 1148 mmsrmssnr:
1158 1123 1236 1148 cuius
1250 1131 1343 1149 omnes
1358 1123 1464 1158 vigilias
1478 1123 1506 1149 in
1520 1124 1622 1158 stupris
1635 1132 1699 1150 con-

905 1164 957 1185 stat
970 1159 1162 1194 adulteriisque
1175 1168 1234 1186 esse
1247 1165 1429 1195 consumptas.
1463 1160 1517 1187 Hoc
1531 1165 1618 1187 autem
1633 1162 1699 1187 scri-

905 1201 982 1231 ptum
996 1197 1085 1228 etiam,
1101 1197 1173 1232 quod
1187 1197 1305 1232 proferre
1319 1206 1370 1224 non
1384 1197 1493 1224 auderet
1503 1206 1574 1229 reus,
1590 1207 1699 1224 accusa-

905 1239 945 1260 tor
958 1235 1067 1260 recitare
1082 1243 1134 1261 non
1148 1234 1293 1261 desineret:
1310 1244 1385 1266 onon
1399 1244 1571 1262 praecones
1585 1245 1696 1262 rnocci.

905 1280 937 1297 AB
964 1280 1069 1298 INSULA
1095 1281 1206 1298 SICILIA
1233 1281 1446 1299 PROHIBUISSET
1471 1281 1598 1299 ventu-:St
1629 1281 1698 1308 quos

904 1309 982 1335 etiam
1000 1310 1068 1335 intra
1087 1309 1281 1345 Syracusanam
1303 1309 1420 1336 insulam
1444 1310 1596 1344 recepisset.
1640 1311 1696 1337 145.

903 1345 976 1378 Quae
990 1351 1163 1381 posteaquam
1178 1356 1211 1373 ex
1224 1347 1279 1373 illis
1296 1348 1422 1382 cognovi,
1443 1347 1555 1374 discessi
1569 1356 1631 1374 cum
1645 1347 1698 1374 fra-

904 1387 942 1410 tre
956 1392 969 1410 e
983 1385 1069 1415 curia,
1090 1389 1120 1410 ut
1134 1384 1210 1410 nobis
1224 1385 1393 1415 absentibus,
1409 1385 1433 1411 si
1447 1384 1513 1420 quid
1528 1384 1634 1416 vellent,
1651 1385 1698 1411 de-

903 1426 1049 1447 cernerent.
1090 1421 1170 1448 va.
1198 1422 1347 1448 Decernunt
1372 1423 1475 1448 statim:
1504 1422 1636 1457 primum,
1664 1431 1698 1449 υτ

903 1467 959 1485 cna
974 1468 996 1484 1..
1012 1467 1124 1485 rauna
1140 1468 1298 1485 aosmrma
1313 1468 1436 1486 roatici:
1451 1468 1571 1490 riener,
1587 1459 1660 1495 quod
1674 1460 1697 1486 is

903 1495 1024 1522 eamdem
1049 1495 1211 1522 voluntatem
1234 1505 1295 1532 erga
1318 1496 1498 1532 Syracusanos
1521 1497 1694 1532 suscepisset,

903 1541 984 1568 quam
998 1541 1047 1569 ego
1060 1541 1166 1568 semper
1180 1533 1345 1560 habuissem.
1367 1534 1395 1560 Id
1410 1542 1461 1560 non
1476 1533 1555 1560 modo
1565 1538 1620 1560 tum
1631 1535 1698 1560 scri-

903 1575 1027 1605 pserunt,
1044 1579 1137 1597 verum
1151 1571 1230 1597 etiam
1245 1572 1272 1597 in
1286 1580 1345 1597 aere
1359 1572 1474 1597 incisum
1489 1571 1566 1598 nobis
1581 1571 1698 1598 tradide-

903 1612 975 1634 runt.
1016 1607 1098 1634 Valde
1113 1608 1221 1634 hercule
1235 1613 1259 1635 te
1273 1608 1434 1644 Syracusani
1449 1609 1502 1640 tui,
1523 1617 1590 1643 quos
1605 1609 1697 1635 crebro

902 1653 1109 1671 commemorare
1119 1645 1197 1676 soles,
1213 1645 1343 1681 diligunt:
1359 1646 1407 1681 qui
1418 1654 1480 1672 cum
1491 1651 1641 1672 accusatore
1652 1651 1697 1673 tuo

902 1683 968 1709 satis
990 1683 1089 1709 iustam
1112 1691 1235 1709 caussam
1262 1683 1463 1719 coniungendae
1489 1683 1696 1710 necessitudinis

902 1724 1005 1754 putant,
1021 1719 1094 1755 quod
1108 1724 1133 1746 te
1146 1725 1318 1746 accusaturus
1332 1721 1375 1751 sit,
1392 1725 1417 1746 et
1429 1720 1501 1755 quod
1515 1720 1547 1746 ad
1558 1721 1697 1756 inquiren—

901 1757 967 1784 dum
985 1758 1013 1784 in
1031 1761 1056 1783 te
1071 1758 1182 1783 venerit.
1222 1758 1314 1784 Postea
1328 1757 1487 1788 decernitur,
1503 1766 1532 1784 ac
1547 1766 1598 1784 non
1613 1758 1693 1789 varie,

901 1794 949 1821 sed
963 1803 1045 1830 prope
1060 1795 1164 1821 cunctis
1179 1795 1331 1821 sententiis:
1353 1804 1386 1821 υτ
1399 1804 1559 1826 munnio,
1579 1804 1654 1826 ουΛε
1670 1804 1693 1821 c.

902 1841 991 1858 vaani
1005 1841 1141 1858 occani-A
1155 1841 1254 1862 esser,
1270 1841 1470 1859 TOLLERETUR.
1503 1833 1560 1858 ⁴146.
1575 1833 1608 1858 At
1622 1840 1693 1864 vero,

901 1878 986 1904 quum
1001 1869 1054 1895 iam
1068 1878 1120 1896 non
1134 1869 1222 1896 solum
1236 1869 1366 1896 discessio
1381 1869 1445 1895 facta
1460 1873 1538 1901 esset.
1554 1869 1602 1896 sed
1615 1870 1694 1896 etiam

901 1907 1080 1942 perscriptum
1095 1911 1174 1942 atque
1188 1907 1214 1933 in
1230 1906 1334 1933 tabulas
1348 1906 1470 1938 relatum,
1486 1911 1590 1942 praetor
1603 1907 1695 1942 appel-

902 1944 980 1970 latur.
1020 1945 1054 1970 At
1067 1944 1129 1979 quis
1143 1943 1277 1979 appellat?
1299 1944 1471 1979 magistratus
1485 1943 1588 1979 aliqui?
1605 1953 1692 1971 nemo.

901 1980 1029 2008 Senator?
1042 1990 1074 2008 ne
1088 1981 1115 2008 id
1128 1982 1249 2017 quidem.
1271 1981 1498 2018 Syracusanorum
1514 1981 1630 2017 aliquis?
1643 1982 1695 2008 mi-

901 2019 982 2045 nime.
1022 2018 1089 2051 Quis
1103 2019 1185 2054 igitur
1199 2023 1345 2053 praetorem
1359 2018 1492 2054 appellat?
1509 2019 1555 2054 qui
1570 2023 1694 2054 quaestor

900 2057 979 2082 istius
994 2055 1088 2087 suerat,
1104 2056 1250 2083 Caesetius.
1291 2056 1313 2083 O
1327 2065 1382 2082 rem
1396 2055 1550 2082 ridiculam!
1575 2065 1591 2083 ο
1603 2056 1694 2082 deser-

900 2098 957 2120 tum
972 2093 1122 2120 hominem!
1138 2102 1154 2120 o
1167 2093 1337 2128 desperatum
1351 2102 1380 2120 ac
1394 2093 1514 2120 relictum
1530 2101 1543 2119 a
1555 2094 1694 2129 itingistra-

901 2136 928 2157 tu
943 2130 1048 2157 Siculo!
1077 2131 1116 2157 Ne
1129 2135 1238 2158 senatus
1251 2130 1404 2158 consultum
1419 2130 1502 2157 Siculi
1518 2130 1639 2157 homines
1655 2130 1693 2157 fa-

899 2177 958 2195 cere
972 2173 1090 2203 possent,
1106 2177 1138 2195 ne
1152 2177 1232 2194 suum
1246 2169 1290 2195 ius
1304 2168 1362 2194 suis
1372 2168 1501 2199 moribus,
1517 2168 1575 2194 suis
1587 2168 1692 2203 legibus

899 2205 1019 2232 obtinere
1033 2210 1149 2241 possent,
1166 2214 1218 2232 non
1233 2206 1335 2232 amicus
1350 2205 1437 2236 istius,
1454 2214 1505 2231 non
1518 2205 1623 2240 hospes,
1640 2214 1692 2232 uon

899 2243 1016 2278 denique
1030 2242 1129 2278 aliquis
1143 2242 1262 2273 Siculus.
1278 2242 1326 2269 sed
1339 2247 1463 2277 quaestor
1477 2242 1569 2277 populi
1583 2242 1691 2268 {tomani

900 2285 1044 2315 praetorem
1064 2279 1189 2315 appellat.
1228 2279 1294 2312 Quis
1314 2279 1363 2306 hoc
1382 2278 1466 2305 vidit?
1491 2280 1553 2314 quis
1572 2279 1693 2305 audivit?

900 2321 1002 2352 praetor
1012 2325 1115 2352 aequus
1125 2321 1150 2343 et
1160 2317 1268 2352 sapiens
1278 2317 1376 2343 dimitti
1388 2316 1460 2342 iubet
1471 2321 1603 2342 senatum.
1623 2316 1691 2342 Con-

899 2355 982 2380 currit
995 2353 1027 2380 ad
1043 2362 1084 2380 me
1099 2354 1215 2380 maxima
1229 2353 1383 2380 multitudo.
1423 2353 1542 2379 Primum
1557 2358 1691 2380 senatores

898 2391 1021 2421 clamare,
1037 2391 1104 2426 eripi
1118 2391 1170 2418 sibi
1186 2391 1237 2422 ius,
1253 2391 1320 2426 eripi
1336 2390 1497 2416 libertatem:
1518 2390 1635 2425 populus
1648 2399 1691 2417 st.»

899 2433 990 2454 natum
1003 2427 1119 2458 laudare,
1131 2428 1229 2464 gratias
1239 2436 1330 2463 agere:
1342 2428 1414 2454 cives
1426 2427 1536 2453 Romani
1547 2436 1561 2453 a
1572 2436 1614 2453 me
1625 2436 1690 2454 nus-

897 2474 978 2500 quam
998 2464 1144 2491 discedere.
1184 2464 1242 2497 Quo
1259 2464 1369 2500 quidem
1388 2464 1431 2491 die
1451 2464 1516 2490 nihil
1531 2465 1637 2499 aegrius
1652 2465 1690 2491 fa·

897 2508 969 2528 ctum
985 2506 1024 2528 est
1038 2501 1123 2529 multo
1137 2502 1224 2529 labore
1239 2511 1310 2533 meo,
1330 2510 1411 2537 quam
1432 2506 1460 2528 ut
1479 2510 1574 2528 manus
1592 2502 1625 2529 ab
1643 2501 1690 2529 illo

897 2539 1058 2575 appellatore
1071 2539 1275 2566 abstinerentur.
1317 2540 1374 2566 ⁴47.
1393 2538 1482 2572 Quum
1496 2539 1529 2566 ad
1543 2544 1689 2575 praetorem

897 2577 924 2603 iu
939 2577 982 2603 ius
995 2576 1159 2608 adissemus,
1179 2577 1310 2613 excogitat
1323 2585 1386 2603 sane
1405 2581 1494 2608 acute,
1514 2576 1580 2612 quid
1598 2577 1690 2604 decer-

897 2618 950 2640 nat.
977 2614 1043 2640 Nam
1057 2619 1127 2645 ante,
1142 2623 1224 2650 quam
1238 2613 1351 2641 verbum
1366 2613 1489 2645 facerem,
1504 2613 1537 2640 do
1550 2614 1615 2641 sella
1629 2623 1689 2641 sur-

896 2651 964 2678 rexit
976 2656 1056 2686 atque
1069 2651 1144 2678 abiit.
1174 2652 1264 2686 Itaque
1278 2655 1335 2678 tuin
1349 2650 1382 2678 de
1396 2650 1459 2682 foro,
1475 2659 1562 2686 quum
1576 2652 1628 2679 iam
1642 2651 1689 2678 ad-

897 2693 1105 2723 vesperasceret,
1126 2689 1312 2716 discessimus.
1352 2688 1444 2716 wa.
1464 2688 1593 2716 Postridie
1611 2698 1688 2716 mane
