1941 3052
225 107 273 132 770
800 105 843 130 83.
877 103 912 129 M.
943 103 973 129 T.

226 186 258 203 ne
271 176 323 202 ιιΙΙιι
336 176 496 210 cuiusquam
509 174 627 209 querela,
637 173 745 208 publica
757 178 842 208 potest
852 182 925 199 esse:
938 181 967 198 en
979 178 1019 199 est

225 214 257 239 nd
271 213 333 239 ll-b'
348 221 416 238 xxx.
457 212 508 237 sont
520 212 553 236 «le
567 212 614 237 hoe
625 213 722 236 (lavsm-
734 211 840 236 viderit.
881 212 906 236 5.
923 211 967 240 Te.
982 210 1018 236 mi
1040 230 1041 243 J

226 251 330 280 Plance,
345 259 392 283 pro
403 254 510 284 paterna
523 248 734 277 necessitudine,
754 256 802 282 pro
818 252 907 273 nostro
918 256 1017 277 amore.
1040 254 1048 278 1,.

225 297 272 322 pro
287 287 385 313 studiis
403 291 428 312 et
442 286 515 312 omni
531 294 611 311 cursu
629 289 718 322 nostro
734 285 814 311 totius
829 285 899 310 vitae
910 284 1020 310 similti-

227 334 278 355 mo,
293 333 368 356 rogo,
382 327 407 349 et
418 332 431 348 a
444 327 468 349 te
481 323 514 348 ita
527 327 596 357 peto,
611 327 638 348 ut
651 323 749 348 maiore
760 330 837 352 eura,
852 322 950 348 maiore
962 327 1020 347 stn-
1040 331 1041 337 ¹

224 362 269 387 dio
281 360 354 386 nullo
366 360 476 394 possim,
491 364 519 385 ut
531 359 599 385 hanc
611 368 666 385 rem
677 359 826 393 suscipias:
843 368 928 385 meam
942 363 1020 393 putes

223 408 295 424 esse:
310 398 423 427 enitare,
437 397 595 427 contendas,
609 396 724 427 efficias,
739 402 767 422 nt
779 406 835 422 men
848 395 1020 422 commenda-
1040 413 1041 426 J

224 436 303 464 tione,
319 439 363 460 tuo
373 434 472 464 studio,
485 434 606 459 Caesaris
619 434 757 464 beneficio,
773 433 945 460 hereditatem
959 442 1020 468 pro-

224 472 319 507 pinqui
331 471 374 496 sui
385 471 414 497 C.
428 471 521 505 Capito
531 471 660 498 obtinent.
695 471 804 502 Omnia,
821 480 890 506 qnae
906 471 980 505 potui
994 471 1018 497 in

225 510 273 535 huc
287 517 393 534 summa
410 513 453 534 tua
469 509 554 543 gratia
570 518 600 535 ac
616 509 732 543 potentia
749 517 762 534 a
779 513 803 534 te
820 509 975 543 impetrare,
996 508 1019 534 si

224 547 376 581 petiissem,
398 545 468 572 ultro
484 550 508 572 te
523 546 556 572 ad
573 555 615 572 me
630 545 760 572 detulisse
776 546 889 580 putabo,
912 546 934 572 si
952 546 1020 572 hano

224 593 278 610 rem
292 583 481 618 impetravero.
513 585 537 610 6.
554 583 622 609 Illud
635 583 689 609 fore
702 583 750 609 tihi
762 583 918 609 adiumento
929 591 1017 618 spero.

223 621 301 646 euius
317 621 374 655 ipse
387 620 483 646 Caesar
498 629 557 647 esse
567 621 686 655 optimus
699 621 781 647 iudex
792 625 890 655 potest:
913 629 1021 655 semper

223 659 363 684 Caesarem
375 657 468 692 Capito
479 658 561 684 coluit
571 663 597 685 et
607 657 712 684 dilexit.
753 658 806 684 Sed
819 658 875 692 ipse
889 658 970 684 huius
983 658 1019 683 rei
1040 677 1041 690 J

224 696 298 721 testis
310 700 362 721 est:
386 695 449 721 novi
467 696 584 722 hominis
601 696 767 722 memoriam.
808 696 898 730 Itaque
915 695 983 721 nibil
996 700 1020 721 te
1040 696 1041 724 1

223 733 318 759 doceo:
343 736 446 759 tantum
462 733 511 759 tibi
527 733 627 759 sumito
643 742 690 767 pro
702 733 829 768 Capitone
840 732 912 767 apud
924 733 1020 760 Caesa-

224 779 292 800 rem.
315 774 446 804 quantum
468 771 557 804 ipsum
580 771 736 796 meminisse
755 771 865 797 senties.
905 771 931 797 7.
952 770 1018 805 Ego,

222 807 295 842 quod
307 807 333 833 in
346 807 449 841 meipso
460 808 577 842 experiri
589 808 677 842 potui,
700 807 733 834 ad
745 812 768 834 te
780 807 908 834 deferam.
949 808 977 833 In
989 816 1020 833 eo

223 848 355 879 quantum
371 845 406 870 sit
421 844 562 879 ponderis,
579 850 605 871 tu
623 845 739 871 videbis.
780 844 866 876 Quam
879 849 980 879 partem
993 845 1019 871 in

224 881 362 917 republica
373 890 551 917 caussamque
563 882 744 913 defenderim,
759 891 806 917 per
816 890 884 917 quos
897 882 1020 908 homines

222 919 385 954 ordinesque
396 920 525 950 steterim,
538 919 694 954 quibusque
706 920 827 946 munitus
839 919 950 949 fuerim.
968 927 1019 945 non

213 957 340 992 'ignor-as.
368 957 421 983 lloc
433 957 500 983 mihi
512 957 594 983 velim
606 957 713 983 credas:
736 957 836 992 siquid
850 957 958 983 fecerim
972 957 1020 982 hoc

223 995 282 1028 ipso
308 995 335 1020 in
360 994 431 1021 bello
453 995 544 1020 minus
564 1003 598 1021 ex
619 994 740 1021 Caesaris
762 995 912 1024 voluntate.
937 994 1019 1029 (quod

224 1031 402 1058 intellexerim
427 1032 495 1058 scire
521 1033 610 1066 ipsum
635 1031 790 1063 Caesarem,
819 1041 861 1058 me
887 1032 1021 1058 invitissi-

223 1078 298 1095 mum
320 1068 445 1103 fecisse,)
468 1069 493 1095 id
516 1069 610 1095 secisse
636 1069 749 1095 aliorum
775 1070 899 1100 consilio,
932 1069 1021 1095 horta-

223 1111 265 1137 tu,
288 1107 455 1133 auctoritate:
483 1107 555 1141 quod
582 1106 678 1133 fuerim
704 1106 864 1133 moderatior
887 1112 1020 1141 tempera-

223 1144 339 1178 tiorque,
362 1152 443 1178 quam
460 1144 528 1170 inea
545 1149 617 1178 parte
631 1145 792 1179 quisquam,
817 1144 844 1170 id
865 1152 906 1170 me
923 1143 1020 1170 fecisse

223 1181 341 1207 maxime
361 1182 515 1208 auctoritate
535 1182 686 1216 Capitonis:
713 1182 792 1208 cuius
813 1181 917 1207 similes
938 1181 962 1207 si
978 1190 1020 1207 re-

224 1217 312 1252 liquos
335 1219 500 1245 necessarios
522 1219 694 1250 habuissem,
721 1218 887 1254 reipublicae
909 1218 1020 1245 fortasse

223 1255 359 1281 nonnihil.
375 1256 442 1281 mihi
454 1261 524 1282 certe
536 1256 684 1290 plurimum
697 1255 871 1291 profuissem.
902 1258 927 1282 8.
948 1257 1019 1282 Hanc

223 1301 292 1323 rem,
311 1293 348 1318 mi
364 1292 469 1324 Plance,
487 1294 511 1319 si
526 1293 658 1325 elfeceris3
683 1302 769 1319 meam
785 1293 818 1319 de
838 1298 882 1320 tua
898 1302 961 1329 erga
978 1301 1019 1319 me

222 1329 408 1356 benevolentia
439 1339 516 1365 spem
546 1330 761 1362 confirmaveris,
794 1331 884 1365 ipsum
913 1331 1020 1366 Capito-

223 1376 297 1398 nem,
324 1368 524 1403 gratissimum,
551 1367 796 1399 officiosissimum,
824 1369 957 1403 optimum
978 1368 1020 1394 vi-

222 1413 295 1435 rum,
319 1405 352 1431 ad
368 1409 441 1431 tuam
461 1405 690 1432 necessitudinem
707 1410 751 1432 tuo
767 1414 874 1432 summo
889 1405 1020 1432 beneficio

222 1441 388 1469 adiunxeris.

275 1511 354 1532 XXX.
371 1511 449 1533 ARG.
461 1512 485 1532 L.
496 1512 578 1533 Manlii
588 1512 732 1533 hereditatem
744 1512 862 1533 fraternam
873 1512 1017 1533 commendat.

406 1549 493 1571 (Romae,
505 1550 582 1567 ‘'az-ure
594 1550 626 1566 III.
638 1549 711 1571 vaulo
722 1556 769 1566 tou.
781 1549 836 1571 703.)

326 1592 362 1619 M.
384 1592 414 1618 T.
437 1591 467 1618 C.
489 1591 517 1618 S.
540 1592 569 1618 P.
591 1593 621 1618 D.
643 1591 778 1619 ACILIO
798 1591 908 1619 PROC.

279 1631 302 1656 t.
323 1625 360 1656 L.
376 1628 493 1655 Manlius
508 1633 548 1655 est
563 1629 646 1656 Sosis.
687 1630 712 1656 Is
728 1629 779 1656 fuit
789 1630 954 1656 Catinensis:
971 1629 1018 1656 sed

221 1671 269 1698 est,
282 1675 336 1693 una
346 1675 408 1693 cum
421 1666 534 1701 reliquis
545 1666 737 1702 Neapolitanis,
751 1667 820 1693 civis
832 1667 967 1693 Romanus
980 1666 1020 1693 fa-

221 1709 280 1730 ctus
296 1704 460 1739 decurioque
476 1703 601 1738 Neapoli:
625 1705 768 1730 eratenim
788 1705 922 1739 ascriptus
942 1705 970 1730 in
991 1704 1019 1730 id

221 1741 403 1776 municipium
419 1745 479 1767 ante
493 1742 630 1767 civitatem
651 1742 732 1768 sociis
752 1746 778 1768 et
796 1742 898 1768 Latinis
917 1741 1016 1768 datam.

219 1779 287 1805 Eius
299 1778 379 1805 frater
389 1778 497 1805 Catinae
509 1787 596 1813 nuper
605 1783 727 1805 mortuus
739 1783 788 1805 est.
810 1778 919 1804 Nullam
930 1779 1019 1805 omni—

220 1824 255 1842 no
265 1815 428 1842 arbitramur
437 1815 470 1842 de
482 1824 512 1842 ea
523 1815 670 1842 hereditate
681 1816 890 1842 controversiam
901 1824 963 1842 eum
971 1816 1019 1842 ha-

220 1853 355 1885 biturum;
378 1857 404 1879 et
424 1857 464 1879 est
479 1853 559 1879 hodie
574 1853 601 1879 in
617 1853 706 1879 bonis.
747 1853 813 1884 Sed,
836 1861 921 1888 quum
938 1853 1019 1880 habet

220 1895 357 1925 praeterea
368 1890 474 1925 negotia
486 1895 574 1916 vetera
586 1891 613 1916 in
624 1890 716 1916 Sicilia
728 1899 786 1921 sua,
795 1894 821 1916 et
830 1890 899 1917 hanc
910 1890 1019 1917 heredi-

221 1932 302 1954 tatem
314 1927 466 1958 fraternam,
475 1932 501 1954 et
510 1928 599 1953 omnia
611 1928 670 1953 eius
682 1927 732 1954 tibi
743 1927 910 1958 commendo,
924 1929 951 1954 in
962 1929 1020 1963 pri·-

220 1965 327 1999 misque
344 1965 435 1999 ipsum
451 1965 539 1990 virum
555 1965 688 1999 optimum
703 1965 826 2000 mihique
838 1965 1020 1992 familiarissi—

221 2010 310 2032 mum,
328 2001 372 2028 his
381 2001 481 2028 studiis
492 2001 640 2028 litterarum
652 2002 842 2037 doctrinaeque
853 2003 1016 2037 praeditum,

219 2039 323 2074 quibus
338 2047 388 2075 ego
404 2040 522 2065 maxime
537 2039 663 2066 delector.
703 2041 728 2066 2.
749 2040 810 2066 Peto
827 2041 909 2075 igitur
922 2040 971 2066 abs
982 2045 1015 2071 te,

220 2081 250 2103 ut
261 2085 337 2107 eum,
356 2077 415 2103 sive
431 2076 528 2108 aderit,
546 2077 605 2103 sive
617 2085 669 2103 non
681 2078 785 2103 venerit
797 2078 823 2103 in
836 2077 971 2109 Siciliam,
989 2078 1018 2104 in

220 2114 290 2140 meis
305 2114 409 2140 intimis
425 2114 599 2149 maximeque
614 2115 774 2140 necessariis
789 2115 859 2140 scias
874 2123 946 2146 esse,
968 2115 1019 2141 ita-

219 2159 274 2186 que
289 2156 398 2182 traetes,
416 2156 447 2178 ut
464 2151 610 2187 intelligat,
632 2159 720 2178 meam
736 2152 791 2178 sibi
807 2152 1019 2179 commendatio—

220 2197 283 2215 nem
294 2197 392 2224 magno
402 2188 559 2215 adiumento
570 2188 664 2215 fuisse.

274 2258 364 2278 xxxJ.
378 2258 456 2279 ΔΒΕ.
470 2257 579 2283 Flavium,
587 2258 678 2279 Pisonis
688 2258 764 2284 generi
774 2257 810 2279 sui
820 2259 1016 2286 pernecessarium.

220 2293 364 2314 ruminendat.

326 2338 363 2365 M.
385 2339 416 2364 Τ.
438 2338 467 2365 C.
489 2338 518 2365 S.
540 2339 569 2365 P.
590 2339 621 2365 D.
643 2338 776 2365 ACILIO
796 2338 906 2366 PROC.

277 2377 300 2402 4.
323 2372 358 2402 C.
375 2376 481 2407 Flavio,
504 2376 616 2402 honesto
631 2381 656 2402 et
669 2381 761 2403 ornato
780 2377 871 2411 equite
888 2376 1014 2407 Romano,
1044 2361 1046 2384 J

221 2416 280 2438 utor
291 2412 368 2439 valde
380 2412 557 2440 familiariter.
593 2414 655 2440 Fuit
665 2414 737 2439 enim
748 2414 842 2449 generi
853 2414 916 2444 mei,
930 2413 959 2440 C.
972 2413 1017 2439 Pi-
1043 2393 1045 2435 1

220 2450 306 2479 sonis.
320 2451 546 2484 pernecessarius,
560 2459 658 2485 meque
669 2450 880 2486 diligentissime
891 2451 1017 2477 observat
1036 2449 1045 2488 J

221 2490 245 2511 et
257 2486 315 2520 ipse
326 2491 352 2512 et
362 2487 391 2513 L.
405 2487 528 2519 Flavius,
546 2487 627 2514 frater
641 2488 710 2514 eius.
751 2487 919 2522 Quapropter
932 2487 1015 2514 velim
1036 2497 1044 2510 r*

221 2522 330 2549 honoris
346 2525 398 2550 mei
412 2533 521 2556 caussa,
543 2525 645 2560 quibus
661 2525 743 2551 rebus
755 2525 865 2551 honeste
877 2530 902 2551 et
912 2533 960 2560 pro
971 2529 1016 2551 tua
1036 2546 1037 2560 J

221 2559 351 2594 dignitate
370 2562 482 2595 poteris,
505 2571 587 2596 quam
606 2561 877 2588 honorificentissime
893 2567 919 2588 et
933 2571 1015 2597 quam
1036 2561 1044 2596 J

222 2595 412 2623 liberalissime
431 2598 460 2624 C.
478 2599 602 2626 Flavium
624 2604 728 2626 tractes.
769 2599 798 2625 Id
822 2599 890 2625 mihi
911 2600 951 2625 sic
965 2600 1016 2626 erit
1036 2597 1044 2639 *j

220 2638 336 2669 gratum,
349 2638 379 2661 ut
388 2635 491 2670 gratius
502 2644 561 2662 esse
571 2636 640 2663 nihil
651 2636 746 2672 possit.
776 2637 802 2664 2.
817 2636 869 2663 Sed
879 2641 1016 2671 praeterea
1034 2643 1044 2664 n

393 2295 480 2319 (Romae,
492 2295 570 2313 eamn-
580 2295 614 2312 tu.
625 2295 699 2318 Lepido
710 2302 757 2313 coss.
768 2298 822 2317 708.)
1044 2306 1046 2328 Ι

1008 102 1285 130 CICERONIS

1046 174 1048 194 ἰ
1071 173 1119 199 tibi
1131 172 1249 202 affirmo.
1269 174 1366 208 (neque
1379 174 1405 200 id
1416 174 1562 201 ambitione
1573 175 1705 201 adauctu„
1718 175 1799 206 facio,
1816 177 1863 202 sed

1070 219 1156 245 quum
1169 210 1348 237 familiaritate
1359 216 1385 238 et
1396 212 1607 242 necessitudine,
1626 218 1682 239 tum
1698 214 1778 239 etiam
1794 215 1865 240 veri-

1072 250 1144 281 tate.)
1160 252 1184 274 to
1199 256 1232 274 ex
1244 248 1273 274 C.
1288 248 1373 274 Flavii
1385 248 1474 275 officio
1484 254 1510 275 et
1519 250 1702 279 observantia.
1719 255 1745 277 et
1761 256 1865 285 praete-

1071 293 1113 311 rea
1124 284 1266 319 splendore
1277 290 1357 320 atque
1372 286 1440 312 inter
1454 294 1518 312 suos
1532 288 1629 322 gratia.
1647 296 1771 323 'inagnum
1789 287 1865 315 volu-

1071 327 1170 356 ptatem
1181 331 1241 348 esse
1251 327 1404 357 capturum.
1445 323 1518 349 Vale.

1151 391 1251 412 xxxn.
1270 392 1345 412 ΛΚΕ,
1363 392 1523 415 Antist-tinn-
1539 396 1560 412 st.
1577 392 1692 414 Philo-e-
1702 394 1803 422 511anth
1813 401 1865 416 ιουι

1073 427 1215 447 continu-inlu.

1178 471 1213 498 M.
1235 472 1266 498 T.
1287 471 1317 498 C.
1339 471 1367 498 S.
1390 472 1418 498 P.
1441 472 1470 498 D.
1493 472 1625 499 ACILIO
1650 473 1757 500 Pnoc.

1129 510 1152 535 t.
1175 504 1206 535 In
1224 508 1347 535 Ilalesina
1362 510 1470 536 civitate
1491 515 1543 536 tam
1561 509 1630 536 lanta
1652 515 1759 545 tamque
1780 512 1865 539 nobili

1070 546 1308 572 coniunctissimos
1324 545 1409 572 habeo
1424 552 1449 573 et
1466 546 1582 582 hospitio
1596 552 1622 573 et
1638 547 1817 575 familiaritate
1829 550 1864 576 M.

1071 588 1096 609 et
1107 584 1136 610 C.
1149 583 1266 613 Clodios,
1280 584 1480 619 Archagathum
1491 589 1517 610 et
1529 584 1678 611 Philonem.
1698 585 1750 612 Sed
1763 594 1864 618 vereor,

1072 629 1117 651 ne,
1135 621 1199 655 quia
1211 621 1363 655 complures
1376 621 1425 647 tibi
1440 622 1583 656 praecipue
1597 623 1768 653 commendo,
1785 632 1867 650 exse-

1071 667 1153 693 quare
1182 658 1276 685 videar
1303 658 1449 685 ambitione
1473 659 1591 693 quadam
1621 660 1867 688 commendationes

1072 704 1155 722 meas.
1195 697 1364 731 Quamquam
1385 705 1399 722 a
1415 701 1440 722 te
1455 696 1566 731 quidem
1582 697 1717 723 cumulate
1731 698 1827 724 satisfit
1841 703 1868 726 et

1072 733 1139 759 mihi
1154 738 1180 759 et
1194 734 1262 759 meis
1277 733 1415 760 omnibus.
1456 735 1480 760 2.
1503 734 1555 760 Sed
1572 734 1653 760 velim
1665 735 1704 761 sic
1715 736 1864 767 existimes.

1072 770 1141 797 hanc
1157 769 1286 797 familiam
1302 776 1328 797 et
1343 771 1391 797 hos
1407 770 1474 797 mihi
1495 771 1613 797 maxime
1633 780 1692 798 esse
1710 773 1867 799 coniunctos

1072 813 1216 839 vetustate,
1238 808 1350 839 officiis,
1372 807 1569 835 benevolentia.
1609 808 1790 841 Quamobrem
1806 815 1867 845 peto

1071 854 1085 871 a
1105 850 1128 871 te
1149 846 1175 872 in
1196 846 1323 872 maiorem
1343 845 1465 875 modum,
1484 850 1513 872 ut
1529 846 1571 872 his
1586 847 1714 872 omnibus
1730 847 1757 873 in
1773 847 1864 876 rebus.

1071 887 1202 917 quantum
1219 888 1263 909 tua
1281 883 1347 909 fides
1363 883 1536 918 dignitasque
1552 884 1680 918 patietur,
1700 884 1864 911 commodes.

1073 919 1100 946 Id
1111 920 1135 946 si
1147 919 1251 952 feceris,
1264 920 1315 947 erit
1325 920 1393 946 mihi
1407 920 1644 947 vehementissime
1655 926 1771 956 gratum.

1248 429 1420 448 'lt-2nn-e,(··<1un-
1433 429 1608 447 ttt.11-.‡-1„.....‚
1623 435 1655 447 ,ν’

1126 997 1238 1019 xxxm.
1253 998 1329 1018 ΔΒΕ.
1349 997 1446 1019 Nasoni·
1458 997 1552 1018 libertus
1562 1002 1583 1018 et
1594 998 1683 1023 negoti·
1692 1000 1826 1019 con-inemln

1254 1035 1341 1055 (lt-nnn.
1352 1035 1427 1052 (Ur-w«
1441 1035 1473 1052 ΙΙΙ.
1484 1035 1518 1057 [ΑΙ
1528 1036 1558 1052 inl-a
1568 1042 1614 1052 (un.
1627 1037 1681 1056 7οη.)

1179 1078 1215 1105 Μ.
1236 1078 1267 1104 T.
1289 1077 1318 1105 C.
1341 1077 1370 1104 S.
1392 1078 1420 1104 P.
1443 1078 1472 1104 D.
1495 1077 1627 1104 ACILIO
1647 1077 1755 1105 PROC.

1127 1111 1182 1142 Cn.
1193 1115 1307 1142 Otacilio
1318 1116 1422 1141 Nasone
1435 1120 1495 1141 utor
1506 1114 1731 1146 familiarissime,
1745 1116 1780 1142 ita
1791 1124 1867 1151 pror-

1071 1162 1131 1184 sus,
1149 1158 1179 1180 ut
1192 1152 1268 1179 illius
1283 1152 1386 1179 ordinis
1398 1151 1472 1179 nullo
1484 1151 1655 1179 familiarius.
1695 1153 1762 1179 Nam
1775 1158 1801 1180 et
1815 1152 1867 1180 hu-

1071 1191 1197 1217 manitate
1213 1191 1272 1216 eius
1286 1194 1312 1216 et
1323 1189 1453 1225 probitate
1466 1190 1492 1216 in
1503 1190 1699 1216 consuetudine
1710 1190 1867 1225 quotidiana

1072 1236 1169 1264 magno
1179 1235 1260 1262 opere
1270 1227 1398 1254 delector.
1432 1226 1506 1253 Nihil
1518 1227 1571 1253 iam
1582 1236 1650 1262 opus
1661 1232 1700 1254 est
1711 1233 1867 1263 exspectare

1071 1271 1105 1297 te,
1119 1265 1220 1300 quibus
1232 1273 1294 1291 euin
1306 1264 1396 1291 verbis
1407 1264 1456 1291 tibi
1467 1265 1654 1291 commendem
1662 1286 1668 1294 ,
1681 1273 1735 1300 quo
1745 1266 1785 1291 sic
1796 1270 1865 1296 utar,

1071 1308 1101 1330 ut
1116 1303 1224 1338 scripsi.
1263 1302 1348 1328 Habet
1364 1302 1387 1328 is
1403 1301 1430 1328 in
1445 1302 1584 1337 provincia
1599 1307 1643 1328 tua
1660 1303 1779 1338 negotia,
1797 1310 1867 1338 quae

1072 1344 1215 1377 procurant
1229 1339 1332 1370 liberti.
1351 1338 1471 1370 Hilarus,
1491 1339 1656 1375 AntigonuS.
1673 1340 1865 1371 Demostratus,

1071 1386 1139 1413 quos
1156 1377 1206 1404 tibi
1221 1377 1382 1413 negotiaque
1396 1377 1486 1403 omnia
1501 1377 1615 1403 Nasonis
1631 1385 1682 1403 non
1700 1385 1779 1403 secus
1793 1385 1868 1404 com·
1912 1396 1914 1405 v

1072 1415 1178 1446 mendo,
1192 1423 1222 1441 ac
1232 1415 1257 1440 si
1268 1423 1327 1440 mea
1337 1419 1436 1440 essent.
1477 1414 1668 1441 Gratissimum
1680 1414 1748 1440 mihi
1760 1413 1865 1445 feceris,
1912 1439 1914 1441 ,

1071 1453 1095 1479 si
1110 1452 1268 1479 intellexero
1283 1452 1352 1479 hanc
1371 1451 1630 1478 commendationem
1645 1460 1773 1487 magnum
1794 1451 1867 1487 apud
1911 1467 1916 1472 =

1071 1495 1096 1517 te
1106 1489 1212 1525 pondus
1223 1489 1363 1516 habuisse.

1123 1559 1236 1580 XXXIV.
1256 1559 1332 1579 ARG.
1350 1559 1458 1584 Lysonem
1470 1557 1637 1584 Litytmeunum
1647 1557 1790 1578 commend-t.

1254 1596 1342 1617 (Rom-e.
1353 1596 1431 1613 Caenu·
1442 1596 1476 1613 ΙΙΙ.
1486 1595 1560 1618 Lepido
1569 1602 1614 1612 con.
1628 1595 1683 1617 roa.)

1179 1639 1215 1665 Μ.
1237 1639 1268 1665 Τ.
1289 1638 1318 1665 C.
1341 1638 1370 1665 S.
1393 1639 1420 1665 P.
1442 1639 1472 1665 D.
1494 1638 1628 1666 ACILIO
1649 1637 1757 1665 PROC.

1125 1672 1243 1703 Avitum
1255 1676 1323 1702 mihi
1335 1675 1484 1710 hospitium
1495 1681 1535 1702 est
1548 1685 1609 1702 cum
1623 1676 1739 1711 Lysone,
1753 1675 1866 1711 Lysonis
1907 1660 1920 1683 θ’

1071 1714 1134 1745 filio,
1149 1713 1332 1750 Lilybaetano,
1349 1713 1481 1748 valdeque
1491 1713 1525 1739 ab
1536 1722 1567 1739 eo
1577 1713 1718 1739 observor:
1736 1713 1867 1748 cognovi-

1070 1760 1123 1787 que
1134 1751 1249 1787 dignum
1260 1755 1286 1777 et
1296 1755 1370 1785 patre
1381 1754 1407 1776 et
1417 1758 1480 1777 avo:
1501 1755 1542 1777 est
1557 1750 1629 1776 enim
1645 1748 1814 1776 nobilissima
1826 1749 1866 1776 fa-

1071 1788 1155 1815 milia.
1195 1787 1362 1823 Quapropter
1376 1787 1535 1814 commendo
1551 1787 1600 1814 tibi
1621 1788 1748 1814 maiorem
1765 1787 1792 1813 in
1809 1795 1866 1814 mo—

1069 1826 1135 1853 dum
1142 1834 1197 1852 rem
1207 1825 1373 1860 domumque
1384 1825 1456 1855 eius:
1471 1833 1622 1860 magnoque
1632 1832 1712 1859 opere
1723 1823 1771 1850 abs
1783 1829 1807 1851 te
1817 1833 1866 1859 pe-

1070 1868 1103 1895 to,
1117 1872 1205 1894 cures,
1214 1867 1243 1889 ut
1254 1863 1277 1889 is
1289 1861 1430 1898 intelligat,
1439 1870 1526 1888 meam
1537 1861 1796 1888 commendationem
1809 1870 1866 1888 ma·
1905 1871 1911 1874 ·

1070 1901 1144 1964 xirpo
1158 1900 1211 1927 sibi
1226 1899 1300 1935 apud
1314 1904 1338 1926 te
1353 1904 1380 1925 et
1394 1899 1550 1926 adiumento
1564 1904 1590 1926 et
1603 1903 1760 1926 ornamento
1769 1898 1863 1925 fuisse.
1900 1935 1905 1939 .

1070 1939 1107 1965 Va
1119 1947 1144 1964 e.

1122 2011 1223 2032 XXXV.
1242 2009 1320 2030 ARG.
1336 2009 1484 2030 Philoxenum
1496 2009 1604 2036 huspitem
1615 2009 1757 2029 commendat.

1251 2047 1339 2067 (Eumae,
1347 2047 1426 2063 (ιι-«πυ
1437 2046 1471 2063 ΙΙΙ,
1482 2046 1556 2068 Lepido
1566 2052 1612 2063 rou.
1624 2047 1678 2066 708.)

1175 2090 1212 2116 M.
1233 2090 1264 2116 Τ.
1286 2089 1316 2117 C.
1337 2089 1364 2116 S.
1386 2089 1415 2115 P.
1437 2089 1467 2115 D.
1489 2088 1623 2115 ACILIO
1646 2087 1757 2115 PROC.

1128 2129 1150 2154 ⁴.
1173 2123 1208 2154 C.
1230 2127 1352 2154 Avianus
1371 2125 1538 2153 Philoxenus
1557 2126 1686 2160 antiquus
1705 2130 1746 2152 est
1766 2124 1864 2160 hospes
1906 2150 1911 2157 ,

1070 2173 1161 2197 meus,
1184 2169 1210 2191 et
1222 2169 1327 2200 praeter
1340 2164 1488 2198 hospitium
1509 2163 1587 2190 valde
1606 2163 1686 2189 etiam
1707 2161 1861 2189 familiaris:

1069 2211 1151 2237 quern
1165 2202 1262 2229 Caesar
1277 2210 1336 2228 meo
1351 2200 1482 2227 beneficio
1497 2201 1525 2227 in
1536 2201 1751 2226 Novocomenses
1762 2199 1862 2226 retulit.

1069 2240 1171 2266 Nomen
1183 2245 1272 2266 autem
1285 2239 1380 2265 Aviani
1392 2243 1501 2264 secutus
1511 2242 1564 2268 est,
1582 2237 1655 2272 quod
1669 2236 1778 2263 homine
1789 2235 1864 2263 nullo

1069 2276 1131 2311 plus
1142 2282 1182 2303 est
1193 2285 1268 2307 usus,
1281 2284 1364 2310 quam
1375 2275 1469 2302 Flacco
1479 2275 1592 2306 Aviano,
1605 2282 1673 2304 meo,
1686 2273 1864 2308 quemadmo-
1905 2268 1919 2306 ,²

1068 2314 1133 2340 dum
1146 2319 1170 2340 te
1181 2314 1249 2340 scire
1261 2313 1383 2343 arbitror,
1391 2311 1613 2338 familiarissimo.
1628 2310 1701 2343 Quae
1712 2319 1762 2346 ego
1772 2311 1863 2337 omnia
1902 2315 1909 2318 ’

1067 2351 1178 2387 collegi,
1196 2356 1226 2377 ut
1236 2350 1416 2386 intelligeres,
1439 2358 1491 2376 non
1503 2348 1642 2384 vulgarem
1655 2356 1714 2374 esse
1725 2356 1864 2374 commen·
1907 2355 1918 2385 ¹‚¹

1067 2388 1202 2415 dationem
1214 2388 1282 2414 hanc
1293 2395 1391 2413 meam.
1421 2388 1447 2413 2.
1462 2387 1524 2412 Peto
1535 2386 1618 2422 igitur
1628 2385 1676 2411 abs
1687 2389 1722 2416 te,
1735 2389 1766 2412 ut
1773 2385 1864 2411 omni-

1067 2426 1119 2452 bus
1135 2426 1230 2456 rebus,
1248 2424 1320 2460 quod
1340 2425 1399 2450 sine
1414 2423 1536 2450 molestia
1551 2427 1596 2449 tua
1612 2421 1699 2448 facere
1714 2422 1817 2457 possis,
1836 2422 1863 2448 ei
1900 2429 1902 2434 ’

1066 2462 1234 2494 commodes,
1257 2462 1412 2496 habeasque
1423 2462 1451 2487 in
1463 2468 1574 2486 numero
1584 2464 1706 2486 tuorum:
1723 2459 1862 2494 perficias·-

1066 2509 1133 2535 que,
1155 2504 1185 2526 ut
1200 2498 1334 2535 intelligat
1348 2498 1397 2525 bas
1413 2497 1514 2524 litteras
1530 2505 1603 2523 meas
1618 2505 1716 2532 magno
1730 2496 1783 2522 sibi
1797 2496 1861 2523 usui
1888 2495 1890 2498 '
1913 2499 1915 2503 '

1067 2537 1162 2564 fuisse.
1201 2537 1259 2563 Erit
1269 2537 1298 2562 id
1309 2536 1377 2562 mihi
1387 2536 1515 2562 maiorem
1527 2534 1554 2560 in
1565 2533 1676 2561 modum
1686 2538 1803 2570 gratum.

1120 2609 1232 2631 XXXVI.
1251 2609 1270 2629 A
1277 2610 1296 2629 R
1303 2609 1330 2629 G.
1346 2607 1481 2629 Demetrium
1491 2608 1576 2632 nte-„nm
1585 2606 1729 2628 commend-t.

1246 2646 1337 2668 (Romae,
1349 2645 1429 2663 cn-snr
1438 2645 1473 2663 lu.
1481 2644 1556 2668 Lepido
1566 2651 1612 2662 cuss-
1625 2645 1680 2665 708.)
