1941 3052
488 124 541 150 DE
575 123 804 151 ORATORE
839 125 925 151 LlB.
960 125 991 151 11.

81 195 143 222 mali
158 194 254 221 faceret
266 193 378 220 dicendo
392 194 551 229 obessetque
565 195 686 230 ei,quem
701 194 867 221 defenderet:

80 234 138 259 299.
163 231 226 258 facit
249 232 319 258 enim
341 231 374 257 de
392 241 420 258 se
438 233 629 265 coniecturam3
654 233 731 258 cuius
746 236 815 258 tanta
829 233 870 258 vis

80 270 181 305 ingenii
199 273 248 300 est,
273 273 303 295 ut
326 270 459 295 neminem
478 270 529 296 nisi
552 269 672 296 consulto
692 274 774 304 putet,
799 269 871 304 quod

80 311 168 333 contra
183 315 211 333 se
224 307 315 342 ipsum
329 307 372 337 sit,
388 306 488 339 dicere3
505 307 552 333 sed
566 316 614 342 ego
625 316 675 333 non
686 307 718 333 de
729 307 871 341 praestanti

81 344 196 379 quadam
210 348 236 370 et
255 344 361 375 eximia,
378 344 424 370 sed
439 353 519 378 prope
533 344 565 370 de
580 344 683 379 vulgari
698 349 723 370 et
735 344 871 370 communi

81 381 229 416 prudentia.
240 381 357 416 disputo.
391 381 424 407 Ut
441 382 512 416 apud
530 382 644 408 Graecos
662 381 744 407 fertur
758 381 872 406 incredi-

81 418 129 445 bili
143 418 258 453 quadam
273 418 458 454 magnitudine
471 419 575 445 consilii
587 423 666 453 atque
679 419 780 453 ingenii
791 418 872 444 Athe-

82 456 182 482 niensis
204 455 250 482 ille
273 455 356 482 fuisse
376 456 580 488 Themistocles,
604 456 636 481 ad
658 464 738 490 quem
762 455 871 489 quidam

81 493 174 520 doctus
192 493 272 519 homo
289 498 368 528 atque
387 494 413 519 in
432 494 525 528 primis
540 493 661 519 eruditus
675 493 818 518 accessisse
832 492 873 518 di-

80 530 150 556 citur
168 531 246 565 eique
260 535 341 557 artem
356 531 506 562 memoriae,
522 539 591 565 quae
609 535 665 555 tum
680 530 797 564 primum
811 537 873 563 pro-

81 567 223 599 ferebatur,
248 568 383 603 pollicitus
406 576 464 594 esse
486 576 514 593 se
532 567 706 599 traditurum3
728 575 813 601 quum
828 565 873 591 ille

81 605 238 639 quaesisset,
263 605 392 640 quidnam
415 605 460 631 illa
478 614 520 630 ars
538 604 642 630 efficere
657 608 754 638 posset,
771 603 872 629 dixisse

80 642 158 668 illum
169 642 311 673 doctorem,
328 647 357 668 ut
370 643 458 668 omnia
472 641 651 673 meminisset,
680 645 705 667 et
722 641 746 666 ei
764 640 873 666 Themi-

81 679 190 705 stoclem
213 679 391 714 respondisse,
415 679 516 714 gratius
540 678 592 704 sibi
614 678 691 704 illum
710 686 769 703 esse
788 677 873 703 factu-

82 725 150 748 rum,
167 717 190 742 si
204 725 232 743 se
246 717 377 747 oblivisci,
397 724 465 751 quae
479 715 567 746 vellet,
584 724 665 750 quam
680 715 701 740 si
717 715 872 740 meminisse

81 753 225 780 docuisset.
249 753 437 784 300.Videsne,
453 761 522 788 quae
533 753 574 779 vis
588 753 615 778 in
630 752 737 778 homine
751 752 871 778 acerrimi

82 791 190 826 ingenii,
211 799 292 825 quam
310 795 403 825 potens
417 795 442 816 et
455 794 554 825 quanta
568 798 643 815 mens
658 788 755 815 fuerit‘?
775 790 822 824 qui
837 790 871 814 ita

81 827 254 862 responderit,
279 832 309 854 ut
330 827 477 863 intelligere
501 836 651 862 possemus,
668 826 735 852 nihil
750 835 783 852 ex
796 826 871 852 illius

81 865 176 896 animo,
197 865 269 900 quod
287 865 368 891 semel
387 869 457 891 esset
474 864 605 896 infusum,
621 873 750 898 umquam
765 863 872 890 effluere

80 903 213 937 potuisse3
238 911 322 937 quum
336 902 446 937 quidem
460 903 484 928 ei
499 901 578 928 fuerit
591 901 735 936 optabilius
749 901 872 927 oblivisci

80 947 158 974 posse
172 940 269 974 potius,
289 940 361 974 quod
375 940 529 966 meminisse
544 939 632 970 nollet,
648 947 729 973 quam
744 938 816 973 quod
831 947 873 964 se-

80 976 132 1003 mel
147 977 266 1003 audisset
278 977 432 1008 vidissetve,
449 977 613 1003 meminisse.
645 976 697 1002 Sed
711 984 798 1010 neque
812 984 873 1010 pro-

80 1018 138 1049 pter
146 1014 373 1041 hocThemistocli
384 1023 542 1049 responsum
554 1014 695 1040 memoriae
708 1013 784 1039 nobis
794 1021 872 1047 opera

80 1051 166 1078 danda
189 1060 242 1078 non
259 1056 308 1083 est,
325 1061 411 1086 neque
429 1052 475 1078 illa
489 1060 547 1077 mea
561 1052 648 1077 cautio
662 1055 687 1077 et
701 1050 830 1076 timiditas
845 1050 872 1076 in

79 1090 182 1115 caussis
196 1094 302 1124 propter
316 1093 492 1124 praestantem
506 1089 675 1124 prudentiam
688 1088 775 1114 Crassi
787 1087 873 1122 negli-

79 1126 165 1162 genda
187 1131 235 1153 est.
270 1127 386 1162 Uterque
408 1127 479 1153 enim
502 1127 615 1152 istorum
633 1134 685 1151 non
704 1125 770 1151 milii
785 1124 874 1150 attulit

79 1163 206 1198 aliquam,
226 1164 274 1190 sed
292 1173 368 1190 suam
383 1164 543 1200 significavit
557 1163 718 1189 facultatem.
754 1164 811 1188 301.
827 1162 874 1188 Et-

80 1202 150 1227 enim
168 1201 300 1236 permulta
318 1206 381 1228 sunt
401 1202 429 1228 in
447 1201 549 1227 caussis
563 1201 591 1226 in
605 1201 677 1227 omni
691 1204 764 1235 parte
778 1200 874 1226 oratio-

80 1239 121 1264 nis
134 1239 382 1274 circumspicienda,
399 1247 432 1265 ne
445 1238 511 1274 quid
524 1237 650 1269 offendas,
662 1246 695 1263 ne
708 1246 762 1272 quo
776 1237 871 1263 irruas.

79 1275 162 1310 Saepe
182 1276 280 1311 aliquis
303 1277 378 1302 testis
398 1280 443 1302 aut
457 1285 508 1302 non
524 1275 604 1301 laedit
617 1279 663 1301 aut
677 1275 767 1300 minus
782 1274 870 1304 laedit,

79 1314 131 1339 nisi
151 1313 307 1345 lacessatur;
330 1318 386 1340 orat
403 1322 474 1345 reus,
496 1317 591 1349 urgent
609 1312 738 1343 advocati,
755 1316 784 1338 ut
797 1312 874 1337 inve-

79 1350 183 1382 hamur,
205 1355 235 1377 ut
252 1350 320 1377 male
334 1351 463 1382 dicamus,
485 1350 601 1385 denique
619 1355 649 1376 ut
667 1350 871 1385 interrogemus.

79 1388 136 1414 Non
159 1397 275 1419 moveor,
300 1397 352 1415 non
370 1388 532 1423 obtempero,
553 1396 604 1414 non
623 1387 764 1417 satisfacio,
786 1395 873 1421 neque

79 1430 166 1452 tamen
181 1425 264 1452 ullam
279 1434 406 1460 assequor
421 1425 536 1452 laudem.
563 1425 687 1451 Homines
702 1425 773 1450 enim
788 1424 874 1458 impe-

79 1463 120 1489 riti
136 1462 250 1494 facilius,
260 1463 331 1498 quod
345 1463 426 1489 stulte
440 1463 549 1493 dixeris,
566 1461 767 1497 reprehendere,
779 1470 870 1496 quam,

78 1500 151 1535 quod
174 1501 307 1535 sapienter
324 1501 447 1531 tacueris,
469 1500 576 1526 laudare
594 1504 715 1534 possunt.
751 1501 807 1525 302.
825 1499 872 1524 Hic

78 1541 209 1572 quantum
232 1538 261 1564 fit
282 1537 354 1569 mali,
375 1538 398 1564 si
416 1538 522 1568 iratum,
539 1538 561 1563 si
577 1545 628 1563 non
643 1536 765 1567 stultum,
782 1537 805 1562 si
821 1544 872 1562 non

79 1575 164 1601 levem
179 1579 272 1601 testem
288 1575 409 1601 laeseris!
431 1575 514 1600 Habet
528 1575 599 1600 enim
614 1578 639 1600 et
652 1573 815 1600 voluntatem
826 1582 873 1599 no-

78 1612 156 1639 cendi
169 1613 197 1638 in
210 1612 347 1639 iracundia
361 1617 386 1639 et
400 1613 454 1638 vim
469 1612 496 1638 in
510 1612 618 1647 ingenio
631 1615 656 1638 et
670 1610 775 1646 pondus
790 1611 817 1636 in
832 1611 873 1636 vi—

78 1653 117 1683 ta;
135 1658 191 1681 nec,
208 1650 231 1676 si
245 1650 294 1676 hoc
308 1650 420 1676 Crassus
435 1658 485 1675 non
499 1649 648 1679 committit,
660 1649 720 1674 ideo
731 1657 782 1674 non
794 1647 872 1674 multi

79 1691 104 1713 et
117 1695 195 1722 saepe
209 1688 387 1713 committunt.
421 1686 480 1719 Quo
497 1686 607 1722 quidem
626 1686 692 1712 mibi
712 1686 817 1720 turpius
832 1686 873 1711 vi—

78 1724 135 1750 deri
153 1724 221 1750 nihil
235 1724 309 1756 solet,
330 1733 411 1760 quam
425 1733 511 1760 quum
529 1733 563 1750 ex
576 1724 685 1750 oratoris
699 1723 769 1749 dicto
783 1722 873 1758 aliquo

79 1765 124 1788 aut
141 1770 269 1796 responso
287 1766 332 1788 aut
350 1766 442 1798 rogatu
460 1770 548 1788 sermo
565 1761 610 1787 ille
624 1761 754 1796 sequitur,
773 1760 872 1787 Occidit

80 1800 129 1824 ille.
160 1800 393 1825 Adversariumne?
420 1800 498 1825 Immo
521 1808 588 1829 vero,
612 1801 693 1828 (iiiam,
717 1807 743 1824 se
766 1802 788 1823 el
807 1807 870 1827 eum,

79 1845 152 1870 quem
173 1838 291 1870 defendit.
325 1837 431 1863 LXXV.
447 1838 505 1862 303.
529 1837 583 1862 Hoc
601 1835 712 1862 Crassus
732 1844 782 1861 nou
798 1839 873 1870 putat

79 1873 131 1900 nisi
154 1873 264 1908 perfidia
284 1874 402 1900 accidere
425 1882 517 1909 posse,
545 1882 594 1909 ego
612 1877 699 1899 autem
715 1873 871 1907 saepissime

79 1910 157 1937 video
170 1911 197 1937 in
211 1912 314 1938 caussis
328 1911 431 1946 aliquid
451 1911 511 1937 mali
528 1910 612 1937 facere
626 1910 747 1937 homines
762 1910 872 1936 minime

79 1947 171 1974 malos.
198 1947 287 1980 Quid?
311 1948 387 1980 illud,
408 1948 479 1983 quod
494 1957 574 1982 supra
589 1948 654 1979 dixi,
674 1947 758 1973 solere
773 1955 815 1973 me
829 1956 873 1973 ce-

79 1984 140 2011 dere
163 1990 195 2017 et,
222 1990 251 2012 ut
273 1986 379 2021 planius
402 1986 497 2017 dicam,
523 1985 616 2021 fugere
638 1993 676 2016 ea,
702 1993 771 2019 quae
795 1985 871 2011 valde

78 2030 199 2049 caussam
219 2032 304 2049 meam
324 2027 481 2058 premerent,
501 2031 586 2057 quum
605 2022 632 2048 id
647 2031 698 2048 non
713 2021 814 2048 faciunt
827 2022 871 2048 alii

78 2065 271 2095 versanturque
285 2061 312 2086 in
327 2061 444 2087 hostium
458 2061 550 2087 castris
570 2068 600 2086 ac
615 2068 663 2086 sua
681 2059 812 2094 praesidia
831 2060 872 2086 di-

79 2097 196 2128 mittunt,
217 2097 417 2124 mediocriterne
431 2098 534 2124 caussis
549 2101 651 2128 nocent,
667 2105 752 2131 quum
767 2101 812 2122 aut
826 2097 872 2123 ad-

79 2135 256 2160 versariorum
279 2134 430 2161 adiumenta
452 2135 608 2161 confirmant
630 2138 675 2160 aut
688 2142 727 2164 ea,
747 2142 816 2168 quae
830 2143 873 2160 sa—

79 2179 140 2197 nare
155 2176 299 2206 nequeunt,
316 2172 487 2198 exulcerant?
512 2173 569 2198 304.
585 2171 665 2204 Quid,
681 2179 766 2206 quum
781 2180 872 2205 perso-

79 2217 182 2240 narum,
207 2217 275 2244 quas
298 2209 454 2240 defendunt,
479 2210 605 2236 rationem
626 2217 676 2235 non
696 2208 812 2234 habent?
837 2209 868 2240 si,

79 2253 147 2280 quae
161 2250 223 2272 sunt
237 2247 264 2272 in
279 2246 321 2272 his
336 2246 476 2277 invidiosa,
494 2256 544 2273 non
559 2247 682 2282 mitigant
692 2246 868 2278 extenuando,

79 2283 126 2309 sed
141 2283 272 2310 laudando
286 2288 311 2309 et
325 2283 455 2310 efferendo
473 2284 644 2311 invidiosiora
660 2283 768 2314 faciunt,
784 2292 871 2318 quan-

79 2324 137 2346 tum
154 2321 182 2347 in
202 2329 232 2347 eo
245 2321 351 2347 tandem
367 2320 443 2347 mali!
477 2320 566 2353 Quid‘?
583 2321 605 2347 si
620 2321 646 2347 in
662 2321 783 2347 homines
797 2330 870 2347 caros

79 2357 270 2393 iudicibusque
287 2358 420 2384 iucundos
439 2359 496 2384 sine
515 2357 569 2384 ulla
587 2358 799 2393 praemunitione
813 2367 870 2384 ora-

79 2394 159 2421 tionis
181 2395 302 2421 acerbius
325 2400 350 2422 et
372 2395 591 2422 contumeliosius
616 2395 754 2423 inveliare:
784 2404 870 2421 nonne

79 2431 126 2458 abs
140 2436 165 2458 te
179 2432 282 2458 iudices
295 2432 447 2459 abalienes?
467 2432 622 2465 305.Quid‘?
631 2433 740 2467 si,quae
752 2433 814 2458 vitia
826 2437 871 2458 aut

78 2468 244 2496 incommoda
267 2474 331 2496 sunt
350 2470 377 2496 in
396 2470 486 2505 aliquo
503 2470 591 2496 iudice
610 2478 663 2496 uno
676 2474 721 2495 aut
735 2469 868 2504 pluribus,

82 2513 111 2532 ea
125 2509 154 2532 tu
167 2506 327 2533 adversariis
341 2507 525 2542 exprobrando
540 2516 590 2533 non
605 2506 738 2542 intelligas
754 2511 777 2532 te
791 2507 818 2533 in
829 2507 871 2533 iu-

79 2541 151 2569 dices
164 2543 264 2575 invehi.
282 2544 413 2571 mediocre
425 2549 561 2579 peccatum
573 2543 629 2571 est‘?
646 2544 735 2576 Quid‘?
745 2544 869 2578 si,quum

79 2587 127 2614 pro
140 2579 221 2607 altero
234 2581 316 2612 dicas,
334 2581 406 2608 litem
421 2587 492 2608 tuam
509 2581 588 2608 facias
603 2586 648 2608 aut
663 2581 750 2607 laesus
765 2581 870 2607 cll'erare

78 2616 352 2650 iracundia,caussam
368 2619 511 2654 relinquas,
525 2619 627 2645 nihilne
642 2618 753 2645 noceas?
767 2619 794 2645 In
805 2627 867 2654 quo,

80 2661 131 2681 non
144 2663 198 2690 quo
212 2655 323 2683 libenter
337 2655 405 2683 male
418 2656 534 2688 audiam,
551 2656 597 2683 sed
611 2657 674 2692 quia
689 2664 738 2693 ego
747 2665 869 2683 caussam

1026 125 1123 151 CAP.

1157 126 1184 151 Ἠ
1209 127 1306 152 —77.

1665 128 1713 152 443

897 195 900 200 ’
923 204 974 221 non
992 195 1104 222 libenter
1123 195 1254 230 relinquo,
1270 197 1384 222 nimium
1400 197 1502 231 patiens
1516 201 1541 223 et
1555 197 1642 223 lentus
1657 199 1714 224 exi-

923 234 1027 266 stim0r;
1051 238 1088 263 ut,
1113 241 1197 267 quum
1222 238 1245 259 te
1266 234 1366 268 ipsum,
1391 234 1502 268 Sulpici,
1528 234 1711 269 obiurgabam.

923 270 995 304 quod
1018 270 1221 296 ministratorem
1245 275 1357 305 peteres,
1384 280 1435 297 non
1450 271 1640 297 adversarium.
1674 273 1715 298 Ex

923 316 976 341 quo
990 308 1068 333 etiam
1083 307 1151 333 illud
1165 316 1300 342 assequor,
1317 313 1354 339 ut,
1371 309 1393 334 si
1408 309 1469 343 quis
1484 309 1550 334 mihi
1565 309 1712 339 maledicat,

924 344 1046 378 petulans
1069 349 1113 370 aut
1138 344 1215 379 plane
1237 346 1348 371 insanus
1370 354 1428 371 esse
1447 345 1577 372 videatur.
1612 348 1669 372 306.
1687 347 1715 372 In

924 382 990 415 ipsis
1013 386 1100 407 autem
1125 383 1288 417 argumentis
1307 383 1329 408 si
1348 383 1414 417 quid
1433 384 1554 417 posueris
1568 388 1613 409 aut
1627 389 1715 418 aperte

925 418 1021 444 falsum
1036 423 1081 444 aut
1094 419 1207 453 ei,qu0d
1221 420 1320 446 dixeris
1335 420 1489 446 dicturusve
1499 421 1715 451 sis,contrarium

924 460 968 481 aut
988 464 1083 490 genere
1101 457 1160 490 ipso
1174 462 1303 483 remotum
1318 458 1350 483 ab
1366 466 1416 483 usu
1431 458 1591 484 iudiciorum
1606 467 1634 483 ac
1649 457 1712 487 fore,

900 499 902 515 Ι
924 492 1025 518 nihilne
1040 493 1152 519 noceas?
1165 493 1235 525 Quid
1249 494 1350 520 multa?
1363 496 1449 520 omnis
1463 504 1525 521 cura
1540 504 1598 521 mea
1612 494 1715 521 soletin

924 530 973 555 hoc
987 531 1086 556 versari
1100 539 1213 564 semper,
1230 531 1325 565 (dicam
1340 533 1410 557 enim
1425 533 1549 567 saepius,'
1566 534 1589 558 si
1603 532 1713 567 possim,

926 571 954 592 ut
976 567 1037 593 boni
1061 567 1163 601 aliquid
1185 568 1298 594 efficiam
1321 569 1446 601 dicendo,
1468 571 1510 596 sin
1529 570 1555 596 id
1569 571 1669 597 minus,
1688 574 1716 594 ut

924 608 992 630 certe
1007 612 1039 630 ne
1053 604 1119 638 quid
1134 605 1206 630 mali.

980 641 1097 667 LXXVI.
1114 643 1171 667 307.
1192 643 1283 677 Itaque
1301 652 1371 669 nunc
1390 643 1453 669 illuc
1468 644 1553 675 redeo,
1571 644 1671 676 Catule,
1688 646 1715 672 in

923 686 978 712 quo
992 682 1019 704 tu
1034 687 1076 704 me
1090 678 1180 713 paullo
1194 684 1252 705 ante
1268 680 1403 710 laudabas,
1424 681 1456 706 ad
1470 682 1590 707 ordinem
1604 682 1716 708 colloca-

924 716 1077 749 tionemque
1092 724 1179 741 rerum
1195 725 1223 742 ac
1238 716 1364 743 locorum.
1381 718 1464 743 Cuius
1476 720 1540 745 ratio
1550 724 1589 745 cst
1599 719 1713 754 duplex:

924 751 1012 783 altera,
1033 761 1113 787 quam
1134 753 1206 779 affert
1226 759 1317 779 natura
1336 763 1505 787 caussarum,
1534 756 1622 787 altera,
1647 766 1716 791 quae

923 794 1056 815 oratorum
1074 790 1174 816 iudicio
1193 795 1217 816 et
1235 791 1374 825 prudentia
1393 798 1568 826 comparatur.
1607 794 1672 819 Nam
1689 799 1715 820 ut

923 826 1025 861 aliquid
1040 832 1099 853 ante
1113 836 1167 853 rem
1178 827 1307 859 dicamus,
1321 829 1425 859 deinde,
1438 835 1465 855 ut
1476 839 1530 855 reni
1539 839 1713 864 exponamus,

923 868 991 898 post,
1014 868 1043 890 ut
1061 873 1118 890 eam
1134 865 1277 899 probemus
1293 867 1389 891 nostris
1404 867 1544 901 praesidiis
1558 868 1716 894 confirman-

923 901 974 932 dis,
990 902 1128 927 contrariis
1143 902 1298 934 refutandis,
1319 903 1415 929 deinde
1430 909 1459 929 ut
1472 904 1663 930 concludamus
1679 910 1717 931 at-

923 947 976 973 que
998 939 1034 964 ita
1056 947 1219 973 peroremus,
1247 940 1295 966 hoc
1316 941 1421 967 dicendi
1443 950 1529 976 genus
1548 947 1639 967 natura
1659 943 1716 976 ipsa

925 976 1089 1010 praescribit.
1113 978 1170 1002 308.
1188 977 1220 1003 Ut
1234 986 1296 1003 vero
1306 983 1464 1009 statuamus,
1477 987 1515 1009 ea,
1524 988 1592 1014 quae
1602 980 1717 1014 proban-

924 1013 961 1043 di,
977 1013 1097 1045 docendi,
1114 1015 1291 1048 persuadendi
1306 1024 1399 1041 caussa
1413 1016 1524 1041 dicenda
1539 1021 1609 1046 sunt,
1622 1026 1718 1051 quem-

924 1050 1068 1076 admodum
1082 1060 1287 1086 componamus:
1304 1053 1331 1078 id
1345 1057 1384 1078 est
1398 1053 1439 1079 vel
1453 1054 1567 1079 maxime
1580 1055 1716 1088 proprium

924 1088 1033 1113 oratoris
1048 1088 1214 1122 prudentiae.
1237 1090 1319 1115 Multa
1335 1091 1405 1116 enim
1420 1096 1561 1117 occurrunt
1575 1100 1718 1126 argumen-

925 1129 962 1151 ta:
987 1125 1079 1156 multa,
1095 1134 1163 1160 quae
1178 1127 1205 1152 in
1220 1126 1332 1153 dicendo
1346 1127 1482 1162 profutura
1498 1128 1648 1154 videantur.
1665 1128 1717 1154 Sed

924 1170 1015 1188 eorum
1039 1164 1134 1197 partim
1158 1164 1193 1190 ita
1218 1163 1285 1190 levia
1304 1170 1375 1196 sunt,
1397 1170 1425 1191 ut
1443 1166 1634 1192 contemnenda
1649 1167 1714 1192 sint:

925 1200 1029 1234 partim,
1054 1201 1133 1226 etiam
1155 1201 1178 1227 si
1195 1202 1262 1236 quid
1280 1202 1378 1228 habent
1396 1203 1551 1233 adiumenti,
1575 1208 1638 1229 sunt
1652 1212 1718 1229 non-

925 1246 1072 1272 numquam
1088 1239 1228 1270 eiusmodi,
1246 1243 1274 1265 ut
1288 1240 1352 1266 insit
1366 1241 1392 1266 in
1404 1241 1437 1265 iis
1449 1240 1551 1275 aliquid
1562 1241 1619 1267 vitii
1631 1250 1717 1275 neque

925 1275 990 1301 tanti
1004 1275 1038 1301 sit
1053 1275 1129 1306 illud,
1146 1276 1217 1311 quod
1232 1277 1357 1311 prodesse
1372 1277 1502 1309 videatur,
1516 1282 1544 1304 ut
1554 1287 1616 1304 cum
1628 1278 1717 1313 aliquo

925 1312 994 1338 malo
1008 1313 1193 1348 coniungatur.
1217 1316 1273 1340 309.
1290 1314 1362 1346 Quae
1376 1320 1463 1341 autem
1479 1315 1554 1341 utilia
1566 1321 1628 1341 sunt
1639 1320 1717 1350 atque

926 1348 1008 1381 firma,
1025 1351 1047 1376 si
1062 1359 1091 1376 ea
1106 1355 1202 1382 tamen,
1219 1356 1248 1377 ut
1262 1361 1339 1386 saepe
1355 1352 1391 1383 fit,
1408 1352 1485 1378 valde
1500 1353 1581 1379 multa
1597 1358 1715 1383 sunt,ea,

925 1395 993 1421 quae
1011 1396 1044 1414 ex
1062 1388 1094 1413 iis
1113 1392 1158 1414 aut
1177 1388 1312 1415 levissima
1332 1394 1394 1416 sunt
1413 1394 1457 1416 aut
1475 1390 1534 1416 aliis
1548 1391 1717 1425 gravioribus

925 1425 1082 1456 consimilia,
1099 1426 1200 1451 secerni
1216 1427 1327 1453 arbitror
1340 1432 1459 1461 oportere
1470 1432 1549 1462 atque
1558 1436 1590 1453 ex
1601 1429 1717 1454 oratione

925 1463 1064 1488 removeri.
1084 1462 1217 1497 Equidem
1232 1472 1316 1498 quum
1331 1464 1427 1499 colligo
1441 1470 1595 1499 argumenta
1610 1474 1718 1491 caussa—-

924 1508 993 1530 rum,
1014 1508 1066 1525 non
1085 1504 1137 1525 tam
1156 1508 1185 1526 ea
1205 1509 1343 1527 numerare
1361 1502 1441 1532 solco,
1461 1511 1541 1536 quam
1557 1503 1715 1536 expendere.

925 1537 1054 1563 LXXVII.
1072 1539 1129 1563 310.
1145 1538 1177 1563 Et
1191 1538 1326 1572 quoniam,
1343 1539 1414 1573 quod
1429 1548 1507 1573 saepe
1522 1540 1573 1565 iam
1588 1540 1653 1570 dixi,
1672 1540 1718 1565 tri-

925 1574 975 1599 bus
990 1574 1070 1600 rebus
1084 1584 1176 1600 omnes
1191 1575 1222 1601 ad
1234 1580 1348 1601 nostram
1363 1577 1520 1602 sententiani
1533 1577 1714 1611 perducimus,

925 1616 969 1637 aut
983 1611 1100 1638 docendo
1114 1616 1159 1638 aut
1173 1613 1337 1638 conciliando
1351 1618 1395 1639 aut
1410 1614 1596 1648 permovendo,
1619 1623 1669 1640 una
1685 1623 1718 1641 ex

924 1649 1049 1674 omnibus
1069 1649 1110 1675 liis
1126 1650 1205 1675 rebus
1220 1658 1261 1675 res
1276 1659 1336 1684 prae
1352 1651 1427 1676 nobis
1441 1656 1480 1677 cst
1502 1651 1616 1682 ferenda,
1635 1656 1662 1677 ut
1676 1652 1717 1678 ni-

926 1686 963 1712 hil
982 1686 1055 1712 aliud
1075 1687 1125 1712 nisi
1140 1686 1233 1713 docere
1248 1687 1315 1713 velle
1331 1688 1483 1714 videamur1
1506 1688 1623 1723 reliquae
1638 1689 1714 1718 duae,

924 1724 1002 1749 sicuti
1026 1724 1136 1759 sanguis
1155 1724 1182 1750 in
1204 1725 1369 1759 corporibus,
1394 1726 1432 1751 sic
1456 1725 1515 1751 illac
1535 1726 1561 1751 in
1581 1727 1716 1760 perpetuis

924 1761 1088 1787 orationibus
1103 1761 1177 1787 fusae
1191 1770 1249 1787 esse
1263 1762 1408 1788 debebunt.
1437 1763 1502 1788 Nam
1518 1768 1541 1788 ct
1554 1764 1682 1798 principia
1693 1769 1717 1789 ct

924 1803 1024 1824 ceterae
1039 1803 1126 1833 partes
1140 1799 1274 1829 orationis,
1295 1799 1327 1825 de
1341 1801 1442 1834 quibus
1457 1800 1547 1834 paullo
1562 1806 1619 1835 post
1634 1810 1717 1835 pauca

924 1835 1053 1867 dicemus,
1071 1836 1167 1862 habere
1182 1836 1249 1862 hanc
1264 1837 1317 1862 vim
1334 1846 1429 1873 magno
1443 1846 1520 1872 opere
1531 1838 1636 1866 debent.
1646 1843 1673 1864 ut
1685 1838 1716 1864 ad

924 1881 1015 1899 eorum
1035 1878 1145 1904 mentes,
1166 1874 1236 1908 apud
1255 1883 1322 1909 quos
1337 1880 1437 1909 agetur,
1455 1875 1598 1901 movendas
1614 1885 1717 1910 perma-

924 1919 985 1936 nare
1000 1911 1111 1945 possint.
1143 1913 1201 1937 311.
1222 1911 1274 1937 Sed
1295 1912 1335 1937 liis
1351 1913 1471 1946 partibus
1486 1913 1619 1943 emtionis,
1637 1922 1713 1947 «luae,

924 1949 972 1974 etsi
993 1948 1060 1974 nihil
1079 1948 1173 1974 docent
1191 1949 1409 1983 argumentando,
1431 1950 1615 1984 persuadendo
1630 1956 1715 1976 lamen

924 1989 948 2011 et
962 1985 1153 2012 commovendo
1167 1987 1308 2020 proliciunt
1320 1987 1477 2021 plurimum,
1486 1996 1648 2022 quamquam
1661 1997 1716 2014 ma-

923 2024 994 2049 xime
1017 2023 1141 2058 proprius
1164 2028 1203 2049 est
1227 2023 1299 2049 locus
1319 2029 1342 2050 vt
1361 2025 1386 2050 in
1402 2025 1563 2051 exordiendo
1578 2030 1600 2051 ct
1617 2026 1641 2051 in
1657 2034 1716 2060 per-

923 2060 1029 2092 orando,
1046 2060 1149 2096 digredi
1165 2065 1251 2087 tamen
1266 2061 1298 2087 al)
1313 2070 1351 2092 co,
1368 2062 1439 2096 quod
1454 2063 1623 2096 proposueris
1638 2068 1715 2097 atque

923 2107 994 2133 agas,
1015 2098 1255 2132 permovendorum
1275 2099 1423 2125 animorum
1442 2108 1535 2125 caussa
1555 2108 1632 2134 saepe
1652 2100 1715 2126 utile

923 2140 972 2161 est.
999 2137 1056 2161 3⁴2.
1078 2136 1168 2170 ltaque
1183 2135 1223 2161 vel
1240 2137 1387 2162 narratione
1401 2138 1529 2171 exposita,
1546 2146 1624 2171 saepe
1638 2137 1715 2163 datur

923 2173 955 2198 ad
973 2172 1179 2199 commovendos
1197 2173 1299 2199 animos
1318 2173 1490 2209 degrcdicndi
1511 2174 1592 2204 locus,
1616 2174 1654 2199 vel
1674 2184 1715 2200 ar—

922 2211 1057 2245 gumentis
1077 2210 1173 2236 uostris
1191 2211 1352 2236 confirmatis
1373 2211 1412 2236 vel
1436 2212 1572 2237 contrariis
1596 2211 1714 2237 refutatis

924 2247 964 2273 vel
989 2252 1101 2282 utroque
1126 2247 1181 2273 loco
1201 2247 1240 2273 vel
1264 2249 1398 2279 omnibus,
1420 2249 1442 2274 si
1458 2248 1535 2274 habet
1550 2257 1606 2274 eam
1621 2257 1714 2274 caussa

901 2305 902 2316 ,
923 2284 1078 2319 (lignitatem
1093 2289 1172 2319 atque
1186 2286 1299 2319 copiam,
1317 2290 1384 2311 recte
1396 2286 1421 2311 id
1434 2286 1487 2311 lieri
1501 2290 1583 2319 potest
1595 2295 1598 2312 ;
1616 2294 1714 2320 cacque

901 2321 902 2330 ¹
923 2330 1032 2347 caussae
1047 2326 1110 2348 sunt
1123 2322 1155 2347 ad
1170 2322 1323 2357 augendum
1338 2327 1362 2348 ct
1376 2323 1408 2348 ad
1423 2323 1571 2348 ornandum
1586 2324 1715 2357 grawissi-

923 2367 980 2384 mae
995 2363 1073 2393 utque
1088 2358 1268 2393 plenissimae,
1280 2368 1348 2394 quac
1364 2360 1492 2394 plurimos
1507 2361 1595 2385 exitus
1609 2361 1671 2386 daut
1682 2361 1715 2387 ad

922 2395 1054 2422 eiusmodi
1069 2395 1277 2431 degressionem,
1296 2401 1323 2422 ut
1335 2397 1373 2422 cis
1390 2397 1452 2422 locis
1468 2398 1504 2422 uti
1522 2397 1715 2432 liccat,‹piiluis

900 2438 902 2458 ξ
922 2433 1070 2459 animorum
1096 2433 1212 2467 impetus
1234 2442 1334 2464 corum,
1351 2434 1398 2468 qui
1417 2433 1538 2465 audiunt,
1560 2440 1605 2461 ant
1620 2435 1715 2470 impel-

900 2466 901 2488 Ῐ
923 2470 1010 2496 lantur
1028 2474 1073 2496 aut
1091 2469 1266 2496 reflectantur.
1301 2472 1358 2496 3¹3.
1380 2472 1465 2505 Atque
1480 2472 1557 2498 ctiam
1574 2472 1600 2499 in
1615 2472 1660 2499 illo
1675 2481 1715 2498 re·

893 2506 901 2547 l]
922 2507 1056 2542 prehendo
1069 2515 1122 2538 cos,
1139 2508 1272 2542 qui.quac
1287 2508 1396 2534 minimi:
1411 2509 1484 2534 lirina
1499 2514 1571 2539 suut,
1586 2518 1615 2535 ca
1631 2510 1714 2544 prima

900 2554 901 2562 ¹
922 2545 1058 2571 collocant.
1082 2545 1109 2570 In
1123 2553 1177 2579 quo
1192 2545 1251 2570 illos
1266 2554 1373 2580 quoque
1387 2555 1473 2572 cri-aro
1488 2547 1608 2577 arbitror,
1621 2548 1677 2581 qui.
1691 2548 1713 2573 si

893 2570 901 2599 *l
921 2582 1029 2617 quando
1047 2582 1083 2617 (id
1102 2582 1174 2616 quod
1194 2582 1259 2608 mihi
1276 2591 1422 2617 numquam
1438 2583 1547 2618 placuit)
1562 2584 1653 2618 plures
1667 2584 1714 2610 ad-

900 2625 901 2648 }
923 2619 1015 2646 liibent
1032 2624 1164 2654 patronos,
1187 2624 1215 2645 ut
1234 2619 1260 2646 in
1278 2628 1386 2655 quoque
1399 2630 1492 2648 corum
1507 2622 1648 2648 minimum
1664 2630 1714 2656 pu-

894 2650 901 2685 ,Ῐ
923 2661 977 2684 tant
990 2665 1056 2688 esse,
1077 2658 1111 2684 ita
1126 2665 1188 2683 eum
1207 2657 1324 2691 primum
1340 2657 1432 2686 volunt
1446 2659 1543 2686 dicere.
1578 2659 1628 2685 lies
1642 2660 1713 2685 enim

1480 2708 1506 2731 15
