<?xml version="1.0" encoding="UTF-8"?>
<!DOCTYPE html PUBLIC "-//W3C//DTD XHTML 1.0 Transitional//EN"
    "http://www.w3.org/TR/xhtml1/DTD/xhtml1-transitional.dtd">
<html xmlns="http://www.w3.org/1999/xhtml" xml:lang="en" lang="en">
 <head>
  <title>
</title>
<meta http-equiv="Content-Type" content="text/html;charset=utf-8" />
  <meta name='ocr-system' content='tesseract 3.04.00' />
  <meta name='ocr-capabilities' content='ocr_page ocr_carea ocr_par ocr_line ocrx_word'/>
</head>
<body>
  <div class='ocr_page' id='page_1' title='image "./operaomniaunovol00ciceuoft/operaomniaunovol00ciceuoft_0552.png"; bbox 0 0 1941 3052; ppageno 0'>
   <div class='ocr_carea' id='block_1_1' title="bbox 221 133 905 160">
    <p class='ocr_par' dir='ltr' id='par_1_1' title="bbox 221 133 905 160">
     <span class='ocr_line' id='line_1_1' title="bbox 221 133 905 160; baseline -0.003 0"><span class='ocrx_word' id='word_1_1' title='bbox 221 135 269 160; x_wconf 69' lang='lat'>528</span> <span class='ocrx_word' id='word_1_2' title='bbox 796 133 836 159; x_wconf 71' lang='lat'>47.</span> <span class='ocrx_word' id='word_1_3' title='bbox 872 133 905 158; x_wconf 78' lang='lat' dir='ltr'>M.</span> 
     </span>
    </p>
   </div>
   <div class='ocr_carea' id='block_1_2' title="bbox 220 203 1006 239">
    <p class='ocr_par' dir='ltr' id='par_1_2' title="bbox 220 203 1006 239">
     <span class='ocr_line' id='line_1_2' title="bbox 220 203 1006 239; baseline -0.004 -8"><span class='ocrx_word' id='word_1_4' title='bbox 220 205 320 234; x_wconf 67' lang='lat' dir='ltr'>neritis,</span> <span class='ocrx_word' id='word_1_5' title='bbox 339 205 385 239; x_wconf 84' lang='lat' dir='ltr'>qui</span> <span class='ocrx_word' id='word_1_6' title='bbox 403 208 558 238; x_wconf 67' lang='lat' dir='ltr'>aspernetur</span> <span class='ocrx_word' id='word_1_7' title='bbox 573 203 657 228; x_wconf 66' lang='lat' dir='ltr'>oculis</span> <span class='ocrx_word' id='word_1_8' title='bbox 670 203 897 237; x_wconf 77' lang='lat' dir='ltr'>pul‹·hritu‹linem</span> <span class='ocrx_word' id='word_1_9' title='bbox 910 212 1006 232; x_wconf 83' lang='lat' dir='ltr'>rerum,</span> 
     </span>
    </p>
   </div>
   <div class='ocr_carea' id='block_1_3' title="bbox 219 240 1855 315">
    <p class='ocr_par' dir='ltr' id='par_1_3' title="bbox 219 240 1855 315">
     <span class='ocr_line' id='line_1_3' title="bbox 219 240 1033 275; baseline -0.004 -7"><span class='ocrx_word' id='word_1_10' title='bbox 219 251 270 268; x_wconf 86' lang='lat' dir='ltr'>non</span> <span class='ocrx_word' id='word_1_11' title='bbox 285 242 363 268; x_wconf 81' lang='lat' dir='ltr'>odore</span> <span class='ocrx_word' id='word_1_12' title='bbox 375 242 436 271; x_wconf 83' lang='lat' dir='ltr'>ullo,</span> <span class='ocrx_word' id='word_1_13' title='bbox 456 250 505 267; x_wconf 86' lang='lat' dir='ltr'>non</span> <span class='ocrx_word' id='word_1_14' title='bbox 518 245 596 268; x_wconf 78' lang='lat' dir='ltr'>tactu.</span> <span class='ocrx_word' id='word_1_15' title='bbox 611 249 661 265; x_wconf 82' lang='lat' dir='ltr'>non</span> <span class='ocrx_word' id='word_1_16' title='bbox 674 249 766 274; x_wconf 73' lang='lat' dir='ltr'>sapore</span> <span class='ocrx_word' id='word_1_17' title='bbox 777 242 904 275; x_wconf 78' lang='lat' dir='ltr'>capiatur,</span> <span class='ocrx_word' id='word_1_18' title='bbox 919 240 1010 265; x_wconf 74' lang='lat' dir='ltr'>exclu-</span> <span class='ocrx_word' id='word_1_19' title='bbox 1032 272 1033 275; x_wconf 13' lang='grc' dir='ltr'><strong>Ἴ</strong></span> 
     </span>
     <span class='ocr_line' id='line_1_4' title="bbox 1061 278 1855 315; baseline 0.002 -11.927"><span class='ocrx_word' id='word_1_20' title='bbox 1061 279 1133 309; x_wconf 75' lang='lat' dir='ltr'>Qua«-</span> <span class='ocrx_word' id='word_1_21' title='bbox 1146 287 1187 303; x_wconf 69' lang='lat' dir='ltr'>res</span> <span class='ocrx_word' id='word_1_22' title='bbox 1200 279 1225 303; x_wconf 88' lang='lat' dir='ltr'>in</span> <span class='ocrx_word' id='word_1_23' title='bbox 1239 278 1287 304; x_wconf 88' lang='lat' dir='ltr'>hoc</span> <span class='ocrx_word' id='word_1_24' title='bbox 1298 286 1393 313; x_wconf 79' lang='lat' dir='ltr'>genere</span> <span class='ocrx_word' id='word_1_25' title='bbox 1405 278 1526 305; x_wconf 76' lang='lat' dir='ltr'>homines</span> <span class='ocrx_word' id='word_1_26' title='bbox 1537 288 1550 305; x_wconf 75' lang='lat' dir='ltr'>a</span> <span class='ocrx_word' id='word_1_27' title='bbox 1563 279 1651 306; x_wconf 80' lang='lat' dir='ltr'>labore</span> <span class='ocrx_word' id='word_1_28' title='bbox 1663 280 1855 315; x_wconf 72' lang='lat' dir='ltr'>studioquedi·</span> 
     </span>
    </p>
   </div>
   <div class='ocr_carea' id='block_1_4' title="bbox 219 314 1032 350">
    <p class='ocr_par' dir='ltr' id='par_1_4' title="bbox 219 314 1032 350">
     <span class='ocr_line' id='line_1_5' title="bbox 219 314 1032 350; baseline -0.002 -9"><span class='ocrx_word' id='word_1_29' title='bbox 219 321 287 342; x_wconf 74' lang='lat' dir='ltr'>tasse</span> <span class='ocrx_word' id='word_1_30' title='bbox 308 320 333 341; x_wconf 89' lang='lat' dir='ltr'>ct</span> <span class='ocrx_word' id='word_1_31' title='bbox 354 316 429 350; x_wconf 73' lang='lat' dir='ltr'>patu-i</span> <span class='ocrx_word' id='word_1_32' title='bbox 450 315 512 340; x_wconf 72' lang='lat' dir='ltr'>‹lc-m</span> <span class='ocrx_word' id='word_1_33' title='bbox 530 314 668 347; x_wconf 71' lang='lat' dir='ltr'>propitios,</span> <span class='ocrx_word' id='word_1_34' title='bbox 691 314 811 348; x_wconf 85' lang='lat' dir='ltr'>plerique</span> <span class='ocrx_word' id='word_1_35' title='bbox 826 318 914 340; x_wconf 82' lang='lat' dir='ltr'>autem</span> <span class='ocrx_word' id='word_1_36' title='bbox 931 314 1010 339; x_wconf 75' lang='lat' dir='ltr'>iratos</span> <span class='ocrx_word' id='word_1_37' title='bbox 1031 329 1032 332; x_wconf 69' lang='lat'><em>=</em></span> 
     </span>
    </p>
   </div>
   <div class='ocr_carea' id='block_1_5' title="bbox 218 276 1010 311">
    <p class='ocr_par' dir='ltr' id='par_1_5' title="bbox 218 276 1010 311">
     <span class='ocr_line' id='line_1_6' title="bbox 218 276 1010 311; baseline -0.004 -6"><span class='ocrx_word' id='word_1_38' title='bbox 218 279 262 305; x_wconf 81' lang='lat' dir='ltr'>dat</span> <span class='ocrx_word' id='word_1_39' title='bbox 278 279 388 304; x_wconf 65' lang='lat' dir='ltr'>nuribus</span> <span class='ocrx_word' id='word_1_40' title='bbox 399 287 503 304; x_wconf 78' lang='lat' dir='ltr'>onmem</span> <span class='ocrx_word' id='word_1_41' title='bbox 516 278 686 302; x_wconf 68' lang='lat' dir='ltr'>munitatem:</span> <span class='ocrx_word' id='word_1_42' title='bbox 711 277 772 302; x_wconf 78' lang='lat' dir='ltr'>liuic</span> <span class='ocrx_word' id='word_1_43' title='bbox 785 277 886 303; x_wconf 81' lang='lat' dir='ltr'>bomini</span> <span class='ocrx_word' id='word_1_44' title='bbox 898 285 947 311; x_wconf 78' lang='lat' dir='ltr'>cgo</span> <span class='ocrx_word' id='word_1_45' title='bbox 958 276 1010 302; x_wconf 86' lang='lat' dir='ltr'>for-</span> 
     </span>
    </p>
   </div>
   <div class='ocr_carea' id='block_1_6' title="bbox 219 350 1007 387">
    <p class='ocr_par' dir='ltr' id='par_1_6' title="bbox 219 350 1007 387">
     <span class='ocr_line' id='line_1_7' title="bbox 219 350 1007 387; baseline -0.001 -9"><span class='ocrx_word' id='word_1_46' title='bbox 219 353 358 387; x_wconf 84' lang='lat' dir='ltr'>putubunt.</span> <span class='ocrx_word' id='word_1_47' title='bbox 401 352 492 377; x_wconf 76' lang='lat' dir='ltr'>xvm.</span> <span class='ocrx_word' id='word_1_48' title='bbox 515 351 584 383; x_wconf 62' lang='lat' dir='ltr'>Ergo</span> <span class='ocrx_word' id='word_1_49' title='bbox 601 351 663 376; x_wconf 81' lang='lat' dir='ltr'>hacc</span> <span class='ocrx_word' id='word_1_50' title='bbox 678 350 781 376; x_wconf 82' lang='lat' dir='ltr'>deserta</span> <span class='ocrx_word' id='word_1_51' title='bbox 802 352 842 376; x_wconf 84' lang='lat' dir='ltr'>via</span> <span class='ocrx_word' id='word_1_52' title='bbox 858 355 883 377; x_wconf 89' lang='lat' dir='ltr'>ct</span> <span class='ocrx_word' id='word_1_53' title='bbox 900 350 1007 381; x_wconf 80' lang='lat' dir='ltr'>inculta.</span> 
     </span>
    </p>
   </div>
   <div class='ocr_carea' id='block_1_7' title="bbox 218 387 1032 429">
    <p class='ocr_par' dir='ltr' id='par_1_7' title="bbox 218 387 1032 429">
     <span class='ocr_line' id='line_1_8' title="bbox 218 387 1032 429; baseline -0.002 -14"><span class='ocrx_word' id='word_1_54' title='bbox 218 395 296 424; x_wconf 74' lang='lat' dir='ltr'>atquc</span> <span class='ocrx_word' id='word_1_55' title='bbox 313 389 454 415; x_wconf 64' lang='lat' dir='ltr'>interclusa</span> <span class='ocrx_word' id='word_1_56' title='bbox 472 389 521 414; x_wconf 84' lang='lat' dir='ltr'>iam</span> <span class='ocrx_word' id='word_1_57' title='bbox 540 387 679 413; x_wconf 80' lang='lat' dir='ltr'>frondibus</span> <span class='ocrx_word' id='word_1_58' title='bbox 691 393 715 413; x_wconf 87' lang='lat' dir='ltr'>ct</span> <span class='ocrx_word' id='word_1_59' title='bbox 728 388 861 422; x_wconf 73' lang='lat' dir='ltr'>virgultis,</span> <span class='ocrx_word' id='word_1_60' title='bbox 875 388 1010 422; x_wconf 85' lang='lat' dir='ltr'>relinqua·</span> <span class='ocrx_word' id='word_1_61' title='bbox 1030 414 1032 429; x_wconf 39' lang='grc' dir='ltr'><strong><em>ἶ</em></strong></span> 
     </span>
    </p>
   </div>
   <div class='ocr_carea' id='block_1_8' title="bbox 215 425 1010 572">
    <p class='ocr_par' dir='ltr' id='par_1_8' title="bbox 215 425 1010 572">
     <span class='ocr_line' id='line_1_9' title="bbox 218 425 1006 460; baseline -0.001 -8"><span class='ocrx_word' id='word_1_62' title='bbox 218 432 272 458; x_wconf 80' lang='lat' dir='ltr'>tur,</span> <span class='ocrx_word' id='word_1_63' title='bbox 300 426 376 452; x_wconf 83' lang='lat' dir='ltr'>detur</span> <span class='ocrx_word' id='word_1_64' title='bbox 398 425 499 460; x_wconf 73' lang='lat' dir='ltr'>aliquid</span> <span class='ocrx_word' id='word_1_65' title='bbox 521 425 611 456; x_wconf 77' lang='lat' dir='ltr'>aetati,</span> <span class='ocrx_word' id='word_1_66' title='bbox 643 426 678 451; x_wconf 76' lang='lat' dir='ltr'>sit</span> <span class='ocrx_word' id='word_1_67' title='bbox 695 425 869 451; x_wconf 69' lang='lat' dir='ltr'>adon-scentia</span> <span class='ocrx_word' id='word_1_68' title='bbox 887 425 1006 457; x_wconf 74' lang='lat' dir='ltr'>liberior,</span> 
     </span>
     <span class='ocr_line' id='line_1_10' title="bbox 218 462 1009 497; baseline -0.001 -8"><span class='ocrx_word' id='word_1_69' title='bbox 218 473 267 490; x_wconf 88' lang='lat' dir='ltr'>non</span> <span class='ocrx_word' id='word_1_70' title='bbox 284 464 371 489; x_wconf 78' lang='lat' dir='ltr'>oiiinia</span> <span class='ocrx_word' id='word_1_71' title='bbox 385 462 566 496; x_wconf 79' lang='lat' dir='ltr'>voluptatilms</span> <span class='ocrx_word' id='word_1_72' title='bbox 577 462 755 496; x_wconf 70' lang='lat' dir='ltr'>denegentur:</span> <span class='ocrx_word' id='word_1_73' title='bbox 779 471 830 488; x_wconf 93' lang='lat' dir='ltr'>non</span> <span class='ocrx_word' id='word_1_74' title='bbox 842 470 949 497; x_wconf 80' lang='lat' dir='ltr'><strong>semper</strong></span> <span class='ocrx_word' id='word_1_75' title='bbox 963 470 1009 488; x_wconf 82' lang='lat' dir='ltr'>eu-</span> 
     </span>
     <span class='ocr_line' id='line_1_11' title="bbox 216 499 1008 534; baseline -0.001 -8"><span class='ocrx_word' id='word_1_76' title='bbox 216 505 288 534; x_wconf 88' lang='lat' dir='ltr'>peret</span> <span class='ocrx_word' id='word_1_77' title='bbox 301 509 359 526; x_wconf 77' lang='lat' dir='ltr'>vora</span> <span class='ocrx_word' id='word_1_78' title='bbox 372 499 416 525; x_wconf 81' lang='lat' dir='ltr'>illa</span> <span class='ocrx_word' id='word_1_79' title='bbox 427 504 452 525; x_wconf 79' lang='lat' dir='ltr'>ct</span> <span class='ocrx_word' id='word_1_80' title='bbox 465 499 563 525; x_wconf 83' lang='lat' dir='ltr'>directa</span> <span class='ocrx_word' id='word_1_81' title='bbox 576 499 653 532; x_wconf 79' lang='lat' dir='ltr'>ratio3</span> <span class='ocrx_word' id='word_1_82' title='bbox 678 500 764 525; x_wconf 82' lang='lat' dir='ltr'>vincat</span> <span class='ocrx_word' id='word_1_83' title='bbox 778 500 922 534; x_wconf 87' lang='lat' dir='ltr'>aliquando</span> <span class='ocrx_word' id='word_1_84' title='bbox 931 500 1008 534; x_wconf 88' lang='lat' dir='ltr'>cupi-</span> 
     </span>
     <span class='ocr_line' id='line_1_12' title="bbox 215 536 1010 572; baseline 0 -9"><span class='ocrx_word' id='word_1_85' title='bbox 215 538 284 563; x_wconf 80' lang='lat' dir='ltr'>ditas</span> <span class='ocrx_word' id='word_1_86' title='bbox 306 536 482 571; x_wconf 75' lang='lat' dir='ltr'>voluptasque</span> <span class='ocrx_word' id='word_1_87' title='bbox 499 537 634 567; x_wconf 80' lang='lat' dir='ltr'>rationem,</span> <span class='ocrx_word' id='word_1_88' title='bbox 652 536 853 563; x_wconf 81' lang='lat' dir='ltr'>dummodoilla</span> <span class='ocrx_word' id='word_1_89' title='bbox 865 537 890 563; x_wconf 90' lang='lat' dir='ltr'>in</span> <span class='ocrx_word' id='word_1_90' title='bbox 904 537 952 563; x_wconf 82' lang='lat' dir='ltr'>boc</span> <span class='ocrx_word' id='word_1_91' title='bbox 962 545 1010 572; x_wconf 85' lang='lat' dir='ltr'>ge-</span> 
     </span>
    </p>
   </div>
   <div class='ocr_carea' id='block_1_9' title="bbox 216 573 1038 645">
    <p class='ocr_par' dir='ltr' id='par_1_9' title="bbox 216 573 1038 645">
     <span class='ocr_line' id='line_1_13' title="bbox 217 573 1037 609; baseline 0 -9"><span class='ocrx_word' id='word_1_92' title='bbox 217 583 276 600; x_wconf 87' lang='lat' dir='ltr'>ncre</span> <span class='ocrx_word' id='word_1_93' title='bbox 288 574 460 609; x_wconf 83' lang='lat' dir='ltr'>praescriptio</span> <span class='ocrx_word' id='word_1_94' title='bbox 467 573 804 608; x_wconf 80' lang='lat' dir='ltr'>moderatioqueteneatur:</span> <span class='ocrx_word' id='word_1_95' title='bbox 818 576 1009 609; x_wconf 84' lang='lat' dir='ltr'>parcatiuven-</span> <span class='ocrx_word' id='word_1_96' title='bbox 1036 602 1037 609; x_wconf 15' lang='grc' dir='ltr'>ἵ</span> 
     </span>
     <span class='ocr_line' id='line_1_14' title="bbox 216 611 1038 645; baseline 0.001 -9"><span class='ocrx_word' id='word_1_97' title='bbox 216 616 258 637; x_wconf 73' lang='lat' dir='ltr'>tus</span> <span class='ocrx_word' id='word_1_98' title='bbox 280 611 423 645; x_wconf 78' lang='lat' dir='ltr'>pudicitiae</span> <span class='ocrx_word' id='word_1_99' title='bbox 443 619 516 642; x_wconf 80' lang='lat' dir='ltr'>suae,</span> <span class='ocrx_word' id='word_1_100' title='bbox 539 619 572 637; x_wconf 89' lang='lat' dir='ltr'>ne</span> <span class='ocrx_word' id='word_1_101' title='bbox 587 611 684 645; x_wconf 84' lang='lat' dir='ltr'>spoliet</span> <span class='ocrx_word' id='word_1_102' title='bbox 698 611 825 642; x_wconf 77' lang='lat' dir='ltr'>alienam,</span> <span class='ocrx_word' id='word_1_103' title='bbox 847 619 879 637; x_wconf 90' lang='lat' dir='ltr'>ne</span> <span class='ocrx_word' id='word_1_104' title='bbox 892 611 1009 637; x_wconf 84' lang='lat' dir='ltr'>effundat</span> <span class='ocrx_word' id='word_1_105' title='bbox 1029 612 1038 632; x_wconf 59' lang='grc' dir='ltr'>Η</span> 
     </span>
    </p>
   </div>
   <div class='ocr_carea' id='block_1_10' title="bbox 212 648 1007 870">
    <p class='ocr_par' dir='ltr' id='par_1_10' title="bbox 212 648 1007 870">
     <span class='ocr_line' id='line_1_15' title="bbox 215 648 1007 683; baseline 0.001 -9"><span class='ocrx_word' id='word_1_106' title='bbox 215 649 414 683; x_wconf 84' lang='lat' dir='ltr'>patrimonium.</span> <span class='ocrx_word' id='word_1_107' title='bbox 438 657 470 674; x_wconf 88' lang='lat' dir='ltr'>ne</span> <span class='ocrx_word' id='word_1_108' title='bbox 492 648 597 674; x_wconf 87' lang='lat' dir='ltr'>foenore</span> <span class='ocrx_word' id='word_1_109' title='bbox 618 648 777 679; x_wconf 86' lang='lat' dir='ltr'>trucidetur,</span> <span class='ocrx_word' id='word_1_110' title='bbox 801 657 832 675; x_wconf 92' lang='lat' dir='ltr'>ne</span> <span class='ocrx_word' id='word_1_111' title='bbox 849 649 965 675; x_wconf 77' lang='lat' dir='ltr'>incurrat</span> <span class='ocrx_word' id='word_1_112' title='bbox 980 649 1007 675; x_wconf 91' lang='lat' dir='ltr'>in</span> 
     </span>
     <span class='ocr_line' id='line_1_16' title="bbox 214 685 1004 720; baseline 0.001 -9"><span class='ocrx_word' id='word_1_113' title='bbox 214 686 323 711; x_wconf 76' lang='lat' dir='ltr'>alterius</span> <span class='ocrx_word' id='word_1_114' title='bbox 344 685 453 712; x_wconf 90' lang='lat' dir='ltr'>domum</span> <span class='ocrx_word' id='word_1_115' title='bbox 475 690 554 720; x_wconf 79' lang='lat' dir='ltr'>atque</span> <span class='ocrx_word' id='word_1_116' title='bbox 576 685 687 717; x_wconf 69' lang='lat' dir='ltr'>famam,</span> <span class='ocrx_word' id='word_1_117' title='bbox 720 694 753 712; x_wconf 89' lang='lat' dir='ltr'>ne</span> <span class='ocrx_word' id='word_1_118' title='bbox 773 686 900 720; x_wconf 83' lang='lat' dir='ltr'>probrum</span> <span class='ocrx_word' id='word_1_119' title='bbox 916 687 1004 716; x_wconf 82' lang='lat' dir='ltr'>castis,</span> 
     </span>
     <span class='ocr_line' id='line_1_17' title="bbox 215 722 1006 758; baseline 0.001 -10"><span class='ocrx_word' id='word_1_120' title='bbox 215 722 300 748; x_wconf 81' lang='lat' dir='ltr'>lahem</span> <span class='ocrx_word' id='word_1_121' title='bbox 322 723 441 758; x_wconf 72' lang='lat' dir='ltr'>integris,</span> <span class='ocrx_word' id='word_1_122' title='bbox 460 722 597 749; x_wconf 79' lang='lat' dir='ltr'>infamiam</span> <span class='ocrx_word' id='word_1_123' title='bbox 615 723 690 749; x_wconf 86' lang='lat' dir='ltr'>bonis</span> <span class='ocrx_word' id='word_1_124' title='bbox 707 722 814 755; x_wconf 85' lang='lat' dir='ltr'>inferat;</span> <span class='ocrx_word' id='word_1_125' title='bbox 838 732 870 750; x_wconf 87' lang='lat' dir='ltr'>nc</span> <span class='ocrx_word' id='word_1_126' title='bbox 884 731 965 758; x_wconf 85' lang='lat' dir='ltr'>quem</span> <span class='ocrx_word' id='word_1_127' title='bbox 981 724 1006 749; x_wconf 83' lang='lat' dir='ltr'>vi</span> 
     </span>
     <span class='ocr_line' id='line_1_18' title="bbox 214 759 1004 795; baseline 0 -9"><span class='ocrx_word' id='word_1_128' title='bbox 214 764 320 791; x_wconf 64' lang='lat' dir='ltr'>terreat,</span> <span class='ocrx_word' id='word_1_129' title='bbox 345 768 376 786; x_wconf 87' lang='lat' dir='ltr'>ne</span> <span class='ocrx_word' id='word_1_130' title='bbox 388 760 491 786; x_wconf 88' lang='lat' dir='ltr'>intersit</span> <span class='ocrx_word' id='word_1_131' title='bbox 502 760 622 792; x_wconf 68' lang='lat' dir='ltr'>insidiis,</span> <span class='ocrx_word' id='word_1_132' title='bbox 635 759 734 786; x_wconf 84' lang='lat' dir='ltr'>scelere</span> <span class='ocrx_word' id='word_1_133' title='bbox 745 765 844 787; x_wconf 79' lang='lat' dir='ltr'>carent:</span> <span class='ocrx_word' id='word_1_134' title='bbox 862 765 1004 795; x_wconf 84' lang='lat' dir='ltr'>postremo,</span> 
     </span>
     <span class='ocr_line' id='line_1_19' title="bbox 212 797 1006 833; baseline 0 -10"><span class='ocrx_word' id='word_1_135' title='bbox 212 806 297 832; x_wconf 90' lang='lat' dir='ltr'>quum</span> <span class='ocrx_word' id='word_1_136' title='bbox 314 797 432 832; x_wconf 84' lang='lat' dir='ltr'>paruerit</span> <span class='ocrx_word' id='word_1_137' title='bbox 447 797 638 832; x_wconf 81' lang='lat' dir='ltr'>voluptatibus.</span> <span class='ocrx_word' id='word_1_138' title='bbox 652 797 754 824; x_wconf 80' lang='lat' dir='ltr'>dederit</span> <span class='ocrx_word' id='word_1_139' title='bbox 765 797 866 833; x_wconf 80' lang='lat' dir='ltr'>aliquid</span> <span class='ocrx_word' id='word_1_140' title='bbox 879 799 1006 832; x_wconf 75' lang='lat' dir='ltr'>temporis</span> 
     </span>
     <span class='ocr_line' id='line_1_20' title="bbox 213 834 1005 870; baseline 0.001 -10"><span class='ocrx_word' id='word_1_141' title='bbox 213 834 245 860; x_wconf 83' lang='lat' dir='ltr'>ad</span> <span class='ocrx_word' id='word_1_142' title='bbox 267 834 360 860; x_wconf 91' lang='lat' dir='ltr'>ludum</span> <span class='ocrx_word' id='word_1_143' title='bbox 377 835 470 861; x_wconf 84' lang='lat' dir='ltr'>aetatis</span> <span class='ocrx_word' id='word_1_144' title='bbox 486 839 565 870; x_wconf 88' lang='lat' dir='ltr'>atque</span> <span class='ocrx_word' id='word_1_145' title='bbox 577 834 608 860; x_wconf 85' lang='lat' dir='ltr'>ad</span> <span class='ocrx_word' id='word_1_146' title='bbox 619 835 712 861; x_wconf 88' lang='lat' dir='ltr'>inanes</span> <span class='ocrx_word' id='word_1_147' title='bbox 724 835 802 861; x_wconf 83' lang='lat' dir='ltr'>hasce</span> <span class='ocrx_word' id='word_1_148' title='bbox 814 834 1005 861; x_wconf 76' lang='lat' dir='ltr'>adolescentiae</span> 
     </span>
    </p>
   </div>
   <div class='ocr_carea' id='block_1_11' title="bbox 211 871 1035 911">
    <p class='ocr_par' dir='ltr' id='par_1_11' title="bbox 211 871 1035 911">
     <span class='ocr_line' id='line_1_21' title="bbox 211 871 1035 911; baseline 0.001 -14"><span class='ocrx_word' id='word_1_149' title='bbox 211 871 386 906; x_wconf 49' lang='lat' dir='ltr'>cupiditatem</span> <span class='ocrx_word' id='word_1_150' title='bbox 409 876 512 898; x_wconf 88' lang='lat' dir='ltr'>revocet</span> <span class='ocrx_word' id='word_1_151' title='bbox 523 881 551 898; x_wconf 86' lang='lat' dir='ltr'>se</span> <span class='ocrx_word' id='word_1_152' title='bbox 563 871 706 906; x_wconf 83' lang='lat' dir='ltr'>aliquando</span> <span class='ocrx_word' id='word_1_153' title='bbox 717 872 749 898; x_wconf 87' lang='lat' dir='ltr'>ad</span> <span class='ocrx_word' id='word_1_154' title='bbox 761 881 851 899; x_wconf 85' lang='lat' dir='ltr'>curam</span> <span class='ocrx_word' id='word_1_155' title='bbox 866 872 903 898; x_wconf 87' lang='lat' dir='ltr'>rei</span> <span class='ocrx_word' id='word_1_156' title='bbox 914 872 1006 900; x_wconf 87' lang='lat' dir='ltr'>dome-</span> <span class='ocrx_word' id='word_1_157' title='bbox 1034 905 1035 911; x_wconf 14' lang='grc' dir='ltr'>ἵ</span> 
     </span>
    </p>
   </div>
   <div class='ocr_carea' id='block_1_12' title="bbox 201 908 1005 2621">
    <p class='ocr_par' dir='ltr' id='par_1_12' title="bbox 211 908 1005 1018">
     <span class='ocr_line' id='line_1_22' title="bbox 212 908 1005 944; baseline 0.001 -10"><span class='ocrx_word' id='word_1_158' title='bbox 212 909 302 939; x_wconf 83' lang='lat' dir='ltr'>sticae,</span> <span class='ocrx_word' id='word_1_159' title='bbox 325 909 362 935; x_wconf 90' lang='lat' dir='ltr'>rci</span> <span class='ocrx_word' id='word_1_160' title='bbox 380 908 502 939; x_wconf 81' lang='lat' dir='ltr'>forensis,</span> <span class='ocrx_word' id='word_1_161' title='bbox 520 910 556 935; x_wconf 90' lang='lat' dir='ltr'>rei</span> <span class='ocrx_word' id='word_1_162' title='bbox 573 908 710 944; x_wconf 86' lang='lat' dir='ltr'>publicae:</span> <span class='ocrx_word' id='word_1_163' title='bbox 733 914 762 936; x_wconf 92' lang='lat' dir='ltr'>ut</span> <span class='ocrx_word' id='word_1_164' title='bbox 772 918 810 940; x_wconf 88' lang='lat' dir='ltr'>ea,</span> <span class='ocrx_word' id='word_1_165' title='bbox 823 918 893 944; x_wconf 86' lang='lat' dir='ltr'>quae</span> <span class='ocrx_word' id='word_1_166' title='bbox 907 910 1005 936; x_wconf 88' lang='lat' dir='ltr'>ratione</span> 
     </span>
     <span class='ocr_line' id='line_1_23' title="bbox 212 946 1005 982; baseline 0.001 -10"><span class='ocrx_word' id='word_1_167' title='bbox 212 950 287 972; x_wconf 84' lang='lat' dir='ltr'>antea</span> <span class='ocrx_word' id='word_1_168' title='bbox 303 954 353 972; x_wconf 92' lang='lat' dir='ltr'>non</span> <span class='ocrx_word' id='word_1_169' title='bbox 367 951 548 981; x_wconf 72' lang='lat' dir='ltr'>perspexerat,</span> <span class='ocrx_word' id='word_1_170' title='bbox 562 947 681 973; x_wconf 84' lang='lat' dir='ltr'>satietate</span> <span class='ocrx_word' id='word_1_171' title='bbox 692 946 831 978; x_wconf 82' lang='lat' dir='ltr'>abiecisse,</span> <span class='ocrx_word' id='word_1_172' title='bbox 844 947 1005 982; x_wconf 88' lang='lat' dir='ltr'>experiendo</span> 
     </span>
     <span class='ocr_line' id='line_1_24' title="bbox 211 984 547 1018; baseline -0.003 -8"><span class='ocrx_word' id='word_1_173' title='bbox 211 984 405 1018; x_wconf 76' lang='lat' dir='ltr'>contempsisse</span> <span class='ocrx_word' id='word_1_174' title='bbox 417 984 547 1010; x_wconf 84' lang='lat' dir='ltr'>videatur.</span> 
     </span>
    </p>

    <p class='ocr_par' dir='ltr' id='par_1_13' title="bbox 201 1020 1005 2621">
     <span class='ocr_line' id='line_1_25' title="bbox 266 1020 1005 1056; baseline 0.001 -10"><span class='ocrx_word' id='word_1_175' title='bbox 266 1021 306 1047; x_wconf 70' lang='lat'>43.</span> <span class='ocrx_word' id='word_1_176' title='bbox 329 1021 366 1047; x_wconf 78' lang='lat' dir='ltr'>Ac</span> <span class='ocrx_word' id='word_1_177' title='bbox 387 1020 477 1052; x_wconf 90' lang='lat' dir='ltr'>multi,</span> <span class='ocrx_word' id='word_1_178' title='bbox 496 1025 521 1047; x_wconf 89' lang='lat' dir='ltr'>et</span> <span class='ocrx_word' id='word_1_179' title='bbox 541 1025 628 1047; x_wconf 87' lang='lat' dir='ltr'>nostra</span> <span class='ocrx_word' id='word_1_180' title='bbox 650 1025 675 1047; x_wconf 87' lang='lat' dir='ltr'>et</span> <span class='ocrx_word' id='word_1_181' title='bbox 693 1025 797 1055; x_wconf 86' lang='lat' dir='ltr'>patrum</span> <span class='ocrx_word' id='word_1_182' title='bbox 819 1021 1005 1056; x_wconf 88' lang='lat' dir='ltr'>maiorumque</span> 
     </span>
     <span class='ocr_line' id='line_1_26' title="bbox 211 1057 1004 1089; baseline 0 -5"><span class='ocrx_word' id='word_1_183' title='bbox 211 1058 346 1089; x_wconf 86' lang='lat' dir='ltr'>memoria,</span> <span class='ocrx_word' id='word_1_184' title='bbox 364 1057 476 1088; x_wconf 88' lang='lat' dir='ltr'>iudices,</span> <span class='ocrx_word' id='word_1_185' title='bbox 494 1059 593 1084; x_wconf 87' lang='lat' dir='ltr'>summi</span> <span class='ocrx_word' id='word_1_186' title='bbox 610 1058 732 1084; x_wconf 87' lang='lat' dir='ltr'>homines</span> <span class='ocrx_word' id='word_1_187' title='bbox 743 1063 769 1084; x_wconf 89' lang='lat' dir='ltr'>et</span> <span class='ocrx_word' id='word_1_188' title='bbox 778 1058 920 1084; x_wconf 78' lang='lat' dir='ltr'>clarissimi</span> <span class='ocrx_word' id='word_1_189' title='bbox 931 1059 1004 1084; x_wconf 85' lang='lat' dir='ltr'>cives</span> 
     </span>
     <span class='ocr_line' id='line_1_27' title="bbox 211 1094 1005 1130; baseline 0.001 -9"><span class='ocrx_word' id='word_1_190' title='bbox 211 1094 327 1125; x_wconf 89' lang='lat' dir='ltr'>fuerunt,</span> <span class='ocrx_word' id='word_1_191' title='bbox 349 1103 464 1130; x_wconf 92' lang='lat' dir='ltr'>quorum</span> <span class='ocrx_word' id='word_1_192' title='bbox 480 1104 565 1130; x_wconf 91' lang='lat' dir='ltr'>quum</span> <span class='ocrx_word' id='word_1_193' title='bbox 582 1095 773 1121; x_wconf 79' lang='lat' dir='ltr'>adolescentiae</span> <span class='ocrx_word' id='word_1_194' title='bbox 787 1095 947 1130; x_wconf 82' lang='lat' dir='ltr'>cupiditates</span> <span class='ocrx_word' id='word_1_195' title='bbox 958 1095 1005 1121; x_wconf 88' lang='lat' dir='ltr'>de-</span> 
     </span>
     <span class='ocr_line' id='line_1_28' title="bbox 211 1131 1005 1163; baseline 0.001 -5"><span class='ocrx_word' id='word_1_196' title='bbox 211 1131 363 1163; x_wconf 84' lang='lat' dir='ltr'>fervissent,</span> <span class='ocrx_word' id='word_1_197' title='bbox 377 1133 490 1159; x_wconf 85' lang='lat' dir='ltr'>eximiae</span> <span class='ocrx_word' id='word_1_198' title='bbox 503 1133 623 1163; x_wconf 86' lang='lat' dir='ltr'>virtutes,</span> <span class='ocrx_word' id='word_1_199' title='bbox 638 1132 739 1159; x_wconf 85' lang='lat' dir='ltr'>firmata</span> <span class='ocrx_word' id='word_1_200' title='bbox 750 1133 803 1159; x_wconf 87' lang='lat' dir='ltr'>iam</span> <span class='ocrx_word' id='word_1_201' title='bbox 815 1137 907 1163; x_wconf 86' lang='lat' dir='ltr'>aetate,</span> <span class='ocrx_word' id='word_1_202' title='bbox 920 1133 1005 1159; x_wconf 85' lang='lat' dir='ltr'>exsti-</span> 
     </span>
     <span class='ocr_line' id='line_1_29' title="bbox 209 1170 1005 1205; baseline 0 -9"><span class='ocrx_word' id='word_1_203' title='bbox 209 1173 308 1196; x_wconf 85' lang='lat' dir='ltr'>terunt.</span> <span class='ocrx_word' id='word_1_204' title='bbox 348 1170 389 1196; x_wconf 85' lang='lat' dir='ltr'>Ex</span> <span class='ocrx_word' id='word_1_205' title='bbox 404 1170 504 1205; x_wconf 90' lang='lat' dir='ltr'>quibus</span> <span class='ocrx_word' id='word_1_206' title='bbox 521 1170 653 1196; x_wconf 89' lang='lat' dir='ltr'>neminem</span> <span class='ocrx_word' id='word_1_207' title='bbox 669 1170 737 1196; x_wconf 89' lang='lat' dir='ltr'>mihi</span> <span class='ocrx_word' id='word_1_208' title='bbox 749 1178 856 1196; x_wconf 82' lang='lat' dir='ltr'>necesse</span> <span class='ocrx_word' id='word_1_209' title='bbox 867 1174 907 1196; x_wconf 85' lang='lat' dir='ltr'>est</span> <span class='ocrx_word' id='word_1_210' title='bbox 919 1170 1005 1196; x_wconf 89' lang='lat' dir='ltr'>nomi-</span> 
     </span>
     <span class='ocr_line' id='line_1_30' title="bbox 210 1207 1003 1239; baseline 0 -6"><span class='ocrx_word' id='word_1_211' title='bbox 210 1215 286 1239; x_wconf 86' lang='lat' dir='ltr'>nare;</span> <span class='ocrx_word' id='word_1_212' title='bbox 318 1212 422 1233; x_wconf 87' lang='lat' dir='ltr'>vosmet</span> <span class='ocrx_word' id='word_1_213' title='bbox 446 1207 586 1233; x_wconf 86' lang='lat' dir='ltr'>vobiscum</span> <span class='ocrx_word' id='word_1_214' title='bbox 611 1207 796 1234; x_wconf 85' lang='lat' dir='ltr'>recordamini.</span> <span class='ocrx_word' id='word_1_215' title='bbox 846 1207 912 1234; x_wconf 91' lang='lat' dir='ltr'>Nolo</span> <span class='ocrx_word' id='word_1_216' title='bbox 932 1208 1003 1234; x_wconf 89' lang='lat' dir='ltr'>enim</span> 
     </span>
     <span class='ocr_line' id='line_1_31' title="bbox 208 1243 1005 1279; baseline 0.001 -9"><span class='ocrx_word' id='word_1_217' title='bbox 208 1244 369 1279; x_wconf 85' lang='lat' dir='ltr'>cuiusquam</span> <span class='ocrx_word' id='word_1_218' title='bbox 381 1244 455 1271; x_wconf 88' lang='lat' dir='ltr'>fortis</span> <span class='ocrx_word' id='word_1_219' title='bbox 466 1249 545 1279; x_wconf 88' lang='lat' dir='ltr'>atque</span> <span class='ocrx_word' id='word_1_220' title='bbox 556 1243 669 1270; x_wconf 88' lang='lat' dir='ltr'>illustris</span> <span class='ocrx_word' id='word_1_221' title='bbox 682 1245 731 1270; x_wconf 90' lang='lat' dir='ltr'>viri</span> <span class='ocrx_word' id='word_1_222' title='bbox 744 1253 776 1271; x_wconf 90' lang='lat' dir='ltr'>ne</span> <span class='ocrx_word' id='word_1_223' title='bbox 787 1244 930 1271; x_wconf 88' lang='lat' dir='ltr'>minimum</span> <span class='ocrx_word' id='word_1_224' title='bbox 942 1245 1005 1279; x_wconf 90' lang='lat' dir='ltr'>qui-</span> 
     </span>
     <span class='ocr_line' id='line_1_32' title="bbox 208 1281 1003 1317; baseline 0.001 -10"><span class='ocrx_word' id='word_1_225' title='bbox 208 1281 268 1308; x_wconf 88' lang='lat' dir='ltr'>dem</span> <span class='ocrx_word' id='word_1_226' title='bbox 291 1286 407 1308; x_wconf 85' lang='lat' dir='ltr'>erratum</span> <span class='ocrx_word' id='word_1_227' title='bbox 422 1290 484 1308; x_wconf 90' lang='lat' dir='ltr'>cum</span> <span class='ocrx_word' id='word_1_228' title='bbox 496 1282 612 1308; x_wconf 85' lang='lat' dir='ltr'>maxima</span> <span class='ocrx_word' id='word_1_229' title='bbox 625 1281 702 1308; x_wconf 85' lang='lat' dir='ltr'>laude</span> <span class='ocrx_word' id='word_1_230' title='bbox 713 1282 887 1317; x_wconf 82' lang='lat' dir='ltr'>coniungere.</span> <span class='ocrx_word' id='word_1_231' title='bbox 926 1281 1003 1314; x_wconf 90' lang='lat' dir='ltr'>Quod</span> 
     </span>
     <span class='ocr_line' id='line_1_33' title="bbox 207 1318 1003 1354; baseline 0 -9"><span class='ocrx_word' id='word_1_232' title='bbox 207 1319 231 1345; x_wconf 92' lang='lat' dir='ltr'>si</span> <span class='ocrx_word' id='word_1_233' title='bbox 247 1318 330 1345; x_wconf 90' lang='lat' dir='ltr'>facere</span> <span class='ocrx_word' id='word_1_234' title='bbox 346 1318 451 1349; x_wconf 87' lang='lat' dir='ltr'>vellem,</span> <span class='ocrx_word' id='word_1_235' title='bbox 470 1318 573 1345; x_wconf 85' lang='lat' dir='ltr'>multia</span> <span class='ocrx_word' id='word_1_236' title='bbox 585 1327 627 1345; x_wconf 88' lang='lat' dir='ltr'>me</span> <span class='ocrx_word' id='word_1_237' title='bbox 638 1319 738 1345; x_wconf 87' lang='lat' dir='ltr'>summi</span> <span class='ocrx_word' id='word_1_238' title='bbox 750 1324 830 1354; x_wconf 88' lang='lat' dir='ltr'>atque</span> <span class='ocrx_word' id='word_1_239' title='bbox 840 1319 1003 1346; x_wconf 87' lang='lat' dir='ltr'>ornatissimi</span> 
     </span>
     <span class='ocr_line' id='line_1_34' title="bbox 209 1355 1003 1391; baseline 0 -9"><span class='ocrx_word' id='word_1_240' title='bbox 209 1356 258 1382; x_wconf 79' lang='lat' dir='ltr'>viri</span> <span class='ocrx_word' id='word_1_241' title='bbox 283 1355 511 1391; x_wconf 80' lang='lat' dir='ltr'>praedicarentur,</span> <span class='ocrx_word' id='word_1_242' title='bbox 537 1364 653 1391; x_wconf 92' lang='lat' dir='ltr'>quorum</span> <span class='ocrx_word' id='word_1_243' title='bbox 674 1357 769 1391; x_wconf 85' lang='lat' dir='ltr'>partim</span> <span class='ocrx_word' id='word_1_244' title='bbox 790 1357 873 1383; x_wconf 88' lang='lat' dir='ltr'>nimia</span> <span class='ocrx_word' id='word_1_245' title='bbox 895 1356 1003 1382; x_wconf 88' lang='lat' dir='ltr'>libertas</span> 
     </span>
     <span class='ocr_line' id='line_1_35' title="bbox 206 1393 1003 1430; baseline 0.001 -11"><span class='ocrx_word' id='word_1_246' title='bbox 206 1394 234 1419; x_wconf 88' lang='lat' dir='ltr'>in</span> <span class='ocrx_word' id='word_1_247' title='bbox 255 1393 440 1425; x_wconf 86' lang='lat' dir='ltr'>adolescentia,</span> <span class='ocrx_word' id='word_1_248' title='bbox 458 1393 555 1428; x_wconf 86' lang='lat' dir='ltr'>partim</span> <span class='ocrx_word' id='word_1_249' title='bbox 571 1393 679 1428; x_wconf 82' lang='lat' dir='ltr'>profusa</span> <span class='ocrx_word' id='word_1_250' title='bbox 697 1393 826 1424; x_wconf 83' lang='lat' dir='ltr'>luxuries,</span> <span class='ocrx_word' id='word_1_251' title='bbox 845 1393 1003 1430; x_wconf 84' lang='lat' dir='ltr'>magnitudo</span> 
     </span>
     <span class='ocr_line' id='line_1_36' title="bbox 206 1430 1000 1466; baseline 0.001 -10"><span class='ocrx_word' id='word_1_252' title='bbox 206 1431 274 1456; x_wconf 89' lang='lat' dir='ltr'>aeris</span> <span class='ocrx_word' id='word_1_253' title='bbox 289 1430 378 1461; x_wconf 86' lang='lat' dir='ltr'>alieni,</span> <span class='ocrx_word' id='word_1_254' title='bbox 396 1435 530 1466; x_wconf 83' lang='lat' dir='ltr'>sumptus,</span> <span class='ocrx_word' id='word_1_255' title='bbox 549 1430 674 1457; x_wconf 87' lang='lat' dir='ltr'>libidines</span> <span class='ocrx_word' id='word_1_256' title='bbox 687 1431 899 1458; x_wconf 86' lang='lat' dir='ltr'>nominarentur:</span> <span class='ocrx_word' id='word_1_257' title='bbox 922 1439 1000 1466; x_wconf 91' lang='lat' dir='ltr'>quae,</span> 
     </span>
     <span class='ocr_line' id='line_1_37' title="bbox 207 1467 1002 1504; baseline 0.001 -10"><span class='ocrx_word' id='word_1_258' title='bbox 207 1467 299 1494; x_wconf 88' lang='lat' dir='ltr'>multis</span> <span class='ocrx_word' id='word_1_259' title='bbox 319 1472 410 1503; x_wconf 85' lang='lat' dir='ltr'>postea</span> <span class='ocrx_word' id='word_1_260' title='bbox 430 1468 575 1494; x_wconf 84' lang='lat' dir='ltr'>virtutibus</span> <span class='ocrx_word' id='word_1_261' title='bbox 590 1468 706 1499; x_wconf 89' lang='lat' dir='ltr'>obtecta,</span> <span class='ocrx_word' id='word_1_262' title='bbox 725 1468 932 1500; x_wconf 79' lang='lat' dir='ltr'>adolescentiae,</span> <span class='ocrx_word' id='word_1_263' title='bbox 954 1469 1002 1504; x_wconf 91' lang='lat' dir='ltr'>qui</span> 
     </span>
     <span class='ocr_line' id='line_1_38' title="bbox 206 1504 1001 1536; baseline 0.003 -6"><span class='ocrx_word' id='word_1_264' title='bbox 206 1504 295 1536; x_wconf 81' lang='lat' dir='ltr'>vellet,</span> <span class='ocrx_word' id='word_1_265' title='bbox 318 1506 489 1532; x_wconf 84' lang='lat' dir='ltr'>excusatione</span> <span class='ocrx_word' id='word_1_266' title='bbox 503 1505 666 1532; x_wconf 86' lang='lat' dir='ltr'>defenderet.</span> <span class='ocrx_word' id='word_1_267' title='bbox 701 1505 776 1532; x_wconf 80' lang='lat' dir='ltr'>XIX.</span> <span class='ocrx_word' id='word_1_268' title='bbox 794 1506 835 1532; x_wconf 69' lang='lat'>44.</span> <span class='ocrx_word' id='word_1_269' title='bbox 852 1506 886 1532; x_wconf 79' lang='lat' dir='ltr'>At</span> <span class='ocrx_word' id='word_1_270' title='bbox 900 1507 1001 1532; x_wconf 86' lang='lat' dir='ltr'>veroin</span> 
     </span>
     <span class='ocr_line' id='line_1_39' title="bbox 205 1541 1002 1578; baseline 0.003 -10"><span class='ocrx_word' id='word_1_271' title='bbox 205 1542 241 1568; x_wconf 86' lang='lat' dir='ltr'>M.</span> <span class='ocrx_word' id='word_1_272' title='bbox 254 1541 342 1569; x_wconf 84' lang='lat' dir='ltr'>Caelio</span> <span class='ocrx_word' id='word_1_273' title='bbox 353 1542 449 1578; x_wconf 82' lang='lat' dir='ltr'>(dicam</span> <span class='ocrx_word' id='word_1_274' title='bbox 461 1543 532 1569; x_wconf 88' lang='lat' dir='ltr'>enim</span> <span class='ocrx_word' id='word_1_275' title='bbox 543 1543 596 1569; x_wconf 86' lang='lat' dir='ltr'>iam</span> <span class='ocrx_word' id='word_1_276' title='bbox 607 1542 785 1570; x_wconf 79' lang='lat' dir='ltr'>confidentius</span> <span class='ocrx_word' id='word_1_277' title='bbox 795 1543 829 1569; x_wconf 90' lang='lat' dir='ltr'>de</span> <span class='ocrx_word' id='word_1_278' title='bbox 839 1542 937 1570; x_wconf 88' lang='lat' dir='ltr'>studiis</span> <span class='ocrx_word' id='word_1_279' title='bbox 943 1544 1002 1570; x_wconf 91' lang='lat' dir='ltr'>eius</span> 
     </span>
     <span class='ocr_line' id='line_1_40' title="bbox 205 1578 1002 1615; baseline 0.001 -10"><span class='ocrx_word' id='word_1_280' title='bbox 205 1578 333 1610; x_wconf 78' lang='lat' dir='ltr'>honestis,</span> <span class='ocrx_word' id='word_1_281' title='bbox 356 1580 483 1615; x_wconf 89' lang='lat' dir='ltr'>quoniam</span> <span class='ocrx_word' id='word_1_282' title='bbox 503 1580 588 1607; x_wconf 90' lang='lat' dir='ltr'>audeo</span> <span class='ocrx_word' id='word_1_283' title='bbox 608 1579 740 1615; x_wconf 89' lang='lat' dir='ltr'>quaedam</span> <span class='ocrx_word' id='word_1_284' title='bbox 756 1579 840 1607; x_wconf 86' lang='lat' dir='ltr'>fretus</span> <span class='ocrx_word' id='word_1_285' title='bbox 856 1585 943 1607; x_wconf 85' lang='lat' dir='ltr'>vestra</span> <span class='ocrx_word' id='word_1_286' title='bbox 958 1589 1002 1606; x_wconf 88' lang='lat' dir='ltr'>sa-</span> 
     </span>
     <span class='ocr_line' id='line_1_41' title="bbox 206 1616 1000 1652; baseline 0.003 -10"><span class='ocrx_word' id='word_1_287' title='bbox 206 1616 304 1651; x_wconf 82' lang='lat' dir='ltr'>pientia</span> <span class='ocrx_word' id='word_1_288' title='bbox 317 1616 399 1643; x_wconf 90' lang='lat' dir='ltr'>libere</span> <span class='ocrx_word' id='word_1_289' title='bbox 409 1617 549 1652; x_wconf 86' lang='lat' dir='ltr'>confiteri,)</span> <span class='ocrx_word' id='word_1_290' title='bbox 560 1617 632 1643; x_wconf 91' lang='lat' dir='ltr'>nulla</span> <span class='ocrx_word' id='word_1_291' title='bbox 641 1617 760 1644; x_wconf 86' lang='lat' dir='ltr'>luxuries</span> <span class='ocrx_word' id='word_1_292' title='bbox 768 1618 924 1652; x_wconf 85' lang='lat' dir='ltr'>reperietur,</span> <span class='ocrx_word' id='word_1_293' title='bbox 933 1617 1000 1644; x_wconf 91' lang='lat' dir='ltr'>nulli</span> 
     </span>
     <span class='ocr_line' id='line_1_42' title="bbox 205 1653 1001 1688; baseline 0.001 -8"><span class='ocrx_word' id='word_1_294' title='bbox 205 1658 339 1688; x_wconf 86' lang='lat' dir='ltr'>sumptus,</span> <span class='ocrx_word' id='word_1_295' title='bbox 363 1653 469 1680; x_wconf 89' lang='lat' dir='ltr'>nullum</span> <span class='ocrx_word' id='word_1_296' title='bbox 484 1662 529 1680; x_wconf 88' lang='lat' dir='ltr'>aes</span> <span class='ocrx_word' id='word_1_297' title='bbox 543 1654 670 1685; x_wconf 84' lang='lat' dir='ltr'>alienum,</span> <span class='ocrx_word' id='word_1_298' title='bbox 688 1654 763 1680; x_wconf 91' lang='lat' dir='ltr'>nulla</span> <span class='ocrx_word' id='word_1_299' title='bbox 773 1655 960 1682; x_wconf 90' lang='lat' dir='ltr'>conviviorum</span> <span class='ocrx_word' id='word_1_300' title='bbox 971 1663 1001 1681; x_wconf 89' lang='lat' dir='ltr'>ac</span> 
     </span>
     <span class='ocr_line' id='line_1_43' title="bbox 206 1690 1002 1727; baseline 0.001 -10"><span class='ocrx_word' id='word_1_301' title='bbox 206 1690 351 1718; x_wconf 86' lang='lat' dir='ltr'>lustrorum</span> <span class='ocrx_word' id='word_1_302' title='bbox 363 1691 458 1718; x_wconf 89' lang='lat' dir='ltr'>libido:</span> <span class='ocrx_word' id='word_1_303' title='bbox 480 1691 552 1727; x_wconf 90' lang='lat' dir='ltr'>quod</span> <span class='ocrx_word' id='word_1_304' title='bbox 563 1692 673 1726; x_wconf 90' lang='lat' dir='ltr'>quidem</span> <span class='ocrx_word' id='word_1_305' title='bbox 684 1691 781 1718; x_wconf 89' lang='lat' dir='ltr'>vitium</span> <span class='ocrx_word' id='word_1_306' title='bbox 792 1692 892 1718; x_wconf 87' lang='lat' dir='ltr'>ventris</span> <span class='ocrx_word' id='word_1_307' title='bbox 903 1697 929 1718; x_wconf 94' lang='lat' dir='ltr'>et</span> <span class='ocrx_word' id='word_1_308' title='bbox 938 1696 1002 1727; x_wconf 85' lang='lat' dir='ltr'>gut—</span> 
     </span>
     <span class='ocr_line' id='line_1_44' title="bbox 205 1728 999 1760; baseline 0.001 -6"><span class='ocrx_word' id='word_1_309' title='bbox 205 1729 272 1755; x_wconf 88' lang='lat' dir='ltr'>turis</span> <span class='ocrx_word' id='word_1_310' title='bbox 284 1736 336 1755; x_wconf 90' lang='lat' dir='ltr'>non</span> <span class='ocrx_word' id='word_1_311' title='bbox 347 1728 426 1755; x_wconf 88' lang='lat' dir='ltr'>modo</span> <span class='ocrx_word' id='word_1_312' title='bbox 436 1737 488 1755; x_wconf 91' lang='lat' dir='ltr'>non</span> <span class='ocrx_word' id='word_1_313' title='bbox 500 1729 597 1755; x_wconf 89' lang='lat' dir='ltr'>minuit</span> <span class='ocrx_word' id='word_1_314' title='bbox 607 1733 678 1755; x_wconf 87' lang='lat' dir='ltr'>aetas</span> <span class='ocrx_word' id='word_1_315' title='bbox 690 1728 854 1760; x_wconf 85' lang='lat' dir='ltr'>hominibus,</span> <span class='ocrx_word' id='word_1_316' title='bbox 866 1729 914 1756; x_wconf 90' lang='lat' dir='ltr'>sed</span> <span class='ocrx_word' id='word_1_317' title='bbox 920 1730 999 1755; x_wconf 89' lang='lat' dir='ltr'>etiam</span> 
     </span>
     <span class='ocr_line' id='line_1_45' title="bbox 204 1765 997 1801; baseline 0.003 -10"><span class='ocrx_word' id='word_1_318' title='bbox 204 1770 293 1801; x_wconf 80' lang='lat' dir='ltr'>auget.</span> <span class='ocrx_word' id='word_1_319' title='bbox 333 1765 443 1792; x_wconf 80' lang='lat' dir='ltr'>Amores</span> <span class='ocrx_word' id='word_1_320' title='bbox 454 1770 552 1797; x_wconf 89' lang='lat' dir='ltr'>autem,</span> <span class='ocrx_word' id='word_1_321' title='bbox 566 1770 591 1792; x_wconf 88' lang='lat' dir='ltr'>et</span> <span class='ocrx_word' id='word_1_322' title='bbox 602 1766 651 1792; x_wconf 85' lang='lat' dir='ltr'>hae</span> <span class='ocrx_word' id='word_1_323' title='bbox 661 1765 772 1792; x_wconf 84' lang='lat' dir='ltr'>deliciae</span> <span class='ocrx_word' id='word_1_324' title='bbox 781 1774 851 1801; x_wconf 89' lang='lat' dir='ltr'>quae</span> <span class='ocrx_word' id='word_1_325' title='bbox 861 1771 997 1797; x_wconf 83' lang='lat' dir='ltr'>vocantur,</span> 
     </span>
     <span class='ocr_line' id='line_1_46' title="bbox 204 1801 1001 1838; baseline 0.003 -10"><span class='ocrx_word' id='word_1_326' title='bbox 204 1810 273 1837; x_wconf 90' lang='lat' dir='ltr'>quae</span> <span class='ocrx_word' id='word_1_327' title='bbox 284 1801 399 1829; x_wconf 83' lang='lat' dir='ltr'>firmiore</span> <span class='ocrx_word' id='word_1_328' title='bbox 409 1803 498 1829; x_wconf 90' lang='lat' dir='ltr'>animo</span> <span class='ocrx_word' id='word_1_329' title='bbox 509 1802 635 1838; x_wconf 85' lang='lat' dir='ltr'>praeditis</span> <span class='ocrx_word' id='word_1_330' title='bbox 645 1803 749 1829; x_wconf 90' lang='lat' dir='ltr'>diutius</span> <span class='ocrx_word' id='word_1_331' title='bbox 761 1803 887 1830; x_wconf 75' lang='lat' dir='ltr'>molestae</span> <span class='ocrx_word' id='word_1_332' title='bbox 898 1812 950 1830; x_wconf 90' lang='lat' dir='ltr'>non</span> <span class='ocrx_word' id='word_1_333' title='bbox 956 1812 1001 1830; x_wconf 89' lang='lat' dir='ltr'>so-</span> 
     </span>
     <span class='ocr_line' id='line_1_47' title="bbox 205 1839 1000 1876; baseline 0.003 -11"><span class='ocrx_word' id='word_1_334' title='bbox 205 1839 259 1866; x_wconf 89' lang='lat' dir='ltr'>lent</span> <span class='ocrx_word' id='word_1_335' title='bbox 270 1847 338 1871; x_wconf 80' lang='lat' dir='ltr'>esse.</span> <span class='ocrx_word' id='word_1_336' title='bbox 346 1839 459 1875; x_wconf 89' lang='lat' dir='ltr'>(mature</span> <span class='ocrx_word' id='word_1_337' title='bbox 470 1840 542 1866; x_wconf 90' lang='lat' dir='ltr'>enim</span> <span class='ocrx_word' id='word_1_338' title='bbox 548 1844 574 1866; x_wconf 88' lang='lat' dir='ltr'>et</span> <span class='ocrx_word' id='word_1_339' title='bbox 584 1839 705 1866; x_wconf 86' lang='lat' dir='ltr'>celeriter</span> <span class='ocrx_word' id='word_1_340' title='bbox 715 1839 1000 1876; x_wconf 81' lang='lat' dir='ltr'>deflorescunt.)num-</span> 
     </span>
     <span class='ocr_line' id='line_1_48' title="bbox 203 1877 997 1912; baseline 0.001 -9"><span class='ocrx_word' id='word_1_341' title='bbox 203 1884 285 1911; x_wconf 87' lang='lat' dir='ltr'>quam</span> <span class='ocrx_word' id='word_1_342' title='bbox 316 1877 388 1903; x_wconf 87' lang='lat' dir='ltr'>hunc</span> <span class='ocrx_word' id='word_1_343' title='bbox 416 1881 573 1912; x_wconf 88' lang='lat' dir='ltr'>occupatum</span> <span class='ocrx_word' id='word_1_344' title='bbox 601 1877 817 1912; x_wconf 88' lang='lat' dir='ltr'>impeditumque</span> <span class='ocrx_word' id='word_1_345' title='bbox 844 1882 997 1905; x_wconf 87' lang='lat' dir='ltr'>tenuerunt.</span> 
     </span>
     <span class='ocr_line' id='line_1_49' title="bbox 205 1913 996 1949; baseline 0.004 -10"><span class='ocrx_word' id='word_1_346' title='bbox 205 1914 246 1940; x_wconf 72' lang='lat'>45.</span> <span class='ocrx_word' id='word_1_347' title='bbox 268 1913 403 1945; x_wconf 76' lang='lat' dir='ltr'>Audistis,</span> <span class='ocrx_word' id='word_1_348' title='bbox 425 1923 511 1949; x_wconf 89' lang='lat' dir='ltr'>quum</span> <span class='ocrx_word' id='word_1_349' title='bbox 532 1922 580 1949; x_wconf 89' lang='lat' dir='ltr'>pro</span> <span class='ocrx_word' id='word_1_350' title='bbox 599 1922 628 1940; x_wconf 86' lang='lat' dir='ltr'>se</span> <span class='ocrx_word' id='word_1_351' title='bbox 647 1914 760 1941; x_wconf 89' lang='lat' dir='ltr'>diceret:</span> <span class='ocrx_word' id='word_1_352' title='bbox 782 1914 895 1942; x_wconf 89' lang='lat' dir='ltr'>audistis</span> <span class='ocrx_word' id='word_1_353' title='bbox 911 1920 996 1946; x_wconf 88' lang='lat' dir='ltr'>antea,</span> 
     </span>
     <span class='ocr_line' id='line_1_50' title="bbox 203 1951 999 1989; baseline 0.004 -12"><span class='ocrx_word' id='word_1_354' title='bbox 203 1959 290 1986; x_wconf 88' lang='lat' dir='ltr'>quum</span> <span class='ocrx_word' id='word_1_355' title='bbox 305 1956 453 1978; x_wconf 87' lang='lat' dir='ltr'>accusaret:</span> <span class='ocrx_word' id='word_1_356' title='bbox 475 1951 645 1987; x_wconf 90' lang='lat' dir='ltr'>(defendendi</span> <span class='ocrx_word' id='word_1_357' title='bbox 662 1952 725 1978; x_wconf 90' lang='lat' dir='ltr'>haec</span> <span class='ocrx_word' id='word_1_358' title='bbox 736 1960 840 1984; x_wconf 78' lang='lat' dir='ltr'>caussa,</span> <span class='ocrx_word' id='word_1_359' title='bbox 853 1961 905 1979; x_wconf 91' lang='lat' dir='ltr'>non</span> <span class='ocrx_word' id='word_1_360' title='bbox 916 1952 999 1989; x_wconf 82' lang='lat' dir='ltr'>glori-</span> 
     </span>
     <span class='ocr_line' id='line_1_51' title="bbox 204 1988 999 2025; baseline 0.004 -11"><span class='ocrx_word' id='word_1_361' title='bbox 204 1988 265 2014; x_wconf 88' lang='lat' dir='ltr'>andi</span> <span class='ocrx_word' id='word_1_362' title='bbox 278 1988 371 2023; x_wconf 87' lang='lat' dir='ltr'>loquor</span> <span class='ocrx_word' id='word_1_363' title='bbox 379 1988 396 2024; x_wconf 95' lang='lat'>:)</span> <span class='ocrx_word' id='word_1_364' title='bbox 406 1997 492 2024; x_wconf 85' lang='lat' dir='ltr'>genus</span> <span class='ocrx_word' id='word_1_365' title='bbox 503 1989 637 2020; x_wconf 81' lang='lat' dir='ltr'>orationis,</span> <span class='ocrx_word' id='word_1_366' title='bbox 652 1988 813 2021; x_wconf 81' lang='lat' dir='ltr'>facultatem,</span> <span class='ocrx_word' id='word_1_367' title='bbox 821 1990 925 2025; x_wconf 89' lang='lat' dir='ltr'>copiam</span> <span class='ocrx_word' id='word_1_368' title='bbox 936 1998 999 2017; x_wconf 85' lang='lat' dir='ltr'>sen-</span> 
     </span>
     <span class='ocr_line' id='line_1_52' title="bbox 204 2025 995 2062; baseline 0.001 -9"><span class='ocrx_word' id='word_1_369' title='bbox 204 2025 345 2053; x_wconf 86' lang='lat' dir='ltr'>tentiarum</span> <span class='ocrx_word' id='word_1_370' title='bbox 361 2030 440 2061; x_wconf 88' lang='lat' dir='ltr'>atque</span> <span class='ocrx_word' id='word_1_371' title='bbox 453 2025 605 2057; x_wconf 79' lang='lat' dir='ltr'>verborum,</span> <span class='ocrx_word' id='word_1_372' title='bbox 618 2034 687 2061; x_wconf 89' lang='lat' dir='ltr'>quae</span> <span class='ocrx_word' id='word_1_373' title='bbox 696 2031 783 2053; x_wconf 87' lang='lat' dir='ltr'>vestra</span> <span class='ocrx_word' id='word_1_374' title='bbox 795 2027 935 2062; x_wconf 87' lang='lat' dir='ltr'>prudentia</span> <span class='ocrx_word' id='word_1_375' title='bbox 947 2032 995 2059; x_wconf 88' lang='lat' dir='ltr'>est,</span> 
     </span>
     <span class='ocr_line' id='line_1_53' title="bbox 204 2063 999 2100; baseline 0.003 -11"><span class='ocrx_word' id='word_1_376' title='bbox 204 2063 389 2098; x_wconf 86' lang='lat' dir='ltr'>perspexistis.</span> <span class='ocrx_word' id='word_1_377' title='bbox 429 2063 516 2098; x_wconf 81' lang='lat' dir='ltr'>Atque</span> <span class='ocrx_word' id='word_1_378' title='bbox 533 2064 560 2089; x_wconf 92' lang='lat' dir='ltr'>in</span> <span class='ocrx_word' id='word_1_379' title='bbox 576 2071 607 2090; x_wconf 89' lang='lat' dir='ltr'>eo</span> <span class='ocrx_word' id='word_1_380' title='bbox 622 2072 674 2090; x_wconf 93' lang='lat' dir='ltr'>non</span> <span class='ocrx_word' id='word_1_381' title='bbox 690 2063 778 2090; x_wconf 90' lang='lat' dir='ltr'>solum</span> <span class='ocrx_word' id='word_1_382' title='bbox 789 2064 928 2100; x_wconf 81' lang='lat' dir='ltr'>ingenium</span> <span class='ocrx_word' id='word_1_383' title='bbox 940 2065 999 2091; x_wconf 88' lang='lat' dir='ltr'>elu-</span> 
     </span>
     <span class='ocr_line' id='line_1_54' title="bbox 202 2100 997 2135; baseline 0.004 -9"><span class='ocrx_word' id='word_1_384' title='bbox 202 2109 261 2126; x_wconf 87' lang='lat' dir='ltr'>cere</span> <span class='ocrx_word' id='word_1_385' title='bbox 271 2101 329 2126; x_wconf 91' lang='lat' dir='ltr'>eius</span> <span class='ocrx_word' id='word_1_386' title='bbox 340 2100 485 2133; x_wconf 79' lang='lat' dir='ltr'>videbatis;</span> <span class='ocrx_word' id='word_1_387' title='bbox 507 2100 579 2135; x_wconf 87' lang='lat' dir='ltr'>quod</span> <span class='ocrx_word' id='word_1_388' title='bbox 590 2109 678 2135; x_wconf 84' lang='lat' dir='ltr'>saepe,</span> <span class='ocrx_word' id='word_1_389' title='bbox 687 2101 791 2128; x_wconf 87' lang='lat' dir='ltr'>etiamsi</span> <span class='ocrx_word' id='word_1_390' title='bbox 801 2101 934 2129; x_wconf 84' lang='lat' dir='ltr'>industria</span> <span class='ocrx_word' id='word_1_391' title='bbox 945 2111 997 2129; x_wconf 90' lang='lat' dir='ltr'>non</span> 
     </span>
     <span class='ocr_line' id='line_1_55' title="bbox 203 2137 994 2173; baseline 0.005 -10"><span class='ocrx_word' id='word_1_392' title='bbox 203 2137 295 2168; x_wconf 85' lang='lat' dir='ltr'>alitur,</span> <span class='ocrx_word' id='word_1_393' title='bbox 319 2137 388 2164; x_wconf 84' lang='lat' dir='ltr'>valet</span> <span class='ocrx_word' id='word_1_394' title='bbox 408 2142 496 2164; x_wconf 89' lang='lat' dir='ltr'>tamen</span> <span class='ocrx_word' id='word_1_395' title='bbox 511 2138 602 2173; x_wconf 90' lang='lat' dir='ltr'>ipsum</span> <span class='ocrx_word' id='word_1_396' title='bbox 620 2138 678 2164; x_wconf 89' lang='lat' dir='ltr'>suis</span> <span class='ocrx_word' id='word_1_397' title='bbox 699 2138 817 2166; x_wconf 86' lang='lat' dir='ltr'>viribus:</span> <span class='ocrx_word' id='word_1_398' title='bbox 839 2139 887 2166; x_wconf 87' lang='lat' dir='ltr'>sed</span> <span class='ocrx_word' id='word_1_399' title='bbox 902 2140 994 2171; x_wconf 88' lang='lat' dir='ltr'>inerat,</span> 
     </span>
     <span class='ocr_line' id='line_1_56' title="bbox 202 2175 997 2210; baseline 0.004 -9"><span class='ocrx_word' id='word_1_400' title='bbox 202 2175 254 2201; x_wconf 91' lang='lat' dir='ltr'>nisi</span> <span class='ocrx_word' id='word_1_401' title='bbox 270 2183 313 2201; x_wconf 91' lang='lat' dir='ltr'>me</span> <span class='ocrx_word' id='word_1_402' title='bbox 328 2179 435 2210; x_wconf 85' lang='lat' dir='ltr'>propter</span> <span class='ocrx_word' id='word_1_403' title='bbox 450 2175 661 2202; x_wconf 85' lang='lat' dir='ltr'>benevolentiam</span> <span class='ocrx_word' id='word_1_404' title='bbox 678 2175 743 2202; x_wconf 85' lang='lat' dir='ltr'>forte</span> <span class='ocrx_word' id='word_1_405' title='bbox 755 2175 871 2207; x_wconf 88' lang='lat' dir='ltr'>fallebat,</span> <span class='ocrx_word' id='word_1_406' title='bbox 885 2177 959 2208; x_wconf 90' lang='lat' dir='ltr'>ratio,</span> <span class='ocrx_word' id='word_1_407' title='bbox 972 2181 997 2203; x_wconf 83' lang='lat' dir='ltr'>et</span> 
     </span>
     <span class='ocr_line' id='line_1_57' title="bbox 202 2211 994 2250; baseline 0.004 -12"><span class='ocrx_word' id='word_1_408' title='bbox 202 2211 280 2238; x_wconf 87' lang='lat' dir='ltr'>bonis</span> <span class='ocrx_word' id='word_1_409' title='bbox 301 2212 402 2239; x_wconf 91' lang='lat' dir='ltr'>artibus</span> <span class='ocrx_word' id='word_1_410' title='bbox 418 2213 553 2243; x_wconf 86' lang='lat' dir='ltr'>instituta,</span> <span class='ocrx_word' id='word_1_411' title='bbox 578 2217 604 2239; x_wconf 90' lang='lat' dir='ltr'>et</span> <span class='ocrx_word' id='word_1_412' title='bbox 617 2221 680 2239; x_wconf 90' lang='lat' dir='ltr'>cura</span> <span class='ocrx_word' id='word_1_413' title='bbox 695 2217 720 2239; x_wconf 90' lang='lat' dir='ltr'>et</span> <span class='ocrx_word' id='word_1_414' title='bbox 735 2213 838 2250; x_wconf 81' lang='lat' dir='ltr'>vigiliis</span> <span class='ocrx_word' id='word_1_415' title='bbox 853 2214 994 2241; x_wconf 89' lang='lat' dir='ltr'>elaborata.</span> 
     </span>
     <span class='ocr_line' id='line_1_58' title="bbox 202 2249 997 2286; baseline 0.004 -10"><span class='ocrx_word' id='word_1_416' title='bbox 202 2250 289 2284; x_wconf 82' lang='lat' dir='ltr'>Atque</span> <span class='ocrx_word' id='word_1_417' title='bbox 304 2249 406 2281; x_wconf 84' lang='lat' dir='ltr'>scitote,</span> <span class='ocrx_word' id='word_1_418' title='bbox 418 2250 530 2281; x_wconf 88' lang='lat' dir='ltr'>iudices,</span> <span class='ocrx_word' id='word_1_419' title='bbox 543 2258 587 2276; x_wconf 91' lang='lat' dir='ltr'>eas</span> <span class='ocrx_word' id='word_1_420' title='bbox 598 2249 767 2285; x_wconf 88' lang='lat' dir='ltr'>cupiditates,</span> <span class='ocrx_word' id='word_1_421' title='bbox 780 2259 850 2286; x_wconf 91' lang='lat' dir='ltr'>quae</span> <span class='ocrx_word' id='word_1_422' title='bbox 862 2251 997 2278; x_wconf 86' lang='lat' dir='ltr'>obiiciun-</span> 
     </span>
     <span class='ocr_line' id='line_1_59' title="bbox 203 2286 996 2324; baseline 0.004 -11"><span class='ocrx_word' id='word_1_423' title='bbox 203 2292 247 2313; x_wconf 87' lang='lat' dir='ltr'>tur</span> <span class='ocrx_word' id='word_1_424' title='bbox 258 2286 355 2317; x_wconf 89' lang='lat' dir='ltr'>Caelio,</span> <span class='ocrx_word' id='word_1_425' title='bbox 379 2291 458 2322; x_wconf 88' lang='lat' dir='ltr'>atque</span> <span class='ocrx_word' id='word_1_426' title='bbox 470 2287 534 2313; x_wconf 88' lang='lat' dir='ltr'>haec</span> <span class='ocrx_word' id='word_1_427' title='bbox 545 2287 643 2318; x_wconf 90' lang='lat' dir='ltr'>studia,</span> <span class='ocrx_word' id='word_1_428' title='bbox 656 2287 688 2314; x_wconf 88' lang='lat' dir='ltr'>de</span> <span class='ocrx_word' id='word_1_429' title='bbox 699 2288 800 2322; x_wconf 91' lang='lat' dir='ltr'>quibus</span> <span class='ocrx_word' id='word_1_430' title='bbox 812 2288 929 2324; x_wconf 89' lang='lat' dir='ltr'>disputo,</span> <span class='ocrx_word' id='word_1_431' title='bbox 943 2297 996 2316; x_wconf 91' lang='lat' dir='ltr'>non</span> 
     </span>
     <span class='ocr_line' id='line_1_60' title="bbox 202 2323 996 2359; baseline 0.004 -9"><span class='ocrx_word' id='word_1_432' title='bbox 202 2323 279 2350; x_wconf 87' lang='lat' dir='ltr'>facile</span> <span class='ocrx_word' id='word_1_433' title='bbox 293 2325 321 2351; x_wconf 94' lang='lat' dir='ltr'>in</span> <span class='ocrx_word' id='word_1_434' title='bbox 337 2323 430 2351; x_wconf 90' lang='lat' dir='ltr'>eodem</span> <span class='ocrx_word' id='word_1_435' title='bbox 446 2324 554 2351; x_wconf 88' lang='lat' dir='ltr'>homine</span> <span class='ocrx_word' id='word_1_436' title='bbox 570 2332 630 2351; x_wconf 89' lang='lat' dir='ltr'>esse</span> <span class='ocrx_word' id='word_1_437' title='bbox 645 2333 733 2359; x_wconf 88' lang='lat' dir='ltr'>posse.</span> <span class='ocrx_word' id='word_1_438' title='bbox 774 2326 845 2352; x_wconf 87' lang='lat' dir='ltr'>Fieri</span> <span class='ocrx_word' id='word_1_439' title='bbox 861 2327 931 2352; x_wconf 92' lang='lat' dir='ltr'>enim</span> <span class='ocrx_word' id='word_1_440' title='bbox 943 2335 996 2353; x_wconf 89' lang='lat' dir='ltr'>non</span> 
     </span>
     <span class='ocr_line' id='line_1_61' title="bbox 202 2361 993 2395; baseline 0.004 -8"><span class='ocrx_word' id='word_1_441' title='bbox 202 2365 296 2394; x_wconf 88' lang='lat' dir='ltr'>potest,</span> <span class='ocrx_word' id='word_1_442' title='bbox 320 2366 349 2387; x_wconf 94' lang='lat' dir='ltr'>ut</span> <span class='ocrx_word' id='word_1_443' title='bbox 364 2362 471 2388; x_wconf 89' lang='lat' dir='ltr'>animus</span> <span class='ocrx_word' id='word_1_444' title='bbox 488 2361 593 2388; x_wconf 89' lang='lat' dir='ltr'>libidini</span> <span class='ocrx_word' id='word_1_445' title='bbox 609 2361 726 2393; x_wconf 89' lang='lat' dir='ltr'>deditus,</span> <span class='ocrx_word' id='word_1_446' title='bbox 739 2370 836 2394; x_wconf 87' lang='lat' dir='ltr'>amore,</span> <span class='ocrx_word' id='word_1_447' title='bbox 850 2363 993 2395; x_wconf 84' lang='lat' dir='ltr'>desiderio,</span> 
     </span>
     <span class='ocr_line' id='line_1_62' title="bbox 201 2398 996 2434; baseline 0.005 -11"><span class='ocrx_word' id='word_1_448' title='bbox 201 2398 355 2432; x_wconf 83' lang='lat' dir='ltr'>cupiditate,</span> <span class='ocrx_word' id='word_1_449' title='bbox 377 2407 456 2434; x_wconf 88' lang='lat' dir='ltr'>saepe</span> <span class='ocrx_word' id='word_1_450' title='bbox 472 2399 554 2425; x_wconf 90' lang='lat' dir='ltr'>nimia</span> <span class='ocrx_word' id='word_1_451' title='bbox 568 2400 652 2434; x_wconf 90' lang='lat' dir='ltr'>copia,</span> <span class='ocrx_word' id='word_1_452' title='bbox 669 2400 759 2434; x_wconf 88' lang='lat' dir='ltr'>inopia</span> <span class='ocrx_word' id='word_1_453' title='bbox 769 2401 850 2426; x_wconf 87' lang='lat' dir='ltr'>etiam</span> <span class='ocrx_word' id='word_1_454' title='bbox 860 2409 996 2427; x_wconf 86' lang='lat' dir='ltr'>nonnum—</span> 
     </span>
     <span class='ocr_line' id='line_1_63' title="bbox 201 2435 995 2472; baseline 0.005 -12"><span class='ocrx_word' id='word_1_455' title='bbox 201 2443 281 2469; x_wconf 89' lang='lat' dir='ltr'>quam</span> <span class='ocrx_word' id='word_1_456' title='bbox 293 2435 448 2470; x_wconf 89' lang='lat' dir='ltr'>impeditus,</span> <span class='ocrx_word' id='word_1_457' title='bbox 460 2436 518 2467; x_wconf 85' lang='lat' dir='ltr'>hoc,</span> <span class='ocrx_word' id='word_1_458' title='bbox 531 2436 665 2471; x_wconf 89' lang='lat' dir='ltr'>quidquid</span> <span class='ocrx_word' id='word_1_459' title='bbox 677 2441 725 2468; x_wconf 86' lang='lat' dir='ltr'>est,</span> <span class='ocrx_word' id='word_1_460' title='bbox 738 2437 811 2472; x_wconf 89' lang='lat' dir='ltr'>quod</span> <span class='ocrx_word' id='word_1_461' title='bbox 822 2446 870 2464; x_wconf 87' lang='lat' dir='ltr'>nos</span> <span class='ocrx_word' id='word_1_462' title='bbox 882 2437 995 2464; x_wconf 87' lang='lat' dir='ltr'>facimus</span> 
     </span>
     <span class='ocr_line' id='line_1_64' title="bbox 201 2471 996 2511; baseline 0.006 -14"><span class='ocrx_word' id='word_1_463' title='bbox 201 2472 229 2497; x_wconf 90' lang='lat' dir='ltr'>in</span> <span class='ocrx_word' id='word_1_464' title='bbox 243 2471 363 2503; x_wconf 81' lang='lat' dir='ltr'>dicendo,</span> <span class='ocrx_word' id='word_1_465' title='bbox 378 2482 428 2500; x_wconf 92' lang='lat' dir='ltr'>non</span> <span class='ocrx_word' id='word_1_466' title='bbox 443 2473 521 2500; x_wconf 91' lang='lat' dir='ltr'>modo</span> <span class='ocrx_word' id='word_1_467' title='bbox 532 2474 642 2509; x_wconf 84' lang='lat' dir='ltr'>agendo,</span> <span class='ocrx_word' id='word_1_468' title='bbox 656 2482 750 2500; x_wconf 90' lang='lat' dir='ltr'>verum</span> <span class='ocrx_word' id='word_1_469' title='bbox 761 2475 840 2501; x_wconf 86' lang='lat' dir='ltr'>etiam</span> <span class='ocrx_word' id='word_1_470' title='bbox 854 2475 996 2511; x_wconf 67' lang='lat' dir='ltr'>cogitando</span> 
     </span>
     <span class='ocr_line' id='line_1_65' title="bbox 202 2508 994 2542; baseline 0.008 -9"><span class='ocrx_word' id='word_1_471' title='bbox 202 2508 286 2542; x_wconf 85' lang='lat' dir='ltr'>possit</span> <span class='ocrx_word' id='word_1_472' title='bbox 296 2510 436 2536; x_wconf 88' lang='lat' dir='ltr'>sustinere.</span> <span class='ocrx_word' id='word_1_473' title='bbox 459 2512 498 2537; x_wconf 76' lang='lat'>46.</span> <span class='ocrx_word' id='word_1_474' title='bbox 510 2510 550 2537; x_wconf 81' lang='lat' dir='ltr'>An</span> <span class='ocrx_word' id='word_1_475' title='bbox 562 2519 609 2537; x_wconf 85' lang='lat' dir='ltr'>vos</span> <span class='ocrx_word' id='word_1_476' title='bbox 619 2510 699 2537; x_wconf 87' lang='lat' dir='ltr'>aliam</span> <span class='ocrx_word' id='word_1_477' title='bbox 711 2519 834 2538; x_wconf 84' lang='lat' dir='ltr'>caussam</span> <span class='ocrx_word' id='word_1_478' title='bbox 845 2520 904 2539; x_wconf 86' lang='lat' dir='ltr'>esse</span> <span class='ocrx_word' id='word_1_479' title='bbox 911 2512 994 2539; x_wconf 82' lang='lat' dir='ltr'>ullam</span> 
     </span>
     <span class='ocr_line' id='line_1_66' title="bbox 202 2545 996 2583; baseline 0.009 -14"><span class='ocrx_word' id='word_1_480' title='bbox 202 2545 310 2578; x_wconf 84' lang='lat' dir='ltr'>putatis,</span> <span class='ocrx_word' id='word_1_481' title='bbox 327 2555 383 2576; x_wconf 87' lang='lat' dir='ltr'>cur,</span> <span class='ocrx_word' id='word_1_482' title='bbox 401 2547 429 2574; x_wconf 91' lang='lat' dir='ltr'>in</span> <span class='ocrx_word' id='word_1_483' title='bbox 445 2548 523 2574; x_wconf 88' lang='lat' dir='ltr'>tantis</span> <span class='ocrx_word' id='word_1_484' title='bbox 538 2548 664 2582; x_wconf 90' lang='lat' dir='ltr'>praemiis</span> <span class='ocrx_word' id='word_1_485' title='bbox 676 2547 852 2583; x_wconf 83' lang='lat' dir='ltr'>eloquentiae,</span> <span class='ocrx_word' id='word_1_486' title='bbox 865 2553 937 2576; x_wconf 88' lang='lat' dir='ltr'>tanta</span> <span class='ocrx_word' id='word_1_487' title='bbox 947 2558 996 2576; x_wconf 85' lang='lat' dir='ltr'>vo-</span> 
     </span>
     <span class='ocr_line' id='line_1_67' title="bbox 203 2581 995 2621; baseline 0.009 -15"><span class='ocrx_word' id='word_1_488' title='bbox 203 2581 302 2616; x_wconf 88' lang='lat' dir='ltr'>luptate</span> <span class='ocrx_word' id='word_1_489' title='bbox 317 2581 431 2614; x_wconf 86' lang='lat' dir='ltr'>dicendi,</span> <span class='ocrx_word' id='word_1_490' title='bbox 448 2589 519 2611; x_wconf 88' lang='lat' dir='ltr'>tanta</span> <span class='ocrx_word' id='word_1_491' title='bbox 535 2584 622 2616; x_wconf 89' lang='lat' dir='ltr'>laude,</span> <span class='ocrx_word' id='word_1_492' title='bbox 640 2589 711 2611; x_wconf 89' lang='lat' dir='ltr'>tanta</span> <span class='ocrx_word' id='word_1_493' title='bbox 721 2586 814 2621; x_wconf 81' lang='lat' dir='ltr'>gratia,</span> <span class='ocrx_word' id='word_1_494' title='bbox 827 2591 900 2613; x_wconf 87' lang='lat' dir='ltr'>tanto</span> <span class='ocrx_word' id='word_1_495' title='bbox 911 2586 995 2613; x_wconf 90' lang='lat' dir='ltr'>hono—</span> 
     </span>
    </p>
   </div>
   <div class='ocr_carea' id='block_1_13' title="bbox 1026 435 1033 1120">
    <p class='ocr_par' dir='ltr' id='par_1_14' title="bbox 1026 435 1033 1120">
     <span class='ocr_line' id='line_1_68' title="bbox 1026 435 1033 1120; baseline 0 0"><span class='ocrx_word' id='word_1_496' title='bbox 1026 435 1033 1120; x_wconf 95' lang='lat' dir='ltr'> </span> 
     </span>
    </p>
   </div>
   <div class='ocr_carea' id='block_1_14' title="bbox 941 132 1273 159">
    <p class='ocr_par' dir='ltr' id='par_1_15' title="bbox 941 132 1273 159">
     <span class='ocr_line' id='line_1_69' title="bbox 941 132 1273 159; baseline -0.006 0"><span class='ocrx_word' id='word_1_497' title='bbox 941 133 970 159; x_wconf 83' lang='lat' dir='ltr'>T.</span> <span class='ocrx_word' id='word_1_498' title='bbox 1001 132 1273 159; x_wconf 51' lang='lat' dir='ltr'>ClClillOle&#39;</span> 
     </span>
    </p>
   </div>
   <div class='ocr_carea' id='block_1_15' title="bbox 1061 203 1854 276">
    <p class='ocr_par' dir='ltr' id='par_1_16' title="bbox 1061 203 1854 276">
     <span class='ocr_line' id='line_1_70' title="bbox 1061 203 1854 238; baseline 0.006 -11"><span class='ocrx_word' id='word_1_499' title='bbox 1061 203 1166 238; x_wconf 65' lang='lat' dir='ltr'>quenda</span> <span class='ocrx_word' id='word_1_500' title='bbox 1178 204 1266 229; x_wconf 73' lang='lat' dir='ltr'>studia</span> <span class='ocrx_word' id='word_1_501' title='bbox 1274 203 1464 235; x_wconf 69' lang='lat' dir='ltr'>delectationis,</span> <span class='ocrx_word' id='word_1_502' title='bbox 1474 205 1588 231; x_wconf 63' lang='lat' dir='ltr'>iudisesx</span> <span class='ocrx_word' id='word_1_503' title='bbox 1603 205 1690 232; x_wconf 71' lang='lat' dir='ltr'>tudun,</span> <span class='ocrx_word' id='word_1_504' title='bbox 1700 207 1783 235; x_wconf 74' lang='lat' dir='ltr'>iot-us,</span> <span class='ocrx_word' id='word_1_505' title='bbox 1791 214 1854 232; x_wconf 81' lang='lat' dir='ltr'>ron·</span> 
     </span>
     <span class='ocr_line' id='line_1_71' title="bbox 1063 242 1851 276; baseline 0.004 -11"><span class='ocrx_word' id='word_1_506' title='bbox 1063 242 1179 270; x_wconf 74' lang='lat' dir='ltr'>vivium.</span> <span class='ocrx_word' id='word_1_507' title='bbox 1206 250 1293 267; x_wconf 79' lang='lat' dir='ltr'>sermo</span> <span class='ocrx_word' id='word_1_508' title='bbox 1316 246 1355 267; x_wconf 70' lang='lat' dir='ltr'>est</span> <span class='ocrx_word' id='word_1_509' title='bbox 1376 250 1458 276; x_wconf 86' lang='lat' dir='ltr'>paene</span> <span class='ocrx_word' id='word_1_510' title='bbox 1482 242 1652 269; x_wconf 73' lang='lat' dir='ltr'>familiarium</span> <span class='ocrx_word' id='word_1_511' title='bbox 1676 243 1851 268; x_wconf 66' lang='lat' dir='ltr'>deserendus.</span> 
     </span>
    </p>
   </div>
   <div class='ocr_carea' id='block_1_16' title="bbox 1060 315 1855 499">
    <p class='ocr_par' dir='ltr' id='par_1_17' title="bbox 1060 315 1855 499">
     <span class='ocr_line' id='line_1_72' title="bbox 1060 315 1855 351; baseline 0.003 -11"><span class='ocrx_word' id='word_1_512' title='bbox 1060 315 1136 340; x_wconf 87' lang='lat' dir='ltr'>cendi</span> <span class='ocrx_word' id='word_1_513' title='bbox 1153 315 1280 341; x_wconf 77' lang='lat' dir='ltr'>deterret:</span> <span class='ocrx_word' id='word_1_514' title='bbox 1308 324 1368 345; x_wconf 92' lang='lat' dir='ltr'>non,</span> <span class='ocrx_word' id='word_1_515' title='bbox 1382 324 1436 350; x_wconf 90' lang='lat' dir='ltr'>quo</span> <span class='ocrx_word' id='word_1_516' title='bbox 1446 321 1491 342; x_wconf 78' lang='lat' dir='ltr'>aut</span> <span class='ocrx_word' id='word_1_517' title='bbox 1503 316 1606 351; x_wconf 79' lang='lat' dir='ltr'>ingenia</span> <span class='ocrx_word' id='word_1_518' title='bbox 1618 317 1740 343; x_wconf 77' lang='lat' dir='ltr'>‹lefic-iant</span> <span class='ocrx_word' id='word_1_519' title='bbox 1751 322 1795 342; x_wconf 81' lang='lat' dir='ltr'>aut</span> <span class='ocrx_word' id='word_1_520' title='bbox 1806 317 1855 343; x_wconf 88' lang='lat' dir='ltr'>do-</span> 
     </span>
     <span class='ocr_line' id='line_1_73' title="bbox 1060 352 1852 386; baseline 0.003 -9"><span class='ocrx_word' id='word_1_521' title='bbox 1060 353 1143 378; x_wconf 80' lang='lat' dir='ltr'>ctrina</span> <span class='ocrx_word' id='word_1_522' title='bbox 1160 352 1279 386; x_wconf 67' lang='lat' dir='ltr'>puerilis.</span> <span class='ocrx_word' id='word_1_523' title='bbox 1306 353 1346 378; x_wconf 81' lang='grc' dir='ltr'>Π.</span> <span class='ocrx_word' id='word_1_524' title='bbox 1364 352 1402 379; x_wconf 73' lang='lat' dir='ltr'>An</span> <span class='ocrx_word' id='word_1_525' title='bbox 1418 353 1469 383; x_wconf 80' lang='lat' dir='ltr'>hic,</span> <span class='ocrx_word' id='word_1_526' title='bbox 1487 354 1509 379; x_wconf 77' lang='lat' dir='ltr'>si</span> <span class='ocrx_word' id='word_1_527' title='bbox 1521 362 1580 379; x_wconf 74' lang='lat' dir='ltr'>sese</span> <span class='ocrx_word' id='word_1_528' title='bbox 1591 355 1633 380; x_wconf 65' lang='lat' dir='ltr'>isti</span> <span class='ocrx_word' id='word_1_529' title='bbox 1647 355 1714 380; x_wconf 77' lang='lat' dir='ltr'>vitae</span> <span class='ocrx_word' id='word_1_530' title='bbox 1725 354 1852 383; x_wconf 73' lang='lat' dir='ltr'>(ledisset.</span> 
     </span>
     <span class='ocr_line' id='line_1_74' title="bbox 1060 389 1854 417; baseline 0.004 -3"><span class='ocrx_word' id='word_1_531' title='bbox 1060 389 1226 415; x_wconf 78' lang='lat' dir='ltr'>consularem</span> <span class='ocrx_word' id='word_1_532' title='bbox 1250 389 1383 416; x_wconf 84' lang='lat' dir='ltr'>hominem</span> <span class='ocrx_word' id='word_1_533' title='bbox 1405 389 1549 416; x_wconf 81' lang='lat' dir='ltr'>admodum</span> <span class='ocrx_word' id='word_1_534' title='bbox 1570 391 1723 417; x_wconf 74' lang='lat' dir='ltr'>adolescens</span> <span class='ocrx_word' id='word_1_535' title='bbox 1740 392 1766 417; x_wconf 89' lang='lat' dir='ltr'>in</span> <span class='ocrx_word' id='word_1_536' title='bbox 1783 392 1854 417; x_wconf 87' lang='lat' dir='ltr'>iudi-</span> 
     </span>
     <span class='ocr_line' id='line_1_75' title="bbox 1060 426 1853 461; baseline 0.001 -10"><span class='ocrx_word' id='word_1_537' title='bbox 1060 427 1131 452; x_wconf 87' lang='lat' dir='ltr'>cium</span> <span class='ocrx_word' id='word_1_538' title='bbox 1145 426 1311 452; x_wconf 63' lang='lat' dir='ltr'>vocavisset?</span> <span class='ocrx_word' id='word_1_539' title='bbox 1329 427 1379 454; x_wconf 76' lang='lat' dir='ltr'>hic.</span> <span class='ocrx_word' id='word_1_540' title='bbox 1389 428 1412 453; x_wconf 75' lang='lat' dir='ltr'>si</span> <span class='ocrx_word' id='word_1_541' title='bbox 1425 427 1540 453; x_wconf 85' lang='lat' dir='ltr'>laborem</span> <span class='ocrx_word' id='word_1_542' title='bbox 1552 427 1663 461; x_wconf 62' lang='lat' dir='ltr'>fugeret,</span> <span class='ocrx_word' id='word_1_543' title='bbox 1676 429 1697 453; x_wconf 72' lang='lat' dir='ltr'>ni</span> <span class='ocrx_word' id='word_1_544' title='bbox 1710 428 1853 454; x_wconf 69' lang='lat' dir='ltr'>obstrictus</span> 
     </span>
     <span class='ocr_line' id='line_1_76' title="bbox 1061 463 1855 499; baseline 0.003 -10"><span class='ocrx_word' id='word_1_545' title='bbox 1061 463 1243 498; x_wconf 81' lang='lat' dir='ltr'>voluptatibus</span> <span class='ocrx_word' id='word_1_546' title='bbox 1255 468 1395 493; x_wconf 86' lang='lat' dir='ltr'>teneretur,</span> <span class='ocrx_word' id='word_1_547' title='bbox 1408 465 1435 490; x_wconf 89' lang='lat' dir='ltr'>in</span> <span class='ocrx_word' id='word_1_548' title='bbox 1448 464 1680 499; x_wconf 79' lang='lat' dir='ltr'>hacaciequotidie</span> <span class='ocrx_word' id='word_1_549' title='bbox 1688 465 1855 491; x_wconf 57' lang='lat' dir='ltr'>veram-tur?</span> 
     </span>
    </p>
   </div>
   <div class='ocr_carea' id='block_1_17' title="bbox 1030 501 1854 535">
    <p class='ocr_par' dir='ltr' id='par_1_18' title="bbox 1030 501 1854 535">
     <span class='ocr_line' id='line_1_77' title="bbox 1030 501 1854 535; baseline 0.002 -9"><span class='ocrx_word' id='word_1_550' title='bbox 1030 505 1031 512; x_wconf 68' lang='lat'>¹</span> <span class='ocrx_word' id='word_1_551' title='bbox 1059 505 1194 535; x_wconf 78' lang='lat' dir='ltr'>appeteret</span> <span class='ocrx_word' id='word_1_552' title='bbox 1214 501 1387 527; x_wconf 66' lang='lat' dir='ltr'>inimicitias?</span> <span class='ocrx_word' id='word_1_553' title='bbox 1411 502 1437 528; x_wconf 89' lang='lat' dir='ltr'>in</span> <span class='ocrx_word' id='word_1_554' title='bbox 1459 502 1589 528; x_wconf 87' lang='lat' dir='ltr'>iudicium</span> <span class='ocrx_word' id='word_1_555' title='bbox 1606 502 1727 528; x_wconf 69' lang='lat' dir='ltr'>vocaret?</span> <span class='ocrx_word' id='word_1_556' title='bbox 1751 503 1854 529; x_wconf 77' lang='lat' dir='ltr'>subiret</span> 
     </span>
    </p>
   </div>
   <div class='ocr_carea' id='block_1_18' title="bbox 1058 538 1854 722">
    <p class='ocr_par' dir='ltr' id='par_1_19' title="bbox 1060 538 1854 611">
     <span class='ocr_line' id='line_1_78' title="bbox 1060 538 1854 573; baseline 0.003 -9"><span class='ocrx_word' id='word_1_557' title='bbox 1060 538 1210 572; x_wconf 84' lang='lat' dir='ltr'>periculum</span> <span class='ocrx_word' id='word_1_558' title='bbox 1231 538 1345 573; x_wconf 79' lang='lat' dir='ltr'>capitis?</span> <span class='ocrx_word' id='word_1_559' title='bbox 1369 539 1427 573; x_wconf 85' lang='lat' dir='ltr'>ipso</span> <span class='ocrx_word' id='word_1_560' title='bbox 1444 540 1607 573; x_wconf 74' lang='lat' dir='ltr'>inspectante</span> <span class='ocrx_word' id='word_1_561' title='bbox 1623 539 1722 573; x_wconf 87' lang='lat' dir='ltr'>populo</span> <span class='ocrx_word' id='word_1_562' title='bbox 1737 540 1854 566; x_wconf 73' lang='lat' dir='ltr'>nom-no</span> 
     </span>
     <span class='ocr_line' id='line_1_79' title="bbox 1061 575 1771 611; baseline 0.001 -10"><span class='ocrx_word' id='word_1_563' title='bbox 1061 580 1096 601; x_wconf 90' lang='lat' dir='ltr'>tot</span> <span class='ocrx_word' id='word_1_564' title='bbox 1108 584 1213 601; x_wconf 80' lang='lat' dir='ltr'>menses</span> <span class='ocrx_word' id='word_1_565' title='bbox 1225 580 1270 601; x_wconf 90' lang='lat' dir='ltr'>aut</span> <span class='ocrx_word' id='word_1_566' title='bbox 1281 575 1314 602; x_wconf 90' lang='lat' dir='ltr'>de</span> <span class='ocrx_word' id='word_1_567' title='bbox 1325 575 1410 602; x_wconf 83' lang='lat' dir='ltr'>salute</span> <span class='ocrx_word' id='word_1_568' title='bbox 1421 581 1466 602; x_wconf 84' lang='lat' dir='ltr'>aut</span> <span class='ocrx_word' id='word_1_569' title='bbox 1477 576 1510 602; x_wconf 90' lang='lat' dir='ltr'>de</span> <span class='ocrx_word' id='word_1_570' title='bbox 1520 576 1604 611; x_wconf 76' lang='lat' dir='ltr'>gloria</span> <span class='ocrx_word' id='word_1_571' title='bbox 1615 576 1771 602; x_wconf 71' lang='lat' dir='ltr'>dimicaret?</span> 
     </span>
    </p>

    <p class='ocr_par' dir='ltr' id='par_1_20' title="bbox 1058 612 1854 722">
     <span class='ocr_line' id='line_1_80' title="bbox 1115 612 1853 647; baseline 0.001 -9"><span class='ocrx_word' id='word_1_572' title='bbox 1115 613 1177 639; x_wconf 77' lang='lat' dir='ltr'>XX.</span> <span class='ocrx_word' id='word_1_573' title='bbox 1200 612 1272 639; x_wconf 77' lang='lat' dir='ltr'>Nihil</span> <span class='ocrx_word' id='word_1_574' title='bbox 1295 613 1377 647; x_wconf 86' lang='lat' dir='ltr'>igitur</span> <span class='ocrx_word' id='word_1_575' title='bbox 1392 612 1437 639; x_wconf 80' lang='lat' dir='ltr'>illa</span> <span class='ocrx_word' id='word_1_576' title='bbox 1454 613 1576 639; x_wconf 71' lang='lat' dir='ltr'>vicinitas</span> <span class='ocrx_word' id='word_1_577' title='bbox 1592 613 1709 639; x_wconf 66' lang='lat' dir='ltr'>redolet?</span> <span class='ocrx_word' id='word_1_578' title='bbox 1729 614 1794 640; x_wconf 84' lang='lat' dir='ltr'>nihil</span> <span class='ocrx_word' id='word_1_579' title='bbox 1806 613 1853 640; x_wconf 79' lang='lat' dir='ltr'>ho-</span> 
     </span>
     <span class='ocr_line' id='line_1_81' title="bbox 1059 649 1854 686; baseline -0.001 -10"><span class='ocrx_word' id='word_1_580' title='bbox 1059 650 1162 676; x_wconf 90' lang='lat' dir='ltr'>minum</span> <span class='ocrx_word' id='word_1_581' title='bbox 1185 649 1272 676; x_wconf 79' lang='lat' dir='ltr'>fama‘?</span> <span class='ocrx_word' id='word_1_582' title='bbox 1292 650 1358 676; x_wconf 82' lang='lat' dir='ltr'>nihil</span> <span class='ocrx_word' id='word_1_583' title='bbox 1375 650 1452 676; x_wconf 81' lang='lat' dir='ltr'>Baiae</span> <span class='ocrx_word' id='word_1_584' title='bbox 1466 650 1583 686; x_wconf 90' lang='lat' dir='ltr'>denique</span> <span class='ocrx_word' id='word_1_585' title='bbox 1599 651 1672 685; x_wconf 81' lang='lat' dir='ltr'>ipsae</span> <span class='ocrx_word' id='word_1_586' title='bbox 1690 650 1854 686; x_wconf 64' lang='lat' dir='ltr'>loquuntur?</span> 
     </span>
     <span class='ocr_line' id='line_1_82' title="bbox 1058 687 1852 722; baseline 0.001 -9"><span class='ocrx_word' id='word_1_587' title='bbox 1058 687 1120 713; x_wconf 89' lang='lat' dir='ltr'>lllae</span> <span class='ocrx_word' id='word_1_588' title='bbox 1141 695 1203 714; x_wconf 86' lang='lat' dir='ltr'>vcro</span> <span class='ocrx_word' id='word_1_589' title='bbox 1219 696 1269 713; x_wconf 94' lang='lat' dir='ltr'>non</span> <span class='ocrx_word' id='word_1_590' title='bbox 1288 687 1434 722; x_wconf 85' lang='lat' dir='ltr'>loquuntur</span> <span class='ocrx_word' id='word_1_591' title='bbox 1449 688 1546 717; x_wconf 78' lang='lat' dir='ltr'>solum,</span> <span class='ocrx_word' id='word_1_592' title='bbox 1565 696 1656 713; x_wconf 88' lang='lat' dir='ltr'>verum</span> <span class='ocrx_word' id='word_1_593' title='bbox 1668 688 1747 714; x_wconf 75' lang='lat' dir='ltr'>etiam</span> <span class='ocrx_word' id='word_1_594' title='bbox 1761 696 1852 722; x_wconf 76' lang='lat' dir='ltr'>perso-</span> 
     </span>
    </p>
   </div>
   <div class='ocr_carea' id='block_1_19' title="bbox 1034 724 1850 760">
    <p class='ocr_par' dir='ltr' id='par_1_21' title="bbox 1034 724 1850 760">
     <span class='ocr_line' id='line_1_83' title="bbox 1034 724 1850 760; baseline 0.001 -10"><span class='ocrx_word' id='word_1_595' title='bbox 1034 737 1037 754; x_wconf 56' lang='grc' dir='ltr'><strong><em>ι</em></strong></span> <span class='ocrx_word' id='word_1_596' title='bbox 1059 729 1135 751; x_wconf 82' lang='lat' dir='ltr'>nant:</span> <span class='ocrx_word' id='word_1_597' title='bbox 1168 724 1219 750; x_wconf 81' lang='lat' dir='ltr'>buc</span> <span class='ocrx_word' id='word_1_598' title='bbox 1235 725 1316 751; x_wconf 87' lang='lat' dir='ltr'>unius</span> <span class='ocrx_word' id='word_1_599' title='bbox 1333 725 1454 751; x_wconf 83' lang='lat' dir='ltr'>mulieris</span> <span class='ocrx_word' id='word_1_600' title='bbox 1471 725 1608 751; x_wconf 78' lang='lat' dir='ltr'>libidinem</span> <span class='ocrx_word' id='word_1_601' title='bbox 1620 733 1679 751; x_wconf 82' lang='lat' dir='ltr'>esse</span> <span class='ocrx_word' id='word_1_602' title='bbox 1691 724 1850 760; x_wconf 82' lang='lat' dir='ltr'>prolapsam.</span> 
     </span>
    </p>
   </div>
   <div class='ocr_carea' id='block_1_20' title="bbox 1056 762 1852 1281">
    <p class='ocr_par' dir='ltr' id='par_1_22' title="bbox 1056 762 1852 906">
     <span class='ocr_line' id='line_1_84' title="bbox 1059 762 1852 797; baseline 0 -9"><span class='ocrx_word' id='word_1_603' title='bbox 1059 766 1087 788; x_wconf 88' lang='lat' dir='ltr'>ut</span> <span class='ocrx_word' id='word_1_604' title='bbox 1107 770 1136 787; x_wconf 87' lang='lat' dir='ltr'>ea</span> <span class='ocrx_word' id='word_1_605' title='bbox 1158 770 1208 788; x_wconf 91' lang='lat' dir='ltr'>non</span> <span class='ocrx_word' id='word_1_606' title='bbox 1225 762 1302 788; x_wconf 89' lang='lat' dir='ltr'>modo</span> <span class='ocrx_word' id='word_1_607' title='bbox 1317 762 1488 788; x_wconf 84' lang='lat' dir='ltr'>solitudinem</span> <span class='ocrx_word' id='word_1_608' title='bbox 1509 771 1538 788; x_wconf 86' lang='lat' dir='ltr'>ac</span> <span class='ocrx_word' id='word_1_609' title='bbox 1554 762 1675 788; x_wconf 77' lang='lat' dir='ltr'>tenebras</span> <span class='ocrx_word' id='word_1_610' title='bbox 1690 767 1769 797; x_wconf 80' lang='lat' dir='ltr'>atque</span> <span class='ocrx_word' id='word_1_611' title='bbox 1787 762 1852 788; x_wconf 75' lang='lat' dir='ltr'>baec</span> 
     </span>
     <span class='ocr_line' id='line_1_85' title="bbox 1058 798 1852 835; baseline 0 -10"><span class='ocrx_word' id='word_1_612' title='bbox 1058 798 1216 835; x_wconf 77' lang='lat' dir='ltr'>flagitiorum</span> <span class='ocrx_word' id='word_1_613' title='bbox 1234 799 1414 835; x_wconf 81' lang='lat' dir='ltr'>integumenta</span> <span class='ocrx_word' id='word_1_614' title='bbox 1431 808 1482 825; x_wconf 91' lang='lat' dir='ltr'>non</span> <span class='ocrx_word' id='word_1_615' title='bbox 1494 804 1611 834; x_wconf 77' lang='lat' dir='ltr'>quaerat.</span> <span class='ocrx_word' id='word_1_616' title='bbox 1629 799 1675 825; x_wconf 85' lang='lat' dir='ltr'>sed</span> <span class='ocrx_word' id='word_1_617' title='bbox 1688 800 1714 826; x_wconf 91' lang='lat' dir='ltr'>in</span> <span class='ocrx_word' id='word_1_618' title='bbox 1727 800 1852 834; x_wconf 77' lang='lat' dir='ltr'>turpissi-</span> 
     </span>
     <span class='ocr_line' id='line_1_86' title="bbox 1057 835 1852 872; baseline 0.001 -10"><span class='ocrx_word' id='word_1_619' title='bbox 1057 837 1109 862; x_wconf 89' lang='lat' dir='ltr'>mis</span> <span class='ocrx_word' id='word_1_620' title='bbox 1125 836 1206 863; x_wconf 82' lang='lat' dir='ltr'>rebus</span> <span class='ocrx_word' id='word_1_621' title='bbox 1223 835 1440 872; x_wconf 82' lang='lat' dir='ltr'>frequentissima</span> <span class='ocrx_word' id='word_1_622' title='bbox 1450 836 1602 863; x_wconf 78' lang='lat' dir='ltr'>celebritate</span> <span class='ocrx_word' id='word_1_623' title='bbox 1613 841 1638 863; x_wconf 87' lang='lat' dir='ltr'>et</span> <span class='ocrx_word' id='word_1_624' title='bbox 1649 836 1797 863; x_wconf 70' lang='lat' dir='ltr'>clarissima</span> <span class='ocrx_word' id='word_1_625' title='bbox 1810 836 1852 863; x_wconf 93' lang='lat' dir='ltr'>lu-</span> 
     </span>
     <span class='ocr_line' id='line_1_87' title="bbox 1056 873 1503 906; baseline -0.007 -6"><span class='ocrx_word' id='word_1_626' title='bbox 1056 882 1086 900; x_wconf 90' lang='lat' dir='ltr'>ce</span> <span class='ocrx_word' id='word_1_627' title='bbox 1098 873 1217 900; x_wconf 85' lang='lat' dir='ltr'>laetetur.</span> <span class='ocrx_word' id='word_1_628' title='bbox 1499 901 1503 906; x_wconf 89' lang='lat'><strong>.</strong></span> 
     </span>
    </p>

    <p class='ocr_par' dir='ltr' id='par_1_23' title="bbox 1056 911 1851 1281">
     <span class='ocr_line' id='line_1_88' title="bbox 1113 911 1851 946; baseline 0 -9"><span class='ocrx_word' id='word_1_629' title='bbox 1113 912 1144 937; x_wconf 78' lang='grc'>48</span> <span class='ocrx_word' id='word_1_630' title='bbox 1177 911 1274 937; x_wconf 88' lang='lat' dir='ltr'>Verum</span> <span class='ocrx_word' id='word_1_631' title='bbox 1291 911 1314 937; x_wconf 84' lang='lat' dir='ltr'>si</span> <span class='ocrx_word' id='word_1_632' title='bbox 1325 911 1387 946; x_wconf 86' lang='lat' dir='ltr'>quis</span> <span class='ocrx_word' id='word_1_633' title='bbox 1401 915 1448 941; x_wconf 87' lang='lat' dir='ltr'>est,</span> <span class='ocrx_word' id='word_1_634' title='bbox 1462 912 1509 946; x_wconf 90' lang='lat' dir='ltr'>qui</span> <span class='ocrx_word' id='word_1_635' title='bbox 1521 912 1599 937; x_wconf 90' lang='lat' dir='ltr'>etiam</span> <span class='ocrx_word' id='word_1_636' title='bbox 1610 911 1767 937; x_wconf 74' lang='lat' dir='ltr'>meretriciis</span> <span class='ocrx_word' id='word_1_637' title='bbox 1778 919 1851 937; x_wconf 78' lang='lat' dir='ltr'>amo-</span> 
     </span>
     <span class='ocr_line' id='line_1_89' title="bbox 1057 948 1849 983; baseline 0 -9"><span class='ocrx_word' id='word_1_638' title='bbox 1057 948 1132 974; x_wconf 91' lang='lat' dir='ltr'>ribus</span> <span class='ocrx_word' id='word_1_639' title='bbox 1152 948 1323 974; x_wconf 81' lang='lat' dir='ltr'>interdictum</span> <span class='ocrx_word' id='word_1_640' title='bbox 1345 949 1478 974; x_wconf 88' lang='lat' dir='ltr'>iuventuti</span> <span class='ocrx_word' id='word_1_641' title='bbox 1499 953 1586 983; x_wconf 87' lang='lat' dir='ltr'>putet:</span> <span class='ocrx_word' id='word_1_642' title='bbox 1614 954 1653 974; x_wconf 84' lang='lat' dir='ltr'>est</span> <span class='ocrx_word' id='word_1_643' title='bbox 1674 948 1719 974; x_wconf 88' lang='lat' dir='ltr'>ille</span> <span class='ocrx_word' id='word_1_644' title='bbox 1738 948 1849 983; x_wconf 89' lang='lat' dir='ltr'>quidem</span> 
     </span>
     <span class='ocr_line' id='line_1_90' title="bbox 1057 985 1849 1021; baseline 0 -10"><span class='ocrx_word' id='word_1_645' title='bbox 1057 985 1134 1011; x_wconf 85' lang='lat' dir='ltr'>valde</span> <span class='ocrx_word' id='word_1_646' title='bbox 1145 993 1269 1012; x_wconf 85' lang='lat' dir='ltr'>severus:</span> <span class='ocrx_word' id='word_1_647' title='bbox 1292 994 1387 1021; x_wconf 80' lang='lat' dir='ltr'>negare</span> <span class='ocrx_word' id='word_1_648' title='bbox 1399 994 1450 1012; x_wconf 88' lang='lat' dir='ltr'>non</span> <span class='ocrx_word' id='word_1_649' title='bbox 1463 994 1572 1020; x_wconf 84' lang='lat' dir='ltr'>possum</span> <span class='ocrx_word' id='word_1_650' title='bbox 1583 996 1587 1011; x_wconf 83' lang='lat' dir='ltr'>z</span> <span class='ocrx_word' id='word_1_651' title='bbox 1611 986 1657 1011; x_wconf 89' lang='lat' dir='ltr'>sed</span> <span class='ocrx_word' id='word_1_652' title='bbox 1669 985 1849 1012; x_wconf 85' lang='lat' dir='ltr'>abhorretnon</span> 
     </span>
     <span class='ocr_line' id='line_1_91' title="bbox 1057 1022 1850 1053; baseline -0.001 -4"><span class='ocrx_word' id='word_1_653' title='bbox 1057 1022 1135 1049; x_wconf 90' lang='lat' dir='ltr'>modo</span> <span class='ocrx_word' id='word_1_654' title='bbox 1155 1022 1188 1049; x_wconf 86' lang='lat' dir='ltr'>ab</span> <span class='ocrx_word' id='word_1_655' title='bbox 1205 1022 1287 1048; x_wconf 88' lang='lat' dir='ltr'>huius</span> <span class='ocrx_word' id='word_1_656' title='bbox 1303 1022 1402 1049; x_wconf 83' lang='lat' dir='ltr'>saeculi</span> <span class='ocrx_word' id='word_1_657' title='bbox 1419 1022 1533 1053; x_wconf 81' lang='lat' dir='ltr'>licentia,</span> <span class='ocrx_word' id='word_1_658' title='bbox 1547 1031 1640 1049; x_wconf 89' lang='lat' dir='ltr'>verum</span> <span class='ocrx_word' id='word_1_659' title='bbox 1652 1023 1730 1049; x_wconf 82' lang='lat' dir='ltr'>etiam</span> <span class='ocrx_word' id='word_1_660' title='bbox 1743 1031 1755 1048; x_wconf 87' lang='lat' dir='ltr'>a</span> <span class='ocrx_word' id='word_1_661' title='bbox 1768 1023 1850 1048; x_wconf 83' lang='lat' dir='ltr'>maio-</span> 
     </span>
     <span class='ocr_line' id='line_1_92' title="bbox 1056 1059 1850 1095; baseline 0 -9"><span class='ocrx_word' id='word_1_662' title='bbox 1056 1068 1115 1086; x_wconf 92' lang='lat' dir='ltr'>rum</span> <span class='ocrx_word' id='word_1_663' title='bbox 1127 1059 1320 1086; x_wconf 87' lang='lat' dir='ltr'>consuetudine</span> <span class='ocrx_word' id='word_1_664' title='bbox 1332 1065 1411 1095; x_wconf 89' lang='lat' dir='ltr'>atque</span> <span class='ocrx_word' id='word_1_665' title='bbox 1421 1061 1566 1086; x_wconf 88' lang='lat' dir='ltr'>concessis.</span> <span class='ocrx_word' id='word_1_666' title='bbox 1591 1060 1704 1092; x_wconf 83' lang='lat' dir='ltr'>Quando</span> <span class='ocrx_word' id='word_1_667' title='bbox 1717 1060 1789 1086; x_wconf 81' lang='lat' dir='ltr'>enim</span> <span class='ocrx_word' id='word_1_668' title='bbox 1801 1059 1850 1086; x_wconf 84' lang='lat' dir='ltr'>hoc</span> 
     </span>
     <span class='ocr_line' id='line_1_93' title="bbox 1057 1096 1848 1132; baseline 0 -9"><span class='ocrx_word' id='word_1_669' title='bbox 1057 1096 1156 1123; x_wconf 84' lang='lat' dir='ltr'>factum</span> <span class='ocrx_word' id='word_1_670' title='bbox 1177 1106 1228 1123; x_wconf 93' lang='lat' dir='ltr'>non</span> <span class='ocrx_word' id='word_1_671' title='bbox 1244 1096 1301 1123; x_wconf 84' lang='lat' dir='ltr'>est‘?</span> <span class='ocrx_word' id='word_1_672' title='bbox 1320 1097 1428 1132; x_wconf 89' lang='lat' dir='ltr'>quando</span> <span class='ocrx_word' id='word_1_673' title='bbox 1443 1097 1655 1132; x_wconf 74' lang='lat' dir='ltr'>reprehensum?</span> <span class='ocrx_word' id='word_1_674' title='bbox 1673 1096 1782 1132; x_wconf 90' lang='lat' dir='ltr'>quando</span> <span class='ocrx_word' id='word_1_675' title='bbox 1797 1105 1848 1123; x_wconf 91' lang='lat' dir='ltr'>non</span> 
     </span>
     <span class='ocr_line' id='line_1_94' title="bbox 1056 1133 1849 1169; baseline 0 -9"><span class='ocrx_word' id='word_1_676' title='bbox 1056 1133 1237 1169; x_wconf 69' lang='lat' dir='ltr'>permissum?</span> <span class='ocrx_word' id='word_1_677' title='bbox 1256 1134 1364 1169; x_wconf 84' lang='lat' dir='ltr'>quando</span> <span class='ocrx_word' id='word_1_678' title='bbox 1378 1134 1495 1169; x_wconf 88' lang='lat' dir='ltr'>denique</span> <span class='ocrx_word' id='word_1_679' title='bbox 1507 1134 1566 1164; x_wconf 82' lang='lat' dir='ltr'>fuit.</span> <span class='ocrx_word' id='word_1_680' title='bbox 1579 1139 1616 1164; x_wconf 83' lang='lat' dir='ltr'>ut,</span> <span class='ocrx_word' id='word_1_681' title='bbox 1628 1134 1701 1169; x_wconf 85' lang='lat' dir='ltr'>quod</span> <span class='ocrx_word' id='word_1_682' title='bbox 1713 1134 1781 1165; x_wconf 83' lang='lat' dir='ltr'>licet,</span> <span class='ocrx_word' id='word_1_683' title='bbox 1797 1143 1849 1160; x_wconf 89' lang='lat' dir='ltr'>non</span> 
     </span>
     <span class='ocr_line' id='line_1_95' title="bbox 1057 1170 1848 1207; baseline 0 -9"><span class='ocrx_word' id='word_1_684' title='bbox 1057 1171 1165 1198; x_wconf 75' lang='lat' dir='ltr'>liceret?</span> <span class='ocrx_word' id='word_1_685' title='bbox 1184 1172 1231 1198; x_wconf 80' lang='lat' dir='ltr'>Hic</span> <span class='ocrx_word' id='word_1_686' title='bbox 1242 1179 1290 1207; x_wconf 82' lang='lat' dir='ltr'>ego</span> <span class='ocrx_word' id='word_1_687' title='bbox 1302 1172 1354 1198; x_wconf 91' lang='lat' dir='ltr'>iam</span> <span class='ocrx_word' id='word_1_688' title='bbox 1366 1179 1421 1198; x_wconf 90' lang='lat' dir='ltr'>rem</span> <span class='ocrx_word' id='word_1_689' title='bbox 1432 1171 1572 1198; x_wconf 82' lang='lat' dir='ltr'>definiam:</span> <span class='ocrx_word' id='word_1_690' title='bbox 1594 1171 1735 1198; x_wconf 87' lang='lat' dir='ltr'>mulierem</span> <span class='ocrx_word' id='word_1_691' title='bbox 1746 1170 1848 1198; x_wconf 79' lang='lat' dir='ltr'>nullam</span> 
     </span>
     <span class='ocr_line' id='line_1_96' title="bbox 1056 1208 1850 1244; baseline -0.001 -9"><span class='ocrx_word' id='word_1_692' title='bbox 1056 1208 1212 1235; x_wconf 84' lang='lat' dir='ltr'>nominabo:</span> <span class='ocrx_word' id='word_1_693' title='bbox 1235 1213 1338 1235; x_wconf 90' lang='lat' dir='ltr'>tantum</span> <span class='ocrx_word' id='word_1_694' title='bbox 1354 1209 1381 1235; x_wconf 93' lang='lat' dir='ltr'>in</span> <span class='ocrx_word' id='word_1_695' title='bbox 1393 1208 1482 1235; x_wconf 88' lang='lat' dir='ltr'>medio</span> <span class='ocrx_word' id='word_1_696' title='bbox 1495 1208 1655 1244; x_wconf 87' lang='lat' dir='ltr'>relinquam.</span> <span class='ocrx_word' id='word_1_697' title='bbox 1687 1210 1728 1235; x_wconf 69' lang='lat'>49.</span> <span class='ocrx_word' id='word_1_698' title='bbox 1741 1208 1768 1234; x_wconf 89' lang='lat' dir='ltr'>Si</span> <span class='ocrx_word' id='word_1_699' title='bbox 1780 1217 1850 1243; x_wconf 88' lang='lat' dir='ltr'>quae</span> 
     </span>
     <span class='ocr_line' id='line_1_97' title="bbox 1056 1245 1849 1281; baseline -0.001 -9"><span class='ocrx_word' id='word_1_700' title='bbox 1056 1254 1107 1273; x_wconf 88' lang='lat' dir='ltr'>non</span> <span class='ocrx_word' id='word_1_701' title='bbox 1129 1250 1211 1281; x_wconf 86' lang='lat' dir='ltr'>nupta</span> <span class='ocrx_word' id='word_1_702' title='bbox 1232 1245 1329 1272; x_wconf 89' lang='lat' dir='ltr'>mulier</span> <span class='ocrx_word' id='word_1_703' title='bbox 1343 1245 1453 1273; x_wconf 91' lang='lat' dir='ltr'>domum</span> <span class='ocrx_word' id='word_1_704' title='bbox 1468 1255 1544 1272; x_wconf 81' lang='lat' dir='ltr'>suam</span> <span class='ocrx_word' id='word_1_705' title='bbox 1562 1245 1713 1281; x_wconf 77' lang='lat' dir='ltr'>patefecerit</span> <span class='ocrx_word' id='word_1_706' title='bbox 1727 1246 1849 1272; x_wconf 85' lang='lat' dir='ltr'>omnium</span> 
     </span>
    </p>
   </div>
   <div class='ocr_carea' id='block_1_21' title="bbox 1030 290 1042 1327">
    <p class='ocr_par' dir='ltr' id='par_1_24' title="bbox 1030 290 1042 1327">
     <span class='ocr_line' id='line_1_98' title="bbox 1030 290 1042 1327; baseline 0 0"><span class='ocrx_word' id='word_1_707' title='bbox 1030 290 1042 1327; x_wconf 95' lang='lat' dir='ltr'> </span> 
     </span>
    </p>
   </div>
   <div class='ocr_carea' id='block_1_22' title="bbox 1022 435 1034 1595">
    <p class='ocr_par' dir='ltr' id='par_1_25' title="bbox 1022 435 1034 1595">
     <span class='ocr_line' id='line_1_99' title="bbox 1022 435 1034 1595; baseline 0 0"><span class='ocrx_word' id='word_1_708' title='bbox 1022 435 1034 1595; x_wconf 95' lang='lat' dir='ltr'> </span> 
     </span>
    </p>
   </div>
   <div class='ocr_carea' id='block_1_23' title="bbox 1022 1282 1849 2626">
    <p class='ocr_par' dir='ltr' id='par_1_26' title="bbox 1048 1282 1849 2288">
     <span class='ocr_line' id='line_1_100' title="bbox 1054 1282 1847 1318; baseline -0.001 -9"><span class='ocrx_word' id='word_1_709' title='bbox 1054 1283 1204 1318; x_wconf 81' lang='lat' dir='ltr'>cupiditati,</span> <span class='ocrx_word' id='word_1_710' title='bbox 1221 1283 1363 1318; x_wconf 86' lang='lat' dir='ltr'>palamque</span> <span class='ocrx_word' id='word_1_711' title='bbox 1373 1291 1432 1310; x_wconf 84' lang='lat' dir='ltr'>sese</span> <span class='ocrx_word' id='word_1_712' title='bbox 1442 1284 1470 1310; x_wconf 90' lang='lat' dir='ltr'>in</span> <span class='ocrx_word' id='word_1_713' title='bbox 1481 1283 1629 1310; x_wconf 85' lang='lat' dir='ltr'>meretricia</span> <span class='ocrx_word' id='word_1_714' title='bbox 1639 1284 1694 1309; x_wconf 84' lang='lat' dir='ltr'>vita</span> <span class='ocrx_word' id='word_1_715' title='bbox 1704 1282 1847 1309; x_wconf 76' lang='lat' dir='ltr'>collocarit.</span> 
     </span>
     <span class='ocr_line' id='line_1_101' title="bbox 1055 1320 1849 1348; baseline 0 -2"><span class='ocrx_word' id='word_1_716' title='bbox 1055 1321 1174 1348; x_wconf 90' lang='lat' dir='ltr'>virorum</span> <span class='ocrx_word' id='word_1_717' title='bbox 1195 1321 1421 1347; x_wconf 82' lang='lat' dir='ltr'>alienissimorum</span> <span class='ocrx_word' id='word_1_718' title='bbox 1442 1321 1574 1347; x_wconf 85' lang='lat' dir='ltr'>conviviis</span> <span class='ocrx_word' id='word_1_719' title='bbox 1591 1321 1628 1347; x_wconf 90' lang='lat' dir='ltr'>uti</span> <span class='ocrx_word' id='word_1_720' title='bbox 1644 1320 1803 1347; x_wconf 89' lang='lat' dir='ltr'>instituerit:</span> <span class='ocrx_word' id='word_1_721' title='bbox 1825 1320 1849 1347; x_wconf 89' lang='lat' dir='ltr'>si</span> 
     </span>
     <span class='ocr_line' id='line_1_102' title="bbox 1055 1357 1849 1389; baseline 0 -5"><span class='ocrx_word' id='word_1_722' title='bbox 1055 1358 1143 1385; x_wconf 88' lang='lat' dir='ltr'>hocin</span> <span class='ocrx_word' id='word_1_723' title='bbox 1158 1358 1237 1388; x_wconf 79' lang='lat' dir='ltr'>Urbe.</span> <span class='ocrx_word' id='word_1_724' title='bbox 1251 1358 1273 1384; x_wconf 88' lang='lat' dir='ltr'>si</span> <span class='ocrx_word' id='word_1_725' title='bbox 1288 1358 1315 1384; x_wconf 94' lang='lat' dir='ltr'>in</span> <span class='ocrx_word' id='word_1_726' title='bbox 1327 1358 1420 1389; x_wconf 85' lang='lat' dir='ltr'>hortis,</span> <span class='ocrx_word' id='word_1_727' title='bbox 1432 1358 1494 1384; x_wconf 81' lang='lat' dir='ltr'>siin</span> <span class='ocrx_word' id='word_1_728' title='bbox 1506 1358 1627 1384; x_wconf 88' lang='lat' dir='ltr'>Baiarum</span> <span class='ocrx_word' id='word_1_729' title='bbox 1640 1357 1685 1384; x_wconf 83' lang='lat' dir='ltr'>illa</span> <span class='ocrx_word' id='word_1_730' title='bbox 1696 1357 1849 1384; x_wconf 75' lang='lat' dir='ltr'>celebritate</span> 
     </span>
     <span class='ocr_line' id='line_1_103' title="bbox 1055 1394 1845 1431; baseline 0 -10"><span class='ocrx_word' id='word_1_731' title='bbox 1055 1395 1148 1422; x_wconf 89' lang='lat' dir='ltr'>faciat:</span> <span class='ocrx_word' id='word_1_732' title='bbox 1179 1396 1202 1421; x_wconf 88' lang='lat' dir='ltr'>si</span> <span class='ocrx_word' id='word_1_733' title='bbox 1213 1395 1329 1430; x_wconf 88' lang='lat' dir='ltr'>denique</span> <span class='ocrx_word' id='word_1_734' title='bbox 1340 1396 1376 1422; x_wconf 88' lang='lat' dir='ltr'>ita</span> <span class='ocrx_word' id='word_1_735' title='bbox 1387 1403 1446 1422; x_wconf 86' lang='lat' dir='ltr'>sese</span> <span class='ocrx_word' id='word_1_736' title='bbox 1455 1395 1552 1431; x_wconf 77' lang='lat' dir='ltr'>gerat‘,</span> <span class='ocrx_word' id='word_1_737' title='bbox 1566 1404 1618 1422; x_wconf 89' lang='lat' dir='ltr'>non</span> <span class='ocrx_word' id='word_1_738' title='bbox 1629 1395 1737 1421; x_wconf 87' lang='lat' dir='ltr'>incessu</span> <span class='ocrx_word' id='word_1_739' title='bbox 1747 1394 1845 1424; x_wconf 83' lang='lat' dir='ltr'>solum.</span> 
     </span>
     <span class='ocr_line' id='line_1_104' title="bbox 1054 1431 1846 1468; baseline -0.001 -9"><span class='ocrx_word' id='word_1_740' title='bbox 1054 1432 1101 1459; x_wconf 86' lang='lat' dir='ltr'>sed</span> <span class='ocrx_word' id='word_1_741' title='bbox 1121 1437 1215 1459; x_wconf 86' lang='lat' dir='ltr'>ornatu</span> <span class='ocrx_word' id='word_1_742' title='bbox 1235 1437 1314 1468; x_wconf 90' lang='lat' dir='ltr'>atque</span> <span class='ocrx_word' id='word_1_743' title='bbox 1328 1433 1464 1463; x_wconf 82' lang='lat' dir='ltr'>comitatu,</span> <span class='ocrx_word' id='word_1_744' title='bbox 1481 1441 1534 1459; x_wconf 87' lang='lat' dir='ltr'>non</span> <span class='ocrx_word' id='word_1_745' title='bbox 1549 1431 1683 1468; x_wconf 82' lang='lat' dir='ltr'>flagrantia</span> <span class='ocrx_word' id='word_1_746' title='bbox 1698 1431 1846 1463; x_wconf 86' lang='lat' dir='ltr'>oculorum.</span> 
     </span>
     <span class='ocr_line' id='line_1_105' title="bbox 1054 1469 1848 1504; baseline 0 -8"><span class='ocrx_word' id='word_1_747' title='bbox 1054 1478 1106 1497; x_wconf 94' lang='lat' dir='ltr'>non</span> <span class='ocrx_word' id='word_1_748' title='bbox 1128 1469 1248 1496; x_wconf 87' lang='lat' dir='ltr'>libertate</span> <span class='ocrx_word' id='word_1_749' title='bbox 1263 1470 1403 1501; x_wconf 86' lang='lat' dir='ltr'>sermonis,</span> <span class='ocrx_word' id='word_1_750' title='bbox 1421 1469 1469 1496; x_wconf 79' lang='lat' dir='ltr'>sed</span> <span class='ocrx_word' id='word_1_751' title='bbox 1483 1470 1562 1496; x_wconf 84' lang='lat' dir='ltr'>etiam</span> <span class='ocrx_word' id='word_1_752' title='bbox 1578 1469 1729 1504; x_wconf 87' lang='lat' dir='ltr'>complexu,</span> <span class='ocrx_word' id='word_1_753' title='bbox 1743 1469 1848 1496; x_wconf 83' lang='lat' dir='ltr'>oscula-</span> 
     </span>
     <span class='ocr_line' id='line_1_106' title="bbox 1054 1506 1848 1544; baseline -0.003 -10"><span class='ocrx_word' id='word_1_754' title='bbox 1054 1508 1132 1538; x_wconf 84' lang='lat' dir='ltr'>tione,</span> <span class='ocrx_word' id='word_1_755' title='bbox 1146 1508 1233 1542; x_wconf 85' lang='lat' dir='ltr'>aquis,</span> <span class='ocrx_word' id='word_1_756' title='bbox 1248 1507 1424 1544; x_wconf 83' lang='lat' dir='ltr'>navigatione,</span> <span class='ocrx_word' id='word_1_757' title='bbox 1438 1508 1579 1538; x_wconf 82' lang='lat' dir='ltr'>conviviis,</span> <span class='ocrx_word' id='word_1_758' title='bbox 1588 1512 1617 1533; x_wconf 88' lang='lat' dir='ltr'>ut</span> <span class='ocrx_word' id='word_1_759' title='bbox 1629 1515 1680 1533; x_wconf 90' lang='lat' dir='ltr'>non</span> <span class='ocrx_word' id='word_1_760' title='bbox 1691 1506 1779 1534; x_wconf 86' lang='lat' dir='ltr'>solum</span> <span class='ocrx_word' id='word_1_761' title='bbox 1792 1515 1848 1532; x_wconf 84' lang='lat' dir='ltr'>me-</span> 
     </span>
     <span class='ocr_line' id='line_1_107' title="bbox 1053 1544 1847 1580; baseline -0.001 -9"><span class='ocrx_word' id='word_1_762' title='bbox 1053 1545 1148 1576; x_wconf 86' lang='lat' dir='ltr'>retrix,</span> <span class='ocrx_word' id='word_1_763' title='bbox 1165 1544 1213 1571; x_wconf 86' lang='lat' dir='ltr'>sed</span> <span class='ocrx_word' id='word_1_764' title='bbox 1228 1545 1307 1571; x_wconf 89' lang='lat' dir='ltr'>etiam</span> <span class='ocrx_word' id='word_1_765' title='bbox 1329 1553 1426 1580; x_wconf 85' lang='lat' dir='ltr'>procax</span> <span class='ocrx_word' id='word_1_766' title='bbox 1441 1544 1577 1571; x_wconf 87' lang='lat' dir='ltr'>videatur:</span> <span class='ocrx_word' id='word_1_767' title='bbox 1603 1553 1665 1570; x_wconf 85' lang='lat' dir='ltr'>cum</span> <span class='ocrx_word' id='word_1_768' title='bbox 1682 1544 1730 1570; x_wconf 83' lang='lat' dir='ltr'>hac</span> <span class='ocrx_word' id='word_1_769' title='bbox 1745 1544 1768 1570; x_wconf 93' lang='lat' dir='ltr'>si</span> <span class='ocrx_word' id='word_1_770' title='bbox 1784 1544 1847 1579; x_wconf 83' lang='lat' dir='ltr'>quis</span> 
     </span>
     <span class='ocr_line' id='line_1_108' title="bbox 1053 1581 1844 1612; baseline -0.001 -4"><span class='ocrx_word' id='word_1_771' title='bbox 1053 1581 1207 1608; x_wconf 83' lang='lat' dir='ltr'>adolescens</span> <span class='ocrx_word' id='word_1_772' title='bbox 1228 1581 1293 1608; x_wconf 89' lang='lat' dir='ltr'>forte</span> <span class='ocrx_word' id='word_1_773' title='bbox 1314 1581 1402 1612; x_wconf 88' lang='lat' dir='ltr'>fuerit,</span> <span class='ocrx_word' id='word_1_774' title='bbox 1425 1586 1515 1608; x_wconf 88' lang='lat' dir='ltr'>utrum</span> <span class='ocrx_word' id='word_1_775' title='bbox 1536 1581 1578 1608; x_wconf 90' lang='lat' dir='ltr'>hic</span> <span class='ocrx_word' id='word_1_776' title='bbox 1594 1582 1655 1612; x_wconf 80' lang='lat' dir='ltr'>tibi,</span> <span class='ocrx_word' id='word_1_777' title='bbox 1672 1581 1701 1608; x_wconf 91' lang='lat' dir='ltr'>L.</span> <span class='ocrx_word' id='word_1_778' title='bbox 1721 1581 1844 1610; x_wconf 81' lang='lat' dir='ltr'>Herenni,</span> 
     </span>
     <span class='ocr_line' id='line_1_109' title="bbox 1052 1617 1847 1655; baseline -0.001 -10"><span class='ocrx_word' id='word_1_779' title='bbox 1052 1619 1164 1650; x_wconf 86' lang='lat' dir='ltr'>adulter,</span> <span class='ocrx_word' id='word_1_780' title='bbox 1182 1627 1215 1645; x_wconf 90' lang='lat' dir='ltr'>an</span> <span class='ocrx_word' id='word_1_781' title='bbox 1227 1623 1335 1650; x_wconf 81' lang='lat' dir='ltr'>amator,</span> <span class='ocrx_word' id='word_1_782' title='bbox 1348 1627 1503 1655; x_wconf 81' lang='lat' dir='ltr'>expugnare</span> <span class='ocrx_word' id='word_1_783' title='bbox 1517 1618 1683 1653; x_wconf 84' lang='lat' dir='ltr'>pudicitiam,</span> <span class='ocrx_word' id='word_1_784' title='bbox 1695 1627 1727 1645; x_wconf 87' lang='lat' dir='ltr'>an</span> <span class='ocrx_word' id='word_1_785' title='bbox 1739 1617 1847 1653; x_wconf 84' lang='lat' dir='ltr'>explere</span> 
     </span>
     <span class='ocr_line' id='line_1_110' title="bbox 1053 1655 1847 1682; baseline -0.001 0"><span class='ocrx_word' id='word_1_786' title='bbox 1053 1656 1193 1682; x_wconf 90' lang='lat' dir='ltr'>libidinem</span> <span class='ocrx_word' id='word_1_787' title='bbox 1204 1656 1322 1682; x_wconf 86' lang='lat' dir='ltr'>voluisse</span> <span class='ocrx_word' id='word_1_788' title='bbox 1336 1655 1476 1682; x_wconf 74' lang='lat' dir='ltr'>videatur?</span> <span class='ocrx_word' id='word_1_789' title='bbox 1495 1657 1536 1682; x_wconf 85' lang='lat'>50.</span> <span class='ocrx_word' id='word_1_790' title='bbox 1550 1655 1700 1682; x_wconf 78' lang='lat' dir='ltr'>Obliviscor</span> <span class='ocrx_word' id='word_1_791' title='bbox 1710 1656 1762 1681; x_wconf 89' lang='lat' dir='ltr'>iam</span> <span class='ocrx_word' id='word_1_792' title='bbox 1774 1656 1847 1681; x_wconf 88' lang='lat' dir='ltr'>iniu-</span> 
     </span>
     <span class='ocr_line' id='line_1_111' title="bbox 1052 1692 1846 1728; baseline -0.001 -9"><span class='ocrx_word' id='word_1_793' title='bbox 1052 1694 1117 1724; x_wconf 79' lang='lat' dir='ltr'>rias,</span> <span class='ocrx_word' id='word_1_794' title='bbox 1141 1692 1247 1720; x_wconf 84' lang='lat' dir='ltr'>Clodia:</span> <span class='ocrx_word' id='word_1_795' title='bbox 1279 1693 1382 1728; x_wconf 88' lang='lat' dir='ltr'>depono</span> <span class='ocrx_word' id='word_1_796' title='bbox 1397 1693 1551 1720; x_wconf 90' lang='lat' dir='ltr'>memoriam</span> <span class='ocrx_word' id='word_1_797' title='bbox 1567 1692 1665 1719; x_wconf 88' lang='lat' dir='ltr'>doloris</span> <span class='ocrx_word' id='word_1_798' title='bbox 1680 1693 1750 1719; x_wconf 90' lang='lat' dir='ltr'>mei:</span> <span class='ocrx_word' id='word_1_799' title='bbox 1777 1700 1846 1727; x_wconf 85' lang='lat' dir='ltr'>quae</span> 
     </span>
     <span class='ocr_line' id='line_1_112' title="bbox 1052 1729 1846 1759; baseline -0.001 -3"><span class='ocrx_word' id='word_1_800' title='bbox 1052 1730 1100 1756; x_wconf 90' lang='lat' dir='ltr'>abs</span> <span class='ocrx_word' id='word_1_801' title='bbox 1120 1735 1145 1757; x_wconf 86' lang='lat' dir='ltr'>te</span> <span class='ocrx_word' id='word_1_802' title='bbox 1159 1730 1302 1757; x_wconf 89' lang='lat' dir='ltr'>crudeliter</span> <span class='ocrx_word' id='word_1_803' title='bbox 1316 1731 1344 1757; x_wconf 91' lang='lat' dir='ltr'>in</span> <span class='ocrx_word' id='word_1_804' title='bbox 1360 1738 1434 1757; x_wconf 90' lang='lat' dir='ltr'>meos</span> <span class='ocrx_word' id='word_1_805' title='bbox 1450 1739 1492 1756; x_wconf 90' lang='lat' dir='ltr'>me</span> <span class='ocrx_word' id='word_1_806' title='bbox 1507 1730 1616 1756; x_wconf 82' lang='lat' dir='ltr'>absente</span> <span class='ocrx_word' id='word_1_807' title='bbox 1632 1729 1698 1756; x_wconf 82' lang='lat' dir='ltr'>facta</span> <span class='ocrx_word' id='word_1_808' title='bbox 1713 1734 1785 1759; x_wconf 83' lang='lat' dir='ltr'>sunt,</span> <span class='ocrx_word' id='word_1_809' title='bbox 1799 1738 1846 1756; x_wconf 87' lang='lat' dir='ltr'>ne-</span> 
     </span>
     <span class='ocr_line' id='line_1_113' title="bbox 1051 1766 1846 1804; baseline -0.001 -10"><span class='ocrx_word' id='word_1_810' title='bbox 1051 1767 1133 1804; x_wconf 83' lang='lat' dir='ltr'>gligo.</span> <span class='ocrx_word' id='word_1_811' title='bbox 1174 1768 1213 1794; x_wconf 88' lang='lat' dir='ltr'>Ne</span> <span class='ocrx_word' id='word_1_812' title='bbox 1223 1768 1277 1794; x_wconf 91' lang='lat' dir='ltr'>sint</span> <span class='ocrx_word' id='word_1_813' title='bbox 1287 1767 1351 1794; x_wconf 87' lang='lat' dir='ltr'>haec</span> <span class='ocrx_word' id='word_1_814' title='bbox 1361 1768 1389 1794; x_wconf 89' lang='lat' dir='ltr'>in</span> <span class='ocrx_word' id='word_1_815' title='bbox 1400 1772 1426 1794; x_wconf 87' lang='lat' dir='ltr'>te</span> <span class='ocrx_word' id='word_1_816' title='bbox 1436 1767 1515 1798; x_wconf 85' lang='lat' dir='ltr'>dicta,</span> <span class='ocrx_word' id='word_1_817' title='bbox 1527 1775 1596 1802; x_wconf 89' lang='lat' dir='ltr'>quae</span> <span class='ocrx_word' id='word_1_818' title='bbox 1607 1766 1674 1793; x_wconf 86' lang='lat' dir='ltr'>dixi.</span> <span class='ocrx_word' id='word_1_819' title='bbox 1712 1766 1765 1793; x_wconf 87' lang='lat' dir='ltr'>Sed</span> <span class='ocrx_word' id='word_1_820' title='bbox 1776 1775 1809 1793; x_wconf 85' lang='lat' dir='ltr'>ex</span> <span class='ocrx_word' id='word_1_821' title='bbox 1821 1772 1846 1793; x_wconf 89' lang='lat' dir='ltr'>te</span> 
     </span>
     <span class='ocr_line' id='line_1_114' title="bbox 1052 1804 1845 1840; baseline -0.001 -9"><span class='ocrx_word' id='word_1_822' title='bbox 1052 1806 1109 1840; x_wconf 88' lang='lat' dir='ltr'>ipsa</span> <span class='ocrx_word' id='word_1_823' title='bbox 1120 1805 1235 1840; x_wconf 85' lang='lat' dir='ltr'>requiro,</span> <span class='ocrx_word' id='word_1_824' title='bbox 1252 1805 1379 1840; x_wconf 86' lang='lat' dir='ltr'>quoniam</span> <span class='ocrx_word' id='word_1_825' title='bbox 1391 1809 1416 1831; x_wconf 90' lang='lat' dir='ltr'>et</span> <span class='ocrx_word' id='word_1_826' title='bbox 1426 1805 1527 1831; x_wconf 87' lang='lat' dir='ltr'>crimen</span> <span class='ocrx_word' id='word_1_827' title='bbox 1539 1809 1703 1831; x_wconf 81' lang='lat' dir='ltr'>accusatores</span> <span class='ocrx_word' id='word_1_828' title='bbox 1714 1804 1761 1830; x_wconf 78' lang='lat' dir='ltr'>abs</span> <span class='ocrx_word' id='word_1_829' title='bbox 1773 1809 1806 1834; x_wconf 88' lang='lat' dir='ltr'>te,</span> <span class='ocrx_word' id='word_1_830' title='bbox 1820 1809 1845 1830; x_wconf 90' lang='lat' dir='ltr'>et</span> 
     </span>
     <span class='ocr_line' id='line_1_115' title="bbox 1051 1841 1844 1876; baseline 0 -8"><span class='ocrx_word' id='word_1_831' title='bbox 1051 1847 1146 1868; x_wconf 87' lang='lat' dir='ltr'>testem</span> <span class='ocrx_word' id='word_1_832' title='bbox 1166 1842 1225 1868; x_wconf 91' lang='lat' dir='ltr'>eius</span> <span class='ocrx_word' id='word_1_833' title='bbox 1244 1842 1365 1868; x_wconf 86' lang='lat' dir='ltr'>criminis</span> <span class='ocrx_word' id='word_1_834' title='bbox 1386 1846 1412 1868; x_wconf 88' lang='lat' dir='ltr'>te</span> <span class='ocrx_word' id='word_1_835' title='bbox 1431 1842 1517 1876; x_wconf 88' lang='lat' dir='ltr'>ipsam</span> <span class='ocrx_word' id='word_1_836' title='bbox 1537 1841 1631 1868; x_wconf 87' lang='lat' dir='ltr'>dicunt</span> <span class='ocrx_word' id='word_1_837' title='bbox 1644 1849 1672 1868; x_wconf 82' lang='lat' dir='ltr'>se</span> <span class='ocrx_word' id='word_1_838' title='bbox 1688 1841 1799 1868; x_wconf 80' lang='lat' dir='ltr'>habere:</span> <span class='ocrx_word' id='word_1_839' title='bbox 1821 1841 1844 1867; x_wconf 84' lang='lat' dir='ltr'>si</span> 
     </span>
     <span class='ocr_line' id='line_1_116' title="bbox 1050 1878 1845 1914; baseline -0.001 -9"><span class='ocrx_word' id='word_1_840' title='bbox 1050 1888 1103 1914; x_wconf 92' lang='lat' dir='ltr'>qua</span> <span class='ocrx_word' id='word_1_841' title='bbox 1119 1878 1216 1906; x_wconf 90' lang='lat' dir='ltr'>mulier</span> <span class='ocrx_word' id='word_1_842' title='bbox 1226 1880 1261 1906; x_wconf 87' lang='lat' dir='ltr'>sit</span> <span class='ocrx_word' id='word_1_843' title='bbox 1271 1878 1437 1910; x_wconf 89' lang='lat' dir='ltr'>huiusmodi,</span> <span class='ocrx_word' id='word_1_844' title='bbox 1450 1878 1556 1914; x_wconf 91' lang='lat' dir='ltr'>qualem</span> <span class='ocrx_word' id='word_1_845' title='bbox 1568 1887 1617 1914; x_wconf 85' lang='lat' dir='ltr'>ego</span> <span class='ocrx_word' id='word_1_846' title='bbox 1627 1878 1718 1913; x_wconf 87' lang='lat' dir='ltr'>paullo</span> <span class='ocrx_word' id='word_1_847' title='bbox 1728 1883 1787 1904; x_wconf 83' lang='lat' dir='ltr'>ante</span> <span class='ocrx_word' id='word_1_848' title='bbox 1797 1878 1845 1905; x_wconf 82' lang='lat' dir='ltr'>de-</span> 
     </span>
     <span class='ocr_line' id='line_1_117' title="bbox 1050 1916 1841 1952; baseline -0.001 -9"><span class='ocrx_word' id='word_1_849' title='bbox 1050 1917 1160 1952; x_wconf 86' lang='lat' dir='ltr'>scripsi,</span> <span class='ocrx_word' id='word_1_850' title='bbox 1184 1917 1223 1942; x_wconf 84' lang='lat' dir='ltr'>tui</span> <span class='ocrx_word' id='word_1_851' title='bbox 1244 1916 1400 1947; x_wconf 85' lang='lat' dir='ltr'>dissimilis,</span> <span class='ocrx_word' id='word_1_852' title='bbox 1418 1917 1473 1943; x_wconf 88' lang='lat' dir='ltr'>vita</span> <span class='ocrx_word' id='word_1_853' title='bbox 1488 1916 1665 1951; x_wconf 80' lang='lat' dir='ltr'>institutoque</span> <span class='ocrx_word' id='word_1_854' title='bbox 1681 1916 1841 1942; x_wconf 86' lang='lat' dir='ltr'>meretricio:</span> 
     </span>
     <span class='ocr_line' id='line_1_118' title="bbox 1049 1952 1845 1989; baseline -0.001 -9"><span class='ocrx_word' id='word_1_855' title='bbox 1049 1962 1111 1980; x_wconf 89' lang='lat' dir='ltr'>cum</span> <span class='ocrx_word' id='word_1_856' title='bbox 1128 1953 1177 1980; x_wconf 86' lang='lat' dir='ltr'>bac</span> <span class='ocrx_word' id='word_1_857' title='bbox 1192 1953 1296 1989; x_wconf 85' lang='lat' dir='ltr'>aliquid</span> <span class='ocrx_word' id='word_1_858' title='bbox 1311 1953 1504 1980; x_wconf 80' lang='lat' dir='ltr'>adolescentem</span> <span class='ocrx_word' id='word_1_859' title='bbox 1517 1953 1653 1980; x_wconf 85' lang='lat' dir='ltr'>hominem</span> <span class='ocrx_word' id='word_1_860' title='bbox 1665 1952 1792 1980; x_wconf 83' lang='lat' dir='ltr'>habuisse</span> <span class='ocrx_word' id='word_1_861' title='bbox 1802 1961 1845 1980; x_wconf 81' lang='lat' dir='ltr'>ra-</span> 
     </span>
     <span class='ocr_line' id='line_1_119' title="bbox 1050 1989 1844 2026; baseline -0.001 -8"><span class='ocrx_word' id='word_1_862' title='bbox 1050 1991 1138 2022; x_wconf 80' lang='lat' dir='ltr'>tionis,</span> <span class='ocrx_word' id='word_1_863' title='bbox 1162 1999 1227 2018; x_wconf 90' lang='lat' dir='ltr'>num</span> <span class='ocrx_word' id='word_1_864' title='bbox 1243 1991 1292 2018; x_wconf 88' lang='lat' dir='ltr'>tibi</span> <span class='ocrx_word' id='word_1_865' title='bbox 1306 1995 1433 2026; x_wconf 85' lang='lat' dir='ltr'>perturpe</span> <span class='ocrx_word' id='word_1_866' title='bbox 1448 1996 1494 2017; x_wconf 89' lang='lat' dir='ltr'>aut</span> <span class='ocrx_word' id='word_1_867' title='bbox 1508 1989 1718 2026; x_wconf 74' lang='lat' dir='ltr'>perflagitiosum</span> <span class='ocrx_word' id='word_1_868' title='bbox 1733 1998 1792 2017; x_wconf 83' lang='lat' dir='ltr'>esse</span> <span class='ocrx_word' id='word_1_869' title='bbox 1803 1991 1844 2016; x_wconf 75' lang='lat' dir='ltr'>vi-</span> 
     </span>
     <span class='ocr_line' id='line_1_120' title="bbox 1050 2027 1841 2064; baseline 0 -9"><span class='ocrx_word' id='word_1_870' title='bbox 1050 2028 1160 2055; x_wconf 78' lang='lat' dir='ltr'>deatur‘?</span> <span class='ocrx_word' id='word_1_871' title='bbox 1188 2029 1225 2055; x_wconf 90' lang='lat' dir='ltr'>Ea</span> <span class='ocrx_word' id='word_1_872' title='bbox 1240 2029 1264 2055; x_wconf 90' lang='lat' dir='ltr'>si</span> <span class='ocrx_word' id='word_1_873' title='bbox 1280 2033 1309 2055; x_wconf 88' lang='lat' dir='ltr'>tu</span> <span class='ocrx_word' id='word_1_874' title='bbox 1325 2037 1377 2055; x_wconf 90' lang='lat' dir='ltr'>non</span> <span class='ocrx_word' id='word_1_875' title='bbox 1392 2036 1430 2058; x_wconf 87' lang='lat' dir='ltr'>es,</span> <span class='ocrx_word' id='word_1_876' title='bbox 1446 2028 1517 2054; x_wconf 90' lang='lat' dir='ltr'>sicut</span> <span class='ocrx_word' id='word_1_877' title='bbox 1531 2036 1580 2064; x_wconf 83' lang='lat' dir='ltr'>ego</span> <span class='ocrx_word' id='word_1_878' title='bbox 1595 2027 1678 2054; x_wconf 82' lang='lat' dir='ltr'>malo:</span> <span class='ocrx_word' id='word_1_879' title='bbox 1709 2027 1776 2063; x_wconf 89' lang='lat' dir='ltr'>quid</span> <span class='ocrx_word' id='word_1_880' title='bbox 1791 2032 1841 2056; x_wconf 76' lang='lat' dir='ltr'>est,</span> 
     </span>
     <span class='ocr_line' id='line_1_121' title="bbox 1049 2065 1843 2101; baseline -0.003 -8"><span class='ocrx_word' id='word_1_881' title='bbox 1049 2065 1122 2101; x_wconf 87' lang='lat' dir='ltr'>quod</span> <span class='ocrx_word' id='word_1_882' title='bbox 1137 2065 1265 2093; x_wconf 88' lang='lat' dir='ltr'>obiiciant</span> <span class='ocrx_word' id='word_1_883' title='bbox 1280 2065 1386 2092; x_wconf 70' lang='lat' dir='ltr'>Caelio?</span> <span class='ocrx_word' id='word_1_884' title='bbox 1405 2065 1454 2092; x_wconf 89' lang='lat' dir='ltr'>Sin</span> <span class='ocrx_word' id='word_1_885' title='bbox 1469 2073 1526 2091; x_wconf 87' lang='lat' dir='ltr'>eam</span> <span class='ocrx_word' id='word_1_886' title='bbox 1542 2070 1566 2091; x_wconf 88' lang='lat' dir='ltr'>te</span> <span class='ocrx_word' id='word_1_887' title='bbox 1577 2065 1671 2091; x_wconf 88' lang='lat' dir='ltr'>volunt</span> <span class='ocrx_word' id='word_1_888' title='bbox 1681 2073 1754 2091; x_wconf 87' lang='lat' dir='ltr'>esse:</span> <span class='ocrx_word' id='word_1_889' title='bbox 1776 2065 1843 2100; x_wconf 90' lang='lat' dir='ltr'>quid</span> 
     </span>
     <span class='ocr_line' id='line_1_122' title="bbox 1049 2102 1843 2137; baseline -0.003 -7"><span class='ocrx_word' id='word_1_890' title='bbox 1049 2107 1097 2135; x_wconf 87' lang='lat' dir='ltr'>est,</span> <span class='ocrx_word' id='word_1_891' title='bbox 1114 2112 1163 2130; x_wconf 88' lang='lat' dir='ltr'>cur</span> <span class='ocrx_word' id='word_1_892' title='bbox 1177 2111 1225 2130; x_wconf 85' lang='lat' dir='ltr'>nos</span> <span class='ocrx_word' id='word_1_893' title='bbox 1240 2103 1340 2130; x_wconf 91' lang='lat' dir='ltr'>crimen</span> <span class='ocrx_word' id='word_1_894' title='bbox 1356 2103 1414 2133; x_wconf 80' lang='lat' dir='ltr'>hoc.</span> <span class='ocrx_word' id='word_1_895' title='bbox 1427 2103 1450 2129; x_wconf 91' lang='lat' dir='ltr'>si</span> <span class='ocrx_word' id='word_1_896' title='bbox 1462 2107 1490 2129; x_wconf 91' lang='lat' dir='ltr'>tu</span> <span class='ocrx_word' id='word_1_897' title='bbox 1501 2103 1658 2133; x_wconf 85' lang='lat' dir='ltr'>contemnis,</span> <span class='ocrx_word' id='word_1_898' title='bbox 1672 2102 1843 2137; x_wconf 83' lang='lat' dir='ltr'>pertimesca-</span> 
     </span>
     <span class='ocr_line' id='line_1_123' title="bbox 1049 2139 1839 2174; baseline -0.003 -7"><span class='ocrx_word' id='word_1_899' title='bbox 1049 2140 1128 2167; x_wconf 83' lang='lat' dir='ltr'>mus‘?</span> <span class='ocrx_word' id='word_1_900' title='bbox 1147 2139 1234 2173; x_wconf 90' lang='lat' dir='ltr'>Quare</span> <span class='ocrx_word' id='word_1_901' title='bbox 1250 2141 1327 2167; x_wconf 87' lang='lat' dir='ltr'>nobis</span> <span class='ocrx_word' id='word_1_902' title='bbox 1341 2140 1375 2167; x_wconf 91' lang='lat' dir='ltr'>da</span> <span class='ocrx_word' id='word_1_903' title='bbox 1390 2141 1462 2166; x_wconf 86' lang='lat' dir='ltr'>viam</span> <span class='ocrx_word' id='word_1_904' title='bbox 1473 2140 1657 2174; x_wconf 86' lang='lat' dir='ltr'>rationemque</span> <span class='ocrx_word' id='word_1_905' title='bbox 1666 2139 1839 2166; x_wconf 86' lang='lat' dir='ltr'>defensionis.</span> 
     </span>
     <span class='ocr_line' id='line_1_124' title="bbox 1048 2175 1843 2213; baseline -0.003 -9"><span class='ocrx_word' id='word_1_906' title='bbox 1048 2179 1116 2204; x_wconf 92' lang='lat' dir='ltr'>Nam</span> <span class='ocrx_word' id='word_1_907' title='bbox 1131 2182 1177 2204; x_wconf 90' lang='lat' dir='ltr'>aut</span> <span class='ocrx_word' id='word_1_908' title='bbox 1191 2177 1278 2213; x_wconf 88' lang='lat' dir='ltr'>pudor</span> <span class='ocrx_word' id='word_1_909' title='bbox 1292 2182 1355 2204; x_wconf 88' lang='lat' dir='ltr'>tuus</span> <span class='ocrx_word' id='word_1_910' title='bbox 1366 2177 1498 2207; x_wconf 88' lang='lat' dir='ltr'>defendet,</span> <span class='ocrx_word' id='word_1_911' title='bbox 1512 2176 1579 2203; x_wconf 91' lang='lat' dir='ltr'>nihil</span> <span class='ocrx_word' id='word_1_912' title='bbox 1590 2185 1605 2203; x_wconf 90' lang='lat' dir='ltr'>a</span> <span class='ocrx_word' id='word_1_913' title='bbox 1615 2177 1652 2203; x_wconf 74' lang='lat' dir='ltr'>M.</span> <span class='ocrx_word' id='word_1_914' title='bbox 1665 2175 1753 2203; x_wconf 85' lang='lat' dir='ltr'>Caelio</span> <span class='ocrx_word' id='word_1_915' title='bbox 1764 2180 1843 2211; x_wconf 87' lang='lat' dir='ltr'>petu-</span> 
     </span>
     <span class='ocr_line' id='line_1_125' title="bbox 1049 2213 1841 2250; baseline -0.004 -8"><span class='ocrx_word' id='word_1_916' title='bbox 1049 2215 1148 2242; x_wconf 89' lang='lat' dir='ltr'>lantius</span> <span class='ocrx_word' id='word_1_917' title='bbox 1158 2223 1218 2242; x_wconf 89' lang='lat' dir='ltr'>esse</span> <span class='ocrx_word' id='word_1_918' title='bbox 1229 2214 1342 2241; x_wconf 89' lang='lat' dir='ltr'>factum:</span> <span class='ocrx_word' id='word_1_919' title='bbox 1364 2219 1410 2241; x_wconf 82' lang='lat' dir='ltr'>aut</span> <span class='ocrx_word' id='word_1_920' title='bbox 1420 2213 1588 2250; x_wconf 84' lang='lat' dir='ltr'>impudentia</span> <span class='ocrx_word' id='word_1_921' title='bbox 1598 2218 1624 2240; x_wconf 87' lang='lat' dir='ltr'>et</span> <span class='ocrx_word' id='word_1_922' title='bbox 1634 2213 1698 2240; x_wconf 88' lang='lat' dir='ltr'>huic</span> <span class='ocrx_word' id='word_1_923' title='bbox 1711 2218 1737 2239; x_wconf 93' lang='lat' dir='ltr'>et</span> <span class='ocrx_word' id='word_1_924' title='bbox 1746 2214 1841 2240; x_wconf 81' lang='lat' dir='ltr'>ceteris</span> 
     </span>
     <span class='ocr_line' id='line_1_126' title="bbox 1048 2250 1724 2288; baseline -0.004 -9"><span class='ocrx_word' id='word_1_925' title='bbox 1048 2260 1172 2288; x_wconf 85' lang='lat' dir='ltr'>magnam</span> <span class='ocrx_word' id='word_1_926' title='bbox 1183 2252 1216 2278; x_wconf 88' lang='lat' dir='ltr'>ad</span> <span class='ocrx_word' id='word_1_927' title='bbox 1227 2260 1256 2278; x_wconf 90' lang='lat' dir='ltr'>se</span> <span class='ocrx_word' id='word_1_928' title='bbox 1267 2251 1466 2279; x_wconf 89' lang='lat' dir='ltr'>defendendum</span> <span class='ocrx_word' id='word_1_929' title='bbox 1478 2251 1629 2278; x_wconf 81' lang='lat' dir='ltr'>facultatem</span> <span class='ocrx_word' id='word_1_930' title='bbox 1640 2250 1724 2277; x_wconf 78' lang='lat' dir='ltr'>dabit.</span> 
     </span>
    </p>

    <p class='ocr_par' dir='ltr' id='par_1_27' title="bbox 1022 2287 1841 2626">
     <span class='ocr_line' id='line_1_127' title="bbox 1101 2287 1841 2324; baseline -0.003 -8"><span class='ocrx_word' id='word_1_931' title='bbox 1101 2289 1174 2316; x_wconf 83' lang='lat' dir='ltr'>xxl.</span> <span class='ocrx_word' id='word_1_932' title='bbox 1191 2291 1233 2316; x_wconf 74' lang='lat'>5⁴.</span> <span class='ocrx_word' id='word_1_933' title='bbox 1249 2289 1302 2316; x_wconf 91' lang='lat' dir='ltr'>Sed</span> <span class='ocrx_word' id='word_1_934' title='bbox 1320 2289 1448 2324; x_wconf 89' lang='lat' dir='ltr'>quoniam</span> <span class='ocrx_word' id='word_1_935' title='bbox 1465 2289 1608 2315; x_wconf 87' lang='lat' dir='ltr'>emersisse</span> <span class='ocrx_word' id='word_1_936' title='bbox 1625 2288 1679 2314; x_wconf 78' lang='lat' dir='ltr'>iam</span> <span class='ocrx_word' id='word_1_937' title='bbox 1695 2295 1709 2314; x_wconf 87' lang='lat' dir='ltr'>e</span> <span class='ocrx_word' id='word_1_938' title='bbox 1725 2287 1801 2314; x_wconf 77' lang='lat' dir='ltr'>vadis</span> <span class='ocrx_word' id='word_1_939' title='bbox 1815 2292 1841 2314; x_wconf 88' lang='lat' dir='ltr'>et</span> 
     </span>
     <span class='ocr_line' id='line_1_128' title="bbox 1047 2324 1839 2362; baseline -0.003 -9"><span class='ocrx_word' id='word_1_940' title='bbox 1047 2326 1172 2362; x_wconf 89' lang='lat' dir='ltr'>scopulos</span> <span class='ocrx_word' id='word_1_941' title='bbox 1193 2331 1371 2362; x_wconf 86' lang='lat' dir='ltr'>praetervecta</span> <span class='ocrx_word' id='word_1_942' title='bbox 1392 2326 1500 2352; x_wconf 81' lang='lat' dir='ltr'>videtur</span> <span class='ocrx_word' id='word_1_943' title='bbox 1517 2326 1599 2353; x_wconf 88' lang='lat' dir='ltr'>oratio</span> <span class='ocrx_word' id='word_1_944' title='bbox 1613 2333 1684 2355; x_wconf 81' lang='lat' dir='ltr'>mea,</span> <span class='ocrx_word' id='word_1_945' title='bbox 1706 2324 1839 2359; x_wconf 84' lang='lat' dir='ltr'>perfacilis</span> 
     </span>
     <span class='ocr_line' id='line_1_129' title="bbox 1046 2362 1840 2399; baseline -0.004 -9"><span class='ocrx_word' id='word_1_946' title='bbox 1046 2364 1114 2391; x_wconf 87' lang='lat' dir='ltr'>mihi</span> <span class='ocrx_word' id='word_1_947' title='bbox 1128 2364 1250 2399; x_wconf 91' lang='lat' dir='ltr'>reliquus</span> <span class='ocrx_word' id='word_1_948' title='bbox 1260 2372 1356 2390; x_wconf 89' lang='lat' dir='ltr'>cursus</span> <span class='ocrx_word' id='word_1_949' title='bbox 1366 2363 1525 2390; x_wconf 88' lang='lat' dir='ltr'>ostenditur.</span> <span class='ocrx_word' id='word_1_950' title='bbox 1564 2363 1622 2388; x_wconf 90' lang='lat' dir='ltr'>Duo</span> <span class='ocrx_word' id='word_1_951' title='bbox 1632 2367 1695 2388; x_wconf 88' lang='lat' dir='ltr'>sunt</span> <span class='ocrx_word' id='word_1_952' title='bbox 1706 2362 1777 2388; x_wconf 86' lang='lat' dir='ltr'>enim</span> <span class='ocrx_word' id='word_1_953' title='bbox 1787 2363 1840 2388; x_wconf 88' lang='lat' dir='ltr'>cri-</span> 
     </span>
     <span class='ocr_line' id='line_1_130' title="bbox 1046 2399 1836 2432; baseline -0.003 -5"><span class='ocrx_word' id='word_1_954' title='bbox 1046 2402 1128 2432; x_wconf 91' lang='lat' dir='ltr'>mina,</span> <span class='ocrx_word' id='word_1_955' title='bbox 1152 2409 1204 2427; x_wconf 90' lang='lat' dir='ltr'>una</span> <span class='ocrx_word' id='word_1_956' title='bbox 1219 2401 1247 2428; x_wconf 90' lang='lat' dir='ltr'>in</span> <span class='ocrx_word' id='word_1_957' title='bbox 1263 2401 1385 2431; x_wconf 85' lang='lat' dir='ltr'>muliere,</span> <span class='ocrx_word' id='word_1_958' title='bbox 1402 2408 1571 2427; x_wconf 86' lang='lat' dir='ltr'>summorum</span> <span class='ocrx_word' id='word_1_959' title='bbox 1586 2399 1747 2426; x_wconf 84' lang='lat' dir='ltr'>facinorum:</span> <span class='ocrx_word' id='word_1_960' title='bbox 1769 2400 1836 2429; x_wconf 87' lang='lat' dir='ltr'>auri,</span> 
     </span>
     <span class='ocr_line' id='line_1_131' title="bbox 1045 2436 1839 2473; baseline -0.003 -9"><span class='ocrx_word' id='word_1_961' title='bbox 1045 2438 1118 2473; x_wconf 89' lang='lat' dir='ltr'>quod</span> <span class='ocrx_word' id='word_1_962' title='bbox 1133 2442 1273 2473; x_wconf 83' lang='lat' dir='ltr'>sumptum</span> <span class='ocrx_word' id='word_1_963' title='bbox 1284 2447 1298 2464; x_wconf 92' lang='lat' dir='ltr'>a</span> <span class='ocrx_word' id='word_1_964' title='bbox 1310 2437 1401 2464; x_wconf 88' lang='lat' dir='ltr'>Clodia</span> <span class='ocrx_word' id='word_1_965' title='bbox 1411 2437 1517 2468; x_wconf 90' lang='lat' dir='ltr'>dicitur,</span> <span class='ocrx_word' id='word_1_966' title='bbox 1529 2441 1556 2463; x_wconf 88' lang='lat' dir='ltr'>et</span> <span class='ocrx_word' id='word_1_967' title='bbox 1566 2437 1670 2467; x_wconf 83' lang='lat' dir='ltr'>veneni,</span> <span class='ocrx_word' id='word_1_968' title='bbox 1683 2436 1756 2471; x_wconf 89' lang='lat' dir='ltr'>quod</span> <span class='ocrx_word' id='word_1_969' title='bbox 1767 2437 1839 2462; x_wconf 81' lang='lat' dir='ltr'>eius·-</span> 
     </span>
     <span class='ocr_line' id='line_1_132' title="bbox 1046 2473 1839 2509; baseline -0.004 -7"><span class='ocrx_word' id='word_1_970' title='bbox 1046 2476 1107 2502; x_wconf 89' lang='lat' dir='ltr'>dem</span> <span class='ocrx_word' id='word_1_971' title='bbox 1128 2475 1235 2502; x_wconf 89' lang='lat' dir='ltr'>Clodiae</span> <span class='ocrx_word' id='word_1_972' title='bbox 1249 2475 1383 2502; x_wconf 90' lang='lat' dir='ltr'>necandae</span> <span class='ocrx_word' id='word_1_973' title='bbox 1393 2483 1487 2501; x_wconf 87' lang='lat' dir='ltr'>caussa</span> <span class='ocrx_word' id='word_1_974' title='bbox 1498 2482 1605 2509; x_wconf 83' lang='lat' dir='ltr'>parasse</span> <span class='ocrx_word' id='word_1_975' title='bbox 1615 2473 1735 2500; x_wconf 89' lang='lat' dir='ltr'>Caelium</span> <span class='ocrx_word' id='word_1_976' title='bbox 1746 2473 1839 2500; x_wconf 85' lang='lat' dir='ltr'>crimi-</span> 
     </span>
     <span class='ocr_line' id='line_1_133' title="bbox 1046 2510 1836 2546; baseline -0.004 -7"><span class='ocrx_word' id='word_1_977' title='bbox 1046 2518 1151 2539; x_wconf 88' lang='lat' dir='ltr'>nantur.</span> <span class='ocrx_word' id='word_1_978' title='bbox 1191 2513 1294 2539; x_wconf 79' lang='lat' dir='ltr'>Aurum</span> <span class='ocrx_word' id='word_1_979' title='bbox 1310 2512 1436 2546; x_wconf 82' lang='lat' dir='ltr'>sumpsit,</span> <span class='ocrx_word' id='word_1_980' title='bbox 1453 2516 1483 2538; x_wconf 89' lang='lat' dir='ltr'>ut</span> <span class='ocrx_word' id='word_1_981' title='bbox 1493 2511 1592 2541; x_wconf 87' lang='lat' dir='ltr'>dicitis,</span> <span class='ocrx_word' id='word_1_982' title='bbox 1605 2510 1677 2545; x_wconf 89' lang='lat' dir='ltr'>quod</span> <span class='ocrx_word' id='word_1_983' title='bbox 1688 2511 1718 2537; x_wconf 97' lang='lat' dir='ltr'>L.</span> <span class='ocrx_word' id='word_1_984' title='bbox 1731 2511 1836 2537; x_wconf 87' lang='lat' dir='ltr'>Lucceii</span> 
     </span>
     <span class='ocr_line' id='line_1_134' title="bbox 1023 2547 1838 2590; baseline -0.002 -14"><span class='ocrx_word' id='word_1_985' title='bbox 1023 2547 1025 2590; x_wconf 52' lang='grc' dir='ltr'>ᾖ</span> <span class='ocrx_word' id='word_1_986' title='bbox 1044 2551 1130 2576; x_wconf 87' lang='lat' dir='ltr'>servis</span> <span class='ocrx_word' id='word_1_987' title='bbox 1141 2549 1222 2581; x_wconf 80' lang='lat' dir='ltr'>daret,</span> <span class='ocrx_word' id='word_1_988' title='bbox 1236 2558 1284 2585; x_wconf 89' lang='lat' dir='ltr'>per</span> <span class='ocrx_word' id='word_1_989' title='bbox 1293 2558 1361 2585; x_wconf 89' lang='lat' dir='ltr'>quos</span> <span class='ocrx_word' id='word_1_990' title='bbox 1367 2548 1562 2575; x_wconf 80' lang='lat' dir='ltr'>Alexandrinus</span> <span class='ocrx_word' id='word_1_991' title='bbox 1573 2548 1629 2579; x_wconf 88' lang='lat' dir='ltr'>Dio,</span> <span class='ocrx_word' id='word_1_992' title='bbox 1637 2548 1684 2583; x_wconf 90' lang='lat' dir='ltr'>qui</span> <span class='ocrx_word' id='word_1_993' title='bbox 1695 2552 1752 2574; x_wconf 84' lang='lat' dir='ltr'>tum</span> <span class='ocrx_word' id='word_1_994' title='bbox 1765 2547 1838 2582; x_wconf 88' lang='lat' dir='ltr'>apud</span> 
     </span>
     <span class='ocr_line' id='line_1_135' title="bbox 1022 2584 1836 2626; baseline -0.005 -12"><span class='ocrx_word' id='word_1_995' title='bbox 1022 2597 1025 2626; x_wconf 45' lang='grc' dir='ltr'>ᾗ</span> <span class='ocrx_word' id='word_1_996' title='bbox 1044 2587 1188 2614; x_wconf 88' lang='lat' dir='ltr'>Lucceium</span> <span class='ocrx_word' id='word_1_997' title='bbox 1201 2587 1344 2617; x_wconf 81' lang='lat' dir='ltr'>habitabat,</span> <span class='ocrx_word' id='word_1_998' title='bbox 1357 2590 1503 2612; x_wconf 88' lang='lat' dir='ltr'>necaretur.</span> <span class='ocrx_word' id='word_1_999' title='bbox 1544 2585 1671 2621; x_wconf 81' lang='lat' dir='ltr'>Magnum</span> <span class='ocrx_word' id='word_1_1000' title='bbox 1682 2585 1782 2611; x_wconf 88' lang='lat' dir='ltr'>crimen</span> <span class='ocrx_word' id='word_1_1001' title='bbox 1793 2584 1836 2610; x_wconf 77' lang='lat' dir='ltr'>vel</span> 
     </span>
    </p>
   </div>
   <div class='ocr_carea' id='block_1_24' title="bbox 1026 1484 1034 2164">
    <p class='ocr_par' dir='ltr' id='par_1_28' title="bbox 1026 1484 1034 2164">
     <span class='ocr_line' id='line_1_136' title="bbox 1026 1484 1034 2164; baseline 0 0"><span class='ocrx_word' id='word_1_1002' title='bbox 1026 1484 1034 2164; x_wconf 95' lang='lat' dir='ltr'> </span> 
     </span>
    </p>
   </div>
   <div class='ocr_carea' id='block_1_25' title="bbox 201 2619 1837 2665">
    <p class='ocr_par' dir='ltr' id='par_1_29' title="bbox 201 2619 1837 2665">
     <span class='ocr_line' id='line_1_137' title="bbox 201 2619 1837 2665; baseline 0.003 -22"><span class='ocrx_word' id='word_1_1003' title='bbox 201 2622 299 2648; x_wconf 89' lang='lat' dir='ltr'>re,tam</span> <span class='ocrx_word' id='word_1_1004' title='bbox 310 2619 363 2645; x_wconf 86' lang='lat' dir='ltr'>sint</span> <span class='ocrx_word' id='word_1_1005' title='bbox 375 2621 450 2654; x_wconf 88' lang='lat' dir='ltr'>pauci</span> <span class='ocrx_word' id='word_1_1006' title='bbox 462 2629 620 2657; x_wconf 84' lang='lat' dir='ltr'>semperque</span> <span class='ocrx_word' id='word_1_1007' title='bbox 631 2622 794 2657; x_wconf 86' lang='lat' dir='ltr'>fuerint,qui</span> <span class='ocrx_word' id='word_1_1008' title='bbox 806 2623 833 2649; x_wconf 94' lang='lat' dir='ltr'>in</span> <span class='ocrx_word' id='word_1_1009' title='bbox 845 2623 894 2650; x_wconf 87' lang='lat' dir='ltr'>hoc</span> <span class='ocrx_word' id='word_1_1010' title='bbox 905 2623 994 2650; x_wconf 88' lang='lat' dir='ltr'>labore</span> <span class='ocrx_word' id='word_1_1011' title='bbox 1022 2630 1025 2642; x_wconf 72' lang='lat'><strong><em>⁴</em></strong></span> <span class='ocrx_word' id='word_1_1012' title='bbox 1044 2625 1078 2665; x_wconf 70' lang='lat' dir='ltr'>in¹</span> <span class='ocrx_word' id='word_1_1013' title='bbox 1093 2624 1187 2660; x_wconf 81' lang='lat' dir='ltr'>legatis</span> <span class='ocrx_word' id='word_1_1014' title='bbox 1202 2623 1373 2653; x_wconf 83' lang='lat' dir='ltr'>insidiandis,</span> <span class='ocrx_word' id='word_1_1015' title='bbox 1391 2622 1432 2649; x_wconf 88' lang='lat' dir='ltr'>vel</span> <span class='ocrx_word' id='word_1_1016' title='bbox 1447 2623 1475 2649; x_wconf 88' lang='lat' dir='ltr'>in</span> <span class='ocrx_word' id='word_1_1017' title='bbox 1490 2623 1576 2648; x_wconf 75' lang='lat' dir='ltr'>servis</span> <span class='ocrx_word' id='word_1_1018' title='bbox 1591 2622 1625 2648; x_wconf 87' lang='lat' dir='ltr'>ad</span> <span class='ocrx_word' id='word_1_1019' title='bbox 1643 2622 1777 2657; x_wconf 88' lang='lat' dir='ltr'>hospitem</span> <span class='ocrx_word' id='word_1_1020' title='bbox 1788 2621 1837 2648; x_wconf 89' lang='lat' dir='ltr'>do-</span> 
     </span>
    </p>
   </div>
   <div class='ocr_carea' id='block_1_26' title="bbox 204 2655 994 2695">
    <p class='ocr_par' dir='ltr' id='par_1_30' title="bbox 204 2655 994 2695">
     <span class='ocr_line' id='line_1_138' title="bbox 204 2655 994 2695; baseline 0.008 -14"><span class='ocrx_word' id='word_1_1021' title='bbox 204 2655 358 2682; x_wconf 72' lang='lat' dir='ltr'>versentur?</span> <span class='ocrx_word' id='word_1_1022' title='bbox 377 2656 540 2685; x_wconf 83' lang='lat' dir='ltr'>obterendae</span> <span class='ocrx_word' id='word_1_1023' title='bbox 551 2663 613 2686; x_wconf 85' lang='lat' dir='ltr'>sunt</span> <span class='ocrx_word' id='word_1_1024' title='bbox 623 2667 716 2686; x_wconf 85' lang='lat' dir='ltr'>omnes</span> <span class='ocrx_word' id='word_1_1025' title='bbox 727 2659 890 2695; x_wconf 71' lang='lat' dir='ltr'>voluptates,</span> <span class='ocrx_word' id='word_1_1026' title='bbox 912 2660 994 2687; x_wconf 81' lang='lat' dir='ltr'>relin-</span> 
     </span>
    </p>
   </div>
   <div class='ocr_carea' id='block_1_27' title="bbox 1043 2658 1837 2695">
    <p class='ocr_par' dir='ltr' id='par_1_31' title="bbox 1043 2658 1837 2695">
     <span class='ocr_line' id='line_1_139' title="bbox 1043 2658 1837 2695; baseline -0.001 -9"><span class='ocrx_word' id='word_1_1027' title='bbox 1043 2661 1110 2688; x_wconf 81' lang='lat' dir='ltr'>mini</span> <span class='ocrx_word' id='word_1_1028' title='bbox 1126 2661 1275 2688; x_wconf 83' lang='lat' dir='ltr'>necandum</span> <span class='ocrx_word' id='word_1_1029' title='bbox 1288 2659 1477 2688; x_wconf 83' lang='lat' dir='ltr'>sollicitandis:</span> <span class='ocrx_word' id='word_1_1030' title='bbox 1499 2659 1609 2695; x_wconf 88' lang='lat' dir='ltr'>plenum</span> <span class='ocrx_word' id='word_1_1031' title='bbox 1625 2658 1733 2686; x_wconf 87' lang='lat' dir='ltr'>sceleris</span> <span class='ocrx_word' id='word_1_1032' title='bbox 1747 2659 1837 2685; x_wconf 84' lang='lat' dir='ltr'>oonsi-</span> 
     </span>
    </p>
   </div>
  </div>
 </body>
</html>
