1941 3052
215 139 262 164 462·
782 135 822 159 kf).
859 134 892 158 M.

215 210 290 237 tium,
314 216 394 242 quim·
418 206 525 232 videti-⁴.
551 206 689 239 pet-unium
711 204 828 237 sumpsit
850 208 969 229 mutuum
991 211 1004 228 a

214 245 372 273 Sex.>'·t11ln,
397 244 482 269 indic-‹-
497 243 543 268 hue
561 247 660 271 nostro,
685 241 811 275 primario
827 241 895 270 viro,
918 240 965 274 qui
980 245 1006 265 et

215 292 269 309 rem
281 281 409 315 agnoscit,
419 289 503 314 neque
516 280 649 305 hominem
663 279 776 311 ignorat:
791 278 837 311 qui
851 282 936 303 tamen
949 286 1005 302 cre-

213 320 282 346 didit
294 320 321 345 l'.
336 318 422 344 Fulvii
437 317 544 345 Veranii,
569 315 706 341 lectissimi
719 315 848 344 hominis,
873 313 933 340 fide.
975 314 1004 340 Ei

214 366 274 383 rum
288 356 409 384 solveret,
423 354 539 387 sumpsit
550 363 563 378 n
575 354 600 378 12.
614 358 638 378 et
651 353 685 378 M.
700 352 790 381 Fufiis,
805 351 943 386 equitibus
956 351 1006 377 lto-

216 395 310 423 munis,
325 393 457 427 primariis
471 391 543 416 viris.
586 390 631 415 llic
643 389 762 419 hercule,
775 388 873 414 cornici
886 387 1004 418 oculum,

216 436 244 457 ut
255 431 360 457 dieitur.
403 429 466 454 Num
480 428 550 453 hunc
563 426 750 461 Hermippum,
770 426 904 452 hominem
916 425 1007 451 erudi-

216 474 270 494 tum
280 489 285 497 ,
303 467 388 492 civem
401 474 495 495 suum,
513 465 555 490 nui
567 464 680 490 debebat
690 472 748 489 esse
760 463 917 489 notissimus
926 483 931 493 ,
948 472 1007 497 per-

214 506 306 530 cussit.
330 504 394 529 Eius
406 504 475 528 enim
489 502 540 528 fide
551 501 667 536 sumpsit
678 510 691 527 a
704 501 797 527 Fufiis.
819 500 1008 527 Securusller-

216 543 323 576 mippus
336 542 465 566 'l'emnum
479 539 667 574 proficiscitur,
685 547 770 573 quum
787 539 837 564 iste
852 546 911 563 sese
927 546 1008 572 pecu—

216 581 298 609 niam,
322 587 403 612 qnam
417 577 498 603 huius
511 576 561 602 fide
576 580 740 610 sumpserat,
762 584 776 601 a
792 574 934 609 discipulis
950 575 1008 600 suis

214 618 313 642 «liceret
324 616 407 642 Fufiis
419 614 629 649 persoluturum.
649 613 766 639 Habebat
776 613 847 639 enim
861 612 948 638 rhetor
960 612 1008 638 iste

215 653 394 679 adolescentes
406 651 535 687 quosdam
551 650 703 685 locupletes,
712 659 780 685 quos
791 649 904 676 dimidio
915 649 1009 675 redde—

216 696 253 717 ret
268 690 418 720 stultiores,
436 698 517 724 quam
534 693 682 723 acceperat,
703 688 748 714 ubi
765 687 830 714 nihil
848 691 956 722 possent
967 687 1008 712 di-

215 737 296 758 scere.
311 728 362 754 nisi
375 727 549 762 ignorantiam
563 726 723 752 litterarum:
747 726 788 751 47.
801 725 934 750 neminem
947 724 1009 759 qui-

215 766 275 792 dem
287 765 352 792 adeo
363 764 492 791 infatuare
508 764 605 798 potuit.
625 767 654 789 ut
664 763 687 789 ei
700 771 841 789 nummum
855 761 940 788 ullum
952 770 1009 787 cre·

214 803 296 830 deret.
320 803 418 837 ltaque,
432 811 516 837 quum
530 802 609 827 ltoma
621 800 688 826 clam
701 804 770 826 esset
781 799 924 834 profectus,
939 798 1009 824 mul-

216 845 309 875 tosque
322 841 433 866 minutis
446 839 659 865 mutuationibus
671 837 862 867 fraudavisset,
879 838 904 863 in
918 837 1008 862 Asiam

216 879 301 908 venit,
325 877 522 912 Hermippoque
540 875 701 910 percontanti
722 875 755 901 de
777 875 883 900 nomine
899 874 1009 900 Fufiano

216 915 371 950 respondet,
394 923 422 941 se
443 923 548 941 omnem
571 913 709 948 pecuniam
732 912 815 938 Fufiis
837 911 1007 946 persolvisse.

202 953 336 984 ,lnterim,
360 960 446 987 neque
463 952 497 977 ita
514 951 591 987 longo
607 949 758 980 intervallo,
778 949 913 975 libertusu
927 949 1009 975 Fufiis
1030 947 1031 972 ἶ

215 999 276 1016 cum
290 990 384 1016 litteris
396 989 426 1015 ad
439 989 614 1023 Hermippum
628 988 713 1014 venit:
737 987 848 1022 pecunia
865 987 963 1021 petitur
976 986 1009 1011 ab

217 1028 369 1062 Hermippo.
396 1027 557 1061 Hermippus
568 1026 600 1052 ab
613 1024 748 1052 Heraclide
760 1024 837 1059 petit:
852 1024 910 1058 ipse
923 1029 1008 1049 tamen

217 1065 299 1091 Fufiis
320 1063 449 1091 satisfacit
469 1063 638 1093 absentibus,
661 1066 686 1089 et
706 1062 785 1088 fidem
807 1070 882 1087 suam
901 1061 1007 1087 liberat:

217 1102 289 1129 hunc
304 1106 468 1128 aestuantem
484 1106 509 1127 et
521 1101 738 1136 tergiversantem
752 1099 851 1125 iudicio
863 1098 908 1125 ille
920 1106 1010 1133 perse-

216 1140 322 1174 quitur:
335 1148 349 1166 a
361 1139 591 1173 recuperatoribus
601 1146 696 1164 caussa
707 1137 884 1172 cognoscitur.
908 1137 949 1162 48.
958 1136 1011 1161 No-

217 1177 262 1203 lite
277 1177 442 1206 existimare,
461 1175 577 1206 iudices,
595 1184 645 1201 non
664 1183 743 1201 unam
755 1179 780 1200 et
790 1173 911 1200 eamdem
923 1173 1010 1199 omni-

217 1215 268 1241 bus
284 1214 310 1240 in
328 1214 392 1240 locis
407 1222 466 1239 esso
482 1213 664 1239 fraudatorum
680 1216 705 1238 et
727 1212 899 1238 infitiatorum
920 1211 1011 1245 impu-

216 1252 348 1278 dentiam:
363 1251 423 1277 l'ecit
434 1250 526 1277 eadem
538 1251 635 1280 onmia,
648 1257 717 1284 quae
729 1249 810 1275 nostri
821 1248 955 1274 debitores
967 1256 1011 1274 so-

218 1288 280 1315 lent.
302 1289 415 1324 Negavit
425 1296 484 1314 sese
495 1288 603 1314 omnino
615 1295 751 1313 versuram
764 1285 845 1312 ullam
858 1285 952 1312 fecisse
959 1285 1011 1311 Ro-

216 1334 284 1353 mae:
298 1326 432 1352 Fufiorum
443 1334 472 1351 se
483 1324 625 1352 affirmavit
638 1332 784 1358 numquam
796 1323 904 1350 omnino
914 1330 1010 1349 nomen

216 1363 336 1390 audisse:
353 1363 529 1397 Hermippum
541 1371 603 1388 vero
615 1362 718 1396 ipsum,
732 1360 960 1395 pudentissimum
972 1364 1011 1385 at-

216 1410 269 1436 que
281 1401 411 1435 optimum
425 1401 522 1430 virum,
531 1404 646 1426 veterem
658 1399 774 1425 amicum
786 1402 865 1432 atque
878 1397 1010 1432 hospitem

217 1447 316 1469 meum,
330 1437 580 1473 splendidissimum
593 1441 672 1471 atque
683 1435 882 1462 ornatissimum
895 1435 1011 1461 civitatis

217 1484 294 1506 suae.
318 1476 422 1510 probris
438 1475 564 1501 omnibus
580 1473 785 1508 maledictisque
800 1473 916 1499 vexavit.
957 1471 1011 1498 Sed

215 1522 300 1548 quum
317 1522 345 1539 se
362 1513 441 1539 homo
456 1512 584 1539 volubilis
598 1511 714 1546 quadam
730 1510 867 1545 praecipiti
878 1509 1011 1536 celeritate

216 1550 321 1577 dicendi
338 1551 364 1576 in
381 1550 425 1576 illa
442 1550 558 1577 oratione
579 1549 699 1579 iactaret,
722 1552 830 1582 repente
851 1547 1011 1574 testimoniis

217 1587 352 1615 Fufiorum
365 1587 575 1622 nominibusque
586 1586 711 1616 recitatiS,
724 1585 803 1612 homo
814 1584 1011 1611 audacissimus

217 1626 364 1660 pertimuit,
379 1625 587 1659 loquacissimus
597 1623 742 1650 obmutuit.
767 1623 860 1656 Itaque
871 1630 1012 1656 recupera-

217 1668 286 1690 tores
301 1667 389 1689 contra
405 1663 486 1688 istum
502 1670 556 1688 rem
569 1661 680 1687 minime
691 1659 801 1686 dubiam
813 1659 899 1693 prima
910 1659 1011 1685 actione.

217 1700 412 1727 iudicaverunt.
444 1698 533 1731 Quum
545 1698 693 1725 iudicatum
705 1705 757 1724 non
770 1695 875 1727 faceret,
888 1696 1011 1722 addictus

217 1738 370 1772 Hermippo,
384 1741 408 1763 et
419 1736 452 1762 ab
465 1736 514 1763 hoc
523 1736 621 1763 ductus
632 1739 680 1762 est.
721 1733 795 1760 xxi.
809 1734 850 1760 49.
868 1733 975 1760 Habetis
986 1737 1012 1759 et

218 1775 382 1801 honestatem
409 1774 526 1800 hominis
551 1777 577 1799 et
602 1772 784 1799 auctoritatem
816 1771 961 1797 testimonii
986 1774 1011 1797 et

217 1820 340 1838 caussam
356 1819 461 1838 omnem
478 1810 632 1837 simultatis.
672 1809 760 1844 Atque
779 1809 803 1834 is
819 1808 851 1834 ab
867 1808 1012 1842 Hermippo

219 1850 329 1879 missus,
342 1857 426 1884 quum
439 1849 462 1874 ei
474 1856 557 1882 pauca
569 1847 700 1881 mancipia
712 1844 887 1875 vendidisset,
901 1845 1011 1872 Romam

218 1895 247 1913 se
258 1885 383 1913 contulit:
401 1885 496 1912 deinde
511 1885 537 1911 in
549 1885 639 1911 Asiam
655 1883 746 1914 rediit,
762 1891 848 1918 quum
863 1883 916 1908 iam
934 1882 1012 1909 frater

219 1932 295 1950 meus
307 1923 400 1950 Flacco
409 1923 596 1952 successisset,
614 1921 646 1948 ad
661 1929 742 1956 quem
759 1920 823 1947 adiit
834 1928 1012 1955 caussamque

218 1962 253 1987 ita
265 1960 374 1987 detulit:
397 1964 608 1994 recuperatores,
628 1959 653 1985 vi
666 1958 752 1985 Flacci
767 1963 870 1984 coactos
886 1962 911 1984 et
927 1963 1009 1989 metu,

219 1998 317 2025 falsum
333 1998 431 2024 invitos
447 1997 618 2024 iudicavisse.
659 1996 749 2022 Frater
762 2003 838 2022 meus
851 2003 898 2030 pro
908 2003 957 2022 sua
969 2004 1013 2022 ae-

218 2036 319 2070 quitate
331 2035 524 2070 prudentiaque
535 2033 665 2064 decrevit,
684 2037 725 2064 ut,
739 2033 761 2059 si
773 2032 920 2059 iudicatum
932 2041 1013 2068 nega-

219 2077 270 2104 ret,
288 2073 314 2099 in
330 2072 444 2107 duplum
457 2072 518 2098 iret:
541 2072 565 2098 si
577 2076 648 2098 metu
659 2075 763 2097 coactos
774 2070 886 2101 diceret,
904 2069 1012 2097 haberet

219 2110 326 2137 eosdem
338 2113 544 2144 recuperatores.
584 2108 740 2135 Recusavit:
754 2112 788 2139 et,
801 2108 879 2143 quasi
890 2107 958 2134 nihil
970 2116 1013 2134 es-

219 2152 260 2174 set
270 2152 367 2178 actum,
382 2146 448 2173 nihil
460 2146 617 2177 iudicatum,
630 2146 814 2180 abHermippo
825 2145 924 2172 ibidem
937 2154 1014 2172 man-

219 2185 298 2219 cipia,
310 2193 380 2219 quae
390 2185 448 2219 ipse
459 2185 484 2210 ei
496 2184 660 2214 vendiderat,
675 2188 763 2218 petere
773 2183 870 2217 coepit.
896 2183 932 2209 M.
945 2183 1013 2210 Gra—

220 2223 316 2253 tidius,
331 2222 445 2258 legatuS,
459 2221 491 2247 ad
503 2230 584 2256 quem
595 2225 636 2247 est
647 2221 763 2251 aditum,
781 2221 911 2246 actionem
925 2229 954 2246 se
965 2221 1014 2247 da-

221 2264 310 2286 turum
323 2259 443 2295 negavit:
457 2267 484 2285 re
495 2258 610 2285 iudicata
621 2259 684 2284 stari
695 2257 811 2284 ostendit
821 2257 934 2292 placere.
968 2259 1011 2284 50.

220 2298 318 2323 Iterum
334 2297 397 2327 iste,
415 2297 458 2323 cui
475 2296 566 2322 nullus
582 2300 652 2322 esset
667 2303 783 2330 usquam
798 2295 963 2322 consistendi
974 2295 1014 2322 lo-

219 2343 280 2365 cus,
298 2334 408 2361 Romam
424 2342 453 2359 se
469 2333 571 2360 retulit:
593 2334 764 2368 persequitur
774 2332 946 2367 Hermippus,
964 2333 1012 2367 qui

221 2380 368 2405 numquam
380 2371 458 2398 istius
470 2368 652 2405 impudentiae
661 2371 751 2397 cessit.
782 2370 850 2396 Petit
861 2369 1013 2396 Heraclides

221 2417 234 2434 a
246 2408 275 2435 C.
287 2408 371 2435 Plotio
381 2412 510 2439 senatore,
523 2409 580 2434 viro
592 2408 725 2443 primario,
738 2407 786 2442 qui
798 2406 902 2443 legatus
913 2408 941 2434 in
951 2407 1013 2434 Asia

223 2445 318 2476 suerat,
333 2446 463 2480 mancipia
474 2445 606 2480 quaedam
615 2465 621 2475 ,
634 2453 703 2480 quae
713 2453 752 2476 se,
767 2453 853 2480 quum
864 2445 1013 2471 iudicatum

222 2487 299 2512 esset,
313 2491 360 2516 per
371 2483 425 2509 vim
437 2482 591 2509 vendidisse
602 2482 716 2508 dicebat.
747 2481 779 2514 Q.
792 2483 870 2513 Naso,
884 2482 926 2508 vir
936 2490 1014 2509 orna-

223 2519 407 2554 tissimus,qui
419 2524 522 2554 praetor
533 2519 626 2551 fuerat,
634 2519 718 2546 iudex
727 2520 856 2546 sumitur:
869 2519 918 2555 qui
928 2528 1013 2554 quum

222 2556 379 2582 sententiam
391 2557 539 2583 seeundum
545 2557 661 2584 Plotium
672 2565 701 2583 se
711 2556 845 2583 dicturum
852 2557 1011 2588 ostenderet,

223 2597 247 2618 et
263 2592 296 2619 ab
310 2601 340 2620 eo
354 2593 442 2619 iudice
452 2593 517 2620 abiit
527 2598 565 2625 et,
587 2594 660 2629 quod
671 2593 802 2620 iudicium
814 2594 874 2629 lege
884 2603 937 2621 non
948 2598 1011 2625 erat,

223 2638 345 2656 caussam
357 2634 436 2656 totam
448 2630 564 2665 reliquit.
587 2631 691 2658 Satisne
702 2631 788 2661 vobis,
797 2631 908 2662 iudices,
922 2631 1014 2658 videor

223 2666 256 2693 ad
271 2666 392 2703 singulos
404 2671 483 2694 testes
498 2667 635 2700 accedere,
653 2676 752 2703 neque,
770 2672 799 2694 ut
814 2668 900 2702 primo
915 2669 1014 2695 consti-

927 133 956 158 T.
992 131 1271 158 ciet-:noxis

1032 204 1034 222 Γ
1058 208 1168 231 tut-ram.
1183 201 1366 228 tantummodo
1376 210 1437 228 cum
1450 202 1575 228 universo
1585 209 1681 236 genere
1691 199 1850 235 confligere?

1057 242 1099 265 151.
1119 240 1200 265 Venio
1211 239 1242 265 ad
1256 239 1396 274 Lysaniam
1408 239 1528 265 eiusdem
1540 238 1669 268 civitatis,
1687 238 1848 273 peculiarem

1059 282 1144 305 tuum,
1168 277 1288 306 Deciano,
1311 281 1419 302 testem:
1441 284 1521 311 quem
1544 281 1585 305 tu.
1607 284 1692 310 quum
1714 275 1849 310 ephebum

1058 314 1150 339 Temni
1171 321 1328 347 cognomen,
1353 313 1480 348 quoniam
1504 318 1529 339 te
1551 313 1642 339 nudu-
1663 312 1848 343 delectaverat,

1058 359 1164 385 semper
1175 350 1278 376 nudum
1291 358 1350 376 esse
1362 350 1481 376 voluisti.
1503 350 1646 377 Abduxisti
1658 350 1758 376 Temno
1770 349 1851 385 Apol-

1060 388 1190 414 lonidem:
1214 388 1353 422 pecuniam
1365 387 1572 417 adolescentulo.
1585 387 1680 422 grandi
1693 387 1806 415 foenore.
1821 387 1851 412 fi·

1058 426 1136 451 ducia
1149 430 1234 451 tamen
1247 430 1360 459 accepta,
1374 425 1551 459 occup-visti:
1565 424 1632 450 banc
1643 424 1767 450 fiduciam
1779 433 1852 450 com-

1060 463 1169 489 missam
1182 463 1230 488 tibi
1242 462 1323 488 dicis:
1341 466 1415 488 tenes
1431 461 1510 488 hodio
1524 469 1554 487 ac
1570 461 1701 496 possiden.
1742 461 1810 487 Eum
1823 467 1850 487 tu

1060 505 1151 526 testem
1168 508 1216 534 spe
1232 499 1406 534 recuperandi
1423 499 1498 525 fundi
1515 499 1617 534 paterni
1634 499 1722 525 venire
1733 498 1765 525 nd
1778 499 1852 525 testi-

1059 538 1179 564 monium
1201 536 1345 563 dicendum
1368 537 1493 569 coepisti:
1518 536 1565 571 qui
1588 537 1715 571 quoniam
1733 537 1853 562 testimo-

1061 576 1134 601 nium
1148 574 1265 600 nondum
1277 574 1359 605 dixit,
1377 574 1506 609 quidnam
1517 573 1698 603 sitdicturus,
1716 578 1850 608 exspecto.

1060 613 1127 639 Novi
1139 621 1225 647 genus
1237 612 1386 642 bominum,
1400 611 1460 638 novi
1472 610 1703 640 consuetudinem,
1717 611 1778 637 novi
1791 610 1852 637 libi-

1059 650 1160 676 dinem.
1188 650 1287 684 ltaque,
1301 650 1350 675 etsi
1364 654 1447 679 teneo,
1460 648 1526 684 quid
1538 649 1573 674 sit
1583 648 1671 674 dicere
1682 652 1798 682 paratus,
1811 648 1853 674 ni·

1061 687 1098 713 hil
1111 692 1198 713 tamen
1209 692 1298 713 contra
1310 686 1454 721 disputabo
1465 687 1549 720 prius,
1562 694 1643 720 quam
1655 685 1761 711 dixerit.
1801 685 1853 711 To·

1061 729 1116 750 tum
1128 725 1199 750 enim
1211 729 1345 750 convertet
1356 729 1435 759 atque
1446 723 1496 750 alia
1508 724 1598 759 finget.
1638 722 1816 755 Quamobrem
1827 726 1854 749 et

1037 782 1039 790 .
1060 762 1106 788 ille
1117 767 1217 792 servet,
1231 761 1302 796 quod
1316 762 1430 796 paravit,
1453 766 1479 788 et
1489 769 1539 798 ego
1549 768 1591 787 me
1602 759 1634 786 ud
1647 760 1672 786 id
1681 778 1687 788 .
1700 760 1772 795 quod
1783 764 1853 786 attu-

1039 1434 1040 1442 ’
1062 1441 1113 1462 cto.

1062 799 1128 829 lerit,
1142 800 1275 835 integrum
1287 799 1459 825 conservabo.

1116 837 1201 863 XXll.
1215 838 1256 863 52.
1274 837 1357 863 Venio
1368 845 1439 862 nunc
1450 835 1483 862 ad
1494 843 1552 861 eam
1563 835 1711 864 civitatem,
1729 835 1756 860 in
1771 842 1852 869 quam

1061 883 1110 909 ego
1125 874 1208 900 multa
1223 878 1249 900 et
1260 882 1355 906 magna
1366 873 1454 900 studia
1467 878 1492 899 et
1502 872 1588 899 officia
1599 872 1713 902 contuli,
1735 876 1761 898 et
1771 880 1852 907 quam

1061 921 1137 938 meus
1151 911 1229 937 frater
1241 912 1266 937 in
1280 912 1373 945 primis
1384 911 1447 937 colit
1457 916 1537 945 atque
1547 909 1650 945 diligit:
1672 917 1740 945 quae
1753 910 1777 935 si
1787 909 1854 935 civi-

1062 954 1100 975 tas
1122 958 1168 984 per
1190 950 1260 975 viros
1281 949 1364 975 bonos
1379 956 1529 984 gravesque
1546 947 1668 973 homines
1682 946 1806 982 querelas
1821 945 1854 972 ad

1063 995 1109 1013 vos
1120 986 1269 1016 detulisset,
1284 986 1374 1020 paullo
1385 994 1566 1012 commoverer
1577 985 1672 1020 magis.
1705 984 1782 1010 Nunc
1792 991 1855 1009 vero

1061 1024 1127 1059 quid
1144 1023 1254 1059 putem?
1274 1023 1421 1050 Trallianos
1437 1022 1588 1049 Maeandrio
1602 1030 1726 1048 caussam
1742 1021 1855 1048 commi-

1061 1062 1138 1092 sisse,
1153 1061 1253 1087 homiui
1265 1062 1363 1096 egenti,
1376 1060 1491 1090 sordido,
1505 1060 1563 1086 sine
1574 1059 1680 1089 bonore,
1694 1059 1752 1085 sine
1762 1058 1856 1085 existi-

1062 1099 1185 1129 matione,
1202 1099 1260 1124 sine
1270 1098 1371 1125 censu‘?
1386 1098 1435 1124 Ubi
1447 1102 1521 1123 erant
1532 1096 1571 1123 illi
1584 1096 1735 1132 Pythodori,
1748 1095 1856 1122 Aetidffi

1062 1137 1102 1167 ni,
1127 1137 1284 1170 Lepisones,
1307 1136 1385 1161 ceteri
1403 1136 1524 1162 homines
1540 1135 1611 1169 apud
1627 1142 1675 1160 nos
1696 1133 1749 1160 noti
1758 1154 1764 1163 .
1788 1134 1856 1159 inter

1061 1182 1125 1200 suos
1137 1172 1259 1199 nobiles‘?
1280 1173 1324 1199 ubi
1342 1173 1386 1199 illa
1403 1173 1542 1207 magnifica
1555 1176 1580 1197 et
1590 1171 1704 1207 gloriosa
1715 1171 1856 1197 ostentatio

1061 1210 1196 1237 civitatis?
1216 1211 1308 1238 Nonne
1319 1215 1389 1236 esset
1401 1210 1534 1245 putidum,
1547 1209 1570 1235 si
1583 1209 1650 1235 hanc
1660 1217 1782 1234 caussam
1794 1216 1856 1243 age-

1063 1253 1120 1275 rent
1143 1256 1248 1279 severe,
1281 1256 1331 1274 non
1357 1248 1435 1274 modo
1456 1247 1586 1282 legatum,
1621 1245 1668 1271 sed
1692 1244 1855 1271 Trallianum

1062 1286 1171 1313 omnino
1181 1286 1233 1311 dici
1245 1284 1446 1312 Maeandrium?
1457 1284 1520 1310 huic
1531 1283 1570 1310 illi
1583 1283 1678 1319 legato,
1692 1282 1755 1309 huic
1766 1281 1857 1317 publi-

1062 1332 1093 1350 co
1109 1323 1168 1349 testi
1186 1328 1325 1358 patronum
1342 1331 1422 1349 suum
1437 1322 1489 1348 iam
1502 1320 1564 1347 inde
1575 1329 1588 1347 a
1600 1325 1672 1355 patre
1682 1324 1762 1355 atque
1774 1320 1856 1346 maio-

1062 1361 1151 1391 ribus,
1175 1361 1204 1387 L.
1223 1361 1360 1390 Flaccum,
1384 1358 1554 1386 mactandum
1575 1358 1690 1384 civitatis
1705 1357 1857 1384 testimonio

1063 1397 1252 1425 tradidissent?
1281 1399 1322 1424 53.
1344 1398 1401 1424 Non
1413 1401 1452 1423 est
1463 1397 1512 1427 ita,
1527 1395 1641 1426 iudices,
1655 1403 1707 1422 non
1719 1399 1759 1421 est
1769 1393 1857 1429 profe-

1154 1435 1215 1462 Vidi
1230 1444 1280 1469 ego
1295 1436 1322 1461 in
1338 1434 1455 1470 quodam
1471 1433 1571 1460 iudicio
1587 1441 1671 1468 nuper
1685 1432 1855 1458 Philodorum

1039 1500 1041 1509 ,Ἰ
1062 1478 1156 1500 testem
1178 1473 1351 1502 Trallianum,
1374 1471 1430 1498 vidi
1451 1470 1629 1500 Parrhasium,
1653 1469 1708 1496 vidi
1728 1469 1856 1496 Archide»

1040 1518 1041 1545 ζ
1062 1519 1137 1537 mum
1146 1531 1152 1542 ,
1165 1519 1251 1546 quum
1263 1510 1372 1545 quidem
1384 1509 1456 1536 idem
1468 1509 1511 1535 hic
1522 1508 1588 1534 mihi
1600 1507 1768 1534 Maeandrius
1778 1507 1856 1542 quasi

1040 1550 1041 1559 ¹
1063 1549 1226 1574 ministrator
1237 1547 1335 1576 aderat,
1348 1547 1504 1576 subiiciens,
1517 1545 1584 1580 quid
1595 1545 1622 1572 in
1634 1553 1699 1571 suos
1709 1545 1782 1571 cives
1791 1544 1858 1570 civi-

1039 1621 1041 1642 2
1064 1623 1164 1653 levius,
1188 1621 1255 1649 nihil
1271 1622 1407 1658 egentiuS,
1431 1620 1498 1647 nibil
1515 1620 1692 1655 inquinatius.

1063 1590 1208 1620 tatemque,
1221 1586 1244 1611 si
1257 1584 1363 1615 vellem,
1377 1584 1503 1610 dicerem.
1526 1582 1598 1609 Nihil
1610 1583 1681 1609 enim
1693 1582 1740 1608 illo
1750 1581 1858 1608 bomine

1731 1618 1818 1651 Quare
1833 1619 1857 1644 si

1063 1660 1136 1686 hunc
1151 1659 1250 1686 habent
1264 1664 1399 1685 auctorem
1410 1657 1536 1684 Tralliani
1551 1656 1650 1683 doloris
1666 1656 1723 1686 sui,
1745 1656 1769 1682 si
1785 1655 1858 1682 hunc

1062 1697 1201 1724 custodem
1214 1697 1373 1727 litterarum,
1390 1696 1413 1722 si
1425 1695 1497 1721 hunc
1508 1699 1602 1721 testem
1614 1694 1736 1724 iniuriae,
1749 1694 1773 1719 si
1785 1693 1857 1719 bunc

1063 1739 1196 1761 auctorem
1219 1733 1405 1769 querelarum:
1434 1732 1569 1759 remittant
1591 1731 1716 1766 spiritus,
1741 1731 1857 1765 compri-

1063 1777 1136 1798 mant
1151 1772 1254 1798 animos
1269 1780 1348 1802 suos,
1365 1769 1458 1797 sedent
1473 1769 1664 1805 arrogantiam.
1682 1767 1814 1794 fateantur
1828 1768 1857 1794 in

1063 1809 1208 1835 Maeandrii
1230 1817 1342 1843 persona
1363 1815 1422 1834 esse
1443 1815 1597 1841 expressam
1620 1805 1713 1832 faciem
1728 1805 1855 1832 civitatis.

1063 1847 1111 1873 Sin
1126 1847 1208 1873 istum
1225 1854 1331 1881 semper
1346 1845 1385 1872 illi
1401 1845 1453 1879 ipsi
1469 1844 1542 1871 domi
1557 1842 1746 1878 proterendum
1761 1850 1821 1869 esse
1831 1847 1858 1869 et

1062 1883 1274 1911 conculcandum
1286 1886 1461 1918 putaverunt:
1483 1881 1608 1908 desinant
1619 1885 1726 1915 putare,
1743 1880 1858 1906 auctori-

1064 1926 1143 1948 tatem
1155 1929 1214 1947 esse
1225 1921 1252 1947 in
1264 1929 1295 1947 eo
1307 1920 1471 1949 testimonio,
1489 1919 1568 1945 cuius
1579 1922 1670 1944 auctor
1681 1918 1808 1944 inventus
1817 1921 1859 1944 est

1064 1967 1151 1986 nemo.
1173 1958 1270 1984 xxm.
1283 1957 1336 1984 Sed
1346 1965 1487 1991 exponam,
1499 1955 1567 1991 quid
1578 1956 1605 1982 in
1617 1963 1644 1981 re
1655 1955 1698 1986 sit,
1711 1959 1749 1986 ut,
1761 1963 1859 1990 quam-

1063 1997 1153 2023 obrem
1170 1996 1219 2022 ista
1236 1995 1330 2022 civitas
1347 2002 1434 2029 neque
1447 2002 1540 2020 severe
1551 1992 1674 2019 Flaccum
1685 1993 1856 2027 oppugnarit,

1040 2055 1041 2058 ,
1065 2042 1150 2068 neque
1163 2033 1279 2069 benigne
1290 2031 1448 2062 defenderit,
1460 2031 1529 2057 scire
1539 2030 1658 2065 possitis.
1696 2031 1739 2056 56.
1760 2029 1823 2056 Erat
1833 2029 1858 2055 ei

1064 2071 1226 2098 Castriciano
1242 2070 1349 2096 nomine
1365 2070 1443 2096 irata:
1459 2068 1493 2095 de
1507 2076 1562 2103 quo
1577 2072 1630 2094 toto
1644 2066 1783 2102 respondit
1792 2067 1859 2093 Hor-

1065 2109 1181 2135 tensius:
1203 2109 1287 2134 invita
1302 2106 1417 2134 solverat
1431 2106 1558 2133 Castricio
1578 2105 1734 2139 pecuniam,
1755 2103 1858 2130 iamdiu

1063 2146 1192 2172 debitam.
1209 2145 1275 2171 Hinc
1286 2149 1370 2171 totum
1381 2144 1483 2174 odium,
1492 2143 1555 2169 binc
1565 2142 1653 2169 omnis
1663 2141 1784 2168 offensio.
1798 2140 1858 2174 Quo

1063 2192 1148 2218 quum
1162 2183 1279 2209 venisset
1290 2181 1397 2208 Laelius
1408 2181 1440 2207 ad
1451 2181 1540 2210 iratos,
1554 2184 1580 2206 et
1590 2178 1658 2206 illud
1665 2178 1858 2206 Castricianum

1065 2220 1166 2247 vulnus
1176 2220 1289 2246 dicendo
1301 2219 1480 2246 restituisset:
1503 2217 1635 2244 siluerunt
1646 2216 1794 2251 principes,
1811 2223 1859 2242 ne-

1063 2258 1155 2293 quein
1167 2257 1211 2283 illa
1222 2258 1350 2284 concione
1361 2255 1518 2285 adfuerunt,
1531 2262 1618 2289 neque
1628 2253 1708 2280 istius
1719 2253 1818 2279 decreti
1828 2261 1858 2279 ac

1065 2295 1209 2322 testimonii
1221 2299 1342 2321 auctores
1353 2302 1412 2320 esse
1423 2292 1575 2319 voluerunt.
1591 2291 1682 2325 Usque
1691 2298 1723 2316 eo
1732 2290 1796 2316 orba
1807 2289 1859 2316 fuit

1063 2333 1097 2359 ab
1107 2332 1283 2367 optimatibus
1294 2331 1340 2358 illa
1353 2331 1458 2360 concio.
1475 2334 1506 2356 ut
1515 2329 1640 2364 princeps
1651 2328 1804 2362 principum
1815 2335 1859 2354 ω-

1063 2369 1293 2396 setMaeandrius:
1305 2369 1384 2395 cuius
1395 2367 1497 2403 lingua,
1504 2366 1582 2401 quasi
1592 2364 1697 2391 flabello
1707 2364 1855 2395 seditionis,

1064 2407 1109 2433 illa
1121 2412 1178 2433 tum
1190 2411 1231 2433 est
1241 2406 1379 2442 egentium
1390 2405 1481 2432 concio
1493 2402 1626 2430 ventilata.
1658 2403 1701 2428 55.
1718 2402 1809 2437 ltaque
1819 2401 1859 2428 ci·

1064 2445 1154 2471 vitatis
1167 2444 1306 2479 pudentis,
1324 2448 1354 2469 ut
1363 2451 1413 2478 ego
1423 2449 1530 2476 semper
1538 2439 1704 2469 existimavi.
1720 2443 1746 2465 et
1755 2438 1854 2474 gravis,

1065 2487 1093 2508 ut
1104 2482 1156 2516 ipsi
1167 2481 1317 2508 existimari
1327 2479 1541 2510 volunt,iustum
1551 2476 1668 2503 dotorem
1679 2476 1858 2511 querelasque

1064 2519 1225 2555 cognoscite.
1255 2518 1328 2551 Quae
1339 2517 1452 2552 pecunia
1464 2515 1545 2542 fuerit
1554 2513 1626 2548 apud
1637 2521 1666 2539 se
1676 2513 1763 2539 Flacci
1774 2513 1857 2548 pati-is

1065 2556 1173 2583 nomine
1191 2555 1285 2582 collata
1299 2564 1315 2581 a
1329 2553 1498 2583 civitatibus,
1520 2551 1589 2578 hanc
1603 2559 1617 2577 a
1632 2559 1662 2576 se
1672 2559 1731 2577 esse
1741 2550 1855 2576 ablatam

1064 2597 1223 2628 queruntur.
1263 2592 1324 2619 Alio
1335 2591 1392 2618 loco
1401 2598 1542 2626 quaeram,
1553 2588 1622 2623 quid
1634 2587 1738 2614 licuerit
1747 2587 1854 2614 Flacco:

1065 2639 1136 2656 nune
1147 2635 1249 2656 tantum
1265 2638 1280 2656 a
1291 2628 1432 2655 Trallianis
1446 2627 1565 2662 requiro,
1587 2634 1669 2660 quam
1685 2625 1826 2659 pecuniam
1841 2631 1856 2650 a

1064 2676 1093 2694 se
1104 2667 1219 2694 ablatam
1230 2671 1392 2702 queruntur,
1410 2672 1523 2691 suamne
1533 2662 1635 2693 dicant,
1653 2662 1705 2689 sibi
1716 2670 1731 2689 a
1741 2661 1856 2688 civitati-
