1941 3052
215 158 260 181 22:
675 155 713 178 to.
750 152 784 178 Μ.

211 227 289 252 stioni
310 234 349 251 vu·
367 230 391 250 et
409 228 498 249 contra
517 223 652 248 inulas-inm
673 222 834 248 fortissimus
856 226 881 247 et
902 221 935 246 ab
959 222 1000 247 in-

212 263 329 289 nocentia
352 262 588 287 cleiucntissiums:

213 300 252 326 vel
277 300 322 326 illo
345 300 402 333 ipsu,
427 298 553 323 acerrimo
580 296 666 321 iudice
691 299 833 330 quaerente
861 294 900 320 vel
928 294 999 328 apud

211 338 350 363 Cassianos
370 335 482 364 iudici-s,
511 342 624 368 quorum
644 334 722 358 vtimn
747 341 816 358 nunc
839 332 870 361 ii,
898 332 999 366 quibus
1020 329 1029 354 *l

210 383 303 399 t'numtn
321 373 431 398 ‹lit-enda
450 376 502 400 vst,
524 380 616 396 nunu-u
638 370 726 403 ipsum
747 368 930 397 reformidant,
954 377 1000 402 pro

210 412 271 436 Sex.
289 411 380 436 llum-io
393 410 488 434 ‹tim-w.
531 407 628 432 xxxi.
645 409 685 431 tui.
709 407 735 432 lu
752 406 799 431 hac
817 406 887 431 enim
906 414 999 430 caussa

210 457 294 481 quum
316 448 433 472 viderent
452 445 510 470 illos
535 443 727 477 atriplissimam
752 443 890 476 pecuniam
915 443 1000 476 possi-

210 487 280 514 ‹tm-v,
299 484 367 509 Ιιιιιιι·
383 484 407 508 in
423 491 526 507 summa
543 481 709 506 mendicitate
723 489 794 505 esse:
813 479 878 505 ιΙΙιιιΙ
890 479 999 514 quidem

212 531 261 547 nou
275 524 439 555 ‹piat-rerem.
456 519 497 544 cui
514 518 582 543 bono
597 517 702 547 fuisset,
723 517 769 542 scd
784 526 814 542 eo
829 517 999 551 perspicuum
1028 541 1029 551 ,

210 559 308 583 crimen
328 562 352 582 ct
370 556 548 590 suspiciunt-m
568 556 655 589 potius
674 555 705 580 nd
726 554 848 588 praedam
873 554 1001 585 adiunge-

211 600 279 622 rent.
301 603 380 628 quam
400 593 430 618 :ul
450 597 601 625 egestatem.
642 592 711 623 Quid
730 592 753 617 si
776 591 875 617 acet-dit
897 590 998 620 codem,

212 637 238 657 ut
253 632 340 657 tenuis
354 635 428 656 anu-a
445 630 544 655 fnvris‘!
565 629 630 663 quirl
644 630 680 659 si,
705 634 732 655 ut
751 628 865 654 avarus?
885 628 951 662 quid
966 628 998 657 si,

1020 355 1029 419 l

1020 435 1030 530 l

211 674 238 694 ut
252 668 357 694 audax?
370 668 434 702 quid
450 668 481 697 si,
499 671 527 692 ut
539 667 619 694 illius,
633 667 679 700 qui
691 667 794 691 occisus
805 670 853 695 est,
870 665 1000 691 inimicis·
1028 673 1029 698 1

210 705 313 731 simus‘?
339 706 407 731 Num
427 704 576 739 (pias-remla
596 713 702 732 caussa,
723 712 791 738 quac
810 708 833 728 te
851 702 882 728 ad
899 707 999 727 tantum
1027 703 1029 731 ἶ

211 743 312 768 facinus
331 742 489 768 adduxerit?
514 741 583 773 Quid
602 750 664 773 ergo
682 741 776 766 ltorum
794 740 882 772 negari
899 740 1001 773 potest?

209 780 334 806 'l'emiitas
353 779 468 805 hominis
486 778 617 804 eiusmodi
637 783 688 807 cst,
719 782 747 803 ut
765 777 928 802 dissimulari
949 785 999 802 non

208 822 289 851 queat
305 821 384 851 atquc
398 825 428 842 eo
443 817 526 849 magis
541 815 654 845 elin-vat,
675 824 728 849 quo
743 815 827 849 magis
841 814 997 839 occultatur.

209 855 250 880 87.
266 855 409 880 Avaritiam
425 853 548 888 praefers,
564 853 610 887 qui
626 853 774 878 societatem
789 851 925 877 coieristle
940 859 999 876 mu-

210 892 304 926 nicipis
319 892 476 925 cognatique
491 890 603 916 fortunis
621 899 682 915 cum
701 889 874 915 alienissimo.
913 889 998 919 Quam

209 930 246 955 sis
263 929 349 955 audax
368 929 406 963 (ut
425 928 474 954 alia
493 927 643 961 obliviscar)
663 927 724 952 liiuc
742 935 832 952 omnes
853 925 999 959 intelligere

1027 787 1029 790 ⁴
1051 781 1075 802 et
1093 777 1136 802 alii
1158 777 1244 803 multi.

209 971 363 1000 potuerunt,
379 965 451 1000 quod
469 974 501 991 ex
517 970 567 990 tota
582 965 716 994 societate,
738 963 786 989 lioc
805 967 844 988 cst
862 971 893 988 ex
911 967 947 988 tot
961 962 999 988 si·
1026 975 1027 991 ς

1026 1008 1027 1016 ¹
1050 999 1208 1026 sidet-emus.
1242 1000 1303 1026 Erat
1318 1005 1373 1026 tum
1389 999 1532 1026 multitudo
1545 1001 1708 1029 sicariorum.
1729 999 1755 1026 id
1767 1000 1841 1035 quod

207 1004 299 1034 curiis,
319 1003 393 1029 solus
414 1008 440 1029 ιιι
461 1003 583 1028 inventus
602 1011 642 1031 cs,
663 1002 786 1036 quicum
801 999 998 1025 accusatoribus

208 1040 313 1066 sederes
339 1045 418 1075 atque
443 1049 472 1065 os
500 1044 574 1065 tuum
595 1048 644 1065 non
665 1038 742 1064 modo
759 1037 923 1067 ostenderes.
951 1036 998 1062 sed

200 1078 286 1104 'etiam
300 1077 415 1104 offerres.
457 1077 610 1103 Inimicitias
626 1076 672 1102 tibi
693 1075 775 1101 fuisse
794 1083 855 1100 cum
870 1074 932 1100 Sex.
948 1074 999 1099 110-

208 1116 262 1141 scio
279 1120 304 1141 et
323 1124 431 1149 magnas
451 1115 486 1140 rei
507 1114 643 1139 familiaris
661 1113 852 1139 controversias
871 1111 998 1137 concedas

208 1161 315 1178 necesse
328 1148 378 1178 ostj
418 1154 459 1177 88.
483 1152 578 1179 Restat,
595 1150 705 1180 iudices,
727 1155 755 1176 ut
770 1149 818 1175 lioc
832 1149 995 1179 dubitemus,

209 1194 266 1216 uter
288 1190 376 1224 potius
399 1189 461 1215 Sex.
486 1189 610 1214 Roscium
631 1187 770 1213 occiderit:
798 1187 834 1216 is.
861 1186 893 1211 ad
917 1194 997 1220 quem

208 1231 289 1252 morte
307 1227 365 1252 eius
379 1226 486 1252 divitiae
501 1226 633 1255 venerint,
653 1234 685 1251 an
701 1225 736 1255 is,
753 1224 785 1250 ad
799 1232 879 1259 quem
895 1223 998 1249 mendi-

206 1265 284 1290 citas:
313 1265 349 1295 is,
366 1264 412 1298 qui
427 1268 501 1289 antea
517 1263 603 1289 tenuis
618 1262 709 1293 fuerit.
730 1270 762 1288 an
781 1262 817 1292 is,
842 1261 888 1295 qui
909 1265 997 1294 postea

208 1301 292 1327 factus
311 1302 344 1327 sit
362 1302 564 1335 egentissimus:
588 1300 622 1330 is,
646 1300 693 1334 qui
716 1298 811 1325 ardens
833 1298 941 1324 avaritia
961 1296 998 1323 fe-
1026 1310 1027 1327 ;

206 1344 277 1364 ratur
292 1337 404 1364 infestus
419 1339 445 1364 in
459 1346 530 1368 suos,
555 1346 587 1362 an
602 1337 638 1367 is,
662 1337 709 1371 qui
723 1344 828 1370 semper
843 1336 877 1361 ita
891 1335 995 1365 vixerit,

207 1380 235 1402 ut
248 1380 389 1410 quaestum
405 1380 493 1401 nosset
507 1374 625 1405 nullum,
646 1373 762 1400 fructum
778 1378 865 1399 autem
880 1380 941 1398 eum
955 1380 999 1398 so-

207 1413 275 1444 lum,
291 1421 371 1447 quem
387 1412 474 1438 labore
489 1412 647 1446 peperisset:
670 1412 701 1442 is,
717 1410 764 1445 qui
778 1410 899 1436 omnium
914 1413 999 1435 secto-

206 1459 264 1476 rum
279 1450 474 1475 audacissimus
492 1449 539 1480 sit,
564 1457 596 1474 an
615 1449 651 1479 is,
670 1448 716 1482 qui
736 1453 842 1482 propter
860 1446 907 1473 fori
926 1446 997 1472 iudi-

204 1488 360 1521 ciorumque
378 1486 546 1513 insolentiam
565 1494 616 1512 non
640 1485 718 1511 modo
735 1484 877 1515 subsellia,
903 1492 996 1509 verum

205 1525 283 1550 etiam
301 1524 395 1550 urbem
416 1524 502 1558 ipsam
525 1522 689 1549 reformidet:
712 1526 858 1557 postremo,
883 1520 994 1551 iudices,

206 1561 231 1587 id
254 1561 325 1596 quod
352 1561 383 1587 ad
410 1569 464 1587 rem
491 1569 550 1587 mea
575 1560 704 1586 sententia
732 1559 847 1585 maxime
874 1558 994 1592 pertinet,

204 1604 294 1625 utrum
313 1599 438 1624 inimicus
457 1599 546 1632 potius
564 1606 596 1623 an
616 1597 697 1623 lilius.

206 1641 247 1667 tu,
267 1635 360 1665 Eruci.
383 1640 419 1661 tot
431 1640 456 1661 et
471 1640 541 1661 tanta
555 1635 577 1660 si
592 1638 684 1660 nactus
699 1641 772 1659 esses
787 1633 813 1659 in
829 1641 885 1663 reo.
901 1640 997 1666 quam-

205 1673 251 1699 diu
265 1672 384 1699 diceres?
396 1681 450 1707 quo
464 1677 488 1698 te
502 1671 580 1698 modo
594 1670 721 1697 iactares?
734 1671 861 1704 Tempus,
878 1668 994 1699 hercule,

205 1715 230 1736 te
243 1711 336 1740 citius,
357 1718 438 1744 quam
453 1710 534 1735 oratio
547 1708 679 1734 deficeret.
719 1708 825 1734 Etenim
839 1707 866 1733 in
880 1705 996 1741 singulis

205 1747 286 1773 rebus
299 1746 430 1773 eiusmodi
446 1747 567 1772 materies
581 1750 634 1776 est,
661 1749 690 1771 ut
703 1744 759 1771 dics
773 1743 894 1779 singulos
909 1743 996 1778 possis

205 1792 370 1811 consumere.
404 1784 496 1818 Neque
510 1792 558 1818 ego
572 1791 623 1809 non
638 1786 762 1817 possum:
779 1789 830 1807 non
844 1781 914 1807 enim
930 1780 996 1806 mibi

205 1826 307 1848 tantum
322 1821 431 1856 derogo,
450 1821 552 1846 tametsi
573 1819 639 1846 nihil
654 1827 759 1853 arrogo,
781 1823 809 1844 ut
824 1823 847 1845 te
861 1818 996 1852 copiosius

205 1867 286 1894 quam
305 1867 347 1884 me
366 1862 456 1892 putem
476 1865 553 1892 posse
571 1857 667 1883 dicere.
708 1856 806 1882 Verum
825 1864 873 1891 ego
887 1855 996 1881 forsitan

205 1899 312 1931 propter
336 1895 535 1921 multitudinem
559 1899 729 1929 patronorum
755 1893 782 1919 in
806 1902 886 1929 grege
912 1891 998 1918 adnu-

206 1941 299 1959 meter.
336 1933 372 1958 Te
386 1941 475 1968 pugna
489 1932 635 1958 Cannensis
649 1935 826 1957 accusatorem
841 1934 881 1956 sat
896 1929 996 1955 bonum

206 1970 276 1996 fecit.
317 1969 414 1996 Multos
433 1978 522 1995 caesos
541 1977 592 1995 non
615 1968 648 1994 ad
670 1968 874 1994 Thrasimenum
898 1966 994 1996 lacum,

205 2007 252 2034 sed
265 2006 298 2033 ad
312 2006 456 2033 Servilium
471 2006 598 2032 vidimus.
633 2007 674 2032 90.
689 2005 756 2037 Quis
770 2005 807 2031 ibi
822 2013 873 2030 non
887 2008 927 2030 est
940 2005 997 2030 vul-

204 2049 310 2071 neratus
326 2047 395 2078 se‘rro
414 2043 540 2077 Phryyio?
561 2044 617 2069 Non
637 2051 744 2069 necesse
761 2046 801 2068 est
817 2050 910 2068 omnes
924 2049 997 2067 com-

205 2089 350 2108 memorare
364 2081 480 2111 Curtios.
498 2081 604 2110 Marios,
621 2079 737 2115 denique
751 2079 911 2109 Mamercos,
928 2086 996 2113 quos

205 2119 257 2145 iam
283 2123 354 2145 aetas
380 2126 393 2144 a
412 2117 518 2153 praeliis
544 2117 682 2144 avocabat:
710 2121 843 2151 postremo
860 2116 996 2142 Priamum

204 2157 294 2191 ipsum
309 2163 400 2182 senem
411 2155 570 2185 Antistium,
587 2163 667 2189 quem
687 2162 739 2180 non
753 2153 832 2180 modo
845 2158 928 2183 aetas,
949 2152 996 2179 sed

204 2193 283 2219 etiam
301 2192 373 2228 leges
391 2200 510 2227 pugnare
524 2191 708 2227 prohibebant.
749 2191 816 2221 Iam,
836 2199 904 2225 quos
919 2198 997 2217 nemo

204 2234 311 2265 propter
332 2229 525 2265 ignobilitatem
548 2229 677 2259 nominat,
705 2228 824 2254 sexcenti
847 2232 922 2258 sunt,
948 2228 995 2262 qui

204 2268 272 2293 inter
285 2267 393 2293 sicarios
407 2271 433 2293 et
445 2266 478 2292 de
493 2266 628 2292 veneficiis
642 2265 815 2292 accusabant:
837 2265 885 2299 qui
903 2273 995 2291 omnes

204 2304 286 2339 (quod
303 2304 336 2330 ad
353 2312 395 2330 me
416 2303 518 2338 attinet)
539 2303 636 2329 vellem
657 2303 787 2329 viverent.
827 2301 900 2328 Nihil
923 2302 995 2328 euim

205 2341 267 2368 mali
281 2345 321 2367 est
333 2349 412 2367 canes
424 2341 463 2367 ibi
477 2349 558 2375 quam
573 2340 704 2374 plurimos
718 2347 785 2370 esse,
806 2339 852 2366 ubi
868 2338 995 2374 permulti

204 2378 361 2404 observandi
388 2377 526 2412 multaque
550 2377 680 2404 servanda
705 2381 776 2403 sunt.
817 2378 859 2402 9¹.
886 2377 992 2407 Verum,

206 2419 234 2441 ιιι
248 2415 288 2446 fit,
305 2415 387 2441 multa
402 2423 480 2450 saepe
494 2414 711 2450 imprudentibus
728 2413 935 2449 imperatoribus
954 2414 994 2439 vis

205 2451 267 2477 belli
286 2460 315 2478 ac
332 2452 409 2478 turba
427 2452 544 2478 molitur.
584 2452 653 2478 Dum
671 2452 694 2478 is
712 2452 738 2478 in
756 2451 816 2477 aliis
839 2451 919 2477 rebus
941 2454 995 2476 erat

205 2493 361 2523 occupatuS‚
378 2490 424 2524 qui
439 2497 572 2515 summam
586 2497 674 2515 rerum
689 2488 904 2519 administrabat,
921 2492 995 2514 erant

205 2525 311 2556 interea,
319 2526 429 2560 quisuis
435 2526 593 2552 vulneribus
599 2525 780 2552 mederentur:
792 2525 849 2560 qui,
857 2530 993 2560 tamquam

205 2562 228 2588 si
245 2561 329 2588 offusa
347 2563 508 2596 reipublicae
527 2563 688 2597 sempiterna
706 2571 758 2588 nox
776 2566 858 2593 esset,
882 2562 919 2588 ita
932 2569 994 2588 rue-

205 2599 268 2625 bant
285 2599 312 2625 in
331 2599 445 2625 tenebris
462 2600 605 2634 omniaque
619 2599 778 2626 miscebant:
799 2608 814 2625 a
827 2599 928 2634 quibus
943 2598 994 2625 mi-

205 2644 259 2666 ror,
280 2644 312 2662 ne
325 2636 397 2670 quod
414 2637 574 2663 iudiciorum
593 2641 663 2663 esset
680 2637 837 2672 vestigium,
858 2644 910 2662 non
928 2635 995 2661 sub-

204 2672 279 2699 sellia
297 2681 404 2708 quoque
426 2681 484 2699 esse
505 2673 651 2700 combusta.
693 2674 759 2700 Nam
782 2678 807 2699 et
829 2677 993 2699 accusatores

737 1596 849 1622 xxxlt.
865 1598 906 1621 89.
929 1595 997 1621 Haec
1016 1607 1018 1620 ι

819 152 848 178 Τ.
884 150 1158 177 (ζΙΩΙΗιΟΝΙΞ
1190 150 1375 177 ottATto

1050 225 1075 246 et
1093 220 1194 246 iudices
1213 220 1388 247 mutuis-runt.
1429 221 1482 247 lloc
1494 221 1626 247 commodi
1640 226 1692 249 est.
1718 222 1789 256 quod
1804 223 1839 248 iu

624 264 709 284 tainu-n
735 259 810 284 fau-ile
834 267 874 284 me
899 262 1023 291 paterer»
1052 258 1188 286 vixerunt.
1217 262 1246 283 ut
1263 262 1343 283 testes
1360 267 1465 288 omnen,
1484 259 1507 284 ui
1529 263 1668 292 cuperent.
1695 259 1840 285 interficere

1052 304 1101 320 non
1118 299 1233 328 ,uisne-ut.
1274 295 1352 323 Nam.
1373 294 1438 321 dum
1452 295 1590 321 bominum
1604 304 1689 328 genus
1707 296 1767 323 erit.
1791 297 1839 331 qui

1051 335 1155 357 accuset
1177 340 1235 361 eos.
1260 340 1310 357 non
1334 331 1429 357 decrit:
1451 331 1516 358 dum
1538 332 1631 358 civitas
1652 334 1714 362 crit.
1743 332 1839 359 iudici·

1052 369 1123 394 tit-nt.
1164 368 1275 398 verum.
1301 373 1329 394 ut
1342 369 1415 402 coepi
1429 368 1529 399 dicere,
1554 374 1578 394 et
1593 370 1718 398 Erucius.
1741 369 1804 395 lmec
1817 371 1840 396 si

1053 405 1159 431 hafn-ret
1184 406 1209 431 in
1232 414 1339 434 caussa.
1362 414 1430 439 quae
1453 408 1671 435 conum-moravi.
1701 412 1789 441 posset
1811 415 1840 432 ea

1051 443 1176 476 quarnvis
1190 442 1236 468 diu
1251 442 1346 471 (licere.
1362 448 1388 468 ct
1401 451 1458 475 ego.
1475 443 1585 473 iudices,
1602 452 1722 478 possum.
1747 443 1798 469 Sed
1814 445 1839 470 in

1052 480 1140 505 animo
1153 484 1205 509 est,
1221 479 1447 513 quemadmodum
1461 485 1520 505 ante
1533 479 1603 511 dixi.
1625 480 1717 506 leviter
1731 482 1841 507 transire

1051 526 1080 541 ac
1107 517 1288 542 tantummodo
1315 518 1489 551 perstringere
1516 526 1594 543 unam
1616 526 1752 552 (piamque
1775 527 1839 547 rem.

1053 558 1080 579 ut
1098 563 1190 579 onincs
1210 554 1370 585 intelligant.
1393 563 1434 579 me
1458 563 1508 580 non
1531 554 1620 580 studio
1633 563 1769 585 accusare,
1794 554 1841 581 sed

1051 590 1139 616 officio
1152 590 1302 616 defendere.
1343 591 1453 617 xxxin
1480 593 1521 617 92.
1545 591 1626 617 Video
1640 592 1720 625 igitur
1732 600 1841 618 caussas

1052 637 1110 653 csse
1125 628 1282 662 permultas,
1303 637 1371 662 quae
1386 629 1465 654 istum
1482 628 1656 662 impellerent.
1698 629 1841 655 Videamus

1053 674 1135 695 nunc,
1164 674 1246 699 ecqua
1275 665 1384 691 facultas
1411 666 1574 699 suscipiendi
1603 666 1723 692 maleficii
1751 665 1839 692 suerit.

1053 702 1100 728 Ubi
1117 703 1220 728 occisus
1239 707 1278 729 cst
1296 703 1358 728 va.
1379 703 1506 728 nom-ius?
1532 703 1636 728 ttcanme.
1677 702 1765 734 Quid?
1790 703 1839 732 Tu.

1052 740 1137 768 nosci,
1155 740 1199 765 ubi
1215 745 1277 766 tunc
1291 740 1366 765 cras‘!
1388 740 1493 765 Itomae.
1532 740 1626 766 Verum
1641 739 1706 774 quid
1721 740 1753 766 ad
1768 740 1842 766 rem‘?

1285 778 1367 808 Quasi
1387 786 1456 803 nunc
1475 777 1501 803 iil
1519 782 1624 809 agatur.
1644 778 1706 811 quis
1724 785 1756 803 cx
1771 782 1840 803 tauta

1052 813 1223 840 multitudine
1240 814 1377 845 occiderit,
1404 823 1433 840 nc
1452 823 1503 840 non
1523 814 1571 840 boc
1588 819 1742 848 ‹piat-ratur.
1767 823 1838 844 eum.

1050 852 1096 885 qui
1113 852 1208 877 Itomae
1222 851 1255 877 sit
1269 852 1386 880 occisus.
1408 856 1496 877 utrum
1512 852 1565 877 veri
1581 851 1697 877 similius
1715 852 1750 877 sit
1764 851 1798 877 ab
1810 859 1842 878 eo

1050 896 1107 914 esse
1121 889 1248 917 occisum,
1264 889 1310 923 qui
1326 888 1450 914 assiduus
1465 897 1495 914 co
1509 894 1624 923 tempore
1635 889 1731 915 Romae
1745 888 1838 915 fuerit:

1050 934 1081 951 an
1096 925 1129 951 ab
1143 934 1181 955 co.
1194 926 1239 960 qui
1256 925 1347 951 multis
1361 926 1438 951 annis
1449 926 1556 951 ltomam
1568 927 1676 952 omnino
1691 934 1741 952 non
1752 935 1841 952 acces-

1050 963 1123 988 serit.
1163 965 1204 989 93.
1226 962 1290 992 Aac,
1309 971 1379 989 nunc
1393 967 1492 988 ceteras
1507 962 1644 988 facultates
1657 971 1765 997 quoque
1777 972 1841 989 con-

1049 1038 1267 1063 commemoravit
1281 1037 1407 1067 Erucius,
1428 1042 1453 1063 ct
1472 1037 1592 1063 homines
1611 1038 1720 1072 impune
1737 1038 1842 1063 occide-

1026 1088 1027 1107 ;
1051 1074 1156 1100 bantur.
1190 1074 1278 1106 Quid‘?
1296 1083 1324 1100 ca
1340 1074 1484 1100 multitudo
1497 1083 1565 1109 quae
1579 1074 1650 1100 erat‘?
1668 1074 1779 1109 opinor.
1795 1079 1842 1100 aut

1025 1331 1027 1368 l

1017 1535 1026 1563 <l

1024 1573 1026 1581 ›
1048 1563 1073 1584 et
1087 1558 1213 1584 rusticus.

1026 1110 1027 1128 ἶ
1049 1120 1154 1142 eorum,
1174 1112 1221 1146 qui
1236 1112 1262 1137 in
1278 1112 1353 1138 bonis
1367 1116 1440 1137 erant
1452 1112 1585 1146 occupati.
1610 1116 1654 1138 aut
1667 1120 1772 1141 eorum.
1792 1113 1840 1146 qui

1049 1149 1082 1174 ab
1097 1149 1129 1174 iis
1143 1149 1367 1179 conducebantur,
1389 1154 1417 1175 ut
1431 1148 1547 1183 aliquem
1561 1148 1719 1175 occiderent.
1753 1149 1781 1175 Si
1796 1157 1841 1175 eos

1050 1190 1140 1220 putas,
1161 1187 1207 1221 qui
1222 1186 1338 1212 alienum
1353 1186 1524 1220 appetebant.
1545 1191 1574 1212 tu
1587 1194 1615 1212 es
1630 1187 1656 1212 in
1670 1194 1701 1212 eo
1719 1194 1838 1215 numero.

1018 1220 1027 1233 '³
1049 1224 1095 1257 qui
1108 1229 1193 1250 nostra
1205 1224 1316 1258 pecunia
1326 1223 1402 1250 dives
1416 1232 1458 1254 es;
1473 1224 1515 1249 sin
1526 1231 1580 1253 eos.
1592 1232 1668 1258 quos,
1680 1224 1728 1258 qui
1744 1223 1840 1250 leviore

1050 1261 1155 1286 nomine
1179 1260 1325 1295 appellant,
1351 1269 1520 1295 percussores
1544 1265 1650 1290 vocant.
1678 1269 1788 1295 quaere,
1811 1261 1840 1287 in

1048 1299 1126 1324 cuius
1145 1298 1195 1324 fide
1213 1298 1267 1324 sint
1285 1303 1309 1324 et
1327 1297 1462 1323 clientela:
1486 1297 1551 1323 milii
1565 1297 1656 1328 crede.
1676 1297 1793 1332 aliquem
1807 1297 1842 1324 de

1048 1336 1171 1361 societate
1185 1340 1229 1361 tua
1244 1335 1372 1369 reperies;
1388 1339 1421 1365 et„
1438 1334 1571 1369 quidquid
1586 1339 1613 1360 tu
1627 1339 1716 1361 contra
1729 1334 1838 1365 dixeris.

1025 1387 1027 1395 ι
1048 1372 1076 1398 id
1099 1381 1161 1398 cum
1185 1371 1339 1398 defensione
1362 1377 1449 1398 nostra
1471 1371 1634 1398 contendito:
1656 1372 1691 1398 ita
1715 1371 1841 1398 facillime

1025 1400 1027 1420 l
1048 1418 1141 1435 caussa
1160 1409 1222 1435 Sex.
1238 1409 1325 1435 Roscii
1343 1418 1405 1435 curn
1425 1414 1468 1435 tua
1485 1408 1644 1435 conferetur.

1685 1410 1726 1435 94.
1748 1409 1838 1435 Dices:

1048 1446 1118 1478 Quid
1133 1451 1231 1481 postea,
1247 1446 1270 1472 si
1285 1447 1381 1473 Romae
1395 1446 1520 1472 assiduus
1535 1445 1591 1472 fui‘?
1604 1446 1791 1481 Respondebo:
1806 1446 1841 1473 At

1048 1492 1097 1519 ego
1110 1484 1219 1510 omnino
1233 1492 1283 1510 non
1299 1483 1348 1510 fui.
1389 1484 1480 1510 Fateor
1493 1492 1535 1510 me
1549 1488 1676 1510 sectorem
1694 1492 1767 1515 esse;
1794 1491 1841 1510 ve-

1048 1530 1107 1547 rum
1127 1526 1152 1547 et
1170 1521 1214 1547 alii
1233 1520 1321 1547 multi.
1361 1521 1394 1547 Αι
1407 1529 1469 1556 ego,
1490 1525 1519 1547 ut
1533 1525 1588 1547 tute
1601 1521 1704 1556 arguis.
1725 1520 1840 1556 agricola

1254 1558 1311 1584 Non
1325 1558 1459 1588 continuo,
1475 1559 1498 1584 si
1513 1566 1556 1584 me
1569 1559 1596 1584 in
1610 1566 1718 1593 gregem
1731 1559 1841 1584 sicario-

1047 1604 1107 1622 rum
1121 1595 1234 1626 contuli,
1249 1603 1311 1621 sum
1323 1596 1446 1622 sicarius.
1485 1595 1519 1621 At
1531 1603 1581 1630 ego
1594 1594 1723 1629 profecto.
1745 1595 1792 1630 qui
1807 1603 1840 1622 ne

1048 1633 1109 1658 novi
1127 1632 1236 1666 quidem
1255 1640 1419 1666 quemquam
1437 1632 1575 1662 sicarium.
1598 1632 1674 1667 longe
1692 1632 1787 1659 absum
1806 1632 1840 1658 ab

1047 1669 1178 1696 eiusmodi
1193 1670 1313 1695 crimine.
1335 1669 1468 1695 Permulta
1482 1673 1553 1699 sunt,
1566 1678 1635 1704 quae
1648 1669 1700 1695 dici
1715 1674 1837 1704 possunt,

1047 1715 1129 1741 quare
1143 1706 1307 1741 intelligatur
1320 1715 1452 1732 summam
1468 1707 1516 1732 tibi
1527 1705 1677 1732 facultatem
1690 1706 1772 1733 fuisse
1783 1715 1840 1733 rna-

1048 1743 1126 1770 leticii
1140 1743 1320 1778 suscipiendi:
1341 1752 1410 1778 quae
1424 1751 1476 1770 non
1491 1743 1569 1770 modo
1582 1743 1680 1770 idcirco
1694 1748 1837 1778 praetereo.

1046 1781 1119 1816 quod
1133 1785 1157 1806 te
1171 1781 1261 1815 ipsum
1277 1789 1327 1807 non
1343 1780 1454 1807 libenter
1467 1789 1575 1812 accuso;
1599 1789 1692 1807 verum
1709 1789 1740 1807 eo
1753 1782 1840 1816 magis

1047 1819 1135 1849 etiam,
1151 1817 1232 1852 quod,
1248 1818 1271 1844 si
1282 1817 1315 1844 (le
1328 1817 1382 1844 illis
1393 1817 1520 1844 caedibus
1532 1817 1612 1844 velim
1622 1826 1837 1848 commemorare.

1046 1863 1115 1890 quae
1133 1859 1191 1881 tum
1209 1854 1291 1882 factae
1309 1859 1372 1881 sunt
1388 1856 1438 1881 ista
1455 1855 1547 1881 eadem
1565 1856 1678 1885 ratione.
1705 1864 1758 1890 qua
1776 1855 1837 1881 Sex.

1047 1893 1158 1919 Roscius
1172 1892 1276 1919 occisus
1290 1896 1343 1923 est,
1364 1900 1468 1922 vereor.
1489 1901 1521 1919 ne
1535 1891 1568 1918 ad
1582 1891 1673 1927 plures
1686 1893 1768 1919 oratio
1780 1900 1839 1918 mea

1047 1930 1178 1964 pertinere
1191 1929 1322 1956 videatur.

1103 1966 1225 1993 xxxiv.
1238 1968 1280 1993 95.
1296 1966 1439 1993 Videamus
1450 1974 1521 1992 nunc
1529 1966 1651 1996 strictim,
1664 1967 1733 1992 sieut
1742 1971 1836 1997 cetera.

1047 2012 1115 2039 quae
1129 2008 1189 2038 post
1202 2008 1314 2030 mortem
1325 2003 1387 2030 Sex.
1402 2003 1490 2030 Roscii
1504 2003 1552 2029 abs
1566 2008 1603 2034 te,
1620 2003 1650 2029 T.
1665 2003 1756 2034 Rosci,
1772 2003 1839 2030 facta

1047 2046 1122 2067 sunt:
1145 2049 1214 2075 quae
1232 2042 1267 2067 ita
1280 2045 1369 2075 aperta
1383 2045 1408 2067 et
1422 2039 1560 2067 manifesta
1573 2045 1649 2071 sunt.
1674 2045 1703 2066 ut
1720 2040 1840 2067 medius-

1047 2078 1136 2108 fidius,
1153 2078 1264 2109 iudices,
1281 2079 1382 2104 invitus
1396 2086 1426 2104 ea
1439 2077 1536 2104 dicam.
1576 2077 1672 2104 Vereor
1685 2077 1765 2109 enim,
1780 2078 1839 2104 cui-

1046 2115 1164 2142 cuimodi
1178 2123 1215 2146 es,
1231 2115 1260 2141 T.
1272 2115 1359 2144 Rosci.
1375 2123 1408 2141 ne
1421 2115 1457 2141 ita
1471 2114 1543 2141 hunc
1552 2114 1642 2141 videar
1652 2114 1769 2141 voluisse
1781 2123 1838 2141 ser-

1048 2161 1117 2183 vare,
1133 2157 1163 2179 ut
1177 2153 1224 2179 tibi
1238 2153 1347 2179 omnino
1360 2160 1412 2178 non
1425 2152 1599 2187 pepercerim.
1626 2150 1715 2184 Quum
1729 2151 1779 2178 hoc
1791 2160 1839 2178 ve-

1047 2198 1104 2216 reor
1121 2194 1147 2216 et
1163 2190 1243 2224 cupio
1262 2190 1310 2216 tibi
1328 2189 1417 2224 aliqua
1435 2197 1469 2215 ex
1485 2193 1572 2224 parte,
1600 2188 1673 2224 quod
1694 2187 1768 2215 salva
1786 2188 1838 2215 fide

1046 2227 1160 2261 possim,
1181 2235 1300 2261 parcere,
1320 2234 1414 2252 rursus
1432 2227 1546 2253 immuto
1560 2225 1721 2252 voluntatem
1739 2233 1836 2252 meam.

1046 2264 1123 2291 Venit
1137 2264 1208 2290 enim
1222 2263 1289 2290 mihi
1302 2264 1330 2290 in
1345 2268 1459 2289 mentem
1469 2263 1523 2289 oris
1537 2263 1585 2289 tui.
1606 2263 1685 2293 Tene,
1697 2270 1783 2297 quum
1793 2271 1838 2290 ce-

1046 2302 1094 2328 teri
1112 2301 1177 2327 socii
1192 2301 1230 2327 tui
1245 2300 1366 2336 fugerent
1379 2309 1410 2326 ac
1422 2308 1451 2327 se
1464 2299 1638 2329 occultarent.
1658 2303 1688 2326 ut
1701 2299 1751 2326 hoc
1765 2299 1838 2326 iudi-

1045 2339 1118 2364 cium
1133 2346 1184 2364 non
1198 2337 1231 2364 de
1245 2337 1352 2364 illorum
1367 2337 1476 2372 praeda,
1500 2336 1548 2363 sed
1561 2335 1593 2362 de
1607 2336 1690 2362 huius
1707 2336 1837 2364 maleficio

1046 2375 1101 2401 fieri
1116 2375 1264 2406 videretur,
1285 2375 1455 2409 potissimum
1469 2373 1518 2400 tibi
1535 2377 1623 2408 partes
1641 2373 1704 2400 istas
1719 2373 1838 2408 depopo—

1044 2412 1136 2443 scisse,
1154 2417 1182 2438 ιιι
1195 2413 1223 2438 in
1237 2412 1336 2438 iudicio
1349 2419 1483 2438 versarere
1495 2415 1521 2436 et
1533 2409 1638 2436 sederes
1651 2419 1715 2437 cum
1727 2419 1837 2438 accusa-

1045 2449 1119 2475 tore‘?
1141 2448 1199 2481 Qua
1216 2450 1244 2476 in
1262 2457 1290 2475 re
1307 2448 1379 2485 nihit
1392 2447 1466 2474 atiud
1483 2448 1649 2482 assequeris,
1674 2448 1727 2474 nisi
1748 2452 1780 2474 ut
1801 2448 1835 2474 ab

1043 2486 1170 2513 omnibus
1188 2486 1345 2513 mortalibus
1362 2485 1471 2512 audacia
1489 2488 1534 2510 tua
1551 2488 1725 2520 cognoscatur
1741 2489 1768 2511 et
1783 2485 1836 2511 im-

1044 2523 1180 2558 pudentia.
1214 2525 1255 2549 96.
1277 2523 1370 2550 Occiso
1382 2521 1444 2548 Sex.
1459 2521 1561 2552 Roscio.
1576 2522 1624 2556 qui
1638 2522 1742 2556 primus
1754 2522 1836 2548 Ame—

1044 2561 1110 2586 riam
1128 2560 1250 2587 nuntiat?
1267 2559 1376 2587 Mallius
1389 2558 1512 2589 Glaucia,
1532 2567 1614 2593 quem
1631 2559 1685 2585 iam
1697 2563 1774 2585 antea
1787 2567 1835 2586 no-

1044 2597 1152 2628 minavi,
1169 2602 1232 2624 tuus
1245 2597 1329 2624 cliens
1341 2601 1368 2622 et
1380 2595 1528 2622 familiaris·
1568 2595 1638 2628 Quid
1652 2596 1759 2622 attinuit
1771 2604 1834 2622 eum

1044 2635 1215 2668 potissimum
1229 2635 1359 2663 nuntiare.
1374 2632 1460 2668 quod,
1475 2632 1499 2658 si
1513 2632 1618 2659 nullum
1632 2633 1685 2659 iam
1698 2637 1758 2659 ante
1770 2640 1835 2660 oon-

1043 2671 1136 2698 silium
1149 2670 1183 2697 de
1200 2676 1284 2698 morte
1302 2679 1331 2698 ac
1344 2670 1377 2696 de
1395 2670 1472 2697 bonis
1489 2670 1548 2696 eius
1566 2670 1663 2696 inieras
1677 2669 1833 2705 nullamque
