1941 3052
193 148 240 171 2150
764 146 802 170 ⁴⁸.
840 145 872 169 Μ.
907 144 936 169 Τ.

192 226 218 241 rt·
235 216 356 242 voluutas
370 221 395 242 ct
409 227 436 241 ,κι-
441 221 482 241 ιιιι·
486 216 552 244 uti-i.
573 224 625 249 quc·
629 215 698 240 invia
718 219 745 240 ut
765 214 813 239 lioc
828 213 905 240 math
900 222 933 239 ιιι
949 213 981 238 tle

192 254 237 283 iis,
258 255 303 288 qui
319 259 408 279 mss-ut
424 254 524 282 idom-i,
544 261 606 277 »ιιι-ιι·
611 253 650 285 ips
654 261 680 277 τι·
689 260 795 285 ιμιιιιιι
817 260 857 276 ιιιι·
897 259 939 275 mc·
955 255 982 276 ut

192 290 269 315 mulli
265 301 307 320 ιιι
323 300 404 325 (pium
420 300 451 316 ιιι
455 300 524 315 ιιιιιιι
528 299 563 315 ιιι
604 290 632 314 V.
650 289 689 314 47
707 288 849 322 lleliquuiu
864 292 905 312 cst
919 287 980 317 ιἰ’,ιιιι

193 332 219 353 ιιι
235 327 300 353 illud
315 337 360 362 qiu
354 338 383 352 ιιι·
387 336 484 356 rannus,
501 335 584 360 ιμιιιιιι
601 327 648 351 lim·
662 330 776 355 ‘'eiiistet,
793 325 836 350 Sic
841 324 897 350 ulos
911 333 925 349 u
941 333 982 350 tue

192 376 223 400 pc·
227 367 274 391 tis
277 376 290 389 ι
295 365 411 399 ecquid
427 365 449 390 Ιι
446 374 492 389 un
508 373 533 388 r«-
537 373 560 388 ιιι
573 362 642 396 apud
656 363 869 396 vosauimosquc
882 366 982 387 vestros

193 404 248 428 vuli
245 413 278 428 ι·-ι
292 406 422 436 cipum-..122
447 400 542 434 ιιιμιίιΙ
557 409 606 424 uui
610 399 720 425 toritatis
735 399 806 433 apud
823 408 869 424 vos
888 399 915 425 in
934 407 984 424 suo

192 441 247 466 iun-
263 450 288 465 r:-
293 449 323 473 pa·
319 439 408 464 -ιιιιιιΙιι
422 448 465 463 so(-
471 438 485 462 ii
503 437 592 471 pupuli
606 437 724 466 lloiuaui,
738 436 874 470 supplices
891 436 980 466 vestri¹

191 478 287 503 imin-r«-
301 476 422 501 ‹lt-tumui.
465 475 498 499 Ιιι-
512 483 566 508 quo
580 473 645 508 quid
661 483 709 506 ego
727 473 802 508 plum
821 481 983 499 commemo-

192 514 264 540 ri—ui'!
289 513 369 544 Quasi
387 521 447 537 vero
461 511 574 536 duliiuin
589 512 632 541 sit,
648 511 714 545 quin
730 515 780 536 tota
797 510 839 537 lcx
852 510 885 536 de
900 519 984 545 pecu-

192 552 243 577 niis
262 549 416 583 repetundis
435 549 568 574 sociorum
588 557 681 573 caussa
696 549 839 574 constituta
854 548 898 573 sit.
941 549 981 573 ⁴8.

192 589 255 613 Nam
271 587 376 612 civilius
390 595 474 620 quum
490 590 553 611 suut
567 590 672 620 ereptae
687 586 823 619 pecuniae,
840 584 914 610 civili
930 583 983 610 sere
1005 605 1007 613 ,

738 623 806 648 llaec
821 622 864 648 lex
877 621 983 648 socialis
1005 650 1006 655 ¹

190 666 243 687 est:
270 661 317 686 tim:
337 661 378 686 ius
399 661 535 686 nationum
555 664 704 686 exterarum
724 664 777 686 est:
803 660 870 685 lianc
885 659 983 685 liabent
1005 660 1007 684 ἰ

190 625 290 650 :it-tione
305 628 329 649 et
345 624 447 657 privato
461 623 517 649 iure
532 627 697 657 repetuntur.

189 708 285 728 arcem,
299 698 389 724 minus
399 698 536 732 aliquanto
547 706 617 724 nunc
627 697 736 732 quidem
749 697 888 727 munitam,
901 705 982 731 quam

189 740 278 767 antea,
308 739 505 766 verumtamen,
526 735 549 761 si
567 744 619 769 qua
639 735 740 769 reliqua
759 743 821 769 spes
840 738 893 765 est,
913 742 983 768 quae

189 773 321 799 sociorum
335 772 439 798 animos
453 772 582 798 consolari
597 773 694 806 possit,
711 781 739 798 ea
755 776 806 798 tota
822 772 847 798 in
863 771 911 797 liac
927 771 1013 808 lege

190 810 274 844 posita
294 814 347 836 est:
372 810 449 835 cuius
469 809 535 844 levis
554 818 605 835 non
622 809 699 835 modo
712 818 725 835 a
742 808 840 843 populo
853 809 1005 838 Romano,

189 847 236 873 sed
255 847 334 873 etiam
353 847 387 873 ab
411 830 514 872 ultimis
537 847 689 873 uationibus
713 845 871 881 iampridem
894 846 981 871 severi
1004 864 1012 883 :¹

189 884 313 911 custodes
328 884 510 919 requiruntur.
542 886 581 910 49.
602 884 667 915 Quis
683 884 764 919 igitur
777 888 826 914 est,
842 883 889 917 qui
905 887 983 918 neget

189 926 309 956 oportere
323 930 414 947 eorum
429 922 556 947 arbitratu
573 921 614 956 leg
608 930 630 947 e
643 921 695 955 agi,
707 929 822 956 quorum
833 929 927 946 caussa
940 919 983 946 lex

189 960 224 985 sit
242 959 403 985 constituta?
425 959 516 985 Sicilia
535 963 600 989 tota,
621 959 644 984 si
665 967 715 984 una
735 966 799 984 voce
819 958 979 992 loqueretur,

190 997 238 1022 lioc
252 996 364 1022 diceret:
380 996 452 1031 quod
467 996 534 1027 auri,
546 979 618 1031 quo'd
629 996 740 1031 argenti,
752 995 825 1030 quod
839 1003 981 1021 ornamen—

189 1038 276 1059 torum
291 1034 317 1059 in
333 1034 400 1059 meis
416 1033 541 1064 urbibus,
559 1033 678 1064 sedibus,
694 1033 815 1059 delubris
830 1032 893 1064 suit;
909 1032 981 1066 quod

189 1071 216 1097 in
232 1080 283 1096 uua
297 1080 405 1105 quaque
416 1080 442 1097 re
454 1071 582 1096 beneticio
591 1075 700 1096 senatus
712 1070 859 1105 populique
870 1069 980 1095 Romani
1003 1083 1004 1086 ι

189 1108 256 1134 iuris
277 1108 370 1139 habui,
392 1108 418 1134 id
437 1108 502 1134 milii
523 1112 564 1138 tu,
586 1108 615 1134 C.
631 1108 738 1139 Verres,
759 1107 882 1141 eripuisti
902 1111 981 1141 atque
1002 1109 1004 1120 ³

188 1145 338 1177 abstulisti3
363 1154 418 1180 quo
436 1146 542 1171 nomine
560 1145 608 1171 abs
628 1149 652 1171 te
666 1145 820 1171 sestertium
835 1144 934 1170 millies
948 1153 982 1170 ex
1003 1163 1004 1178 3

190 1183 247 1217 lege
266 1187 365 1217 repeto.
405 1182 433 1208 Si
452 1182 590 1213 universa,
611 1186 640 1208 ut
657 1182 727 1214 dixi,
753 1181 888 1217 provincia
908 1181 980 1216 loqui

189 1224 292 1254 posset,
315 1220 363 1246 hac
381 1229 443 1245 voce
464 1224 593 1246 uteretur:
614 1220 742 1254 quoniam
761 1219 788 1245 id
803 1228 854 1245 non
869 1223 978 1253 poterat,

189 1257 283 1283 harum
299 1266 386 1283 rerum
401 1262 529 1288 actorem,
545 1266 626 1291 quem
643 1257 767 1283 idoneum
782 1265 841 1282 esse
855 1256 980 1282 arbitrata
1002 1253 1004 1285 j

188 1299 242 1325 est,
266 1295 323 1329 ipsa
346 1295 455 1330 delegit.
496 1296 537 1320 20.
560 1295 588 1320 In
611 1294 767 1320 huiusmodi
790 1302 817 1320 re
835 1293 980 1328 quisquam

189 1337 241 1358 tam
262 1332 405 1366 impudens
424 1332 583 1366 reperis-tur.
608 1332 655 1366 qui
673 1331 707 1357 ad
724 1331 837 1357 alienam
857 1339 981 1357 caussam
1003 1335 1004 1340 ¹

189 1369 281 1395 iuvitis
296 1369 342 1399 iis,
359 1378 473 1403 quorum
489 1369 625 1402 negotium
640 1373 692 1400 est,
713 1368 836 1395 accedere
850 1372 896 1394 aut
909 1367 983 1402 aspi-

189 1415 245 1432 rare
259 1406 373 1432 audeat?
404 1407 446 1433 vt.
463 1406 490 1432 Si
506 1407 562 1437 tibi,
579 1406 609 1438 Q.
627 1406 732 1437 Caecili,
749 1406 798 1432 hoc
812 1405 895 1431 Siculi
910 1405 982 1431 dice-

188 1448 259 1470 rent:
277 1448 300 1469 te
315 1453 366 1470 non
382 1444 519 1475 novimus,
541 1444 686 1475 nescimus,
702 1444 750 1478 qui
764 1443 816 1476 sis;
833 1451 981 1477 numquam

188 1485 212 1507 te
226 1486 301 1507 autea
316 1481 449 1513 vidimus;
473 1481 531 1506 siue
546 1489 593 1507 nos
607 1489 654 1515 per
668 1489 730 1506 eum
744 1484 847 1506 nostras
862 1479 981 1506 fortunas
1003 1498 1005 1504 .

848 1526 936 1544 nonne
954 1517 981 1543 id
1004 1526 1005 1529 ¹

187 1517 343 1549 defendere,
364 1519 442 1544 cuius
462 1517 527 1544 fides
546 1522 587 1544 est
604 1517 681 1544 nobis
700 1518 819 1553 cognita:

187 1555 318 1587 (licerent,
342 1555 415 1590 quod
432 1555 519 1581 cuivis
538 1555 649 1589 probare
667 1554 813 1581 deberent?
838 1555 915 1581 Nunc
933 1555 982 1581 hoc

187 1593 288 1623 dicunt.
306 1597 451 1627 utrumque
465 1601 493 1618 se
507 1601 596 1623 nosse,
608 1592 722 1619 alterum
735 1601 764 1618 se
778 1600 875 1626 cupere
888 1591 982 1618 delen-

187 1639 274 1656 sorem
289 1638 348 1656 esse
362 1629 529 1656 fortunarum
543 1638 663 1661 suarum,
679 1629 792 1656 alterum
807 1629 885 1663 plane
899 1629 979 1655 nolle.

187 1669 229 1694 2¹.
252 1667 305 1694 Cur
319 1667 412 1698 nolint,
428 1667 534 1693 etiamsi
548 1671 642 1697 tacent,
659 1667 725 1693 satis
739 1665 841 1692 dicunt.
882 1666 980 1693 Verum

188 1713 239 1731 non
255 1708 350 1731 tacent.
375 1705 473 1730 Tamen
484 1704 527 1730 his
541 1704 715 1730 invitissimis
730 1707 754 1729 te
768 1702 879 1729 offeres‘?
893 1708 981 1729 tamen

188 1742 215 1768 in
230 1741 315 1768 aliena
329 1750 424 1768 caussa
440 1740 566 1776 loquere‘?
579 1745 667 1767 tamen
681 1749 726 1767 eos
740 1740 877 1771 defendes,
889 1741 938 1775 qui
952 1749 981 1767 se

187 1779 221 1805 ab
239 1779 365 1805 omnibus
383 1778 502 1804 desertos
521 1779 624 1812 potius,
647 1786 730 1813 quam
747 1777 795 1804 abs
814 1782 838 1804 te
856 1777 981 1804 defensos

187 1824 247 1841 esse
262 1815 382 1841 malunt‘?
396 1820 484 1842 tamen
499 1815 541 1842 liis
551 1824 659 1850 operam
670 1819 742 1841 tuam
753 1814 920 1849 pollicebere,
933 1815 981 1849 qui

189 1857 213 1879 te
227 1861 314 1887 neque
329 1852 397 1879 velle
410 1861 458 1878 sua
472 1861 576 1884 caussa,
593 1861 650 1884 nec,
666 1853 690 1878 si
704 1852 806 1887 cupias,
821 1860 899 1887 posse
910 1853 981 1879 arbi—

188 1889 309 1916 trantur‘?
329 1889 382 1916 Cur
399 1898 491 1916 eorum
509 1899 586 1924 spem
605 1890 728 1925 exiguam
748 1889 913 1924 reliquarum
929 1889 982 1915 for-
1003 1897 1011 1916 ι’

189 1932 326 1959 tunarum¹
347 1936 428 1962 quam
448 1927 546 1953 habent
564 1927 591 1953 in
611 1926 678 1962 legis
697 1931 722 1952 et
736 1926 828 1953 iudicii
843 1927 981 1953 severitate

188 1965 310 1999 positam.
327 1965 354 1991 vi
367 1969 522 1999 extorquere
536 1963 657 1991 conaris?
669 1972 717 1990 cur
731 1968 755 1990 te
769 1964 923 1998 interponis,
939 1965 982 1990 in-

973 144 1247 169 tjttztittoxts

1034 215 1123 248 ltaque
1138 223 1251 247 maguuu
1268 213 1311 239 illc
1324 214 1449 241 ‹tetensm
1462 220 1487 241 ct
1501 217 1604 242 amicus
1622 217 1681 242 eius
1700 216 1747 243 tibi
1766 217 1824 243 sut-

1035 251 1162 282 [rugatur.
1180 260 1221 276 me
1235 256 1385 285 uppuguau
1405 258 1494 286 aperte
1508 253 1541 279 ab
1556 254 1690 279 iudicibus
1705 255 1778 288 petit.
1797 259 1824 280 ut

1035 293 1060 313 tu
1082 288 1147 313 milii
1167 293 1338 322 autepouare:
1365 294 1390 314 et
1409 290 1445 315 ait
1463 289 1512 316 hoc
1531 300 1559 316 sc
1574 291 1683 317 honeste
1697 292 1755 317 aine
1771 291 1823 317 ulla

1035 325 1134 350 invidia
1149 334 1177 349 ac
1189 325 1247 350 siue
1259 325 1310 350 ulla
1323 326 1467 352 offensione
1477 329 1644 354 contendere.
1673 329 1729 354 Non
1741 329 1823 357 enim.

1012 361 1013 365 ¹
1037 362 1136 396 iuquit.
1159 362 1224 388 illud
1245 367 1316 396 pcto,
1336 363 1407 397 quod
1426 364 1510 394 solt-0.
1535 374 1620 399 quum
1640 365 1825 392 ιυΙιοιηυιιιιυιι

1012 395 1013 437 ζ
1035 399 1171 429 contendi,
1193 399 1346 441 irnpctrar‹:;
1371 409 1432 427 reue
1451 407 1479 428 ut
1497 402 1662 432 absolvatur.
1683 412 1734 428 non
1750 408 1823 437 peto.

1005 458 1013 475 ,
1035 436 1081 462 scd
1097 441 1125 462 ut
1139 436 1170 462 als
1186 436 1234 462 hoc
1248 437 1345 471 [unius.
1359 446 1439 472 quam
1454 439 1486 464 als
1501 438 1547 464 illo
1556 445 1702 468 accusetur.
1717 440 1742 465 id
1755 445 1824 474 peto.

1005 486 1013 517 i
1035 475 1069 499 Da
1088 473 1154 499 milii
1174 473 1235 500 lioc:
1261 474 1388 503 concede.
1409 476 1479 510 quod
1495 475 1571 502 tacite
1585 482 1637 506 est,
1657 477 1728 511 quod
1744 477 1826 502 lione-

1034 516 1119 541 stum,
1143 510 1215 545 quod
1234 520 1285 537 non
1306 511 1483 538 invidiosum:
1507 513 1579 547 quod
1601 522 1685 548 quum
1708 514 1823 544 dederis.

1034 548 1092 574 siue
1108 547 1162 573 ullu
1177 553 1222 574 tuo
1236 548 1366 583 peri1ul0,
1383 550 1441 575 sine
1456 549 1564 576 infamia
1580 550 1646 577 illud
1661 551 1780 579 dederis
1798 556 1826 577 ut

1035 586 1057 611 is
1076 585 1242 616 absolvatur,
1263 587 1342 611 cuius
1361 595 1410 621 ego
1427 596 1521 613 caussa
1541 587 1636 614 laboro.
1677 589 1718 615 24.
1740 588 1772 614 Et
1790 589 1827 614 ait

1035 622 1114 653 idem,
1128 627 1156 648 ut
1169 623 1268 657 aliquis
1283 628 1369 649 metus
1384 624 1526 650 adiunctus
1540 625 1575 650 sit
1586 625 1618 650 ad
1628 626 1752 657 gratiam:
1769 634 1827 651 cer-

1035 664 1074 686 tos
1088 669 1147 685 esse
1162 660 1187 686 in
1202 660 1323 691 consilio,
1337 661 1438 695 quibus
1453 662 1557 688 ostendi
1573 662 1681 688 tabellas
1698 662 1768 688 velit.
1797 662 1825 689 ld

1034 706 1093 723 esse
1112 696 1250 739 perfacile:
1276 707 1327 723 non
1346 698 1418 724 enim
1437 699 1559 734 singulos
1579 698 1646 725 serre
1668 699 1824 730 sententias,

1004 737 1013 752 ἰ
1033 734 1081 760 sed
1095 735 1235 760 universos
1249 735 1422 762 constituere:
1442 741 1555 762 ceratam
1570 737 1616 762 uni
1630 737 1728 771 cuique
1743 736 1826 762 tabel-

1035 770 1086 797 lam
1105 771 1162 797 dari
1180 780 1238 798 cera
1259 771 1389 807 legitima,
1416 782 1467 799 non
1492 773 1535 799 illa
1556 773 1648 799 insumi
1667 783 1696 799 ac
1715 773 1824 800 nefaria.

1011 809 1139 843 Atque
1134 818 1156 834 ι·ι
1172 817 1222 835 non
1238 813 1290 835 tam
1306 815 1411 844 propter
1421 810 1527 836 Verrem
1540 810 1647 840 laborat,
1661 819 1741 846 quam
1753 810 1825 845 quod

1033 855 1095 872 eum
1110 846 1221 872 minime
1235 855 1276 872 res
1291 851 1342 873 tota
1356 846 1477 873 delectat.
1506 848 1582 874 Videt
1596 849 1676 877 enim.
1693 848 1716 874 si
1731 857 1744 874 a
1759 856 1826 882 pu&

1034 883 1069 909 ris
1085 883 1231 914 nobilibus,
1247 892 1315 918 quos
1329 884 1416 910 adhuc
1430 884 1524 916 elusit,
1545 885 1568 911 si
1582 894 1596 911 a
1610 885 1826 920 quadruplatori-

1003 930 1012 940 ιι
1033 920 1093 950 bus.
1110 929 1177 955 quos
1193 929 1244 946 non
1259 921 1317 947 sine
1331 930 1425 947 caussa
1439 923 1599 956 contempsit
1612 931 1719 957 semper
1731 931 1761 948 ac
1779 930 1827 957 pro

1034 957 1118 983 nihilo
1133 958 1244 992 putavit,
1256 958 1399 984 accusandi
1412 959 1534 985 voluntas
1545 959 1579 985 ad
1591 959 1662 985 viros
1674 959 1752 986 l'ortes
1764 968 1826 994 spe-

1032 1000 1168 1029 ctatosque
1184 995 1307 1021 homiues
1327 995 1416 1021 tralata
1435 996 1482 1026 sit.
1508 1005 1536 1022 se
1554 997 1581 1023 in
1600 996 1709 1022 iudiciis
1722 997 1826 1022 diutius

1032 1032 1163 1059 dominari
1178 1041 1229 1058 non
1245 1041 1333 1067 posse.
1374 1033 1439 1059 Vlll.
1456 1035 1497 1060 25.
1514 1033 1580 1060 lluic
1594 1042 1642 1069 ego
1656 1033 1758 1060 homini
1773 1034 1824 1060 iam

1032 1074 1092 1096 ante
1106 1069 1247 1100 denuntio,
1267 1070 1291 1096 si
1309 1079 1323 1095 a
1342 1078 1384 1096 me
1397 1079 1520 1096 caussam
1536 1070 1603 1097 hanc
1617 1079 1664 1097 vos
1677 1072 1720 1106 agi
1735 1070 1826 1097 volue-

1032 1107 1100 1137 ritis,
1113 1108 1240 1133 rationcm
1256 1106 1295 1133 illi
1310 1106 1471 1134 defendendi
1487 1113 1566 1134 totam
1581 1116 1641 1134 esse
1655 1108 1824 1141 mutandam3

1032 1148 1057 1170 et
1071 1144 1106 1170 ita
1120 1148 1207 1170 tamen
1222 1144 1387 1175 mutandam,
1400 1149 1429 1171 ιιι
1441 1145 1549 1171 meliore
1561 1150 1586 1171 et
1600 1145 1749 1172 honestiore
1763 1153 1826 1172 con-

1032 1181 1132 1208 ditione
1146 1181 1190 1212 sit,
1205 1190 1286 1216 quam
1301 1190 1353 1216 qua
1369 1182 1427 1216 ipse
1441 1191 1500 1208 esse
1515 1182 1586 1212 vult;
1602 1187 1631 1208 ut
1646 1183 1765 1209 imitetur
1778 1182 1826 1209 ho-

1032 1219 1119 1245 mines
1135 1227 1192 1249 θος,
1209 1227 1278 1253 quos
1294 1219 1351 1253 ipse
1363 1219 1431 1246 vidit
1443 1219 1636 1254 amplissimos,
1653 1220 1682 1246 L.
1698 1220 1825 1246 Crassum

1032 1261 1057 1282 et
1067 1256 1102 1282 M.
1115 1256 1270 1286 Antonium,
1282 1257 1330 1291 qui
1344 1256 1412 1282 nihil
1426 1265 1455 1283 se
1469 1257 1666 1283 arbitrabantur
1679 1257 1712 1282 ad
1727 1256 1825 1283 iudicia

1031 1302 1196 1328 caussasque
1213 1293 1360 1319 amicorum
1379 1299 1483 1328 praeter
1501 1294 1580 1320 iidem
1595 1299 1620 1320 et
1634 1294 1772 1329 ingenium
1786 1293 1827 1320 af-

1033 1330 1100 1356 ferre
1114 1335 1243 1365 oportere.
1271 1330 1344 1356 Nihil
1359 1331 1418 1361 erit,
1433 1331 1506 1366 quod
1520 1340 1562 1357 me
1576 1336 1670 1366 agente
1684 1331 1826 1358 arbitretur

1009 1371 1011 1387 1
1033 1367 1164 1394 iudicium
1183 1368 1242 1393 sine
1260 1376 1357 1403 magno
1375 1367 1521 1394 multorum
1540 1368 1659 1403 periculo
1677 1376 1755 1403 posse
1768 1377 1827 1395 cor-

1033 1405 1132 1439 rumpi.
1156 1406 1197 1431 26.
1212 1405 1269 1440 Ego
1282 1405 1310 1431 in
1324 1405 1374 1431 hoc
1387 1405 1488 1432 iudicio
1501 1406 1568 1431 mihi
1582 1405 1734 1432 Siculorum
1747 1414 1827 1432 caus-

1010 1445 1011 1463 ι
1032 1451 1090 1469 sam
1108 1446 1255 1476 receptam,
1276 1442 1370 1477 populi
1383 1442 1494 1469 Romani
1513 1447 1666 1477 susceptam
1680 1451 1740 1469 esse
1754 1443 1827 1470 arbi-

1033 1484 1098 1506 tror:
1115 1484 1144 1506 ut
1158 1479 1226 1505 mihi
1239 1488 1292 1506 non
1306 1488 1378 1506 unus
1392 1479 1472 1506 homo
1482 1480 1622 1515 improbus
1631 1480 1826 1515 opprimendus

1032 1519 1076 1548 sit,
1092 1517 1119 1543 id
1133 1517 1205 1551 quod
1217 1516 1301 1543 Siculi
1315 1517 1476 1552 petiverunt,
1489 1517 1536 1543 sed
1550 1518 1659 1544 omnino
1672 1518 1761 1544 omnis
1774 1518 1827 1544 im-

1032 1554 1164 1589 probitas,
1185 1554 1213 1580 id
1231 1553 1303 1589 quod
1317 1553 1435 1589 populus
1449 1555 1585 1581 Romanus
1599 1554 1701 1581 iamdiu
1715 1554 1823 1590 flagitat,

1032 1591 1228 1626 exstinguenda
1246 1595 1325 1626 atque
1342 1591 1455 1617 delenda
1477 1591 1521 1617 sit.
1562 1592 1590 1618 In
1611 1600 1666 1626 quo
1687 1600 1737 1627 ego
1758 1591 1826 1627 quid

1032 1629 1097 1655 eniti
1111 1633 1156 1654 aut
1173 1627 1241 1663 quid
1254 1627 1358 1654 efficere
1375 1628 1492 1663 possim,
1512 1628 1582 1655 malo
1599 1629 1627 1654 in
1645 1628 1758 1655 aliorum
1777 1637 1826 1664 spe

1032 1665 1192 1700 relinquere,
1207 1674 1289 1700 quam
1304 1665 1331 1691 in
1345 1665 1462 1692 oratione
1476 1674 1534 1691 mea
1549 1674 1656 1700 ponere.

1087 1703 1129 1730 27.
1151 1703 1191 1729 Tu
1205 1711 1280 1733 vero,
1301 1702 1412 1734 Caecili,
1432 1702 1499 1737 quid
1517 1701 1611 1737 potes?
1635 1701 1694 1735 Quo
1708 1707 1826 1738 tempore

1032 1744 1077 1767 aut
1090 1748 1143 1775 qua
1157 1740 1185 1766 in
1198 1748 1226 1766 re
1240 1748 1292 1766 non
1306 1739 1385 1766 modo
1398 1740 1548 1776 specimen
1547 1739 1642 1766 ceteris
1656 1739 1766 1775 aliquod
1778 1739 1826 1767 de-

1032 1777 1105 1809 disti,
1120 1777 1170 1803 sed
1183 1781 1238 1804 tute
1253 1777 1292 1803 tui
1306 1776 1456 1819 periculum
1471 1769 1576 1803 fecisti?
1600 1777 1629 1804 In
1644 1782 1761 1803 mentem
1775 1777 1825 1804 tibi

1032 1823 1084 1841 non
1103 1815 1188 1845 venit,
1208 1813 1275 1849 quid
1293 1814 1392 1850 negotii
1406 1814 1441 1840 sit
1454 1822 1577 1840 caussam
1591 1813 1728 1849 publicam
1741 1814 1827 1841 susti-

1032 1850 1113 1878 nere?
1126 1852 1209 1878 vitam
1222 1835 1344 1877 alterius
1347 1855 1428 1877 totam
1442 1850 1594 1886 explicare?
1606 1855 1686 1886 atque
1699 1859 1758 1878 eam
1772 1859 1825 1878 non

1031 1888 1110 1915 modo
1124 1889 1152 1915 in
1165 1888 1264 1915 animis
1278 1888 1408 1920 iudicum,
1422 1888 1470 1915 sed
1481 1889 1561 1915 etiam
1571 1889 1599 1915 in
1612 1888 1698 1915 oculis
1711 1896 1826 1923 conspe-

1031 1931 1130 1961 ctuque
1144 1926 1266 1952 omnium
1280 1924 1431 1960 exponere?
1455 1926 1590 1952 sociorum
1603 1925 1732 1957 salutem,
1752 1934 1826 1952 com-

1032 1963 1110 1989 moda
1124 1963 1333 1997 provinciarum,
1349 1963 1405 1989 vim
1420 1961 1523 1998 legum,
1538 1963 1697 1999 gravitatem
1711 1962 1826 1989 iudicio-

189 2002 328 2028 vitissimis
346 2001 402 2033 his,
426 2001 527 2036 quibus
549 2001 664 2028 maxime
688 2001 731 2027 lex
751 2001 904 2027 consultum
922 2009 981 2027 esse
1002 2008 1011 2036 4}
1032 2009 1092 2026 rum
1106 1998 1267 2026 defendere?
1304 1999 1351 2026 tx.
1372 1999 1507 2035 Cognosce
1520 2008 1554 2026 ex
1566 2008 1619 2031 me,
1634 2001 1762 2035 quoniam
1776 1999 1826 2027 hoc

190 2038 265 2065 vult'?
282 2048 337 2070 cur.
354 2038 386 2065 de
400 2039 520 2073 quibus·
514 2048 541 2065 in
556 2038 690 2073 provincia
705 2047 757 2064 non
771 2039 869 2073 optime
883 2047 911 2064 es
925 2047 982 2064 me-
1002 2037 1011 2067 l
1032 2038 1150 2072 primum
1165 2042 1272 2072 tempus
1285 2036 1407 2063 discendi
1420 2041 1514 2063 nactus
1529 2045 1566 2069 es,
1579 2045 1660 2072 quam
1671 2037 1755 2064 multa
1765 2045 1825 2063 esse

188 2077 268 2106 ritus,
289 2085 333 2102 eos
348 2085 418 2102 nunc
433 2076 510 2110 plane
524 2075 637 2102 fortunis
650 2075 776 2102 omnibus
789 2076 892 2102 conaris
906 2084 982 2101 ever-
1002 2070 1011 2093 l
1031 2079 1150 2109 oporteat
1166 2075 1194 2101 in
1213 2082 1257 2105 eo,
1281 2074 1330 2109 qui
1347 2073 1461 2100 alterum
1479 2078 1599 2101 accuset:
1623 2082 1658 2101 ex
1677 2074 1779 2116 quibus
1800 2074 1824 2100 si

190 2112 260 2139 teie'?
284 2122 333 2139 cur
350 2113 392 2139 his
410 2122 462 2139 non
481 2113 559 2140 modo
576 2112 754 2148 persequendi
772 2113 839 2139 iuris
857 2113 913 2144 sui,
934 2112 981 2139 sed
1010 2132 1011 2142 ,

189 2151 267 2177 etiam
293 2150 470 2185 deplorandae
495 2150 653 2176 calamitatis
679 2149 776 2176 adimis
807 2133 982 2184 potestatem?
1002 2162 1011 2181 μ

188 2190 230 2215 22.
253 2189 336 2219 Νιιιιι,
357 2192 381 2213 te
399 2192 497 2218 actore.
517 2196 598 2222 quem
616 2195 709 2214 eorum
727 2187 872 2213 affuturum
891 2191 978 2222 putas,

188 2234 256 2260 quos
274 2209 414 2259 intelligis,
436 2233 487 2251 nou
502 2230 531 2251 ut
545 2233 591 2259 per
605 2229 628 2250 te
642 2224 739 2255 alium,
759 2223 807 2250 sed
825 2229 855 2250 ut
871 2232 919 2259 per
932 2223 1004 2250 ali-.

188 2271 269 2297 quem
284 2267 307 2288 te
321 2263 410 2304 ipsum
426 2262 596 2293 ulciscantur
612 2245 748 2288 laborarez?

242 2300 296 2326 VII.
318 2300 351 2325 At
365 2300 436 2325 enini
451 2299 538 2325 solum
553 2299 580 2325 id
594 2303 646 2330 est,
666 2303 696 2325 ut
708 2307 751 2324 me
765 2297 850 2324 Siculi
864 2298 981 2325 maxime

188 2336 285 2363 velint:
310 2336 422 2363 alterum
442 2336 523 2367 illud,
543 2336 634 2368 credo,
654 2336 799 2362 obscurum
817 2340 870 2367 est,
895 2344 909 2362 a
927 2344 981 2371 quo

188 2374 282 2400 Verres
301 2374 412 2400 minime
430 2382 459 2399 se
477 2374 595 2400 accusari
613 2373 686 2399 velit.
726 2373 827 2407 Ecquis
850 2381 980 2408 umquam

189 2415 241 2436 tam
256 2411 343 2445 palam
357 2411 389 2437 de
403 2411 514 2442 honore,
534 2415 588 2437 tam
601 2410 772 2437 vehementer
786 2410 818 2436 de
832 2410 917 2436 salute
931 2418 980 2436 sua

189 2448 336 2479 contendit,
356 2457 436 2482 quam
456 2448 501 2474 ille
519 2452 599 2483 atque
617 2447 691 2474 illius
709 2447 802 2478 amici,
824 2451 852 2473 ut
869 2455 902 2473 ne
916 2447 980 2473 haec

189 2485 256 2510 mihi
271 2485 367 2511 delatio
380 2484 475 2511 detur?
501 2485 570 2511 Sunt
588 2485 684 2515 multa,
704 2493 772 2519 quae
786 2485 880 2510 Verres
894 2485 923 2510 in
937 2492 980 2510 me

189 2530 249 2548 esse
263 2522 416 2553 arbitratur,
431 2531 499 2556 quae
513 2523 562 2549 scit
576 2523 604 2549 in
618 2527 652 2553 te,
668 2521 699 2553 Q.
715 2521 821 2552 Caecili,
837 2530 890 2548 non
904 2529 978 2547 esse:

189 2567 257 2593 quae
270 2559 422 2585 cuiusmodi
436 2559 463 2585 in
477 2564 590 2594 utroque
604 2564 724 2586 nostrum
738 2558 800 2589 sint,
817 2558 908 2593 paullo
921 2562 980 2593 post

190 2596 411 2622 commemorabo.
451 2597 493 2622 23.
515 2597 592 2623 Nunc
610 2601 712 2623 tantum
731 2595 759 2621 id
781 2595 882 2626 dicam,
907 2594 980 2630 quod

191 2633 285 2658 tacitus
303 2637 331 2658 tu
349 2633 416 2658 mihi
434 2634 591 2660 assentiare:
617 2632 719 2659 nullam
736 2640 792 2658 rem
810 2632 838 2658 in
852 2640 895 2658 me
909 2640 978 2664 esse,

189 2678 269 2704 quam
280 2669 325 2696 ille
335 2674 497 2696 contemnat:
514 2670 615 2696 nullam
626 2671 653 2696 in
663 2674 696 2701 te,
708 2677 788 2704 quam
798 2669 978 2704 pertimescat.

1032 2121 1117 2138 unum
1135 2111 1268 2147 aliquod·
1261 2120 1289 2137 in
1308 2115 1332 2137 te
1353 2111 1524 2147 cognoveris,
1548 2120 1597 2147 ego
1617 2112 1672 2138 iam
1693 2111 1744 2138 tihi
1765 2111 1824 2145 ipse

1031 2149 1114 2180 istuc,
1130 2148 1202 2184 quod
1216 2148 1333 2183 expetis,
1353 2157 1413 2174 mea
1426 2148 1562 2175 voluntate
1575 2149 1728 2175 concedam.
1767 2148 1824 2175 Pri-

1031 2195 1107 2212 mum
1132 2186 1311 2221 integritatem
1337 2190 1418 2220 atque
1442 2186 1622 2212 innocentiam
1647 2184 1822 2221 singularem.

1031 2223 1104 2250 Nihil
1118 2227 1160 2250 est
1172 2223 1258 2254 enim,
1274 2222 1347 2257 quod
1360 2223 1451 2249 miuus
1465 2222 1605 2249 ferendum
1618 2222 1666 2254 sit,
1686 2230 1768 2257 quam
1781 2231 1825 2248 ra-

1031 2261 1131 2287 tionem
1144 2260 1178 2286 ab
1192 2259 1274 2287 altero
1287 2260 1357 2286 vitae
1370 2268 1509 2295 reposcere
1523 2268 1594 2290 eum,
1609 2259 1658 2294 qui
1670 2267 1724 2286 non
1737 2259 1826 2293 possit

1009 2291 1011 2312 ¹
1031 2306 1096 2324 suae
1114 2297 1234 2324 reddere.
1273 2298 1316 2324 28.
1337 2297 1385 2323 Hic
1403 2305 1452 2333 ego
1469 2297 1503 2323 de
1520 2301 1546 2323 te
1562 2296 1640 2332 plura
1653 2304 1706 2323 non
1719 2295 1822 2323 dicam:

1009 2313 1011 2358 i
1031 2343 1117 2362 unum
1130 2334 1200 2360 illud
1213 2333 1292 2361 credo
1304 2342 1398 2360 omnes
1411 2334 1634 2364 animadvertere,
1651 2337 1676 2359 te
1688 2332 1777 2359 adhuc
1789 2333 1824 2360 ab

1031 2371 1114 2399 nullis
1128 2371 1182 2398 nisi
1196 2371 1229 2398 ab
1243 2370 1342 2398 Siculis
1351 2371 1478 2413 potuisse
1489 2371 1629 2412 cognosci.
1654 2369 1760 2397 Siculos
1773 2370 1824 2397 boc

1030 2409 1126 2440 dicere,
1139 2417 1225 2444 quum
1236 2408 1323 2435 eidem
1334 2408 1389 2434 sint
1398 2408 1468 2439 irati,
1478 2408 1560 2434 cuitu
1570 2411 1595 2433 te
1608 2407 1749 2434 inimicum
1763 2415 1824 2434 esse

1008 2417 1011 2539 Ι
1030 2446 1108 2478 dicis,
1123 2454 1184 2472 sese
1197 2449 1298 2477 tamen,
1315 2449 1339 2472 te
1352 2449 1452 2476 actore,
1466 2443 1501 2471 ad
1513 2444 1645 2471 iudicium
1659 2452 1712 2471 non
1725 2443 1824 2471 affutu-

1731 2486 1823 2516 patere

1030 2492 1083 2510 ros.
1123 2482 1211 2525 Quare
1228 2486 1339 2518 negent,
1359 2490 1394 2508 ex
1409 2490 1453 2508 me
1470 2489 1523 2508 non
1536 2481 1646 2508 audies:
1670 2481 1719 2508 hos

1029 2520 1057 2547 id
1071 2520 1218 2555 suspicari,
1237 2519 1310 2554 quod
1323 2527 1432 2545 necesse
1446 2523 1495 2545 est.
1535 2518 1578 2545 tlti
1594 2517 1720 2554 quidem.
1740 2522 1770 2544 ut
1781 2523 1823 2545 est

1030 2558 1171 2584 hominum
1183 2565 1270 2592 genus
1283 2555 1365 2582 nimis
1378 2560 1486 2582 acutum
1496 2560 1522 2582 et
1531 2555 1722 2590 suspiciosum.
1734 2563 1787 2582 non
1797 2560 1822 2582 te

1030 2603 1063 2621 ex
1077 2594 1169 2621 Sicilia
1182 2593 1304 2620 litteras
1296 2601 1325 2619 ιιι
1333 2593 1442 2619 Verrem
1455 2592 1594 2627 deportare
1607 2591 1677 2619 velle
1689 2592 1822 2619 arbitran-

1030 2636 1085 2663 tur,
1105 2631 1166 2663 sed,
1186 2639 1272 2672 quum
1289 2629 1386 2656 iisdem
1404 2629 1499 2656 litteris
1513 2629 1588 2656 illius
1601 2633 1724 2664 praetura
1737 2634 1764 2656 et
1776 2633 1821 2655 tua

1008 2687 1010 2696 ι
1029 2672 1174 2704 quaestura
1187 2668 1341 2703 consignata
1354 2667 1398 2698 sit,
1413 2671 1548 2702 asportare
1562 2671 1587 2693 te
1600 2665 1669 2693 velle
1682 2674 1718 2693 ex
1729 2665 1820 2693 Sicilia
