1941 3052
251 137 258 159 I
270 135 312 159 l‘m
809 129 863 154 lsl.
899 127 933 153 Μ.

247 203 338 230 tlntni‘?
354 211 422 238 quine
435 211 484 228 non
497 210 525 225 en
537 205 589 229 est,
603 208 684 233 qunrn
697 198 810 232 parietes
822 198 904 223 nostri
916 198 1036 231 cingunt,

247 241 293 267 aed
308 240 424 266 nuunlm
437 240 478 264 hi:-
490 243 567 266 totns,
581 235 652 270 qnod
665 234 832 260 ‹loniicilium
844 242 981 269 quantique
993 242 1039 268 pn-

249 279 324 304 trium
341 277 377 302 ulii
397 277 473 302 nobi-t
487 282 657 299 ‹·nnnnunem
673 280 764 297 secum
786 271 930 302 ‹lederunt;
954 279 1039 305 quum

249 315 417 349 praesertum
431 314 453 337 si
467 312 529 337 haee
543 312 709 343 ignoremus,
724 308 806 334 multa
819 308 896 334 nobis
907 313 932 334 et
944 316 1038 343 magna

250 350 391 383 ignoranda
403 350 466 374 sint.

250 390 336 423 ipsum
346 408 351 417 ,
374 386 457 415 Laeli.
480 392 627 418 omnesque
643 382 736 409 avidos
757 383 902 417 sapientiae
923 383 1040 417 cognitio

250 427 304 459 ipsu
318 433 404 450 rerum
416 422 646 455 consideratioque
653 420 774 446 delectat.
791 421 832 446 20.
841 420 908 445 Tum
918 419 1036 446 Laelius:

248 463 303 488 Non
317 460 442 495 impedio,
457 459 611 493 praesertim
623 458 750 493 ‹pioniam
764 457 849 483 feriati
861 466 968 488 sumus;
992 456 1039 482 sed

247 507 390 533 possumus
402 497 494 522 audire
505 495 618 530 aliquid,
632 504 664 521 an
676 495 763 520 serius
777 494 918 520 venimus?
937 504 979 520 vn.
994 495 1041 520 Ni·
1062 498 1069 522 ¹,

1068 541 1069 549 ¹
1092 535 1214 561 secutus,
1231 530 1317 565 quod.
1337 530 1493 556 hominihus
1507 530 1683 564 perturbatis,
1702 531 1809 557 inanem
1823 530 1886 557 reli-

247 535 283 561 lnl
297 540 335 561 est
350 535 437 560 adhun-
453 533 634 568 disputatum.
651 537 676 558 et
695 532 822 566 quoniam
839 537 878 557 est
894 532 1038 566 integrum.

247 573 359 598 libenter
371 572 432 601 tibi,
448 570 533 601 Laeli,
551 575 579 596 ut
594 570 627 595 ‹le
641 577 672 595 eo
686 569 816 599 disseras,
835 568 960 603 equidem
976 577 1041 594 con-

245 619 359 635 cessero.
401 618 423 634 i..
437 609 520 634 Immo
535 615 596 633 vero
608 612 632 633 te
643 606 799 638 audiamus;
814 607 866 632 nisi
880 605 943 632 forte
956 606 1040 632 Mani-

248 647 299 672 lius·
321 645 490 672 interdictum
507 644 616 679 aliquod
640 645 707 670 inter
722 644 790 669 duos
805 643 875 669 soles
892 647 967 678 putat
981 651 1040 669 esse

245 683 475 718 componendum,
494 687 522 708 ut
535 683 567 708 ita
579 681 683 708 caelum
701 680 868 715 possideant,
887 685 915 706 ut
929 685 1040 715 uterque

246 721 404 756 possederit.
445 721 513 746 Tum
525 719 664 745 Manilius:
681 719 806 753 Pergisne
817 727 888 747 eam,
904 717 985 748 Laeli,
999 726 1041 743 ar-

246 764 297 785 tem
311 757 433 787 illudere.
448 758 473 783 in
485 766 538 792 qua
550 757 666 791 primum
679 755 781 782 excello
794 756 859 790 ipse,
873 755 970 780 deinde
982 755 1040 780 sine

245 805 298 830 qua
309 796 377 821 sciro
389 804 466 821 nenio
478 799 576 829 potest,
593 793 659 828 quid
671 793 705 819 sit
716 802 809 821 suum,
827 792 893 827 quid
905 791 1041 818 alienum‘?

246 833 298 859 Sed
316 834 364 859 ista
381 841 455 859 mox:
479 841 550 858 nunc
565 831 706 857 audiamus
724 830 844 860 Philum,
864 838 945 864 quem
963 829 1041 855 video

247 870 394 897 maioribus
407 870 458 896 iam
470 869 503 895 de
515 869 609 899 rebus,
627 877 707 903 quam
720 876 774 898 me.
791 872 837 894 aut
847 875 928 902 quam
940 867 968 893 Ρ.
982 867 1041 893 Μυ-

245 909 328 936 cium,
342 907 456 933 consuli.

302 945 371 971 XIV.
393 946 434 971 2¹.
457 944 525 970 Tum
537 943 644 970 Philus:
668 942 741 969 Nihil
759 942 911 968 novivobis
922 941 1038 972 afferam,

228 980 333 1016 'neque
353 981 424 1016 quod
442 990 454 1007 a
472 990 514 1007 mo
532 982 567 1007 sit
581 981 726 1016 cogitatum
742 985 787 1006 aut
803 980 956 1005 inventum:
980 987 1040 1005 nam

247 1020 374 1045 memoria
387 1023 461 1045 teneo
472 1017 785 1053 C.SulpiciumGallum,
799 1016 996 1047 doctissimum,
1013 1021 1042 1043 ut

245 1057 330 1087 scitis.
345 1056 494 1085 hominem,
512 1065 597 1091 quum
611 1055 680 1081 idem
693 1055 741 1081 hoc
753 1056 842 1081 visum
854 1054 1000 1084 diceretur.
1016 1058 1042 1080 et

245 1099 316 1121 esset
326 1103 389 1120 casu
402 1093 473 1128 apud
485 1094 519 1119 M.
528 1092 692 1120 Marcellum,
705 1093 824 1126 quicum
835 1100 866 1118 eo
877 1091 970 1118 consul
983 1091 1042 1117 Iue-

246 1136 298 1161 rat,
313 1131 463 1166 sphaeram,
477 1139 558 1165 quam
571 1131 605 1156 M.
614 1129 731 1156 Marcelli
743 1138 820 1159 avus,
833 1129 1042 1165 captisSyracu-

245 1170 293 1199 sis,
302 1168 407 1195 exurbe
420 1168 629 1202 locupletissima
641 1172 720 1201 atque
731 1167 902 1193 ornatissima
913 1166 1042 1193 sustulis-

245 1211 297 1237 set,
315 1214 400 1240 quum
415 1205 489 1232 aliud
506 1204 573 1231 nihil
590 1213 623 1230 ex
638 1209 708 1230 tanta
724 1203 823 1239 praeda
839 1204 950 1230 domum
964 1212 1040 1230 suam

246 1243 452 1278 deportavisset,
475 1243 588 1268 iussisse
604 1241 730 1276 proferri:
752 1242 831 1268 cuius
847 1250 897 1277 ego
912 1241 1041 1276 sphaerae

244 1289 329 1315 quum
342 1288 468 1315 persaepe
481 1284 587 1314 propter
594 1278 749 1305 Archimedi
759 1279 873 1314 gloriam
885 1287 981 1305 nomeu
994 1287 1042 1305 au-

244 1318 360 1348 dissem,
378 1318 496 1352 speciem
514 1318 600 1351 ipsam
616 1325 668 1342 non
680 1325 740 1342 sum
753 1321 823 1343 tanto
834 1325 914 1351 opere
925 1316 1043 1342 admira—

245 1360 301 1381 tus:
325 1360 380 1381 erat
400 1355 472 1380 enim
494 1354 538 1380 illa
560 1355 699 1380 venustior
714 1358 739 1380 et
754 1353 871 1380 nobilior
886 1354 914 1380 in
929 1353 1039 1389 vulguS,

245 1401 326 1427 quam
341 1392 374 1418 ab
385 1392 478 1418 eodem
488 1391 647 1418 Archimede
660 1391 755 1418 factam
767 1396 892 1426 posuerat
903 1392 930 1418 in
942 1390 1042 1426 templo

244 1430 357 1456 Virtutis
369 1428 510 1456 Marcellus
523 1428 604 1455 idem.
639 1430 681 1456 22.
703 1428 756 1455 Sed
768 1433 943 1464 posteaquam
954 1429 1043 1463 coepit

245 1467 373 1493 rationem
391 1467 473 1493 huius
488 1467 577 1501 operis
593 1466 774 1492 scientissime
785 1466 880 1493 Gallus
896 1474 1039 1501 exponere.

245 1504 306 1538 plus
319 1505 345 1530 in
358 1504 404 1530 illo
415 1503 506 1530 Siculo
519 1504 631 1539 ingenii.
644 1512 726 1538 quam
737 1503 874 1530 videretur
885 1509 979 1530 natura
991 1503 1042 1529 hu-

245 1550 323 1567 mana
336 1541 403 1568 serre
418 1542 547 1576 potuisse,
561 1541 715 1567 iudicabam
728 1540 822 1568 fuisse.
848 1541 959 1568 Dicebat
969 1541 1042 1567 enim

245 1578 353 1609 Gallus,
371 1578 500 1614 sphaerae
518 1578 591 1605 illius
607 1577 718 1605 alterius
734 1578 836 1605 solidae
851 1583 932 1614 atque
946 1577 1042 1613 plenae

244 1621 322 1642 vetus
334 1625 392 1642 esse
405 1617 589 1647 inventum,et
599 1624 657 1642 eam
670 1615 911 1642 aThaleteMilesio
921 1617 1040 1651 primum

245 1662 303 1679 esse
315 1658 457 1680 tornatam:
471 1658 530 1688 post
541 1658 630 1680 autem
642 1653 905 1684 abEudoxoCnidio,
919 1653 1042 1688 discipu·-

246 1690 279 1720 lo.
293 1695 323 1717 ut
334 1690 443 1722 ferebat,
457 1691 588 1721 Platonis.
605 1690 727 1717 eamdem
739 1690 814 1717 illam
825 1691 904 1717 astris
915 1690 988 1717 caelo
999 1691 1042 1716 in-

245 1727 419 1754 haerentibus
430 1736 489 1754 esse
504 1728 681 1762 descriptam3
704 1728 783 1754 cuius
799 1737 907 1755 omnem
917 1732 1042 1754 ornatum

245 1771 271 1791 et
281 1764 503 1800 descriptionem,
519 1770 655 1800 sumptam
667 1765 700 1791 ab
711 1765 836 1796 Eudoxo,
859 1765 952 1792 multis
963 1765 1042 1791 annis

246 1808 305 1837 post
317 1811 368 1829 non
380 1802 538 1838 astrologiae
549 1803 674 1833 scientia,
696 1802 745 1828 sed
760 1803 863 1837 poetica
873 1802 990 1837 quadam
1003 1801 1043 1828 sa—

245 1839 342 1866 eultate
354 1840 479 1866 versibus
490 1840 601 1866 Aratum
612 1839 753 1866 extulisse.
780 1840 833 1866 Hoc
844 1844 933 1866 autem
944 1839 1043 1874 sphae-

246 1885 289 1903 rae
301 1885 400 1912 genus,
417 1877 444 1903 in
461 1885 514 1911 quo
525 1876 590 1903 solis
605 1882 631 1903 et
642 1876 720 1903 lunae
731 1881 819 1903 motus
831 1877 950 1903 inessent
963 1881 988 1903 et
998 1885 1043 1903 ea-

246 1922 306 1940 rum
317 1914 439 1949 quinque
451 1913 603 1945 stellarum,
623 1922 692 1948 quae
703 1918 821 1940 errantes
833 1919 857 1940 et
868 1914 948 1949 quasi
959 1922 1042 1949 vagae

247 1951 456 1981 nominarentur,
470 1951 497 1976 in
509 1950 555 1976 illa
566 1951 680 1985 sphaera
690 1950 776 1977 solida
788 1959 840 1977 non
850 1952 970 1985 potuisse
982 1951 1043 1977 fini-

246 1988 279 2014 ri.
301 1988 388 2022 Atque
401 1989 427 2014 in
438 1996 468 2014 ea
479 1987 669 2014 admirandum
680 1996 739 2014 esse
751 1989 891 2014 inventum
902 1988 1043 2014 Archime-

246 2025 284 2055 di.
292 2025 365 2060 quod
375 2026 562 2060 excogitasset,
570 2024 799 2060 quemadmodum
811 2026 838 2052 in
849 2025 1043 2052 dissimillimis

246 2062 365 2089 motibus
386 2062 570 2097 inaequabiles
586 2067 612 2088 et
625 2063 713 2089 varios
734 2071 830 2088 cursus
851 2068 970 2089 servaret
990 2071 1043 2089 una

246 2100 396 2126 conversio.
438 2100 509 2125 llanc
527 2099 669 2134 sphaeram
690 2099 785 2126 Gallus
806 2109 892 2134 quum
913 2105 1041 2131 moveret,

248 2136 336 2168 siebat,
345 2142 374 2163 ut
384 2136 434 2163 soli
447 2136 509 2163 luna
521 2136 630 2163 totidem
641 2137 864 2163 conversionibus
876 2138 903 2164 in
914 2146 974 2164 aere
986 2137 1041 2169 illo,

246 2179 312 2209 quot
326 2173 424 2200 diebus
442 2175 468 2200 in
484 2175 543 2208 ipso
557 2173 644 2205 caelo,
667 2174 835 2206 succederet3
857 2183 891 2201 ex
905 2183 959 2210 quo
974 2180 1000 2201 et
1014 2175 1042 2201 in

246 2210 342 2275 gcaelo]
355 2211 468 2246 sphaera
479 2211 544 2238 solis
556 2211 630 2238 fieret
640 2211 734 2238 eadem
744 2211 789 2238 illa
800 2211 924 2243 desectio,
938 2217 964 2238 et
974 2213 1043 2238 inci-

266 2254 321 2275 eret
332 2248 395 2275 luna
407 2253 464 2275 tum
476 2249 502 2275 in
514 2257 572 2275 eam
583 2253 695 2280 metam,
717 2257 787 2284 quae
800 2254 871 2276 esset
882 2249 978 2276 umbra
990 2254 1043 2276 ter-

247 2294 300 2317 rae,
316 2294 401 2321 quum
413 2285 452 2312 sol
463 2294 477 2312 e
489 2286 614 2322 regione*
622 2286 633 2298 *
641 2286 652 2299 *

378 2323 453 2356 (Octo
461 2327 571 2357 paginae
582 2325 622 2350 hic
632 2324 704 2350 Maio
714 2325 913 2357 desiderantur.)

302 2360 360 2387 XV.
382 2362 424 2387 23.
446 2360 494 2373 ⁰*
510 2360 574 2392 suit,
592 2360 665 2396 quod
679 2365 704 2387 et
720 2361 778 2396 ipse
795 2361 932 2387 hominem
943 2361 1043 2397 dilige-

248 2397 352 2428 bam,et
363 2398 390 2424 in
402 2398 499 2432 primis
512 2398 581 2432 patri
593 2406 651 2424 meo
658 2397 749 2424 Paullo
760 2398 903 2432 probatum
914 2404 939 2425 et
949 2407 1042 2425 carum

248 2434 331 2461 fuisse
342 2443 529 2470 cognoveram.
549 2435 669 2465 Memini.
677 2443 720 2461 me
731 2435 876 2462 admodum
887 2435 1043 2463 adolescen-

249 2471 313 2500 tulo,
321 2480 405 2506 quum
413 2477 486 2507 pater
497 2473 524 2499 in
530 2472 686 2498 Macedonia
696 2472 790 2498 consul
797 2478 876 2504 esset.
885 2478 910 2499 et
920 2482 1042 2500 essemus

249 2508 277 2533 in
287 2510 394 2540 castris,
417 2510 567 2544 perturbari
582 2510 731 2536 exercitum
745 2515 866 2536 nostrum
877 2509 1007 2546 religione
1017 2515 1043 2537 et

250 2549 331 2573 metu,
344 2546 417 2579 quod
429 2555 521 2573 serena
533 2552 607 2573 nocte
618 2546 709 2573 subito
719 2547 838 2573 candens
849 2552 875 2573 et
885 2547 964 2582 plena
979 2547 1042 2574 luna

249 2580 400 2608 defecisset.
434 2583 501 2609 Tum
513 2583 567 2614 ille,
581 2592 666 2618 quum
679 2583 782 2620 legatus
792 2589 882 2610 noster
891 2590 962 2611 esset
972 2593 1042 2611 anno

250 2617 304 2644 fere
315 2624 383 2648 ante.
397 2628 476 2653 quam
488 2621 580 2647 consul
592 2626 632 2648 est
642 2621 792 2648 declaratus
800 2642 806 2651 ‚
823 2621 896 2647 haud
907 2621 1042 2648 dubitavit

249 2655 378 2689 postridie
388 2656 475 2690 palam
488 2657 514 2683 in
526 2659 619 2684 castris
631 2657 738 2689 docere,
757 2658 864 2685 nullum
879 2667 938 2686 esse
948 2659 1041 2694 prodi-

508 349 543 374 Λα
559 356 600 372 me
617 346 742 381 quidem.
761 350 789 371 ut
801 345 909 371 hercule
923 351 1002 371 etiam
1016 350 1039 370 te
1060 349 1061 359 ¹

967 126 998 152 T.
1033 125 1309 152 CICERONIS

1091 197 1180 230 gnum,
1196 196 1277 230 idque
1288 200 1314 222 et
1325 200 1381 222 turn
1393 195 1491 222 Iactum
1503 204 1575 226 esse,
1589 200 1615 222 et
1625 197 1705 222 certis
1717 196 1884 231 temporibus

1091 241 1197 267 semper
1209 232 1343 263 futurum.
1360 241 1444 268 quum
1456 232 1493 258 sol
1507 234 1540 259 ita
1558 233 1657 259 locatus
1674 232 1782 263 fuisset.
1800 239 1828 259 ut
1843 233 1885 259 lu-

1092 279 1152 296 nam
1168 279 1217 295 suo
1234 269 1334 296 lumine
1352 278 1402 296 non
1417 275 1507 305 posset
1518 271 1657 305 attingere.
1697 271 1747 296 Ain
1760 269 1886 296 tandem?

1093 306 1308 341 inquitTubero,
1325 307 1419 333 docere
1437 307 1485 333 ho«-
1500 312 1600 342 poterat
1612 307 1656 334 ille
1668 307 1790 334 homines
1801 316 1886 342 paena

1091 349 1222 379 agrestes.
1245 349 1271 370 et
1285 344 1356 379 apud
1375 344 1512 378 imperitos
1527 344 1643 371 audebat
1657 344 1721 371 haec
1735 344 1844 371 dicere?
1863 354 1884 371 a.

1092 381 1137 407 Ille
1151 390 1220 411 vero.
1235 386 1260 407 et
1273 390 1367 416 magna
1379 381 1489 416 quidem
1501 389 1562 407 cum
1575 382 1586 393 ⁵
1599 383 1609 393 ⁶
1622 383 1632 394 ”

1106 418 1164 450 (llic
1176 419 1246 444 Mm'o
1255 420 1320 444 dune
1330 421 1364 444 ud
1376 422 1505 444 minimum
1515 421 1626 452 puyinna
1635 421 1754 445 tutentur
1765 422 1856 445 decue.
1858 421 1871 451 )

1094 457 1133 482 25.
1156 465 1235 489 neque
1245 455 1361 482 insolens
1375 456 1528 485 ostentatio.
1546 464 1632 490 neque
1645 457 1728 482 oratio
1738 456 1886 483 abhorrens

1092 503 1104 519 a
1118 502 1228 527 persona
1242 493 1359 519 hominis
1370 493 1539 528 gravissimi;
1556 501 1611 519 rem
1622 493 1695 519 enim
1707 502 1830 529 magnam
1842 503 1887 520 as—

1091 568 1198 603 gionem
1214 568 1391 602 timoremque
1401 567 1544 594 deiecerat.

1148 604 1217 631 xvi.
1239 606 1281 631 25.
1303 605 1390 640 Atque
1411 604 1544 631 eiusmodi
1566 604 1696 640 quiddam
1717 605 1796 632 etiam
1815 604 1887 632 bello

1093 641 1138 668 illo
1150 643 1276 673 maximo.
1289 643 1361 677 quod
1374 641 1551 668 Athenienses
1561 647 1587 668 et
1597 642 1800 669 Lacedaemonii
1811 650 1887 668 sum-

1068 682 1069 686 ’
1094 688 1134 705 ma
1148 680 1215 705 inter
1225 688 1253 706 se
1264 680 1432 706 contentione
1442 684 1592 715 gesserunt,
1605 679 1720 706 Periclea
1733 679 1786 710 ille,
1802 684 1828 706 et
1838 688 1888 706 au-

1091 717 1210 743 ctoritate
1230 721 1255 743 ct
1275 716 1427 752 eloquentia
1448 721 1473 743 et
1493 716 1606 743 consilio
1627 718 1752 752 princeps
1770 717 1887 743 civitatis

1092 763 1169 785 suae,
1187 763 1271 789 quum
1288 754 1430 780 obscurato
1443 753 1498 780 sole
1513 754 1636 781 tenebrae
1651 753 1733 781 factae
1745 759 1834 780 essent
1846 762 1888 780 re—

1093 797 1180 826 pente.
1196 792 1457 826 Atheniensiumque
1468 792 1572 818 animos
1583 800 1708 818 summus
1719 792 1798 818 timor
1807 799 1888 818 occu-

1092 830 1224 864 pavisset,
1236 829 1361 855 docuisse
1372 829 1446 855 cives
1458 837 1521 855 suos
1532 829 1631 855 dicitur
1644 829 1684 859 id,
1701 828 1773 864 quod
1786 829 1843 864 ipse
1853 828 1888 854 ab

1069 885 1070 890 ,
1093 868 1258 902 Anaxagora,
1271 867 1350 892 cuius
1360 865 1466 892 auditor
1477 865 1571 897 fuerat,
1585 871 1809 901 acceperat.cerw
1819 865 1887 892 illud

1069 927 1071 930 .
1093 909 1210 938 tempore
1223 904 1278 930 [ieri
1290 909 1315 930 et
1326 904 1490 934 necessario,
1507 912 1592 939 quum
1605 909 1656 930 tota
1667 913 1696 930 se
1709 903 1770 929 luna
1781 903 1834 929 sub
1844 911 1888 929 or-

1093 941 1153 967 bem
1165 941 1230 967 solis
1241 941 1413 967 subiecisset:
1429 941 1527 976 itaque.
1535 942 1586 968 etsi
1598 950 1649 967 non
1660 941 1734 967 omni
1742 941 1889 967 intermen-

1092 984 1178 1008 struo.
1202 984 1288 1005 tamen
1307 978 1332 1004 id
1345 978 1401 1004 (ieri
1417 987 1468 1005 non
1481 987 1572 1013 posse,
1596 979 1648 1004 nisi
1659 983 1730 1004 certo
1742 979 1888 1004 intermen-

1092 1020 1166 1042 struo
1178 1021 1304 1051 tempore.
1325 1015 1402 1048 Quod
1413 1024 1498 1050 quum
1510 1015 1674 1050 disputando
1685 1015 1888 1050 rationibusque

1092 1053 1241 1084 docuisset,
1264 1053 1395 1088 populum
1417 1051 1541 1079 liberavit
1556 1058 1642 1079 metu:
1665 1058 1719 1079 erat
1737 1053 1808 1078 enim
1825 1058 1889 1078 tunc

1094 1090 1158 1116 haec
1173 1099 1239 1117 nova
1251 1095 1277 1116 et
1289 1091 1376 1126 ignota
1389 1091 1462 1120 ratio.
1471 1090 1555 1116 solem
1569 1090 1646 1116 lunae
1656 1088 1831 1126 oppositum]
1845 1097 1889 1115 so-

1070 1145 1071 1150 =
1094 1127 1146 1154 lere
1158 1127 1284 1159 deficere:
1301 1127 1374 1162 quod
1381 1127 1518 1154 Thaletem
1525 1126 1661 1154 Milesium
1673 1128 1792 1162 primum
1803 1126 1890 1152 vidis-

1070 1161 1071 1166 *
1093 1173 1121 1191 se
1133 1164 1236 1191 dicunt.

1070 1222 1071 1228 ,
1093 1203 1169 1228 nium
1182 1201 1264 1238 fugit,
1282 1203 1329 1237 qui
1342 1207 1371 1228 ut
1381 1202 1489 1232 scribit,
1507 1210 1576 1229 anuo
1587 1210 1645 1228 ccc.
1661 1202 1890 1238 quinquagesimo

1070 1248 1071 1256 ¹
1093 1239 1148 1266 sere
1159 1245 1219 1274 post
1231 1240 1341 1266 Romam
1353 1239 1488 1266 conditam

1277 1164 1306 1191 ld
1321 1170 1411 1191 autem
1427 1169 1517 1199 postea
1533 1173 1566 1191 ne
1581 1169 1701 1191 nostrum
1712 1163 1823 1199 quidem
1834 1164 1890 1190 En-

1130 1292 1166 1296 —
1177 1279 1250 1303 nonis
1261 1277 1332 1304 Iunis
1341 1279 1391 1304 soli
1401 1279 1463 1303 luna
1474 1279 1568 1304 obstitit
1579 1281 1602 1303 et
1613 1285 1675 1303 nox.

1093 1315 1180 1350 Atque
1191 1314 1240 1341 hac
1253 1315 1279 1341 in
1292 1323 1319 1341 re
1331 1319 1402 1341 tanta
1414 1315 1483 1341 inest
1494 1315 1560 1341 ratio
1571 1319 1650 1349 atque
1662 1312 1794 1343 sollertia.
1812 1317 1840 1339 ut
1855 1321 1889 1339 ex

1094 1352 1143 1379 hoc
1155 1352 1209 1383 die,
1223 1360 1304 1387 quem
1319 1351 1391 1387 apud
1401 1352 1519 1378 Ennium
1533 1357 1559 1378 et
1570 1352 1597 1378 in
1608 1352 1735 1378 maximis
1746 1350 1890 1377 annalibus

1093 1390 1281 1425 consignatum
1303 1389 1443 1420 videmus,
1468 1389 1621 1424 superiores
1641 1388 1706 1416 solis
1726 1388 1890 1414 defectiones

1093 1432 1229 1462 reputatae
1244 1429 1299 1454 sint
1313 1435 1400 1462 usque
1415 1426 1448 1453 ad
1465 1426 1553 1457 illam.
1569 1435 1638 1461 quae
1652 1426 1736 1453 Nonis
1746 1424 1891 1458 Quinctilie

1070 1469 1071 1475 ¹
1094 1465 1145 1491 bus
1160 1464 1211 1491 suit
1222 1469 1348 1500 regnante
1361 1463 1488 1491 Romulo:
1505 1463 1607 1499 quibus
1622 1463 1734 1499 quidem
1744 1461 1890 1489 Romulum

1095 1502 1213 1529 tenebris
1224 1503 1330 1528 etiamsi
1341 1507 1435 1528 natura
1446 1501 1479 1528 ad
1492 1502 1640 1528 humanum
1651 1500 1888 1535 exitumabripuit,

1094 1540 1180 1566 virtus
1192 1544 1281 1565 tamen
1295 1540 1322 1565 in
1333 1539 1438 1566 caelum
1449 1539 1549 1566 dicitur
1559 1538 1713 1565 sustulisse.

1148 1576 1230 1603 XVII.
1252 1578 1293 1603 26.
1316 1577 1384 1603 Tum
1396 1576 1515 1603 Tubero:
1531 1576 1657 1607 Videsne.
1671 1575 1804 1606 Africano,
1817 1573 1890 1609 quod

1094 1613 1184 1649 paullo
1195 1619 1255 1641 ante
1266 1622 1345 1641 secus
1357 1614 1407 1641 tibi
1418 1614 1569 1644 videbatur.
1583 1613 1633 1640 doc
1643 1614 1654 1625 ⁸
1666 1614 1677 1625 ⁸
1690 1613 1701 1625 ³

1286 1652 1484 1685 (Desideraneur
1493 1653 1605 1684 paginae
1613 1652 1701 1683 duae.)

1093 1694 1111 1721 †
1125 1688 1166 1715 An
1190 1697 1254 1715 vero
1273 1688 1419 1715 multorum
1436 1689 1463 1714 in
1480 1688 1557 1714 terris
1577 1687 1749 1722 praediorum
1767 1685 1891 1713 dominos

1093 1725 1193 1752 divites
1217 1725 1399 1760 appellamus,
1423 1725 1546 1752 omnium
1572 1726 1703 1751 virtutum
1722 1731 1892 1759 possessores

1094 1771 1226 1797 pauperes
1242 1762 1463 1789 nominabimus?
1481 1763 1667 1798 (Angustia.
1685 1761 1718 1787 de
1734 1762 1787 1787 vita
1803 1761 1889 1787 beata.

1094 1801 1147 1835 22.)
1155 1801 1164 1812 ⁸
1172 1800 1182 1812 ⁸
1191 1801 1200 1811 '
1210 1800 1252 1830 lis,
1263 1808 1332 1835 quae
1344 1800 1454 1826 videant
1463 1800 1554 1826 ceteri.
1586 1798 1657 1831 Quid
1670 1807 1747 1834 porro
1757 1803 1802 1824 aut
1813 1806 1892 1833 prae-

1093 1837 1196 1863 clarum
1207 1842 1281 1872 putet
1292 1838 1319 1864 in
1331 1837 1412 1863 rebus
1424 1837 1564 1867 humanis,
1581 1837 1630 1871 qui
1645 1836 1710 1862 haec
1725 1835 1837 1862 deorum
1849 1843 1892 1861 re-

1093 1884 1145 1910 gna
1158 1875 1337 1909 perspexerit:
1351 1879 1397 1901 aut
1407 1874 1576 1903 diuturnum,
1589 1874 1637 1908 qui
1648 1873 1811 1909 cognoverit,
1824 1871 1893 1907 quid

1094 1913 1128 1938 sit
1139 1917 1291 1938 aeternum:
1305 1917 1350 1938 aut
1361 1911 1518 1948 gloriosum,
1531 1911 1579 1946 qui
1591 1910 1702 1941 viderit,
1715 1919 1798 1946 quam
1808 1918 1892 1945 parva

1094 1950 1128 1975 sit
1139 1954 1216 1980 terra,
1230 1950 1348 1984 primum
1361 1950 1496 1979 universa,
1505 1948 1603 1974 deinde
1614 1956 1644 1974 ea
1655 1957 1717 1983 pars
1727 1949 1796 1978 eius.
1809 1955 1891 1982 quam

1095 1986 1218 2013 homines
1235 1986 1365 2013 incolant:
1387 1994 1523 2021 quamque
1540 1994 1588 2012 nos
1599 1986 1627 2012 in
1638 1987 1737 2021 exigua
1747 1986 1807 2011 eius
1817 1989 1892 2019 parte

1094 2023 1178 2054 affixi,
1192 2023 1318 2059 plurimis
1329 2024 1494 2060 ignotissimi
1505 2023 1642 2059 gentibus,
1650 2031 1791 2057 speremus
1802 2026 1891 2048 tamen

1095 2067 1214 2088 nostrum
1237 2070 1334 2088 nomen
1355 2060 1466 2088 volitare
1486 2066 1512 2087 et
1528 2061 1620 2096 vagari
1638 2058 1787 2086 latissime?
1805 2059 1892 2094 Agros

1095 2107 1157 2125 vero
1168 2104 1193 2125 et
1203 2099 1325 2126 aedificia
1336 2104 1362 2125 et
1372 2097 1491 2133 pecudes
1502 2103 1528 2124 et
1539 2098 1702 2124 immensum
1714 2097 1892 2132 argentipon-

1093 2135 1146 2162 dus
1162 2141 1242 2171 atque
1257 2137 1317 2163 auri
1331 2137 1380 2171 qui
1395 2135 1464 2162 bona
1479 2143 1528 2162 nec
1537 2140 1631 2170 putare
1642 2143 1691 2161 nec
1701 2133 1836 2169 appellare
1847 2141 1892 2159 so-

1095 2173 1154 2204 leat,
1167 2173 1240 2208 quod
1251 2182 1344 2200 earum
1356 2181 1445 2199 rerum
1456 2172 1580 2199 videatur
1589 2173 1614 2198 ei
1626 2171 1695 2198 levis
1706 2171 1818 2201 fructus,
1831 2170 1892 2196 exi-

1093 2219 1165 2246 guus
1176 2219 1243 2237 usus
1251 2232 1257 2242 ,
1274 2212 1393 2237 incertus
1404 2210 1571 2240 dominatus,
1588 2217 1668 2244 saepe
1679 2209 1760 2236 etiam
1770 2207 1891 2234 taeterri-

1095 2257 1200 2275 morum
1212 2248 1354 2275 hominum
1365 2248 1497 2274 immensa
1508 2247 1658 2282 possessio:
1669 2261 1707 2266 -
1744 2246 1787 2272 27.
1807 2252 1890 2279 quam

1094 2291 1133 2312 est
1140 2285 1184 2312 hic
1191 2285 1341 2312 fortunatus
1347 2284 1496 2320 putandus;
1510 2285 1556 2311 cui
1566 2283 1618 2311 soli
1628 2292 1690 2310 vere
1701 2282 1779 2309 liceat
1787 2282 1888 2312 omnia,

1094 2331 1146 2350 non
1158 2323 1318 2355 Quiritium,
1337 2322 1385 2349 sed
1395 2322 1560 2357 sapientium
1572 2322 1629 2347 iure
1640 2329 1688 2356 pro
1697 2320 1756 2346 suis
1767 2319 1891 2345 vindica—

1093 2361 1134 2387 re!
1158 2369 1206 2386 nec
1217 2360 1293 2387 civili
1305 2368 1386 2390 nexo,
1404 2359 1452 2386 sed
1463 2358 1601 2386 communi
1612 2357 1671 2394 Iege
1681 2362 1803 2387 naturae,
1819 2364 1890 2391 quae

1096 2403 1165 2424 vetat
1176 2397 1259 2424 ullam
1270 2406 1327 2424 rem
1342 2405 1402 2424 esse
1416 2396 1592 2431 cuiusquam,
1609 2395 1664 2421 nisi
1678 2395 1751 2424 eius.
1773 2393 1822 2429 qui
1836 2398 1891 2419 tra-

1093 2440 1163 2461 ctare
1169 2435 1240 2461 etuti
1250 2435 1330 2461 sciat:
1344 2434 1392 2470 qui
1403 2434 1516 2468 imperia
1526 2431 1736 2466 consulatusque
1746 2435 1850 2457 nostros
1861 2431 1889 2457 in

1093 2472 1262 2502 necessariis,
1270 2480 1323 2498 non
1335 2473 1363 2498 in
1373 2470 1532 2506 expetendis
1542 2469 1634 2500 rebus,
1641 2469 1761 2494 muneris
1772 2467 1890 2503 Iungen-

1093 2509 1122 2536 di
1127 2510 1212 2545 gratia
1218 2509 1386 2539 subeundos,
1394 2517 1447 2535 non
1453 2507 1633 2542 praemiorum
1644 2510 1690 2532 aut
1699 2505 1800 2541 gloriae
1809 2513 1889 2531 caus-

1093 2555 1122 2573 sa
1133 2546 1297 2581 appetendos
1308 2551 1396 2581 putet:
1409 2544 1591 2580 quidenique,
1603 2541 1796 2569 utAfricanum
1806 2550 1889 2568 avum

1093 2592 1184 2610 meum
1195 2583 1290 2610 scribit
1300 2583 1364 2610 Cato
1374 2582 1484 2609 solitum
1494 2589 1554 2607 esse
1564 2580 1662 2610 dicere,
1675 2581 1762 2614 possit
1772 2579 1844 2606 idem
1853 2578 1889 2605 de

1092 2629 1121 2647 se
1136 2621 1305 2656 praedicare,
1327 2627 1476 2654 numquam
1491 2626 1520 2644 se
1535 2617 1597 2652 plus
1611 2625 1704 2652 agere,
1720 2625 1803 2652 quam
1817 2615 1888 2642 nihil

1068 2675 1072 2680 -
1092 2666 1179 2694 quum
1199 2662 1302 2694 ageret3
1322 2664 1472 2692 numquam
1490 2656 1582 2682 minus
1604 2654 1693 2681 solum
1711 2662 1784 2685 esse,
1805 2661 1888 2689 quam
