1941 3052
341 182 386 208 DE
412 182 656 209 INVENTIONE
679 182 748 209 LIB.
771 183 791 208 1.
815 181 898 208 CAP.
926 183 957 207 53
977 196 1013 200 -—-
1034 182 1075 207 56.
1098 180 1167 206 LIB.
1193 180 1222 205 ll.
1245 179 1326 206 CAP.
1351 182 1372 205 i.
1394 181 1419 205 Ξ.

61 262 134 280 mum
147 252 274 280 auditoris
288 253 379 279 mitem
390 257 415 279 et
425 253 623 279 misericordem
633 254 760 280 conficere
770 262 848 288 opor-

60 296 103 322 tet,
119 299 173 326 quo
190 289 295 316 facilius
313 291 503 324 conquestione
517 292 677 317 commoveri
692 292 785 325 possit.
819 290 848 317 Id

60 329 123 356 loeis
133 327 321 355 communibus
331 327 435 353 efficere
445 328 583 362 oportebit,
592 337 639 362 per
649 338 716 363 quos
729 328 848 355 fortunae

59 367 101 393 vis
117 366 146 392 in
163 374 254 392 omnes
268 369 293 391 et
307 365 447 391 hominum
461 365 601 391 infirmitas
616 366 779 399 ostenditur3
795 375 848 400 qua
869 362 871 369 ’

59 403 174 430 oratione
191 402 280 428 hahita
298 402 414 437 graviter
431 407 456 428 et
470 404 638 434 sententiose,
664 404 779 429 maxime
802 403 850 429 de-

59 441 171 467 mittitur
185 440 290 466 animus
305 440 443 465 hominum
462 443 487 465 et
504 440 537 466 ad
555 441 763 467 misericordiam
777 449 850 466 coni-

59 481 173 513 paratur,
182 485 268 512 quum
282 477 309 502 in
324 476 410 503 alieno
423 477 493 503 malo
506 486 583 504 suam
597 478 776 504 infirmitatem
787 486 850 503 con-

59 514 193 541 siderabit.
211 514 268 540 407.
280 514 379 540 Deinde
393 514 496 548 primus
508 514 581 541 locus
592 520 632 541 est
642 515 846 546 misericordiae,

58 560 105 587 per
123 560 212 586 quem,
237 551 337 586 quibus
355 551 383 577 in
401 551 479 577 bonis
493 551 599 583 fuerint,
625 557 649 578 et
663 561 734 578 nunc
748 553 849 586 quibus

58 590 86 616 in
100 589 177 615 malis
191 589 253 620 sint,
270 588 427 614 ostenditur.
462 588 611 620 Secundus,
628 590 675 624 qui
689 590 716 615 in
732 594 848 623 tempora

58 626 193 658 tribuitur,
214 634 260 661 per
278 634 368 660 quem,
388 626 488 660 quihus
507 627 534 652 in
553 626 630 652 malis
645 626 744 652 fuerint
758 631 782 652 et
796 627 850 652 sint

58 668 83 690 et
96 663 180 690 futuri
194 664 255 694 sint,
264 663 466 689 demonstratur.
484 663 596 694 Tertius,
610 672 657 698 per
670 673 752 698 quem
764 673 848 690 unum

57 701 185 736 qUOquO
207 700 358 735 deploratur
380 700 587 732 incommodum,
615 706 644 727 Ut
661 702 689 727 in
703 705 786 727 morte
801 701 848 727 filii
870 708 878 741 i]
901 716 962 737 locos
972 717 995 736 in
1006 717 1094 742 singula
1106 725 1233 739 caussarum
1244 725 1324 743 genera
1334 719 1420 738 tradere
1431 719 1527 745 suseipit
1537 726 1555 739 c.
1571 722 1589 739 3.
1619 720 1697 745 ltaque

57 739 186 773 pueritiae
204 738 349 768 delectfltiofl
371 745 451 768 amor,
472 746 543 772 spes,
565 738 699 769 SOIsstiunl’
716 739 846 770 educatio,
877 751 879 771 'v
901 752 964 772 docet
974 753 1080 778 quomodo
1092 754 1269 773 confirmationes
1280 753 1507 780 reprehensionesque
1518 753 1698 774 tractandaesint

57 780 91 807 et,
114 776 136 801 si
158 784 211 810 qua
229 774 311 800 simili
329 775 357 800 in
370 782 467 810 genere
485 775 605 809 quolibet
630 776 663 802 de
681 776 850 802 incommodo

58 821 105 848 per
117 813 333 846 conquestionem
348 811 401 837 dici
415 816 546 846 poterunt.
567 812 691 845 Quartus,
708 822 755 848 per
767 822 849 848 quem

58 858 100 877 res
113 854 204 884 turpes
218 853 243 875 et
256 848 373 875 humiles
387 853 412 875 et
425 849 569 876 illiberales
584 850 750 885 proferentur
765 855 790 877 et
808 852 850 877 in-

58 887 153 923 dignae
167 891 257 918 aetate,
273 895 377 922 genere,
394 886 506 918 fortuna,
523 888 636 922 pristino
650 888 756 920 honore,
768 888 850 914 bene-

60 924 140 957 ficiis,
168 933 235 959 quas
257 925 330 959 passi
352 925 541 958 perpessurive
560 926 622 951 sint.
657 925 782 958 Quintus,
803 934 850 960 per

58 970 138 997 quem
155 962 243 988 omnia
261 966 320 988 ante
337 961 428 988 oeulos
446 962 603 997 singillatim
622 963 788 990 incommoda
803 972 851 998 po-
878 980 879 989 1

58 1003 162 1030 nentur,
182 1003 212 1025 ut
230 998 351 1025 videatur
369 999 392 1025 is
410 1000 457 1034 qui
472 999 545 1026 audit
560 1000 649 1027 videre
663 1005 688 1027 et
702 1009 728 1026 re
742 1010 850 1036 quoque
878 1019 879 1028 1

58 1037 210 1071 ipsa,quasi
224 1036 301 1068 adsit,
317 1045 369 1062 non
384 1036 474 1062 verbis
488 1037 584 1068 solum,
594 1038 626 1064 ad
641 1038 850 1064 misericordiam
871 1049 872 1053 ¹

58 1074 179 1101 ducatur.
202 1076 259 1100 ⁴08.
275 1073 381 1105 Sextus,
394 1082 441 1108 per
454 1083 535 1109 quem
550 1080 653 1109 praeter
666 1084 743 1110 spem
758 1076 785 1101 in
800 1077 851 1102 mi-
871 1085 873 1102 i

58 1112 134 1139 seriis
148 1111 343 1138 demonstratur
361 1120 420 1137 esse
441 1116 479 1143 et,
496 1121 581 1147 quum
595 1112 698 1147 aliquid
712 1117 851 1147 exspecta-
872 1129 873 1135 ι

58 1154 104 1181 ret,
128 1158 179 1175 non
198 1148 276 1175 modo
294 1148 321 1175 id
340 1158 392 1175 non
410 1148 522 1183 adeptus
536 1158 603 1181 esse,
627 1150 674 1176 sed
689 1151 716 1176 in
730 1160 850 1177 summas

58 1187 178 1213 miserias
192 1186 328 1212 incidisse.
349 1186 494 1220 Septimus,
511 1195 558 1221 per
571 1196 651 1222 quem
665 1188 698 1214 ad
712 1188 851 1223 ipsos,qui

59 1224 178 1255 audiunt,
195 1223 311 1250 similem
325 1232 417 1250 casum
435 1225 615 1251 convertimus
635 1229 661 1251 et
679 1226 804 1260 petimus,
822 1230 851 1252 ut

58 1261 90 1288 de
104 1262 161 1288 suis
176 1261 267 1287 liberis
282 1265 327 1287 aut
340 1261 496 1296 parentibus
511 1266 558 1288 aut
571 1262 669 1297 aliquo,
683 1263 731 1298 qui
743 1263 796 1289 illis
807 1272 850 1289 ca-

58 1307 104 1325 rus
126 1299 220 1325 debeat
249 1307 316 1330 esse,
345 1307 392 1325 nos
416 1308 501 1334 quum
524 1299 643 1331 videant,
669 1300 848 1327 recordentur.

58 1336 183 1368 Octavus,
200 1344 246 1370 per
259 1345 339 1371 quem
354 1336 457 1371 aliquid
471 1337 569 1363 dicitur
583 1346 641 1363 esse
656 1337 764 1370 factum,
778 1338 850 1373 quod

57 1382 110 1400 non
125 1373 276 1408 oportuerit,
293 1378 338 1400 aut
352 1382 403 1400 non
417 1373 525 1406 factum,
542 1375 613 1409 quod
628 1376 780 1410 oportuerit,
802 1376 851 1401 hoc

57 1410 150 1438 modo:
167 1411 223 1437 Non
239 1410 321 1442 adfui,
343 1419 394 1437 non
409 1411 473 1442 vidi,
490 1421 542 1438 non
557 1416 716 1446 postremam
731 1413 789 1439 eius
804 1421 851 1439 vo·-

57 1457 115 1475 cem
137 1448 243 1479 audivi,
268 1457 319 1474 non
343 1452 491 1474 extremum
514 1449 572 1475 eius
595 1450 720 1484 spiritum
746 1451 849 1485 excepi.

56 1486 137 1512 Item:
165 1485 337 1512 Inimieorum
361 1486 388 1512 in
411 1486 536 1512 manibus
554 1491 676 1513 mortuus
694 1491 742 1519 est,
760 1487 850 1514 hostili

57 1523 85 1550 in
99 1527 165 1549 terra
180 1523 292 1557 turpiter
305 1523 386 1549 iacuit
400 1523 560 1557 insepultus,
575 1524 663 1551 aseris
677 1524 724 1551 diu
740 1529 851 1551 vexatus

57 1560 192 1587 communi
211 1568 319 1595 quoque
338 1561 435 1587 honore
453 1561 480 1587 in
499 1565 582 1588 morte
595 1562 689 1588 caruit.
726 1564 782 1588 ⁴09.
799 1563 852 1588 No-

57 1606 118 1629 nus,
134 1606 181 1633 per
194 1606 275 1633 quem
290 1598 372 1624 oratio
385 1597 418 1623 ad
433 1602 520 1624 mutas
538 1602 563 1625 et
576 1603 698 1633 expertes
713 1599 793 1626 animi
810 1608 851 1626 res

58 1634 178 1667 refertur,
196 1639 226 1661 ut
239 1635 262 1661 si
280 1635 313 1661 ad
327 1643 437 1670 equum,
453 1634 572 1667 domum,
589 1640 690 1662 vestem
701 1646 851 1663 sermonem

59 1672 172 1699 alicuius
185 1672 377 1704 accommodes,
388 1672 489 1707 quibus
503 1673 609 1700 animus
624 1682 725 1705 corum,
741 1675 788 1709 qui
803 1683 851 1700 au-

58 1709 135 1737 diunt
151 1714 177 1736 et
193 1709 310 1745 aliquem
329 1709 489 1741 dilexerunt,
511 1711 682 1737 vehementer
699 1720 851 1738 commove-

59 1751 110 1774 tur.
143 1747 276 1779 Decimus,
292 1756 434 1782 perquem
454 1747 550 1782 inopia,
568 1748 717 1780 infirmitas,
734 1749 851 1775 solitudo

59 1784 261 1812 demonstratur.
298 1784 468 1816 Undecimus,
490 1793 536 1819 per
549 1794 630 1820 quem
645 1790 691 1812 aut
705 1786 850 1812 liberorum

59 1826 104 1849 aut
117 1826 255 1857 parentum
270 1826 315 1848 aut
328 1822 370 1849 sui
384 1822 501 1857 corporis
515 1823 662 1857 sepeliendi
677 1828 722 1850 aut
736 1823 850 1850 alicuius

59 1859 189 1886 eiusmodi
204 1859 239 1885 rei
254 1859 447 1886 commendatio
462 1860 498 1886 fit.
515 1860 703 1892 Duodecimus,
718 1870 850 1896 perquem

59 1895 201 1924 disiunctio
222 1896 375 1932 deploratur
397 1897 430 1923 ab
452 1897 551 1932 aliquo,
568 1907 653 1933 quum
668 1899 803 1924 diducaris
818 1899 850 1925 ab

59 1941 97 1966 eo,
118 1934 228 1970 quicum
251 1934 427 1961 libentissime
450 1935 559 1967 vixeris,
581 1940 610 1962 ut
623 1944 637 1961 a
652 1940 767 1970 parente,
785 1936 847 1968 lilio,

60 1969 144 2003 fratre,
162 1971 295 1998 familiari.
318 1973 422 1998 Tertius
437 1972 567 2004 decimus,
584 1981 631 2007 per
644 1982 725 2008 quem
736 1982 797 1999 cum
810 1974 852 1999 in—

60 2007 209 2045 dignatione
223 2010 420 2044 conquerimur,
436 2009 508 2044 quod
523 2010 555 2036 ab
569 2010 611 2042 iis,
628 2020 641 2036 a
655 2011 757 2045 quibus
771 2011 851 2037 mini-

60 2053 101 2072 me
123 2047 271 2078 conveniat,
296 2047 364 2073 male
387 2051 537 2079 tractemur,
557 2048 726 2083 propinquis,
746 2049 848 2080 amieis,

60 2083 159 2118 quibus
173 2083 288 2119 benigne
306 2083 457 2116 fecerimus,
474 2093 541 2119 quos
556 2084 689 2111 adiutores
704 2085 758 2112 fore
772 2090 851 2120 puta-

61 2120 186 2153 verimus,
203 2125 248 2148 aut
261 2130 274 2147 a
288 2122 389 2157 quibus
403 2122 545 2157 indignum
560 2122 603 2153 sit,
621 2127 649 2149 ut
662 2123 757 2154 servis,
771 2123 851 2149 liber—

61 2157 102 2189 tis,
121 2157 273 2190 clientibus,
297 2159 476 2194 supplicibus.
508 2159 572 2186 LVI.
588 2160 704 2192 Quartus
718 2160 848 2192 decimus,

60 2195 106 2230 qui
119 2203 166 2230 per
179 2195 387 2222 obsecrationem
402 2197 531 2229 sumitur;
561 2197 587 2223 in
606 2206 660 2231 quo
673 2201 781 2224 orantur
795 2206 852 2224 mo-

60 2231 93 2259 do
114 2232 162 2264 illi,
186 2233 234 2268 qui
258 2232 379 2265 audiunt,
400 2233 497 2260 humili
511 2238 537 2260 ct
549 2234 665 2269 supplici
680 2235 805 2266 oratione,
823 2239 852 2262 ut

59 2269 242 2296 misereantur.
274 2269 389 2302 Quintus
403 2271 533 2303 decimus,
562 2280 608 2306 per
621 2280 702 2306 quem
726 2282 776 2299 non
805 2281 852 2299 no-

60 2310 134 2339 stras,
150 2307 197 2333 sed
211 2316 311 2339 eorum,
328 2308 376 2343 qui
389 2308 441 2334 cari
457 2309 533 2335 nohis
544 2309 641 2335 dehent
652 2318 718 2342 esse,
732 2310 851 2336 fortunas

59 2345 184 2379 conqueri
211 2353 259 2371 nos
285 2345 509 2372 demonstramus.
536 2346 634 2372 Sextus
648 2347 778 2378 decimus,
805 2356 851 2382 per

60 2388 139 2416 quem
162 2382 281 2408 animum
305 2387 424 2409 nostrum
448 2383 474 2409 in
497 2383 562 2409 alios
581 2384 777 2410 misericordem
792 2394 850 2411 csse

60 2418 224 2446 ostendimus
242 2423 267 2446 et
281 2423 367 2446 tamen
381 2419 502 2455 amplum
516 2424 541 2447 et
555 2421 691 2447 excelsum
710 2426 735 2448 ct
749 2422 851 2456 paticu-

60 2458 112 2482 tem
135 2455 362 2483 incommodorum
385 2466 444 2483 esse
467 2462 492 2484 ct
514 2457 635 2484 futurum
654 2467 725 2490 esse,
746 2459 850 2494 siquid

60 2492 190 2525 acciderit,
206 2493 430 2521 demonstramus.
446 2495 512 2521 Nam
527 2504 605 2530 saepe
617 2496 701 2522 virtus
711 2501 736 2523 et
746 2497 850 2531 magni-

60 2528 171 2562 licentia,
192 2531 219 2557 in
233 2540 287 2566 quo
299 2532 416 2567 gravitas
430 2536 455 2558 et
469 2532 610 2558 auctoritas
624 2536 672 2564 est,
693 2533 755 2568 plus
770 2534 850 2568 proli-

59 2565 95 2593 cit
107 2567 139 2594 ad
153 2568 360 2595 misericordiam
374 2570 603 2601 conunovcmlam,
615 2579 697 2604 quam
712 2570 850 2597 humilitas

60 2607 86 2630 et
106 2603 260 2632 obsecratio.
295 2606 439 2633 Commotis
461 2611 549 2633 autem
572 2607 677 2639 animis,
697 2607 800 2634 diutius
823 2608 849 2634 in

59 2642 246 2677 conquestione
260 2643 354 2670 morari
373 2652 425 2671 non
444 2645 583 2679 oportebit.
618 2644 849 2676 Quemadmodum

60 2678 130 2705 enim
156 2679 224 2706 dixit
250 2680 338 2708 rhetor
363 2680 533 2716 Apollonius,
564 2682 670 2708 lacrima
690 2682 756 2709 nihil
770 2683 850 2709 citius

61 2716 162 2743 arescit.
196 2716 249 2744 Sed
270 2718 397 2753 quoniam
419 2723 445 2746 et
461 2719 526 2746 satis
541 2719 664 2746 videmur
677 2719 710 2746 do
723 2719 850 2747 omnibus

876 301 877 311 l

876 371 878 378 ,

869 383 878 402 ,1

877 442 878 455 l

876 457 878 468 l

869 472 878 483 ll

870 538 878 566 il

870 573 871 580 1

1660 182 1692 205 53

900 251 1020 286 partibus
1035 251 1160 277 orationis
1174 250 1284 281 dixisse,
1301 255 1327 276 et
1340 250 1422 276 huius
1434 250 1578 276 voluminis
1589 251 1693 285 magni—

901 289 964 314 tudo
984 288 1089 323 longius
1108 288 1244 322 processit,
1266 296 1335 322 quae
1349 292 1500 322 sequuntur
1514 287 1649 322 deinceps,
1666 289 1693 314 in

900 326 1017 352 secundo
1032 326 1098 352 libro
1112 325 1242 352 dicemus.

1187 391 1406 404 doaz—-

1282 497 1306 521 6.

1059 557 1215 585 LIBER
1250 556 1534 587 SECUNDUS.

948 646 1024 667 ARG.
1040 648 1104 671 Quod
1116 649 1172 669 lihrn
1189 650 1258 676 primo
1274 650 1300 669 tle
1314 648 1486 675 reprehensione
1500 652 1522 668 et
1531 648 1697 668 confirmatione

902 682 984 708 passim
1000 682 1095 705 uixerat.
1112 684 1152 704 hnc
1171 684 1228 704 lihrn
1243 688 1315 704 certus
1329 684 1504 710 reprehendendi
1519 686 1539 703 et
1555 683 1697 702 mutii-manili

900 786 924 806 in
939 787 1042 807 iudiciali
1057 795 1136 812 genere
1146 788 1334 808 etconstitutiune
1344 788 1696 814 coniecturali,quiluciquumab

901 825 974 842 actore
985 826 1029 842 tum
1040 823 1066 843 ab
1077 830 1114 844 reo
1125 823 1171 843 sint
1181 823 1311 843 adhibendi:
1330 823 1383 843 item
1394 823 1417 843 in
1427 823 1588 843 constitutione
1599 823 1696 843 deliniti-

900 864 927 877 §a
942 860 963 877 et
977 856 1095 882 triniatim,
1114 857 1138 877 in
1150 858 1249 882 generali
1265 865 1342 884 porro,
1353 858 1389 879 cui
1400 858 1519 883 negotialis
1529 862 1550 878 et
1560 858 1697 879 iuri-liciniis

901 894 1009 918 tamquam
1020 892 1104 912 formae
1114 897 1165 913 sunt
1175 893 1301 917 subiectam
1316 893 1339 913 in
1351 893 1430 920 scripti
1439 893 1611 917 controversiis,
1626 893 1649 913 in
1661 901 1696 918 ge-

901 934 952 947 nere
963 926 1117 951 deliberativo,
1125 928 1182 954 quod
1192 936 1257 954 quum
1268 929 1294 948 ab
1305 928 1405 952 hurirstn,
1414 931 1457 948 tum
1469 929 1494 948 ab
1505 928 1558 948 utili
1568 934 1697 953 argumenta

901 962 973 986 uincit,
992 961 1086 988 denique
1096 962 1119 982 in
1129 963 1311 984 demonstratixu.

956 999 976 1025 I.
994 1000 1017 1024 1.
1033 994 1204 1025 Crotoniatae
1217 1000 1362 1034 quondam,
1379 1008 1465 1035 quum
1479 999 1601 1027 florerent
1610 1002 1697 1027 omni—

902 1036 953 1062 bus
971 1037 1055 1070 copiis
1074 1041 1099 1063 et
1118 1037 1145 1062 in
1163 1037 1236 1063 Italia
1254 1046 1314 1063 cum
1330 1038 1425 1072 primis
1441 1037 1511 1064 beati
1525 1047 1698 1065 numeraren—

902 1078 953 1105 tur,
975 1074 1105 1108 templum
1124 1075 1242 1106 Iunonis,
1264 1075 1335 1110 quod
1350 1075 1551 1110 religiosissime
1565 1076 1695 1107 colebant,

903 1111 1017 1146 egregiis
1032 1112 1145 1145 picturis
1160 1111 1321 1146 locupletare
1335 1112 1488 1139 voluerunt.
1511 1114 1602 1148 Itaque
1616 1114 1698 1140 Hera-

901 1148 1012 1174 cleoten]
1030 1149 1141 1180 Zeuxin,
1162 1150 1209 1183 qui
1229 1154 1285 1175 tum
1306 1149 1382 1185 longe
1401 1150 1494 1176 ceteris
1513 1150 1642 1177 excellere
1656 1152 1698 1186 pi-

901 1186 1019 1212 ctoribus
1038 1186 1249 1219 existimabatur,
1268 1196 1363 1223 magno
1377 1188 1461 1222 pretio
1474 1187 1636 1214 conductum
1651 1189 1698 1214 ad—

902 1223 1058 1250 hibuerunt.
1092 1224 1117 1250 Is
1140 1228 1165 1250 et
1186 1229 1286 1250 ceteras
1308 1224 1460 1259 complures
1480 1225 1584 1251 tabulas
1598 1227 1694 1260 pinxit,

901 1269 1017 1295 quarum
1035 1260 1163 1287 nonnulla
1182 1270 1243 1296 pars
1263 1271 1349 1297 usque
1363 1262 1395 1288 ad
1410 1267 1526 1288 nostram
1542 1264 1697 1289 memoriam

902 1302 1008 1333 propter
1022 1298 1075 1325 fani
1091 1298 1247 1334 religionem
1262 1300 1401 1332 remansit,
1428 1304 1462 1331 et,
1480 1304 1508 1326 ut
1522 1300 1697 1327 excellentem

902 1336 1042 1362 muliebris
1058 1335 1156 1362 formae
1171 1336 1400 1371 pulchritudinem
1415 1342 1488 1363 muta
1502 1338 1529 1363 in
1540 1346 1599 1364 sese
1609 1339 1698 1371 imago

900 1374 1054 1405 contineret,
1076 1374 1189 1400 llelenae
1207 1383 1236 1400 se
1254 1375 1364 1410 pingere
1383 1374 1558 1401 simulacrum
1574 1375 1642 1401 velle
1656 1372 1698 1402 di-

901 1411 952 1443 xit3
981 1411 1053 1446 quod
1068 1411 1240 1443 Crotoniatae,
1261 1412 1309 1447 qui
1328 1420 1389 1438 eum
1409 1412 1533 1438 muliebri
1548 1413 1575 1439 in
1589 1421 1698 1448 corpore

902 1448 1036 1483 pingendo
1050 1448 1198 1483 plurimum
1213 1449 1273 1475 aliis
1288 1454 1421 1484 praestare
1431 1458 1511 1484 saepe
1521 1451 1695 1485 accepissent,

903 1485 1014 1511 libenter
1028 1485 1179 1512 audierunt.
1216 1487 1380 1513 Putaverunt
1394 1487 1474 1517 enim,
1493 1487 1524 1518 si,
1541 1496 1595 1522 quo
1610 1488 1636 1515 in
1650 1497 1698 1524 ge-

902 1531 963 1548 nere
977 1522 1125 1557 plurimum
1140 1528 1238 1558 posset,
1248 1524 1274 1549 in
1289 1532 1319 1550 eo
1330 1533 1426 1560 magno
1436 1533 1515 1558 opere
1525 1524 1695 1556 elaborasset,

902 1561 1040 1596 egregium
1063 1561 1115 1586 sibi
1134 1569 1201 1595 opus
1220 1561 1266 1587 illo
1285 1561 1311 1587 in
1331 1561 1391 1587 fano
1405 1562 1569 1588 relicturum.
1605 1563 1698 1597 Neque

903 1602 959 1623 tum
973 1606 1018 1624 eos
1032 1597 1077 1624 illa
1091 1598 1182 1632 opinio
1195 1597 1299 1624 fefellit.
1314 1600 1339 1625 ⁶2.
1349 1599 1414 1624 Nam
1425 1599 1522 1625 Zeuxis
1535 1599 1605 1626 illico
1615 1608 1698 1635 quae-

902 1635 966 1661 sivit
987 1635 1020 1660 ab
1042 1635 1089 1666 eis,
1114 1644 1246 1670 quasnam
1270 1636 1387 1671 virgines
1411 1636 1539 1662 formosas
1559 1637 1696 1664 haberent.

902 1671 943 1698 llli
957 1676 1045 1698 autem
1060 1673 1149 1698 statim
1164 1672 1299 1699 hominem
1314 1673 1483 1700 deduxerunt
1497 1675 1524 1700 in
1539 1674 1697 1709 palaestram

902 1713 981 1744 atque
995 1710 1019 1735 ei
1033 1718 1131 1744 pueros
1145 1710 1318 1736 ostenderunt
1332 1711 1440 1741 multos,
1455 1720 1549 1747 magna
1564 1712 1697 1746 praeditos

901 1746 1039 1782 dignitate.
1066 1747 1170 1773 Etenim
1185 1747 1301 1782 quodam
1317 1752 1433 1783 tempore
1449 1749 1612 1775 Crotoniatae
1627 1749 1697 1775 mul-

902 1788 959 1810 tum
977 1784 1103 1810 omnibus
1117 1794 1257 1819 corporum
1273 1785 1376 1812 viribus
1394 1790 1419 1812 et
1433 1786 1610 1821 dignitatibus
1624 1792 1698 1813 ante-

901 1826 1030 1848 stetcrunt
1048 1827 1127 1857 atque
1147 1822 1349 1849 honestissimas
1367 1832 1400 1849 cx
1414 1824 1541 1859 gymnico
1554 1825 1698 1851 certamine

903 1859 1025 1885 victorias
1055 1859 1166 1885 domum
1197 1868 1258 1886 cum
1290 1860 1406 1886 maxima
1434 1861 1511 1887 laude
1539 1861 1695 1888 retulerunt.

901 1896 990 1928 Quum
1010 1905 1154 1931 puerorum
1174 1898 1256 1932 igitur
1270 1897 1368 1924 formas
1383 1903 1408 1924 ct
1421 1908 1529 1933 corpora
1545 1908 1640 1934 magno
1655 1899 1697 1925 hic

901 1942 980 1968 opere
1000 1935 1154 1960 miraretur:
1178 1935 1286 1966 llorum,
1307 1935 1434 1970 inquiunt
1453 1936 1501 1967 illi,
1518 1945 1620 1962 sorores
1635 1942 1697 1963 sunt

902 1971 973 2006 apud
993 1980 1039 1997 nos
1060 1972 1187 2007 virgines
1222 1972 1317 2004 Quare,
1338 1981 1391 2007 qua
1409 1973 1463 1999 sint
1482 1973 1542 1999 illae
1557 1974 1694 2009 dignitate.

902 2013 976 2043 potes
991 2018 1024 2035 cx
1039 2009 1080 2035 his
1094 2010 1236 2044 suspicari.
1260 2010 1383 2036 Praebete
1398 2010 1479 2046 igitur
1494 2011 1569 2041 mihi,
1586 2020 1695 2046 quaeso,

903 2046 998 2081 inquit,
1015 2047 1121 2073 existis
1137 2047 1287 2082 virginibus
1304 2047 1519 2079 formosissimas,
1536 2048 1601 2074 dum
1617 2049 1697 2083 pingo

902 2084 938 2115 id,
960 2084 1032 2119 quod
1052 2084 1187 2118 pollicitus
1201 2093 1261 2110 sum
1278 2085 1362 2115 vobis,
1381 2090 1409 2111 ut
1424 2091 1528 2111 mutum
1544 2087 1570 2112 in
1585 2086 1697 2112 simula-

901 2130 977 2147 crum
992 2130 1025 2148 ex
1038 2121 1146 2147 animali
1157 2121 1280 2156 exemplo
1291 2123 1386 2148 veritas
1399 2122 1579 2149 transferatur.
1596 2126 1619 2149 3.
1629 2124 1696 2149 Tum

903 2159 1066 2185 Crotoniatae
1085 2159 1194 2193 publico
1212 2159 1245 2185 de
1258 2159 1370 2185 consilio
1385 2160 1502 2195 virgines
1517 2169 1601 2187 unum
1618 2161 1643 2187 in
1660 2161 1697 2186 lo-

902 2205 964 2222 cum
978 2196 1165 2222 conduxerunt
1179 2200 1204 2222 ct
1219 2197 1320 2231 pictori.
1337 2206 1404 2232 quas
1420 2197 1508 2227 vellet,
1522 2198 1638 2233 eligendi
1651 2208 1697 2232 po-

903 2238 1022 2260 testatem
1038 2233 1178 2260 dederunt.
1204 2233 1250 2260 llle
1264 2239 1352 2260 autem
1367 2235 1487 2269 quinquo
1502 2235 1613 2269 delegi&
1630 2244 1697 2270 qua-

903 2279 962 2297 rum
991 2271 1097 2297 nomina
1125 2270 1203 2297 multi
1226 2276 1317 2305 poetae
1344 2274 1485 2298 memoriae
1512 2272 1694 2307 prodiderunt.

901 2309 974 2343 quod
997 2309 1056 2334 eius
1079 2313 1167 2335 essent
1191 2309 1290 2336 iudicio
1309 2310 1441 2344 proliatac,
1462 2310 1509 2344 qui
1526 2310 1696 2335 verissimum

903 2346 1113 2380 pulchritudiuis
1140 2346 1237 2373 habere
1263 2346 1393 2373 iudicium
1417 2347 1564 2373 debuisset.
1605 2348 1696 2381 Nequi·

901 2384 972 2409 enim
993 2384 1104 2418 putarit,
1121 2385 1218 2415 onmia,
1234 2393 1303 2419 quae
1317 2389 1454 2418 quaereret
1472 2384 1504 2409 ad
1520 2389 1694 2411 uenustatcm.

903 2430 955 2447 uuo
969 2429 997 2446 so
1016 2421 1042 2447 in
1056 2430 1164 2455 corpore
1176 2421 1290 2456 reperire
1301 2430 1389 2456 posse,
1402 2421 1460 2447 idco
1470 2421 1541 2456 quod
1553 2421 1619 2447 nihil
1631 2422 1696 2447 siin—

902 2458 964 2492 plici
979 2458 1005 2484 in
1019 2467 1117 2493 genere
1131 2460 1202 2485 onmi
1218 2468 1250 2485 ex
1266 2463 1337 2493 parte
1353 2458 1498 2493 perfectum
1512 2463 1603 2485 natura
1614 2467 1696 2493 expo-

903 2495 970 2521 livit.
997 2496 1096 2529 ltaque.
1115 2500 1248 2530 [uinquam
1263 2497 1357 2521 ceteris
1373 2504 1423 2521 non
1439 2496 1473 2521 sit
1488 2495 1608 2522 habitura
1623 2496 1695 2531 (pind

904 2532 1037 2567 largiatur,
1050 2533 1071 2558 si
1088 2533 1133 2558 uni
1148 2538 1242 2559 cum-ta
1256 2532 1505 2563 concesserit,aliud
1521 2533 1564 2559 alii
1579 2542 1696 2559 commu—

902 2570 938 2600 di,
954 2569 1045 2604 aliquo
1058 2569 1183 2596 adiuncto
1198 2570 1372 2600 itu-onnnodo,
1390 2575 1552 2597 muneratur.

958 2608 988 2633 ll.
1006 2608 1029 2633 AE.
1045 2607 1121 2639 Quod
1135 2608 1262 2642 quoniam
1283 2608 1358 2633 uobis
1373 2616 1480 2642 quoque
1496 2607 1639 2634 voluntatis
1653 2618 1695 2634 ar-

901 2644 974 2675 cidit,
1000 2649 1028 2670 ut
1050 2649 1131 2670 artem
1154 2644 1259 2671 dicendi
1284 2645 1518 2679 pcrscribcrcmus,
1544 2654 1595 2672 non
1611 2654 1694 2672 unum

901 2681 1010 2717 aliquod
1026 2683 1214 2716 proposuimus
1229 2681 1479 2716 cxcmplum,cuius
1493 2691 1585 2708 omncs
1597 2688 1692 2717 partes.

901 2727 1073 2754 quocumque
1091 2724 1180 2746 essent
1194 2720 1219 2746 in
1234 2729 1338 2755 genere.
1355 2719 1543 2755 exprimendae
1559 2720 1634 2746 nobis
1650 2730 1688 2746 ne
