1941 3052
225 131 272 156 306
868 130 901 156 M.

791 132 832 156 ιη.

223 201 356 230 istinuitio,
372 209 452 235 quam
468 200 646 235 r«·pretw=·.-.i‹›,
664 200 722 226 ideo
735 200 806 235 quod
819 210 889 230 euru.
905 201 951 235 qui
966 200 1013 226 hoe

223 238 292 267 tus-it.
309 247 416 264 uvarum
430 247 572 272 possumus
583 238 745 267 existiuinru,
761 238 861 263 vriiueu
873 238 898 263 in
909 247 939 263 eo
950 247 1014 263 ron·
1033 246 1035 271 ,¹

223 276 332 301 stitueri·
347 284 398 301 μου
414 280 465 300 uun
483 275 557 300 san-file
572 283 729 308 possumus:
745 274 816 308 quod
833 274 937 300 videtur
950 284 1013 300 con-

221 312 369 338 emh-mlum
386 312 584 344 magistratibus
599 312 695 336 nostris
709 320 776 342 essu,
794 315 821 337 ut
836 312 877 341 iis,
893 320 946 345 quo
958 310 1013 337 loco

223 349 318 379 velint,
345 349 506 375 frumentum
529 349 646 382 accipere
667 348 749 373 lim-at.
791 349 881 383 ltaque
901 349 948 374 hoc
963 353 1010 379 est,

221 387 293 421 quod
309 386 384 412 inulti
401 386 507 411 sortasse
524 385 649 415 severunt,
666 390 691 410 et
706 386 738 411 ita
754 385 841 415 inulti,
859 390 887 412 ut
901 386 928 416 ii,
944 394 1012 420 qnos

224 424 453 449 inrisu-entissimos
470 423 642 448 meminimus
656 427 701 448 uut
719 422 886 453 audivimus,
908 432 958 449 non
975 422 1013 448 se-

221 572 331 605 grathun
347 571 500 596 civitatibus
514 576 710 601 concesserunt,
728 576 756 597 ut
766 580 890 597 muninus
902 580 948 606 pro
958 571 1013 598 l'ru-

223 613 310 634 inentu
324 608 425 633 darent.
460 608 494 634 lta
509 608 587 634 credo
601 609 709 643 petiisse
722 608 755 634 ab
771 609 820 634 isto
834 613 956 639 aratores,
974 613 1009 639 ut,

221 654 305 680 quum
330 645 384 670 ll-S
409 645 488 671 ternis
508 645 586 671 tritici
606 645 724 671 modium
746 646 858 672 vendere
877 655 927 672 nou
951 655 1013 680 pos-

221 687 287 713 sent,
305 691 351 716 pro
365 682 480 717 siugulis
495 683 591 709 modiis
606 688 692 709 ternos
705 683 827 709 denarios
841 683 902 709 dare
914 683 1011 709 liceret.

221 720 275 749 Λη,
295 720 420 754 quoniam
437 719 485 745 hoc
500 729 550 746 non
565 720 647 746 audes
661 720 761 751 dicere,
786 720 849 746 illuc
863 720 1011 755 confugies,

222 761 343 783 vecturae
362 756 518 783 ‹lil'licultate
536 757 677 788 adductos.
705 762 791 784 ternos
810 757 932 784 denarios
952 757 1013 783 dare

222 794 367 820 maluisse?
385 794 468 820 Cuius
484 794 624 821 vet-turae?
640 803 695 830 quo
708 803 740 821 ex
756 794 820 826 loco,
838 795 862 821 in
877 804 957 829 quem
975 795 1012 821 lo-

221 840 282 858 cum
302 840 333 858 ne
356 831 505 866 portarent?
532 832 721 858 l'hilomelione
739 832 894 867 Ephesum?
921 832 1010 862 Video,

220 869 287 904 quid
302 869 369 895 inter
382 878 513 895 annonam
528 870 655 895 interesse
669 869 762 896 soleat:
781 869 866 899 video,
881 874 946 904 quot
957 869 1014 895 ‹lie-

222 915 281 932 rum
297 906 338 932 vin
352 906 400 932 sit:
418 906 495 933 video
507 906 758 933 Philomeliensibus
769 907 904 941 expedire,
920 907 1012 941 quanti

220 943 320 978 Ephesi
335 944 370 970 sit
385 943 561 974 trumentum.
583 949 685 970 tantum
703 944 765 970 dare
785 944 873 979 potius
888 945 914 970 in
929 944 1013 979 Phry-

221 981 277 1016 gia.
303 989 384 1016 quam
403 981 540 1016 Ephesum
560 986 661 1016 portare
680 986 726 1008 aut
743 981 775 1007 ad
794 981 937 1008 emendum
957 980 1013 1007 sru-

221 1022 341 1045 mentum
355 1018 492 1053 Ephesum
508 1019 647 1053 pecuniam
661 1023 686 1045 et
701 1018 799 1054 legatos
814 1019 926 1045 mittere.
955 1020 1011 1045 492.

209 1056 250 1091 ,ln
264 1055 355 1082 Sicilia
369 1064 431 1082 vero
444 1056 510 1091 quid
524 1056 656 1082 eiusmodi
671 1056 728 1082 est‘?
754 1057 843 1082 llenna
858 1056 1013 1082 mediterra-

222 1101 270 1119 nea
288 1097 328 1119 est
346 1094 471 1120 maxime.
511 1093 595 1128 Coge.
617 1098 645 1119 ut
662 1093 695 1119 ad
709 1102 805 1128 aquam
821 1094 878 1124 tibi,
899 1094 925 1120 id
940 1093 1012 1128 quod

221 1131 322 1156 summi
340 1131 406 1156 iuris
424 1135 477 1161 est,
504 1130 665 1156 frumentum
682 1131 835 1157 llennenses
854 1131 1010 1157 metiantur:

221 1167 262 1194 vel
278 1168 410 1194 Phintiam
426 1167 466 1194 vel
481 1167 603 1194 Halesam
618 1168 659 1194 vel
675 1168 807 1199 Catinam,
834 1167 888 1194 loca
903 1168 971 1194 inter
984 1176 1013 1194 se

221 1205 338 1231 maxime
352 1205 469 1236 diversa,
490 1205 582 1231 eodem
597 1205 652 1235 die,
673 1214 727 1240 quo
745 1205 870 1236 iusseris,
891 1205 1013 1240 deporta-

221 1242 297 1269 bunt.
338 1243 453 1269 Tametsi
473 1251 504 1268 ne
525 1247 630 1268 vectura
649 1243 758 1277 quidem
773 1251 841 1277 opus
855 1247 904 1269 est.
945 1243 1011 1268 Nam

221 1284 291 1306 totus
305 1284 433 1314 quaestus
448 1279 499 1311 hic,
516 1279 626 1310 iudices,
643 1280 834 1306 aestimationis
848 1288 880 1306 ex
894 1288 1012 1306 annonae

221 1321 298 1343 natus
312 1321 352 1343 est
367 1318 498 1343 varietate.
525 1317 578 1343 lloc
592 1317 662 1343 enim
678 1317 849 1352 magistratus
864 1318 890 1343 in
905 1318 1014 1352 provin-

219 1355 260 1380 cia
279 1354 386 1388 assequi
406 1358 504 1389 potest,
529 1358 558 1381 ut
578 1354 614 1380 ibi
633 1355 758 1389 accipiat,
784 1354 831 1380 ubi
849 1359 888 1381 est
906 1355 1013 1381 carissi-

220 1400 304 1418 mum.
324 1391 386 1418 Ideo
400 1391 470 1418 valet
484 1392 533 1417 ista
547 1391 612 1418 ratio
625 1391 818 1418 aestimationis
833 1392 859 1418 in
873 1392 949 1418 Asia:
967 1401 1013 1418 va-

220 1428 256 1455 let
273 1429 300 1455 in
319 1429 460 1463 Hispania:
489 1428 558 1455 valet
576 1429 602 1455 in
621 1429 663 1455 his
682 1429 840 1463 provinciis,
866 1429 893 1456 in
911 1429 1012 1464 quibus

220 1475 304 1492 unum
324 1467 439 1500 pretium
457 1465 591 1492 frumento
608 1475 667 1492 esse
686 1475 737 1492 non
760 1465 836 1492 solet.
876 1467 905 1492 In
923 1466 1012 1493 Sicilia

220 1512 281 1530 vero
295 1503 362 1538 quid
375 1503 536 1538 cuiusquam
551 1504 687 1534 intererat,
707 1512 761 1538 quo
776 1503 832 1530 loco
845 1503 936 1530 daret?
961 1505 1013 1530 Ne-

219 1549 272 1575 que
290 1541 360 1567 enim
380 1541 539 1575 portandum
558 1545 626 1567 erat:
651 1545 689 1572 et,
709 1549 763 1576 quo
781 1541 898 1576 quisque
917 1541 1013 1568 vehere

220 1578 311 1604 iussus
326 1583 404 1609 esset,
421 1578 458 1604 ibi
473 1578 600 1604 tantidem
615 1577 780 1605 frumentum
795 1583 902 1609 emeret,
918 1579 1012 1613 quanti

219 1615 291 1642 domi
307 1615 481 1642 vendidisset.
510 1617 565 1642 493.
581 1615 759 1647 Quamobrem
774 1615 796 1641 si
811 1616 862 1647 vis,
878 1616 1010 1647 Hortensi,

219 1652 326 1683 docere,
346 1652 448 1687 aliquid
463 1653 495 1679 ab
510 1653 560 1679 isto
573 1652 662 1679 simile
676 1653 703 1679 in
717 1653 912 1684 aestimatione,
933 1658 1012 1688 atque

219 1698 233 1715 a
247 1690 354 1720 ceteris,
376 1698 434 1716 esse
452 1689 566 1716 factum:
595 1690 689 1716 doceas
708 1690 851 1724 oportebit,
876 1689 966 1725 aliquo
984 1691 1011 1716 in

220 1726 276 1753 loeo
294 1727 413 1758 Siciliae,
439 1732 556 1762 praetore
574 1727 667 1758 Verre,
693 1728 774 1754 ternis
797 1727 913 1753 denariis
932 1727 1011 1754 tritici

220 1764 340 1790 modium
355 1763 446 1790 fuisse.
467 1764 612 1791 Lxxxtv.
628 1764 704 1795 Vide,
719 1773 801 1799 quam
816 1764 864 1791 tibi
878 1764 1012 1791 defensio-

220 1809 280 1827 nem
295 1801 478 1835 patefecerim;
493 1810 574 1836 quam
588 1802 708 1836 iniquam
723 1802 750 1828 in
764 1802 858 1833 socios,
874 1810 956 1836 quam
970 1810 1012 1828 re-

219 1842 317 1864 motam
332 1838 365 1864 ab
380 1839 491 1865 utilitate
503 1838 673 1874 reipublicae,
688 1848 769 1874 quam
781 1839 928 1866 seiunctam
939 1848 953 1865 a
965 1848 1012 1866 vo—

221 1875 320 1902 luntate
334 1880 413 1910 atque
427 1877 555 1902 sententia
571 1876 647 1912 legis.
670 1877 718 1906 Tu,
734 1885 819 1911 quum
834 1876 882 1902 tibi
896 1884 944 1912 ego
955 1876 1011 1903 l'ru-

220 1917 340 1939 mentum
358 1913 385 1939 in
405 1914 472 1939 meis
490 1914 561 1948 agris
579 1918 658 1948 atque
676 1914 704 1940 in
723 1922 781 1940 mea
795 1914 914 1944 civitate,
934 1914 1011 1940 deni-

219 1958 273 1984 que
287 1950 313 1976 in
328 1950 361 1976 iis
377 1950 454 1981 locis,
475 1951 502 1976 in
517 1951 619 1985 quibus
633 1951 761 1982 versariS,
782 1959 837 1977 rem
851 1951 932 1986 geris,
950 1960 1011 1986 pro-

220 1987 335 2014 vinciam
349 1988 527 2018 administras.
544 1992 651 2022 paratus
665 1989 716 2014 sim
728 1988 804 2014 dare:
820 1988 948 2024 angulum
960 1990 1011 2016 mi-

219 2024 247 2050 hi
266 2024 383 2059 aliquem
402 2025 485 2060 eligas
503 2026 656 2060 provinciae
677 2025 843 2052 reconditum
866 2034 895 2052 ac
913 2025 1011 2053 dereli-

219 2061 310 2088 ctum?
334 2062 427 2088 iubeas
441 2063 480 2089 ibi
494 2071 536 2089 me
550 2063 650 2094 metiri,
670 2071 724 2098 quo
742 2067 845 2097 portare
863 2071 915 2089 non
929 2072 1011 2098 expe·

218 2098 291 2125 diat?
314 2099 361 2125 ubi
379 2108 466 2126 emere
480 2108 532 2126 non
547 2099 666 2134 possim?
699 2101 755 2126 494.
776 2100 931 2135 Improbum
947 2100 1011 2127 faci-

219 2144 280 2167 nus,
296 2136 407 2168 iudices,
425 2146 476 2163 non
492 2136 640 2168 ferendum,
656 2138 757 2164 nemini
772 2137 830 2173 lege
839 2146 1008 2169 concessum,

219 2173 267 2199 sed
286 2173 397 2200 fortasse
415 2175 502 2200 adhuc
520 2175 546 2201 in
563 2174 636 2201 nullo
650 2175 729 2201 etiam
744 2175 919 2201 vindicatum.
960 2176 1011 2202 Ta-

219 2219 280 2237 men
294 2219 343 2246 ego
357 2211 418 2242 hoc,
435 2212 507 2246 quod
521 2211 583 2238 ferri
597 2220 665 2248 nego
678 2220 770 2247 posse,
787 2212 874 2243 Verri,
895 2212 1008 2244 iudices,

218 2248 333 2275 concedo
351 2253 377 2274 et
395 2248 500 2284 largior.
541 2249 569 2275 Si
587 2248 644 2276 ullo
662 2250 689 2275 in
709 2249 764 2276 loco
782 2250 839 2276 eius
858 2250 1010 2284 provinciae

220 2284 382 2312 frumentum
398 2287 462 2312 tanti
476 2286 535 2317 fuit,
551 2287 644 2321 quanti
659 2287 708 2313 iste
721 2287 879 2318 aestimavit,
896 2287 945 2314 hoc
958 2288 1011 2314 cri-

219 2331 280 2349 men
293 2323 321 2349 in
334 2323 418 2349 istum
432 2332 508 2350 reum
522 2324 608 2350 valere
622 2329 740 2358 oportere
755 2332 806 2350 non
817 2324 939 2351 arbitror.
959 2325 1010 2351 Ve-

218 2368 278 2385 rum
297 2360 433 2387 enimvero
451 2369 537 2396 quum
556 2366 626 2387 esset
643 2361 698 2387 11-S
716 2361 788 2388 binis
806 2366 852 2388 aut
865 2362 943 2388 etiam
957 2366 1010 2388 ter-

219 2397 274 2427 nis,
295 2397 439 2431 quibusvis
452 2399 480 2424 in
495 2398 559 2424 locis
574 2399 738 2433 provinciae,
758 2398 895 2425 duodenos
912 2403 1010 2425 sester-

219 2434 268 2459 tios
282 2435 404 2470 exegisti.
434 2435 463 2461 Si
477 2435 544 2461 mihi
557 2440 644 2462 tecum
659 2444 746 2470 neque
759 2436 792 2462 de
806 2444 908 2462 annona
923 2444 1010 2471 neque

219 2470 252 2496 de
265 2472 448 2498 aestimatione
462 2477 506 2499 tua
521 2477 606 2507 potest
617 2481 675 2499 esse
685 2474 872 2503 controversia,
889 2473 956 2508 quid
966 2481 1010 2499 se-

219 2507 284 2533 des‘?
300 2508 367 2542 quid
381 2509 538 2543 exspectas‘.>
555 2510 621 2544 quid
635 2509 775 2536 defendis?
792 2510 886 2536 Utrum
901 2511 950 2537 tibi
963 2519 1010 2544 pe—

219 2544 312 2570 cuniae
330 2546 482 2572 conciliatae
502 2547 626 2573 videntur
644 2547 787 2573 adversum
806 2547 891 2583 leges,
915 2547 1010 2574 adver-

219 2589 279 2607 sum
297 2582 502 2616 rempublicam,
525 2593 588 2610 cum
606 2584 722 2610 maxima
740 2584 872 2610 sociorum
896 2584 1006 2611 iniuria:

219 2626 251 2644 an
266 2626 328 2644 vero
341 2619 368 2644 id
383 2620 493 2651 ratione,
518 2621 622 2651 ordine,
648 2629 662 2647 e
677 2620 826 2655 republica,
846 2622 904 2648 sine
917 2622 1009 2648 euius-

219 2663 299 2689 quam
314 2656 410 2682 iniuria
424 2655 522 2683 factum
537 2666 595 2684 esse
609 2657 755 2684 defendes?
783 2659 840 2684 ⁴95.
855 2657 944 2690 Quum
959 2658 1008 2684 tibi

1033 201 1043 247 ll

1034 295 1042 312 a

1040 378 1042 411 l

936 130 965 156 T.
1001 130 1274 157 cttlssssoxts

1065 206 1173 227 stenelus
1191 210 1224 227 ex
1238 202 1338 227 aerario
1352 203 1491 236 pecuniam
1507 203 1682 237 prompsisset
1695 208 1720 229 et
1733 203 1854 239 singulos

1065 238 1112 264 tihi
1127 238 1250 264 denarios
1263 238 1472 269 adnumerasset.
1488 248 1556 274 quun
1571 245 1598 266 tu
1613 248 1660 274 pro
1673 240 1788 275 singuli»-
1798 250 1855 267 mo-

1064 274 1117 300 diis
1135 275 1283 301 aratoribus
1301 275 1432 303 solveres:
1457 276 1523 311 quid
1547 276 1631 303 fucere
1653 276 1789 304 debuisti?
1814 277 1852 308 Si.

1064 311 1137 346 quod
1151 312 1180 339 L.
1197 312 1258 338 l'iso
1271 312 1315 338 ille
1330 313 1420 348 Frugi,
1435 314 1482 348 qui
1498 313 1582 348 legem
1597 314 1630 340 de
1643 315 1766 349 pecuniis
1780 323 1855 350 repe·

1065 349 1156 375 tundis
1179 350 1282 383 primus
1305 349 1378 381 tulit;
1401 359 1486 385 quum
1508 352 1634 382 emisses.
1658 352 1751 386 quanti
1773 357 1853 382 esset,

1064 386 1136 420 quod
1150 391 1287 421 superaret
1301 387 1442 421 pecuniae,
1458 387 1609 414 retulisses:
1626 389 1663 419 si,
1680 393 1708 414 ut
1721 389 1855 416 ambitiosi

1040 430 1041 436 ¹
1065 423 1186 449 homines
1200 428 1246 449 aut
1259 423 1382 458 benigni,
1397 433 1482 459 quum
1497 424 1582 459 pluris
1595 430 1705 452 senatus
1718 426 1856 452 aestimas-

221 462 313 486 wrint.
337 460 480 486 Lxxxut.
498 461 552 485 l‘Jl.
568 460 670 490 (niun-ro
685 468 755 485 nunc
769 460 816 485 abs
831 464 863 488 tc.
881 460 1010 490 llurteusi,
1040 464 1041 468 ¹

222 507 282 523 cum
304 498 368 522 utris
388 496 491 522 tandein
513 497 590 522 istius
609 496 707 522 sar-tuin
721 496 866 523 collaturus
880 498 926 522 ω’.)
951 506 1012 523 runi
1034 493 1041 511 ‘¹

223 535 264 563 iis,
280 534 367 563 (τι-(10,
383 534 429 567 qui
446 533 607 566 benignitate
621 533 738 564 adducti,
755 543 801 568 per
816 534 973 560 beneficium
988 539 1013 560 et
1034 533 1042 557 κ’

1064 464 1118 491 set,
1137 469 1218 495 (suam
1232 462 1324 496 quanti
1339 466 1411 487 esset
1424 470 1539 493 annona,
1559 470 1593 488 ex
1609 468 1718 489 senatus
1732 463 1856 490 aestime-

1065 498 1144 528 tione.
1162 506 1212 524 non
1227 506 1259 524 ex
1273 507 1392 524 annonae
1406 499 1515 529 ratione,
1530 498 1672 526 solvisses:
1688 500 1740 531 sin,
1757 505 1785 526 ut
1799 499 1856 535 ple-

1065 535 1141 570 rique
1156 534 1263 566 faciunt,
1282 535 1308 561 in
1321 544 1376 570 quo
1389 536 1467 562 etiam
1482 541 1536 562 erat
1549 535 1649 571 aliquis
1658 541 1796 572 quaestus.
1809 537 1855 564 sed

1065 572 1088 598 is
1103 572 1231 598 honestus
1249 577 1328 608 atque
1346 581 1503 605 concessum
1531 572 1709 605 frumentum,
1728 575 1854 609 quoniam

1066 609 1147 635 vilius
1166 614 1233 640 erat,
1254 619 1286 636 ne
1305 610 1431 636 emisses·
1453 611 1618 645 sumpsisses
1633 610 1659 637 id
1673 619 1853 642 nummorum,

1064 646 1136 681 quod
1151 646 1199 673 tibi
1213 652 1330 678 senatus,
1345 647 1427 674 cellae
1441 648 1556 678 nomine.
1572 653 1744 675 concesserat.

1119 684 1253 711 Lxxxv.
1276 685 1328 711 Hoc
1347 694 1409 711 vero
1425 684 1491 720 quid
1506 685 1564 711 est?
1580 694 1662 720 quam
1681 685 1761 712 habet
1777 686 1856 712 ratio-

1065 729 1139 751 nem,
1160 730 1211 748 non
1226 730 1325 756 quaero
1338 722 1494 757 aequitatis,
1513 722 1560 749 sed
1575 722 1662 757 ipsius
1677 722 1856 757 improbitatis

1064 762 1143 793 utque
1157 759 1358 793 impudentiae?
1383 759 1475 794 Neque
1489 761 1560 786 enim
1574 764 1615 786 est
1629 759 1682 786 fem
1695 760 1854 795 quidquam,

1064 795 1136 830 quod
1155 795 1277 822 homines
1296 796 1382 831 palum
1402 796 1487 823 facere
1504 797 1619 823 audeant
1637 797 1664 824 in
1688 798 1854 832 magistratu.

1034 850 1043 864 ,Μ
1064 833 1189 867 quamvis
1204 833 1336 868 improbe,
1357 834 1422 868 quin
1437 835 1496 860 eius
1510 833 1584 864 sacti,
1601 835 1624 860 si
1639 843 1690 860 non
1704 834 1814 865 bonam,
1829 838 1856 860 at

1064 869 1181 904 aliquam
1197 871 1323 897 rationem
1338 871 1428 898 afferre
1442 871 1553 898 soleant.
1582 873 1637 898 196.
1653 872 1705 898 lloc
1718 871 1784 906 quid
1798 870 1857 898 est?

1041 911 1043 940 ξ
1065 907 1142 933 Venit
1156 913 1272 942 praetor:
1294 907 1471 939 frumentum,
1493 909 1592 944 inquit,
1613 917 1655 935 me
1669 909 1716 935 abs
1731 914 1755 935 te
1769 916 1856 935 emere

1041 941 1043 983 ζ
1064 949 1175 979 oportet.
1201 944 1317 979 Optime.
1344 945 1462 972 Medium
1477 945 1594 972 denario.
1614 946 1732 981 Benigne
1745 954 1774 972 ac
1789 945 1856 972 libe-

1041 985 1043 993 '
1065 981 1167 1008 raliter:
1203 991 1263 1008 nam
1282 991 1331 1018 ego
1352 983 1438 1009 tribus
1457 983 1512 1009 ti-S
1531 992 1582 1009 non
1602 992 1712 1018 possum
1731 982 1854 1010 vendere.

1065 1019 1130 1045 Mihi
1145 1018 1309 1046 frumentum
1324 1029 1375 1046 non
1389 1028 1457 1054 opus
1471 1024 1525 1046 est:
1541 1029 1666 1047 nummos
1681 1019 1749 1047 volo.
1789 1020 1854 1046 Nam

1064 1065 1246 1090 speraveram,
1263 1057 1352 1092 inquit
1364 1062 1457 1088 arator,
1473 1065 1516 1083 me
1529 1057 1561 1083 ad
1575 1057 1698 1084 denarios
1713 1062 1856 1092 perventu-

1064 1102 1137 1120 rum:
1162 1093 1224 1125 sed,
1244 1094 1267 1120 si
1283 1094 1316 1120 ita
1331 1103 1439 1121 necesse
1452 1099 1505 1125 est,
1526 1095 1618 1129 quanti
1634 1094 1797 1121 frumentum
1809 1095 1853 1125 sit,

1063 1130 1212 1157 considera.
1252 1131 1336 1158 Video
1352 1140 1412 1158 esse
1431 1132 1502 1158 binis
1521 1132 1585 1158 H-S.
1625 1131 1695 1164 Quid
1709 1140 1772 1167 ergo
1784 1140 1799 1157 a
1814 1140 1856 1158 me

1064 1168 1113 1194 tibi
1126 1176 1298 1195 nummorum
1313 1168 1369 1195 dari
1383 1174 1481 1204 potest,
1505 1177 1591 1204 quum
1604 1173 1713 1195 senatus
1726 1169 1775 1195 tibi
1789 1177 1856 1204 qua-

1065 1209 1152 1232 ternos
1166 1205 1230 1232 u-S
1245 1205 1366 1233 dederit?
1389 1206 1461 1238 Quid
1475 1211 1578 1242 poscat,
1594 1206 1734 1238 attendite3
1757 1210 1783 1232 et
1797 1214 1852 1236 vos,

1063 1251 1172 1278 quaeso,
1189 1243 1280 1274 simul,
1297 1243 1410 1274 iudices,
1425 1244 1585 1279 aequitatem
1601 1243 1728 1278 praetoris
1741 1242 1855 1270 attendi-

1065 1284 1098 1306 te.
1134 1281 1191 1307 ⁴97.
1206 1280 1353 1312 Quaternos
1367 1280 1438 1312 H-S,
1454 1289 1522 1316 quos
1536 1281 1603 1307 mihi
1617 1285 1725 1307 senatus
1739 1280 1856 1307 decrevit

1064 1321 1090 1344 et
1102 1325 1137 1344 ex
1149 1318 1248 1344 aerario
1261 1317 1348 1350 dedit,
1369 1326 1418 1354 ego
1435 1318 1539 1344 habebo
1557 1323 1582 1344 et
1595 1318 1623 1345 in
1636 1318 1730 1344 cistam
1744 1317 1856 1344 transle-

1065 1363 1120 1381 ram
1131 1354 1164 1381 de
1174 1355 1247 1382 fisco.
1269 1354 1340 1388 Quid
1351 1354 1460 1390 postea‘.>
1469 1354 1555 1390 quid‘?
1565 1364 1612 1390 pro
1621 1354 1737 1391 singulis
1747 1354 1852 1385 modiis,

1063 1401 1132 1427 quos
1155 1392 1204 1418 tibi
1222 1393 1337 1427 impero,
1358 1397 1387 1419 tu
1405 1392 1473 1419 mihi
1490 1397 1598 1419 octonos
1615 1392 1671 1419 u-S
1689 1392 1758 1419 dato.
1797 1391 1854 1425 Qua

1064 1429 1183 1456 ratione‘?
1195 1429 1266 1462 Quid
1275 1430 1382 1465 quaeris
1392 1429 1538 1456 rationem?
1552 1430 1609 1457 Non
1619 1434 1717 1456 tantam
1728 1429 1854 1456 rationem

1065 1475 1106 1493 res
1120 1466 1212 1498 habet,
1233 1472 1360 1501 quantam
1375 1467 1516 1494 utilitatem
1530 1472 1610 1503 atque
1623 1466 1758 1502 praedam.
1797 1466 1852 1496 Dic.

1041 1513 1043 1542 j
1064 1503 1116 1536 dic,
1131 1504 1221 1539 inquit
1234 1504 1288 1536 ille,
1305 1504 1421 1539 planius.
1443 1504 1557 1531 Senatus
1568 1509 1592 1531 te
1603 1504 1688 1532 voluit
1697 1504 1766 1531 mihi
1775 1512 1855 1531 num-

1064 1550 1122 1568 mos
1136 1541 1211 1572 dare,
1228 1550 1270 1568 me
1284 1542 1333 1568 tibi
1348 1541 1512 1568 frumentum
1526 1542 1624 1568 metiri.
1664 1541 1704 1568 Tu
1717 1550 1763 1568 eos
1776 1549 1855 1568 num-

1064 1587 1136 1610 mos,
1157 1587 1225 1613 quos
1240 1579 1307 1605 mihi
1321 1584 1430 1606 senatus
1443 1579 1506 1606 dare
1524 1578 1622 1610 voluit,
1642 1579 1701 1614 ipse
1720 1578 1816 1605 habes:
1839 1587 1854 1604 a

1064 1624 1115 1647 me,
1131 1617 1175 1642 cui
1188 1615 1311 1652 singulos
1321 1616 1442 1643 denarios
1453 1616 1510 1643 dari
1521 1617 1646 1651 oportuit,
1661 1616 1739 1642 binos
1748 1614 1856 1642 aufers?

1063 1657 1089 1680 et
1102 1653 1165 1680 huic
1179 1653 1291 1688 praedae
1305 1661 1334 1680 ac
1347 1653 1499 1688 direptioni,
1514 1653 1596 1680 cellae
1609 1661 1706 1680 nomen
1721 1651 1856 1687 imponis?

1065 1691 1121 1717 ⁴98.
1137 1690 1206 1717 Haec
1219 1690 1308 1717 deerat
1322 1691 1418 1717 iniuria
1432 1695 1458 1717 et
1471 1690 1536 1717 haec
1553 1690 1689 1717 calamitas
1706 1690 1854 1716 aratoribus

1063 1732 1088 1754 te
1101 1732 1228 1762 praetore,
1244 1736 1298 1762 qua
1312 1727 1424 1762 reliquis
1438 1727 1552 1754 fortunis
1566 1727 1692 1754 omnibus
1705 1732 1856 1754 everteren-

1063 1769 1114 1791 tur.
1136 1765 1203 1791 Nam
1214 1764 1281 1800 quid
1291 1773 1350 1791 esse
1360 1764 1456 1800 reliqui
1467 1769 1568 1800 poterat
1577 1765 1610 1796 ei.
1619 1765 1667 1800 qui
1677 1773 1725 1800 per
1735 1764 1803 1791 hanc
1813 1764 1855 1791 in-

1062 1802 1158 1828 iuriam
1170 1811 1222 1829 non
1232 1802 1311 1829 modo
1321 1801 1437 1828 fructum
1448 1810 1554 1829 omnem
1565 1802 1703 1833 amitteret,
1716 1801 1764 1828 sed
1774 1801 1854 1828 etiam

1061 1847 1140 1866 omne
1153 1839 1362 1866 instrumentum
1380 1839 1494 1866 vendere
1512 1838 1667 1875 cogeretur?
1688 1838 1809 1871 Quonam
1826 1847 1855 1866 se

1063 1876 1193 1903 verteret?
1205 1877 1245 1903 Ex
1259 1885 1314 1912 quo
1328 1876 1416 1903 fructu
1430 1885 1565 1907 nummos,
1580 1885 1649 1912 quos
1659 1876 1710 1903 tibi
1719 1875 1801 1907 daret,
1813 1876 1855 1902 in—

1062 1913 1182 1941 veniret?
1206 1915 1383 1940 Decumarum
1402 1914 1509 1940 nomine
1527 1918 1630 1940 tantum
1647 1918 1703 1940 erat
1725 1913 1852 1944 ablatum,

1061 1955 1194 1987 quantum
1208 1951 1331 1978 voluntas
1346 1951 1441 1978 tulerat
1453 1951 1578 1986 Apronii:
1605 1959 1653 1986 pro
1670 1950 1759 1977 alteris
1772 1949 1855 1977 decu-

1062 1989 1114 2015 mis
1127 1993 1271 2023 emptoque
1284 1987 1419 2015 frumento
1431 1993 1477 2015 aut
1489 1987 1558 2015 nihil
1571 1987 1677 2019 datum,
1692 1992 1739 2014 aut
1751 1992 1854 2014 tantum

1061 2026 1152 2052 datum
1161 2047 1168 2057 ,
1197 2030 1329 2061 quantum
1352 2025 1450 2060 reliqui
1470 2025 1556 2052 scriba
1579 2025 1689 2056 fecerat,
1717 2029 1764 2051 aut
1785 2024 1855 2052 ultro

1061 2064 1141 2090 etiam
1160 2063 1197 2098 (id
1215 2062 1289 2098 quod
1306 2063 1449 2098 didicistis)
1467 2062 1595 2090 ablatum.
1635 2061 1781 2089 LXXXVI.
1805 2061 1855 2089 Co-

1061 2105 1159 2137 gantur
1172 2101 1251 2127 etiam
1262 2101 1366 2127 nummi
1376 2100 1409 2126 ab
1419 2099 1538 2127 aratore?
1549 2098 1701 2135 quomodo?
1712 2107 1767 2134 quo
1778 2098 1856 2126 iure?

1061 2146 1116 2173 quo
1129 2137 1271 2172 exemplo?
1283 2138 1359 2169 Nam,
1375 2145 1461 2172 quum
1476 2137 1579 2164 [ructus
1592 2136 1786 2172 diripiebantur
1795 2144 1854 2162 ara-

1061 2180 1149 2202 torum
1163 2180 1243 2210 atque
1256 2175 1328 2201 omni
1343 2174 1526 2201 lacerabantur
1538 2175 1649 2205 iniuria,
1673 2173 1813 2200 videbatur
1826 2173 1854 2200 id

1062 2212 1172 2247 perdere
1186 2216 1284 2243 arator,
1304 2211 1377 2247 quod
1390 2216 1475 2238 aratro
1492 2212 1551 2246 ipse
1568 2211 1730 2246 quaesisset,
1754 2211 1781 2237 in
1799 2218 1854 2245 quo

1061 2249 1237 2281 elaborasset,
1257 2249 1329 2284 quod
1341 2249 1399 2285 agri
1413 2253 1571 2285 segetesque
1584 2247 1753 2275 extulissent.
1794 2248 1851 2274 ¹99.

1061 2286 1168 2319 Quibus
1181 2287 1288 2313 iniuriis
1301 2286 1469 2322 gravissimis
1483 2291 1571 2312 tamen
1582 2284 1651 2312 illud
1659 2289 1715 2311 erat
1724 2285 1853 2311 miserum

1061 2323 1196 2355 solatium,
1213 2323 1286 2359 quod
1299 2323 1328 2350 id
1340 2323 1450 2359 perdere
1464 2322 1613 2353 videbatur,
1628 2322 1701 2357 quod
1715 2321 1767 2348 alio
1776 2330 1854 2357 prae-

1061 2366 1129 2392 tore.
1145 2361 1238 2388 eodem
1252 2369 1286 2388 ex
1299 2369 1362 2397 agro
1375 2368 1496 2396 reparare
1509 2364 1607 2395 posset.
1645 2359 1777 2386 Nummos
1790 2366 1853 2386 vero

1061 2403 1091 2425 ut
1111 2398 1157 2425 det
1177 2403 1275 2430 arator,
1302 2406 1371 2433 quos
1392 2406 1445 2424 non
1466 2401 1568 2428 exarat,
1592 2396 1676 2423 hoves
1694 2400 1720 2422 et
1735 2399 1852 2422 aratrum

1060 2436 1151 2471 ipsum
1175 2440 1201 2462 et
1222 2444 1301 2462 omne
1323 2435 1532 2462 instrumentum
1554 2433 1652 2460 vendat
1674 2441 1784 2460 necesse
1800 2437 1850 2459 est.

1061 2473 1119 2500 Non
1133 2473 1205 2499 enim
1218 2472 1322 2499 debetis
1335 2472 1386 2499 hoc
1397 2472 1526 2507 cogitare:
1551 2470 1631 2497 habet
1645 2470 1716 2497 idem
1729 2470 1758 2496 in
1770 2478 1851 2496 num-

1061 2511 1126 2543 mis;
1150 2510 1232 2536 habet
1251 2510 1323 2536 idem
1345 2510 1374 2536 in
1391 2509 1501 2535 urbanis
1519 2507 1645 2542 praediis.
1684 2507 1752 2534 Nam
1765 2515 1851 2542 quum

1060 2548 1154 2574 aratori
1167 2547 1271 2582 aliquid
1284 2546 1443 2581 imponitur,
1460 2554 1513 2572 non
1526 2545 1652 2576 hominis,
1668 2545 1692 2571 si
1705 2552 1774 2580 quae
1787 2549 1852 2570 sunt

1060 2589 1203 2619 praeterea,
1219 2583 1370 2614 facultates,
1386 2582 1434 2609 sed
1447 2582 1573 2609 arationis
1586 2582 1674 2617 ipsius
1687 2582 1729 2608 vis
1742 2589 1772 2608 ac
1785 2581 1852 2608 ratio

1059 2621 1250 2648 consideranda
1263 2625 1316 2652 est,
1333 2620 1399 2655 quid
1412 2628 1442 2646 ea
1455 2620 1600 2651 sustinere,
1615 2618 1682 2654 quid
1695 2619 1764 2654 pati,
1783 2617 1851 2654 quid

1059 2658 1162 2685 efficere
1176 2658 1260 2693 possit
1272 2666 1303 2684 ac
1316 2657 1419 2684 debeat.
1439 2656 1608 2692 Quamquam
1620 2655 1661 2682 illi
1670 2664 1778 2691 quoque
1787 2660 1852 2682 sunt
