1941 3052
717 176 1036 204 FRAGMENTA.

47 252 190 285 queretur,
207 257 259 276 non
274 247 354 275 modo
369 247 493 279 inutiles,
511 248 559 275 sed
575 248 683 283 penitus
700 249 793 274 inanes
805 248 848 274 vi-

48 287 184 313 derentur.

47 370 155 392 omnes,
168 361 296 395 temporis
308 361 396 395 spatio
407 361 490 386 vitam
502 365 572 387 esset
583 360 796 387 terminaturus?
815 360 848 386 Ut

47 398 160 429 diutius,
174 398 276 433 inquis,
292 399 376 424 vitam
387 398 535 432 producere
548 398 648 424 liceret.
692 399 747 424 ⁴4⁴.
769 398 810 428 At,
823 397 847 423 si

47 437 118 463 vitae
129 437 261 462 terminus
273 434 361 461 fatalis
372 440 424 465 est.
439 444 487 461 nec
502 436 640 461 immutari
655 435 766 470 quidem
784 444 847 469 pos-
868 443 869 468 ξ

47 482 76 500 se
87 481 197 499 necesse
208 477 258 499 est.
291 472 338 499 Sin
351 472 519 498 voluntarius
530 477 555 499 et
567 473 594 498 in
608 472 725 499 hominis
737 472 847 498 arbitrio

48 511 162 546 positus,
176 510 245 536 nihil
256 515 305 541 est,
318 518 375 540 cur,
384 509 510 536 eumdem
521 510 649 536 omnibus
660 519 674 536 a
686 510 736 535 deo
746 510 848 536 consti-

47 553 135 575 tutum
151 556 224 578 esse,
247 547 393 582 quisquam
409 546 533 574 affirmet.
574 547 626 573 Sed
642 547 675 573 de
692 547 734 573 his
750 551 848 573 statuat

48 594 119 612 unus
130 585 256 620 quisque.
270 589 300 611 ut
311 584 385 611 libet.
427 584 498 616 Quid
510 589 599 610 autem
612 586 704 611 verius
720 586 763 615 sit,
779 584 847 610 deus

47 623 105 658 ipse
121 622 232 655 viderit,
257 622 395 648 hominem
413 622 524 657 quidem
542 623 610 648 scire
630 622 744 648 arbitror
759 623 847 648 nemi-

47 668 119 687 nem.
160 660 215 686 Stet
231 659 309 686 modo
326 659 403 685 nobis
422 659 504 690 illud,
531 659 630 686 doloris
651 668 709 685 esse
729 659 798 685 nihil
819 659 846 685 in

47 702 144 729 morte;
158 697 221 724 boni
233 702 322 723 autem
334 701 436 723 tantum
449 706 483 723 ex
494 706 523 723 ea
535 697 568 723 ad
576 697 698 723 homines
706 705 848 731 permana-

48 744 90 766 re.
107 740 238 770 quantum
254 743 361 769 sperare
378 734 455 761 multi
472 736 589 769 possint,
606 735 765 770 cogitatione
784 734 847 768 qui-
868 740 869 745 ¹

47 772 109 799 dem
121 777 279 807 assequatur
291 780 378 798 nemo.
420 773 510 806 Itaque
524 772 573 798 hoc
584 772 717 798 divinitus
729 771 847 798 homini-

47 810 100 836 bus
109 810 200 836 datum
209 814 256 839 est,
266 810 418 844 ut,quoties
429 809 533 835 molesti
546 809 650 844 aliquid
662 810 844 843 experiantur,

47 852 104 874 tum
117 851 229 873 mortem
241 851 379 881 exoptent,
403 855 433 873 ac
448 848 517 873 votis
528 848 608 873 etiam
620 847 756 881 conceptis
767 854 846 880 saepe

47 884 201 919 implorent.
236 884 308 916 Quid
329 883 383 910 ita‘?
402 885 480 919 quia,
503 884 602 910 bonam
618 883 767 918 utilemque
788 891 846 909 esse

48 927 169 952 mortem,
183 926 317 957 coguntur
328 930 485 957 agnoscere:
506 921 603 947 malam
615 926 703 947 autem
717 926 762 947 aut
773 929 847 947 acer-

47 959 109 986 bam
125 968 184 986 esse
199 967 348 994 numquam
365 967 456 992 posse,
477 958 579 985 homini
595 967 608 984 a
625 963 718 985 natura
734 959 846 984 insitum

47 1002 97 1023 est.
141 998 196 1023 ⁴42.
221 997 310 1031 Itaque
330 996 420 1022 dolore
441 996 559 1030 perculsi
581 1001 693 1023 mortem
719 995 847 1030 implora-

47 1043 122 1065 mus,
136 1042 250 1068 eamque
262 1042 357 1064 unam,
371 1038 401 1059 ut
412 1034 583 1059 miseriarum
596 1033 782 1068 malorumque
795 1038 846 1059 ter-

48 1072 152 1098 minum
170 1075 338 1106 exoptamus
379 1071 513 1097 Admonet
529 1080 570 1097 me
590 1070 678 1101 locus,
696 1076 738 1100 ut,
761 1079 847 1105 quum

47 1109 184 1136 neminem
202 1109 259 1143 ipsa
276 1113 359 1134 morte
375 1117 473 1144 magno
483 1116 562 1143 opere
573 1109 738 1135 commoveri
749 1108 847 1134 debere

47 1146 189 1182 probatum
207 1146 250 1176 sit,
269 1146 302 1171 iis
318 1146 462 1180 praecipue
474 1145 619 1172 dolendum
634 1145 701 1172 nihil
714 1154 772 1171 esse
783 1154 848 1171 con-
870 1146 871 1151 ¹

46 1183 169 1214 tendam,
191 1192 259 1218 quos
276 1192 346 1209 mors
361 1192 423 1209 cum
440 1183 517 1209 laude
528 1185 645 1218 oppetita
657 1183 788 1210 consolari
801 1191 848 1217 po-

47 1226 108 1248 test.
149 1221 218 1247 Satis
228 1221 299 1246 enim
312 1221 359 1246 diu
371 1222 473 1247 vixisse
484 1221 597 1255 putandi
609 1225 685 1251 sunt,
703 1221 751 1255 qui
765 1221 847 1246 vitam

48 1259 159 1286 honeste
170 1258 334 1285 clauserunt.
376 1258 547 1293 Eosdemque
563 1267 576 1284 e
588 1259 641 1284 vita
653 1258 783 1284 abeuntes
795 1266 847 1284 non

48 1296 127 1323 modo
140 1296 207 1327 lauS,
223 1295 270 1322 sed
283 1296 363 1322 etiam
374 1300 504 1330 perpetua
516 1295 640 1330 voluptas
652 1295 847 1330 delectatioque

47 1334 231 1369 prosequitur.
266 1334 339 1365 Quae
351 1342 414 1359 sane
426 1342 456 1359 eo
469 1334 553 1359 maior
565 1334 591 1360 in
603 1334 693 1360 animo
707 1334 805 1359 exoriri
818 1341 847 1359 ac

47 1372 139 1407 vigere
151 1371 226 1400 solet.
235 1379 288 1406 quo
301 1370 377 1397 latior
389 1371 506 1397 alicuius
517 1372 543 1397 in
556 1371 668 1397 coIendo
678 1370 767 1397 officio
778 1370 848 1396 vita-

48 1417 100 1444 que
112 1409 222 1435 honeste
233 1408 357 1435 ducenda
372 1409 491 1434 manavit
507 1408 649 1435 industria.
694 1409 749 1434 143.
772 1408 847 1434 Certe

47 1447 134 1477 enim,
152 1455 238 1481 quum
250 1445 282 1472 ad
295 1451 364 1472 recte
376 1446 511 1481 agendum
524 1451 602 1472 natus
615 1446 694 1472 homo
709 1446 756 1477 sit,
774 1445 848 1471 ideo-

48 1492 101 1519 que
118 1483 216 1510 mentis
231 1488 257 1510 et
272 1484 382 1510 rationis
400 1492 510 1510 munere
521 1492 584 1518 prae
596 1484 691 1510 ceteris
702 1483 848 1509 animanti-

48 1521 100 1548 bus
111 1525 220 1547 ornatus
232 1526 311 1556 atque
324 1522 484 1551 instructus,
506 1521 578 1547 unde
595 1522 684 1556 potius
699 1520 806 1547 laudem
818 1529 848 1546 ac

48 1558 223 1593 voluptatem,
246 1567 327 1593 quam
340 1559 373 1584 ab
387 1559 506 1585 honestis
521 1559 673 1585 actionibus
685 1558 773 1593 petat?
796 1559 845 1588 An,

48 1596 120 1623 unde
134 1601 222 1622 ortum
244 1596 365 1627 duxerit,
388 1595 582 1622 obliviscatur?
603 1596 648 1622 Ille
665 1605 727 1622 vero
744 1604 793 1622 nec
805 1596 848 1621 sui

47 1633 148 1659 oblitus
160 1638 209 1664 est,
218 1634 265 1668 qui
278 1638 347 1660 recte
360 1634 437 1664 vixit,
455 1642 503 1659 nec
515 1634 609 1668 iniquo
620 1634 710 1659 animo
722 1634 788 1660 mori
800 1641 848 1668 po·-

48 1675 111 1701 test,
134 1679 220 1706 quum
237 1670 335 1697 multos
348 1671 483 1706 relinquat
493 1679 557 1697 suae
568 1676 649 1698 testes
661 1678 848 1705 memoresque

47 1708 166 1734 virtutis.
210 1709 265 1734 ⁴44.
288 1708 392 1740 Quanto
408 1713 496 1735 autem
517 1708 617 1744 gaudio
638 1708 772 1735 exsultare
791 1716 849 1734 cre-

48 1744 154 1772 dendus
165 1749 205 1772 est
216 1745 324 1771 illorum
341 1746 462 1777 animus,
485 1747 533 1780 qui
548 1747 666 1780 corporis
683 1746 848 1772 admixtione

48 1782 153 1809 solutus
165 1782 192 1809 in
204 1782 331 1809 caelestes
344 1784 420 1819 ignes
432 1783 665 1818 sempiternasque
677 1783 780 1814 domos,
797 1792 848 1809 un-

48 1819 82 1846 de
98 1821 213 1851 exierat,
237 1820 363 1847 revertit?
383 1820 504 1847 Profecto
519 1821 591 1846 enim
608 1830 641 1847 ex
656 1821 748 1847 divina
760 1825 848 1846 mente

48 1857 180 1884 delibatos
192 1857 324 1884 habemus
336 1859 453 1890 animos,
467 1858 515 1893 qui
527 1858 576 1884 hac
588 1858 656 1884 mole
669 1858 768 1884 inclusi
781 1863 847 1884 tam-

49 1903 131 1930 quam
144 1899 227 1921 terrae
238 1896 378 1930 gravitate.
387 1896 426 1922 sic
437 1896 489 1930 ipsi
504 1896 588 1922 nimio
600 1895 717 1930 pondere
729 1896 848 1930 corporis

48 1932 250 1967 opprimuntur.
291 1932 342 1959 Ubi
357 1938 447 1960 autem
463 1933 544 1959 soluti
564 1933 724 1968 corporibus
740 1933 773 1960 ad
788 1942 850 1968 pro-

48 1970 121 2004 prias
136 1969 213 1995 sedes
224 1969 412 2001 evolaverunt.
427 1975 483 1997 tum
495 1979 557 1996 vere
569 1971 678 2001 vivunt,
695 1979 743 1997 nec
756 1970 850 1997 libidi-

47 2007 90 2038 ni,
105 2006 248 2041 voluptati,
263 2007 347 2033 dolori
359 2009 494 2039 serviunt,
511 2007 558 2034 sed
572 2008 615 2034 sui
627 2013 763 2042 compotes
775 2007 849 2034 nulla

48 2052 75 2070 re
87 2049 232 2080 anguntur.
247 2045 314 2071 nihil
328 2045 477 2080 requirunt,
490 2045 618 2071 omnihus
631 2046 772 2080 imperant.

102 2081 182 2108 XLII.
206 2083 262 2108 ⁴45.
286 2083 363 2109 Recte
379 2083 462 2118 igitur
473 2082 575 2109 dictum
591 2087 631 2109 est
642 2091 739 2117 corpus
752 2087 848 2109 terram

48 2127 121 2150 esse,
144 2123 260 2145 mentem
277 2124 367 2146 autem
384 2120 474 2155 ignem
490 2120 523 2146 de
539 2119 612 2146 eaelo
628 2124 779 2154 sumptum.
822 2119 848 2146 Id

47 2155 120 2191 quod
131 2155 264 2183 clarorum
276 2157 396 2184 virorum
408 2162 464 2184 acta
476 2166 538 2183 cum
552 2158 649 2183 virtute
665 2157 717 2184 vita
730 2157 850 2192 praecla-

48 2201 146 2228 raeque
158 2194 276 2220 actiones
288 2193 365 2221 facile
378 2199 517 2221 testantur.
557 2194 615 2226 Quo
630 2194 708 2221 modo
720 2196 792 2221 enim
805 2199 850 2221 ant

47 2231 137 2257 omnia
153 2231 286 2258 humanae
298 2232 368 2258 vitae
380 2231 520 2258 commoda
532 2236 727 2262 contemneret.
745 2237 791 2258 aut
802 2241 850 2258 vo-

50 2267 165 2303 luptates
175 2273 285 2294 cunctas
297 2277 345 2303 pro
357 2269 442 2295 nihilo
454 2269 577 2300 duceret,
600 2274 646 2295 aut
662 2270 743 2296 vitam
762 2270 848 2304 ipsam

49 2304 138 2331 laudis
162 2305 363 2341 honestatisque
384 2307 468 2341 gratia
490 2305 677 2341 profunderet.
710 2307 758 2341 qui
780 2306 848 2333 nihil

49 2342 200 2378 quidquam
212 2342 244 2369 ad
256 2351 294 2374 se,
304 2348 408 2378 praeter
420 2343 484 2369 haec
497 2344 554 2378 ipsa
567 2344 697 2375 mortalia,
711 2353 780 2379 quae
792 2353 850 2370 nia-

49 2380 130 2406 nibus
141 2385 294 2411 contrectat,
311 2389 380 2415 quae
392 2381 453 2407 terit
465 2380 590 2415 pedibus,
604 2382 737 2416 pertinere
748 2382 850 2417 cogita-

49 2416 105 2443 ret‘?
125 2417 223 2444 Verum
236 2418 300 2444 haee
317 2426 368 2444 non
382 2418 414 2444 ita
428 2426 456 2443 se
470 2418 577 2444 habent.
619 2418 722 2453 Corpus
733 2420 819 2449 enim.
836 2427 849 2445 e

49 2458 117 2481 terra
128 2459 292 2485 concretum.
302 2455 404 2481 tamdiu
417 2456 582 2482 terrestrium
596 2464 684 2482 rerum
697 2465 786 2483 amore
797 2456 850 2482 du-

48 2492 126 2523 citur,
135 2492 223 2527 quoad
232 2493 257 2518 in
266 2497 361 2519 terram
375 2493 471 2527 ipsam,
481 2492 552 2518 unde
563 2498 650 2519 ortum
662 2493 749 2523 duxit,
760 2502 851 2520 rever-

48 2533 128 2556 tatur.
168 2529 283 2556 Animus
299 2538 375 2561 vero.
396 2530 444 2565 qui
459 2539 472 2556 e
488 2529 561 2556 caelo
575 2535 701 2565 sumptus
715 2536 764 2561 est,
778 2540 851 2557 sem-

48 2566 184 2601 piternum
203 2567 334 2602 quiddam
356 2571 382 2594 ct
401 2567 514 2593 caeleste
536 2568 649 2602 appetit,
677 2576 725 2594 nec
741 2567 848 2599 iisdem,

49 2603 150 2638 quibus
164 2613 273 2639 eorpus,
288 2605 389 2631 linibus
402 2605 577 2641 cogitationes
589 2610 693 2632 coercet
703 2614 776 2631 suns.
800 2606 850 2632 Ita-

48 2648 102 2675 que
119 2649 267 2676 numquam
283 2643 435 2678 quiescere,
458 2650 506 2668 nec
522 2650 583 2667 vere
600 2643 691 2668 vivere
713 2642 850 2677 putandus
873 2670 874 2674 ,

49 2678 246 2713 est,quamdiu,
255 2688 365 2715 corpore
376 2679 529 2709 conclusus¹
539 2679 641 2705 invitus
653 2679 850 2714 propemodum
872 2682 874 2714 j

745 2718 800 2743 tte.
817 2717 850 2744 Λι
872 2716 874 2745 .’

51 2715 154 2742 mortali
168 2715 227 2742 labe
239 2717 406 2753 terrenisque
419 2716 537 2744 vinculis
548 2716 701 2744 cohibetur.

229 286 284 313 Cur
302 287 375 312 enim
391 286 533 320 prudentia
549 291 668 312 uteretur
684 286 776 316 homo,
799 294 848 312 cur
868 304 869 308 ,

49 324 224 354 abstinentia,
241 332 290 349 cur
304 324 493 358 temperantia,
516 324 540 349 si
550 323 658 353 eodem,
677 332 731 358 quo
747 323 846 358 reliqui
868 322 869 341 ἓ

1636 180 1698 205 ⁴3:37

899 247 944 274 illa
957 249 1050 283 quanti
1062 252 1138 279 sunt,
1161 249 1333 284 gravissimis
1344 250 1414 275 vitae
1426 247 1565 276 laboribus
1577 249 1696 281 liberari,

900 287 925 312 in
939 286 1036 311 mediis
1047 285 1186 312 doloribus
1198 291 1223 312 et
1234 287 1370 312 aerumnis
1381 286 1588 318 obdormiscere,
1599 292 1698 322 etqua-

899 325 922 349 si
934 324 1047 349 emissos
1059 332 1072 349 e
1085 323 1274 349 molestissima
1291 325 1361 350 vitae
1376 323 1497 350 custodia
1513 326 1538 350 in
1555 325 1697 351 iucundis-

899 361 996 386 simam
1008 361 1254 395 suavissimamque
1266 361 1376 387 domum
1388 361 1551 396 remigrare‘.>
1561 362 1618 388 Huc
1625 363 1697 388 enim

899 399 1046 432 pertinent,
1069 407 1138 432 quae
1150 398 1182 424 de
1195 399 1301 433 piorum
1315 400 1405 433 quiete
1416 399 1503 433 deque
1516 399 1651 434 voluptate
1664 399 1697 426 il-

900 436 932 466 Ia,
946 444 998 470 qua
1011 436 1113 471 egressi
1125 444 1138 461 e
1152 437 1204 462 vita
1216 435 1318 470 perfrui
1330 436 1470 466 dicuntur,
1484 436 1617 471 disputari
1628 446 1642 463 a
1653 446 1698 463 sa-

899 473 1036 508 pientibus
1052 472 1148 499 solent.
1189 473 1241 505 Qui
1256 482 1342 507 quum
1359 473 1553 508 intelligerent,
1575 483 1626 500 non
1643 474 1697 501 sor-

899 512 965 536 tuito
976 515 1022 536 aut
1033 515 1130 536 temere
1142 515 1212 537 satos
1224 515 1249 536 et
1259 515 1360 536 creatos
1372 510 1495 536 homines
1506 520 1578 544 esse;
1593 520 1641 538 nec
1652 520 1697 538 ea-

898 548 959 573 dem
972 548 1068 573 mereri
1079 548 1171 578 bonos,
1185 549 1233 582 qui
1246 547 1338 574 multis
1350 548 1492 574 exantlatis
1506 548 1642 575 laboribus
1654 550 1697 576 vi-

899 590 951 611 tam
964 586 990 611 in
1004 585 1091 611 medio
1103 584 1192 611 dolore
1203 586 1370 615 amisissent,
1384 590 1409 612 et
1421 586 1566 620 improbosv
1580 595 1696 621 quorum

899 623 925 648 in
943 622 1079 657 patrandis
1095 621 1203 658 flagitiis
1220 631 1326 657 semper
1342 627 1381 648 est
1395 623 1502 649 animus
1518 625 1697 659 cogitatioque

899 660 1000 686 delixa:
1024 659 1125 686 idcirco
1141 669 1192 686 non
1205 660 1330 686 eumdem
1343 660 1435 694 probis
1446 665 1471 686 et
1483 661 1613 695 improbis
1625 662 1696 688 vitae

899 699 1054 728 terminum,
1077 706 1126 723 nec
1145 697 1239 723 eadem
1260 698 1372 723 mortuis
1394 699 1511 732 praemia
1534 703 1694 725 statuerunt.

901 736 956 760 447.
970 735 1025 766 Qua
1038 744 1085 761 nos
1097 735 1277 761 recordatione
1289 736 1461 769 potissimum
1474 735 1545 761 refici
1557 745 1586 761 ac
1594 745 1697 763 recrea-

900 773 921 798 ri
941 771 1030 803 decet,
1053 773 1100 806 qui
1116 773 1285 798 carissimam
1302 772 1384 798 filiam
1401 774 1554 807 optimeque
1571 773 1603 799 de
1618 774 1696 800 nobis

900 811 1021 835 meritam
1034 810 1068 836 ita
1081 810 1183 836 vixisse
1196 810 1307 840 scimus,
1317 809 1383 835 utad
1395 811 1510 844 optimos
1523 819 1609 836 mores
1621 820 1697 837 sum-

900 855 1025 881 mamque
1036 847 1206 881 prudentiam
1218 847 1285 873 nihil
1298 852 1387 881 posset
1398 847 1536 873 accedere:
1551 853 1575 873 et
1584 849 1617 874 ita
1625 857 1696 874 mor·-

899 889 986 915 tuam,
1000 885 1067 910 utin
1079 884 1183 915 dolore,
1197 893 1279 919 quem
1290 893 1324 910 ex
1335 889 1412 919 partu
1427 890 1606 915 contraxerat.
1621 894 1697 911 sum-

900 930 971 947 mam
987 922 1071 947 animi
1087 921 1302 957 magnitudinem
1318 930 1508 957 summamque
1520 924 1696 949 constantiam

899 959 1070 993 praestiterit.
1111 959 1195 985 Cuius
1208 960 1306 985 mentio
1319 959 1410 989 nobis,
1424 959 1514 985 dolore
1527 961 1592 989 iam,
1609 961 1632 986 si
1645 969 1696 987 non

899 997 1007 1031 penitus
1018 996 1158 1027 exstincto,
1167 1001 1236 1022 certe
1249 1005 1345 1031 magno
1355 1006 1434 1031 opere
1446 996 1540 1027 levato,
1551 1006 1601 1023 non
1609 997 1696 1024 solum

899 1033 1008 1064 acerba,
1031 1033 1079 1059 sed
1094 1034 1174 1060 etiam
1191 1034 1308 1059 iucunda
1325 1034 1431 1060 accidit.
1473 1034 1523 1066 Qui
1537 1035 1609 1060 enim
1621 1034 1698 1061 aliter

899 1071 997 1097 debet?
1016 1080 1101 1106 quum
1117 1080 1165 1097 nec
1182 1071 1235 1106 ipsi
1251 1071 1400 1106 quidquam
1411 1071 1542 1097 accideret
1553 1072 1630 1102 mali,
1650 1081 1698 1098 nec

899 1118 948 1144 ego
960 1108 1015 1135 ulla
1027 1117 1068 1139 re,
1091 1117 1159 1144 quae
1176 1113 1247 1135 tanto
1260 1117 1339 1143 opere
1355 1117 1416 1134 cum
1429 1114 1521 1135 natura
1533 1115 1662 1144 congruat
1673 1115 1699 1136 et

899 1155 962 1172 cum
977 1146 1105 1172 omnibus
1121 1146 1278 1172 hominibus
1293 1147 1487 1177 communicet,
1504 1147 1565 1181 angi
1582 1152 1626 1173 aut
1638 1156 1698 1181 per—

900 1184 1002 1210 turbari
1014 1183 1137 1210 debeam.
1177 1183 1270 1210 XLIII.
1289 1185 1345 1210 ⁴48.
1360 1183 1430 1216 Quid
1442 1192 1505 1219 ergo
1520 1184 1588 1210 mihi
1602 1183 1699 1211 restat?

900 1221 974 1247 Nihil
987 1229 1059 1252 sane,
1074 1222 1127 1247 nisi
1140 1229 1225 1256 quum
1238 1229 1267 1247 ea
1279 1221 1373 1247 divino
1385 1222 1556 1255 potissimum
1570 1221 1700 1248 beneIicio

900 1260 970 1285 vitae
985 1267 1096 1285 munere
1108 1258 1245 1293 perfuncta
1258 1259 1302 1289 sit,
1319 1263 1348 1284 ut
1359 1258 1392 1284 ad
1404 1267 1461 1284 eam
1474 1259 1590 1284 maxime
1604 1260 1700 1285 viven-

900 1296 927 1322 di
939 1296 1120 1323 conditionem
1134 1297 1323 1331 cogitationem
1340 1304 1426 1322 meam
1444 1301 1616 1330 mentemque
1631 1296 1700 1322 ret'e-

901 1343 970 1364 ram.
993 1343 1046 1368 qua
1063 1342 1134 1360 nunc
1147 1334 1233 1368 ipsam
1245 1333 1346 1368 perfrui
1359 1333 1509 1363 credimus,
1527 1342 1556 1359 ac
1571 1334 1608 1364 si,
1626 1333 1699 1368 quod

899 1380 1016 1406 aequum
1028 1376 1076 1402 est,
1091 1370 1166 1397 fateri
1179 1371 1304 1401 velimus,
1317 1372 1398 1397 etiam
1411 1371 1599 1406 intelligimus.
1641 1371 1698 1402 Qua

899 1418 933 1435 ex
954 1409 1126 1435 meditatione
1147 1417 1177 1435 eo
1198 1409 1325 1435 maiorem
1343 1408 1506 1443 voluptatem
1524 1413 1700 1443 percepturus

900 1455 975 1477 sum,
991 1455 1044 1481 quo
1056 1446 1165 1472 meliore
1179 1446 1223 1472 illa
1236 1455 1306 1472 nunc
1318 1451 1401 1476 statu,
1415 1454 1496 1480 quam
1510 1455 1591 1480 quem
1603 1447 1699 1472 vivens

900 1489 1008 1519 experta
1025 1489 1079 1514 est,
1102 1484 1161 1510 sine
1177 1483 1231 1509 ulla
1247 1483 1414 1509 dubitatione
1431 1483 1588 1517 perfruitur.
1628 1483 1698 1515 Quid

900 1523 972 1548 enim
985 1522 1047 1547 boni
1061 1530 1111 1548 non
1125 1522 1218 1547 merita
1229 1526 1281 1551 est,
1303 1530 1371 1556 quae
1384 1520 1451 1546 nihil
1464 1530 1593 1555 umquam
1605 1521 1659 1556 egit
1670 1529 1700 1546 ac

901 1568 932 1585 ne
949 1560 1078 1595 cogitavit
1092 1558 1204 1594 quidem
1221 1558 1297 1589 mali,
1321 1564 1345 1584 et
1362 1559 1395 1584 iis
1410 1558 1556 1593 angoribus
1568 1567 1597 1584 ae
1610 1558 1698 1588 malis,

900 1605 969 1631 quae
982 1597 1084 1622 viventi
1096 1596 1200 1623 obiecta
1211 1601 1288 1627 sunt,
1312 1597 1346 1622 ita
1362 1596 1492 1630 patienter
1504 1595 1641 1630 perfuncta
1654 1596 1698 1625 sit.

902 1639 992 1660 utnon
1003 1643 1081 1660 secus
1093 1634 1126 1660 de
1138 1633 1358 1668 adversis,quam
1371 1633 1403 1659 de
1413 1633 1540 1659 secundis
1553 1633 1633 1658 rebus
1647 1633 1701 1659 ‹Iiis

902 1672 1100 1698 immortalibus
1116 1671 1244 1707 gratulari
1265 1672 1418 1707 gratiasque
1435 1679 1513 1706 agere
1528 1670 1642 1696 solere-1⁶?
1664 1676 1699 1701 et,

901 1718 986 1744 qumn
999 1709 1066 1735 nihil
1079 1709 1131 1735 nisi
1144 1714 1245 1735 rectum
1259 1709 1456 1743 honestumque
1468 1709 1604 1743 cogitaret,
1613 1713 1701 1734 tamen

901 1755 953 1773 una
969 1747 1132 1773 couscientia
1149 1751 1284 1776 contenta,
1308 1755 1355 1772 nec
1372 1754 1419 1772 sua
1437 1745 1573 1771 benefacta
1591 1746 1616 1771 in
1642 1745 1701 1771 luce

900 1784 1034 1815 collocari,
1048 1792 1096 1810 nec
1111 1784 1164 1810 sibi
1177 1783 1327 1818 quidquam
1340 1789 1477 1818 propterea
1490 1782 1577 1809 laudis
1588 1788 1632 1808 aut
1643 1782 1703 1817 glo-

902 1822 955 1848 riae
963 1822 1246 1848 deberiarbitraretur.
1262 1821 1507 1855 MILQuaeei-goita
1520 1821 1635 1846 animata
1645 1819 1702 1846 Iue-

902 1860 948 1891 rit,
967 1864 996 1886 ut
1012 1859 1045 1885 de
1057 1868 1085 1885 se
1096 1859 1208 1894 quidem
1221 1859 1379 1889 minimum,
1403 1858 1436 1884 de
1449 1863 1516 1884 recta
1530 1862 1616 1884 mente
1628 1866 1656 1883 ae
1669 1857 1702 1883 de

901 1898 1034 1932 aequitate
1047 1896 1196 1931 plurimum
1210 1896 1349 1927 laboraret,
1359 1904 1449 1922 annon
1462 1895 1515 1921 diis
1529 1896 1595 1929 ipsis
1607 1903 1701 1921 cense—

902 1944 963 1961 mus
976 1935 1092 1960 maxime
1104 1939 1206 1969 gratam
1219 1939 1244 1960 et
1260 1934 1398 1968 probatam
1416 1932 1513 1962 fuisse,
1538 1934 1563 1958 in
1580 1941 1633 1967 qua
1650 1941 1701 1958 non

903 1973 960 1998 licta
973 1977 998 1998 et
1009 1972 1177 2002 adumbrata,
1191 1977 1220 1997 ut
1233 1972 1258 1997 iu
1272 1971 1377 2000 multis,
1391 1971 1438 1996 sed
1451 1971 1568 1996 maxime
1580 1969 1665 1995 solida
1678 1975 1703 1995 et

901 2018 1029 2044 expressa
1042 2010 1149 2036 virtutis
1160 2008 1281 2035 elucebat
1297 2007 1419 2043 efligies?
1440 2008 1519 2037 Nam,
1542 2016 1627 2042 quum
1643 2016 1701 2032 cam

902 2047 981 2074 talem
994 2052 1086 2073 natura
1099 2047 1247 2082 genuisset,
1258 2045 1374 2080 ut,quod
1388 2045 1532 2080 pulchrum
1546 2050 1702 2079 rectumque

901 2084 1071 2120 agnoscebat,
1080 2093 1128 2110 sua
1135 2089 1229 2118 sponte
1241 2088 1411 2118 sequeretur:
1427 2087 1524 2112 tamen,
1534 2091 1564 2108 eo
1576 2091 1625 2108 non
1639 2091 1703 2108 eou-

902 2127 982 2152 tenta,
994 2130 1100 2148 summa
1112 2122 1138 2147 vi
1154 2122 1264 2147 rationis
1276 2120 1489 2155 prudentiaeque
1503 2119 1656 2154 perfecerat.
1674 2124 1702 2145 ut

903 2159 976 2185 nulla
993 2167 1020 2184 re
1038 2159 1142 2188 minus.
1161 2167 1241 2193 quum
1259 2163 1350 2184 natura
1373 2157 1440 2183 dure
1461 2166 1538 2192 egere
1555 2156 1700 2182 videretur.

905 2198 960 2222 450.
979 2197 1070 2230 ltaque
1082 2196 1130 2230 qui
1142 2196 1201 2221 eius
1215 2196 1334 2221 instituta
1346 2199 1371 2220 et
1384 2203 1470 2220 mores
1483 2194 1573 2229 paullo
1585 2193 1702 2228 diligen-

903 2235 955 2260 tius
968 2233 1141 2267 inspexisset,
1150 2233 1198 2267 qui
1211 2232 1346 2267 regundne
1359 2231 1476 2257 familiae
1488 2231 1643 2260 sollertiam,
1653 2231 1701 2265 qui

901 2279 1040 2297 summum
1058 2271 1084 2296 iu
1100 2271 1204 2296 cunetis
1221 2270 1301 2295 rebus
1317 2270 1456 2303 ingenium
1481 2268 1702 2303 singularemque

901 2308 1050 2334 doctrinam
1064 2307 1236 2333 advertisset:
1252 2306 1322 2332 haud
1337 2306 1431 2332 suisset
1442 2315 1515 2333 sane.
1525 2305 1647 2340 quodaut
1661 2315 1670 2330 x
1681 2305 1702 2330 i-

902 2345 979 2372 rilem
1001 2346 1028 2372 in
1051 2344 1235 2378 intelligendis
1258 2343 1465 2378 iudieandisque
1487 2343 1566 2368 rebus
1583 2342 1702 2376 pruden-

902 2384 979 2413 tiam,
993 2387 1039 2409 aut
1052 2383 1214 2416 exquisitam
1229 2382 1311 2416 patris
1324 2381 1440 2406 tamiIins
1452 2380 1596 2406 sollertiam
1610 2380 1702 2414 requi-

902 2425 980 2446 reret.
1022 2421 1121 2454 Itaque,
1136 2419 1238 2454 quilius
1253 2419 1369 2444 maxime
1382 2418 1462 2443 rehu.-
1474 2426 1551 2453 egere
1563 2426 1642 2451 saepe
1655 2416 1702 2443 liu-

903 2458 989 2484 miues
1001 2457 1134 2486 solemus,
1149 2456 1275 2482 fortitudo
1287 2460 1311 2481 et
1324 2455 1479 2490 prudentia,
1494 2455 1541 2480 hae
1556 2455 1588 2479 ita
1603 2455 1627 2480 iu
1642 2463 1702 2480 inu-

903 2495 966 2521 liere
979 2494 1166 2523 abundabant,
1182 2498 1209 2519 nt
1221 2494 1262 2518 sui
1277 2493 1403 2518 maeroris
1416 2492 1576 2518 medicinam
1590 2500 1640 2517 non
1655 2500 1701 2526 pe-

902 2537 968 2559 teret
980 2531 1057 2562 soris,
1071 2531 1133 2561 sed.
1152 2532 1177 2557 iu
1193 2539 1221 2556 se
1237 2531 1322 2564 ipsam
1335 2535 1472 2564 spectans.
1489 2538 1522 2555 ex
1534 2537 1582 2554 sua
1594 2537 1701 2563 semper

903 2570 1000 2595 virtute
1013 2569 1150 2604 penderet.
1191 2568 1295 2600 Quanto
1306 2572 1394 2593 autem
1406 2567 1544 2601 graviores
1556 2575 1585 2591 ae
1601 2565 1701 2592 diflici-

904 2606 982 2632 liores
994 2607 1076 2632 animi
1089 2606 1174 2632 morbi
1185 2610 1257 2633 suut.
1274 2613 1355 2639 quam
1367 2605 1495 2638 τοι-μονῆς,
1508 2612 1538 2629 eo
1550 2605 1636 2638 magis
1649 2605 1700 2629 mi-

902 2643 1016 2670 randum
1032 2649 1085 2673 est.
1108 2643 1186 2670 talem
1199 2643 1334 2668 exstitisse
1347 2641 1435 2672 illam,
1458 2642 1536 2668 euius
1548 2640 1698 2667 fortitudini

901 2681 1020 2716 corporis
1033 2681 1101 2707 mala
1114 2684 1249 2715 parerent,
1267 2679 1424 2714 prudentiae
1438 2688 1500 2705 vero
1510 2687 1604 2704 omnes
1616 2679 1699 2704 animi

902 2718 989 2745 morbi
1001 2717 1078 2744 facile
1089 2717 1224 2744 cederent.
1266 2718 1356 2752 Itaque
1367 2724 1532 2752 quamquam
1544 2725 1577 2742 cx
1588 2716 1699 2742 eaIanii-
