1941 3052
240 183 302 207 ⁴3:5⁸
801 180 859 204 2851.
894 177 928 203 M.

237 258 286 279 tate
300 251 519 286 temporibusque
533 249 629 275 nostris
640 248 776 274 molestiae
788 247 1031 282 plurimumtruxe-

237 291 282 318 rit,
302 297 448 323 mimqunm
466 292 551 313 tamen
568 286 657 311 animo
672 285 822 320 perculsam
840 289 885 311 aut
900 285 1030 310 deiectam

236 327 381 352 ,nu-nsinms.
426 327 479 351 4:3¹.
503 323 656 356 Augebatur
671 323 752 357 putris
769 322 878 353 exsilio,
896 322 1031 356 totiusque

237 363 354 390 familiae
367 362 467 388 luctum
481 360 665 394 iuniorumque
677 360 855 394 ‹liri-ptionem
865 360 946 385 invita
956 358 1032 385 vide-

236 401 293 427 bat:
315 399 361 425 sed
374 400 450 425 niatri
462 403 548 424 tamen
560 397 673 423 consitio
685 397 879 432 prudentiaque
891 397 981 423 aderat
995 401 1030 427 et,

237 438 316 464 rebus
330 437 354 462 in
369 445 495 471 magnum
511 442 590 469 saepe
607 433 752 460 discrimen
768 434 906 464 adductis,
929 433 1032 460 reditus

235 483 311 509 spem
329 474 406 499 nobis
422 473 513 498 afferre
530 480 677 506 numquam
690 471 834 498 dubitavit.
876 473 925 502 lta.
944 480 1032 506 quan-

236 518 291 538 tum
304 520 337 537 ex
348 510 497 536 calamitate
509 508 618 540 (loloriS,
635 509 800 535 tantumdem
813 518 845 535 ex
858 509 927 535 liliae
939 509 1032 535 suavi-
1054 512 1055 531 ἓ

236 554 286 575 tate
298 557 326 573 3(-
339 549 436 583 pietate
447 547 534 573 solatii
546 546 731 581 capiebamus.
757 547 833 578 Quod
846 551 874 573 ut
886 551 956 572 esset
969 546 1032 572 diu-

236 586 355 616 turnius,
368 587 390 611 si
403 585 574 611 commodum
591 589 710 611 nostrum
723 588 767 610 aut
778 592 850 614 cam,
864 592 933 619 quae
943 584 1031 609 omni-

235 623 286 649 bus
307 623 495 658 antiquissima
512 627 565 654 est,
589 622 734 648 liberorum
750 622 885 648 caritatem
901 622 1032 655 cogitare-

235 669 305 690 mus,
320 669 416 695 magno
427 668 507 694 opere
519 665 609 694 optare
622 659 778 686 debuimus.
805 659 846 689 At,
859 667 943 693 quum
958 658 1030 684 illam

234 698 352 732 corporis
370 697 487 723 vinculis
502 698 631 727 solutam,
647 696 774 723 omnibus
790 701 897 723 exutam
915 696 1032 722 miseriis

234 740 260 761 ct
272 734 479 761 immortalitatis
494 739 643 769 compotem
657 733 750 760 l'actam
763 734 853 760 animo
864 738 1029 768 reputamus,

235 781 286 799 non
300 771 378 798 modo
391 773 416 798 in
428 771 517 798 dolore
529 772 762 807 conquiescimus,
778 771 825 798 sed
837 772 916 798 etiam
928 771 1032 805 praeci-

234 818 287 844 pue
300 809 439 836 laetamur.

236 847 331 873 laetius
342 851 436 882 potest,
449 855 529 882 quam
542 846 575 873 de
587 846 784 873 immortalitate
795 847 946 872 animorum
958 846 1032 880 cogi-

235 885 300 911 tanti
315 884 348 910 de
366 884 435 910 tiliae
451 884 532 911 simul
549 889 653 911 aeterna
671 884 800 919 beataque
817 884 870 910 vita
882 882 1033 909 considcrc‘.¹

234 922 346 948 Animos
357 923 429 948 enim
444 930 503 948 esse
520 921 697 952 immortates,
720 931 751 947 ne
768 921 948 947 dubitandum
965 920 1032 946 mibi

216 972 220 979 .
234 959 346 994 quidem
359 959 474 986 videtur.
516 960 621 986 Faciam
633 964 721 986 autem
739 967 789 985 non
806 959 922 988 invitus,
946 963 974 984 ut
989 966 1033 984 sa-

234 997 465 1031 pientissimorum
487 996 627 1023 hominum
645 1005 797 1031 percurram
815 996 863 1022 hac
878 995 912 1022 de
928 1004 955 1021 re
970 1004 1033 1021 sen-

235 1034 359 1064 tentiam.
381 1034 490 1069 qnando
505 1043 547 1060 me
564 1035 590 1060 in
608 1034 679 1060 bunc
696 1033 783 1060 locum
804 1033 918 1060 deduxit
937 1033 1030 1059 oratio.

235 1072 328 1106 Neque
340 1079 403 1097 vero
415 1071 479 1097 baec
491 1072 525 1098 ita
537 1071 700 1106 disputanda
712 1080 821 1101 censeo,
835 1076 863 1097 ut
875 1071 978 1097 animos
990 1070 1032 1096 id-

234 1109 306 1135 cireo
317 1116 369 1135 non
383 1109 490 1135 interire
502 1109 608 1143 probari
616 1110 709 1144 possit,
718 1108 789 1143 quod
798 1113 962 1134 mortuorum
973 1116 1033 1134 cor-

235 1146 348 1181 poribus
364 1146 405 1172 vis
421 1146 553 1180 quaedam
572 1147 658 1172 inesse
675 1146 845 1172 veneratione
861 1145 941 1179 digna
955 1150 1033 1179 pute-

236 1189 286 1214 tur,
299 1191 369 1218 quae
381 1184 532 1218 significare
544 1183 648 1214 debeat,
663 1192 714 1210 non
729 1183 811 1209 deleri
825 1188 908 1209 morte
917 1183 1030 1213 animos,

234 1222 281 1246 sed
303 1220 495 1247 immortalium
517 1221 682 1251 animorum,
706 1220 790 1246 veluti
804 1219 927 1255 sepulcra
948 1228 1033 1254 quae-

234 1257 306 1288 dam,
319 1257 439 1284 mortalia
451 1266 559 1292 corpora
573 1258 666 1284 fuisse.
702 1257 785 1290 Quasi
797 1266 848 1284 non
860 1262 885 1284 et
897 1258 995 1284 maiora
1007 1261 1033 1284 et

235 1295 350 1321 firmiora
363 1294 445 1322 multa
457 1300 613 1330 suppetant,
630 1295 732 1330 quibus
746 1295 857 1330 planum
869 1295 925 1321 fieri
936 1295 1030 1330 possit,

234 1333 282 1367 qui
298 1333 402 1359 animos
420 1333 502 1359 simul
516 1342 578 1359 cum
590 1333 748 1368 corporibus
760 1333 868 1359 interire
879 1332 1030 1363 contendat,

233 1378 296 1396 eum
308 1375 397 1396 contra
409 1371 552 1401 rationem,
571 1370 644 1397 nulla
657 1371 752 1397 nixum
767 1370 881 1401 ratione,
900 1378 1030 1406 pugnare.

237 1408 293 1433 153.
315 1406 392 1439 Quod
403 1408 426 1433 si
439 1409 581 1434 auctoritas
593 1408 746 1443 quaerenda
762 1408 810 1438 sit,
828 1416 910 1442 quem
924 1408 1033 1443 gravio-

234 1452 289 1470 rem
307 1445 444 1471 nominare
459 1450 593 1472 auctorem
612 1454 737 1480 possum,
759 1453 841 1480 quam
856 1453 932 1476 eum,
951 1453 1032 1480 quem

233 1481 329 1516 Apollo
352 1483 410 1516 ipse
431 1483 663 1517 sapientissimum
684 1483 806 1509 omnium
831 1481 1034 1517 pronuntiavit‘.>

233 1519 318 1545 Cuius
331 1520 514 1546 testimonium
527 1520 577 1546 tale
590 1520 649 1551 fuit,
663 1525 692 1547 ut
702 1520 810 1546 divinos
821 1528 879 1546 esse
891 1520 1032 1546 hominum

234 1557 352 1588 animoS,
373 1561 399 1584 et
414 1565 459 1583 eos
475 1566 584 1592 corpore
599 1557 700 1584 solutos
717 1558 744 1584 in
759 1557 864 1584 caelum
875 1558 1031 1593 remigrare,

233 1593 305 1620 unde
321 1595 397 1628 prius
414 1595 563 1624 venissent.
586 1595 614 1621 in
630 1596 703 1621 omni
720 1603 842 1622 sermone
857 1599 1031 1622 asseveraret.

233 1631 262 1657 ln
274 1639 328 1665 quo
339 1640 400 1658 cum
413 1632 582 1667 pbilosophis
595 1632 650 1658 illis
659 1633 803 1664 consensit,
817 1641 885 1668 quos
896 1632 1033 1667 quondam

233 1668 338 1694 Italicos
351 1670 501 1696 nominavit
512 1670 671 1705 antiquitas,
690 1671 863 1705 maximeque
875 1669 979 1696 nobiles
991 1670 1034 1696 iu-

234 1705 349 1732 dicavit:
366 1714 482 1741 quorum
497 1715 604 1742 semper
615 1712 740 1733 constans
751 1707 802 1734 suit
812 1708 913 1742 opinio,
927 1707 1033 1733 demitti

234 1744 338 1769 animos
350 1752 363 1769 e
375 1743 457 1774 caelo,
469 1744 634 1779 divinaeque
646 1746 744 1771 mentis
755 1753 800 1771 eos
813 1753 872 1771 esse
885 1753 936 1771 non
947 1744 1033 1771 solum

235 1788 350 1811 munuS,
373 1780 420 1806 sed
435 1782 516 1808 etiam
532 1786 635 1816 partem
652 1783 825 1817 praecipuam
841 1791 870 1808 ac
886 1782 1022 1817 propriam

234 1817 311 1849 Quod
323 1818 346 1843 si
359 1826 438 1844 secus
449 1827 508 1845 esse
519 1820 665 1854 quisquam
678 1825 765 1854 putet,
784 1819 856 1845 haud
868 1828 932 1846 sane
945 1818 1031 1850 facile,

234 1854 301 1889 quid
317 1854 411 1881 multis
424 1860 450 1882 et
465 1856 628 1883 firmissimis
644 1857 671 1883 in
689 1857 757 1883 hanc
772 1858 933 1883 sententiam
953 1865 1034 1892 argu-

235 1893 332 1918 mentis
347 1893 509 1927 respondere
524 1894 622 1929 possit,
640 1894 771 1920 inveniet.
812 1894 856 1920 Sic
871 1894 943 1920 enim
955 1893 1034 1928 plane

234 1930 360 1965 cognosci
372 1938 401 1956 ac
412 1938 494 1957 sensu
506 1931 565 1965 ipso
574 1931 720 1958 diiudicari
731 1935 830 1966 potest:
844 1939 979 1957 summam
991 1939 1035 1957 es-

235 1974 263 1992 se
275 1974 415 2001 paeneque
429 1967 617 1994 incredibilem
629 1969 656 1995 in
669 1969 768 1995 animis
779 1968 942 1994 celeritatem
954 1976 983 1994 ac
996 1967 1035 1994 se-

235 2004 420 2035 stinationem,
440 2005 519 2031 cuius
535 2014 599 2040 ope,
616 2014 685 2040 quae
700 2014 798 2040 eorpus
809 2014 862 2032 non
874 2005 953 2032 modo
964 2009 1034 2032 certo

235 2041 381 2072 mensium,
399 2041 448 2067 sed
461 2042 509 2068 vix
522 2043 602 2069 etiam
613 2051 743 2069 annorum
756 2043 842 2077 spatio
853 2043 981 2078 perficere
995 2048 1035 2069 at-

235 2086 288 2113 que
303 2079 418 2113 exsequi
433 2084 536 2113 posset,
559 2088 589 2106 ea
605 2081 658 2115 ipsi
674 2089 726 2107 non
743 2080 822 2107 modo
837 2080 920 2106 semel
936 2085 1035 2115 puncto

236 2116 364 2150 temporis
375 2124 544 2150 percurrere,
565 2117 614 2143 sed
629 2117 710 2144 etiam
721 2118 830 2152 saepius
845 2119 996 2153 excogitare
1010 2122 1036 2144 et

235 2157 355 2187 repetere
376 2152 503 2180 facillime
517 2159 626 2189 queant.
666 2155 746 2181 XLV.
771 2156 829 2181 ⁴54.
850 2154 927 2187 Quod
943 2156 967 2181 si
984 2155 1036 2181 mi-

236 2198 297 2216 rum
311 2189 432 2222 videtur,
448 2199 496 2217 cur
507 2200 558 2218 non
571 2191 760 2218 admirabilius
771 2197 924 2223 censeatur,
938 2193 1036 2219 memi-

236 2228 310 2254 nisse
321 2227 442 2254 animum
454 2233 507 2255 tam
520 2228 604 2256 multa
614 2229 861 2256 innumerabilibus
873 2235 932 2256 ante
939 2238 1036 2256 saecu-

236 2263 270 2291 lis
282 2269 371 2300 gesta:
390 2273 459 2300 quae
471 2265 559 2292 futura
571 2271 647 2298 sunt.
665 2267 808 2303 cogitando
818 2268 986 2302 prospicere,
1005 2275 1035 2293 ac

236 2310 289 2328 non
302 2302 380 2328 modo
391 2304 555 2337 praesentia,
577 2304 625 2330 sed
640 2305 720 2331 etiam
736 2305 878 2339 praeterita
893 2309 919 2331 et
935 2304 1032 2335 futura,

236 2338 319 2365 veluti
332 2339 423 2371 deum,
436 2341 525 2367 omnia
539 2341 680 2376 complecti
691 2351 720 2368 ac
735 2342 787 2368 sub
797 2341 889 2368 oculos
900 2341 1035 2368 subiicere

236 2376 345 2402 conari?
355 2376 422 2408 Quis
433 2377 548 2408 dubitet,
557 2387 642 2413 quum
655 2379 720 2405 haec
732 2378 872 2414 intelligat,
886 2379 1035 2414 eademque

237 2413 263 2439 in
276 2422 304 2439 se
317 2415 375 2448 ipso
385 2420 519 2450 agnoscat,
532 2415 657 2442 divinum
669 2425 728 2442 esse
739 2417 870 2442 animum.
887 2425 944 2446 nec,
958 2417 981 2442 si
993 2416 1036 2442 di-

237 2450 299 2476 vina
311 2456 416 2477 aeterna
427 2457 498 2483 suut,
516 2453 606 2487 ipsum
617 2462 677 2479 esse
687 2453 844 2480 mortalem?
859 2461 945 2488 quum
957 2462 1036 2488 prae—

237 2489 329 2513 sertim
350 2488 457 2515 duabus
471 2498 504 2516 ex
520 2490 615 2521 rebus,
637 2499 707 2526 quae
723 2492 884 2525 praecipuae
898 2491 925 2517 in
945 2492 1036 2517 animo

237 2528 309 2554 sunt,
318 2524 393 2551 illius
404 2531 510 2553 aeterna
525 2532 617 2554 natura
625 2527 1034 2564 sacileintelligiacdeprebendi

238 2563 332 2594 possit.
356 2563 422 2588 llaec
433 2569 522 2590 autem
538 2570 601 2591 sunt
612 2569 714 2596 motus,
730 2565 779 2600 qui
793 2566 821 2591 in
832 2573 862 2591 eo
872 2566 1035 2600 praecipuus

237 2603 291 2639 est,
313 2599 479 2634 principium
499 2610 529 2627 ac
549 2603 724 2637 perpetuitas.
765 2601 854 2634 Quum
871 2603 944 2628 enim
958 2611 992 2629 ex
1005 2610 1034 2628 se

238 2643 298 2669 ipso
309 2642 456 2668 moveatur,
466 2647 514 2664 nec
525 2639 644 2669 aliunde,
654 2644 682 2666 ut
692 2644 788 2670 cetera,
798 2640 964 2674 principium
977 2648 1036 2666 mo-

239 2676 281 2697 tus
293 2677 443 2699 mutuetur:
466 2684 572 2702 summa
584 2681 672 2703 autem
688 2677 716 2703 in
732 2685 776 2707 eo,
795 2676 927 2711 quamdiu
938 2677 965 2703 in
976 2686 1036 2703 cor-

239 2717 301 2743 pore
320 2714 373 2740 est,
395 2713 559 2746 perpetuitas
575 2718 663 2740 motus
682 2719 820 2749 appareat.
843 2714 945 2748 quippe
965 2722 1035 2749 quae

479 809 569 836 XLIV.
588 811 643 836 ⁴232.
664 809 734 841 Quid
749 810 820 835 enim
833 808 899 834 mibi
912 807 1032 834 accidere
1060 809 1061 812 ’

962 177 993 203 Τ.
1024 176 1300 203 CICERONIS

1083 248 1162 274 etinm
1180 249 1206 274 in
1223 247 1419 274 dormientibus
1433 252 1592 281 agnoscatur
1607 252 1633 274 et
1653 249 1755 284 vigeat:
1779 248 1878 275 idcireo

1083 285 1201 311 dubitari
1214 284 1288 311 nullo
1300 284 1377 311 modo
1389 288 1483 319 potest,
1496 285 1562 319 quin
1574 285 1685 311 divinus
1695 286 1879 321 311013313ρί-

1084 328 1174 348 ternus
1191 322 1307 348 futurus.
1351 323 1407 348 ⁴55.
1429 322 1461 348 Et
1475 330 1539 348 sane
1556 322 1590 348 ita
1605 331 1664 348 esse
1680 323 1745 349 ratio
1760 324 1880 350 vincitet

1084 369 1172 386 rerum
1186 359 1278 394 probat
1289 360 1389 386 exitus.
1429 359 1475 385 Dei
1490 359 1563 385 enim
1578 360 1666 395 imago
1676 360 1808 395 quaedam
1820 360 1879 386 ani-

1060 389 1062 431 1
1085 406 1144 423 mus
1160 402 1213 427 est.
1235 405 1269 423 ex
1286 397 1344 431 ipso
1357 396 1408 422 deo
1422 396 1540 423 delibata
1554 405 1584 422 ae
1599 396 1725 432 prosecta.
1764 397 1840 430 Quod
1855 398 1879 424 si

1060 439 1062 460 ι
1083 434 1151 460 deus
1163 434 1359 460 immortalitate
1372 433 1478 464 fruitur.
1494 442 1543 460 cur
1553 442 1611 460 eam
1624 439 1724 469 partem
1735 455 1740 464 ,
1752 443 1834 470 quam
1846 442 1880 461 ex

1060 469 1061 500 Ῐ
1083 480 1111 497 se
1125 471 1183 506 ipso
1193 472 1324 506 sumpsit,
1342 471 1479 498 mortalem
1495 480 1555 497 esse
1571 471 1653 497 velit?
1675 471 1745 504 Quin
1761 471 1810 498 boc
1821 473 1880 507 ipso

1083 508 1248 544 singularem
1261 514 1286 535 et
1297 509 1424 535 eximiam
1435 508 1557 535 divinam
1569 517 1628 535 esse
1639 509 1694 535 vim
1704 508 1880 535 indicandum

1060 565 1061 575 ,
1084 547 1196 581 putavit,
1205 546 1278 581 quod
1286 554 1336 572 non
1344 546 1496 580 solumipse
1509 545 1666 572 immortalis
1678 546 1777 577 sit,sed
1788 547 1878 577 etiam,

1083 592 1151 619 qnos
1164 583 1237 614 velit,
1246 592 1310 610 suae
1321 588 1430 610 naturae
1441 589 1578 618 compotes
1589 588 1614 610 et
1626 583 1704 618 plane
1717 583 1881 610 immortales

1060 624 1061 630 ¹
1083 621 1190 647 elliciat.
1231 621 1334 656 Corpus
1350 625 1439 647 autem
1457 620 1541 647 voluit
1551 629 1610 647 esse
1623 620 1746 647 mortale:
1769 622 1881 647 necim-

1084 659 1192 688 merito,
1205 667 1290 693 quum
1302 667 1316 685 e
1329 659 1492 689 terra‚cuius
1504 659 1643 685 mutationi
1655 658 1775 685 subiecta
1787 662 1880 685 natura

1083 701 1132 726 est,
1147 696 1254 722 initium
1266 695 1384 726 duxerit,
1397 700 1422 722 et
1435 696 1460 722 in
1473 704 1531 722 eam
1545 696 1630 730 ipsam
1643 696 1713 722 vitae
1723 704 1805 722 cursu
1816 704 1882 722 con-

1060 737 1061 754 1
1085 733 1151 760 lecto
1163 733 1236 759 abire
1247 733 1353 759 debeat.
1379 733 1432 759 Sed
1447 733 1563 763 animus,
1577 733 1712 768 profectus
1723 742 1737 759 a
1748 733 1807 763 deo,
1819 741 1881 759 cae-

1085 771 1139 797 lum
1154 771 1243 805 ipsum
1255 771 1370 806 appetit:
1392 779 1453 797 nam
1466 771 1492 797 in
1504 779 1566 796 eum
1580 770 1681 801 locum,
1696 770 1767 797 unde
1778 770 1882 797 disoen-

1083 809 1131 839 sit,
1153 817 1260 843 semper
1269 813 1342 843 optat
1353 808 1449 834 redire.
1490 808 1568 834 Terra
1580 813 1683 838 autem,
1705 809 1728 834 si
1742 808 1787 834 cui
1798 815 1882 843 appe-

1060 857 1062 878 ι
1084 845 1176 876 tenda,
1194 846 1297 881 corpori
1313 844 1362 872 soli
1377 850 1426 872 est.
1470 847 1525 871 156.
1548 847 1581 872 At
1592 854 1654 872 vero
1665 846 1764 872 animis
1775 850 1881 872 aeterna

1060 880 1063 907 ἴ
1083 883 1150 909 caeli
1162 883 1240 909 sedes
1251 882 1418 918 quaerenda,
1440 891 1526 918 eaque
1541 883 1647 917 propria
1660 882 1767 909 illorum
1780 883 1879 917 patria:

1061 923 1063 949 ἰ
1084 920 1219 955 siquidem
1237 921 1388 947 animorum
1406 920 1478 946 nulla
1492 921 1518 946 in
1531 921 1608 946 terris
1618 921 1693 955 origo
1705 920 1821 946 inveniri
1833 927 1882 954 po-

1061 975 1063 993 ,
1085 962 1144 984 test.
1183 958 1256 984 Nihil
1269 959 1341 984 enim
1354 959 1431 984 estin
1444 958 1542 983 animis
1555 958 1670 984 mixtum
1682 962 1761 992 atque
1772 965 1882 984 concre-

1061 1007 1062 1010 ¹
1085 999 1155 1026 tum,
1177 1000 1223 1022 aut
1238 995 1309 1030 quod
1325 1003 1357 1021 ex
1374 1000 1441 1021 terra
1459 1000 1550 1021 natum
1565 999 1644 1029 atque
1661 994 1751 1021 lictum
1766 1003 1825 1021 esse
1840 995 1882 1020 vi-

1083 1032 1188 1059 deatur.
1213 1032 1287 1059 Nihil
1300 1041 1332 1059 ne
1343 1037 1388 1059 aut
1402 1032 1545 1059 humidum
1557 1032 1668 1067 quidem
1680 1037 1726 1058 aut
1737 1031 1825 1058 flabile
1836 1036 1883 1058 aut

1084 1071 1205 1105 igneum.
1246 1071 1292 1096 llis
1307 1071 1379 1096 enim
1396 1070 1423 1096 in
1437 1070 1539 1096 naturis
1556 1069 1624 1095 nihil
1641 1070 1723 1099 inest,
1737 1068 1810 1104 quod
1826 1070 1881 1095 vim

1085 1108 1238 1138 memoriae,
1253 1108 1359 1137 mentis,
1373 1107 1542 1143 cogitationis
1554 1106 1663 1133 habeat:
1685 1106 1757 1141 quod
1768 1111 1794 1132 et
1805 1114 1883 1141 prae-

1085 1145 1159 1171 terita
1171 1149 1270 1175 teneat,
1288 1150 1313 1171 et
1325 1144 1413 1171 sutura
1425 1143 1593 1179 praevideat,
1609 1149 1635 1170 et
1645 1143 1786 1178 complecti
1798 1144 1884 1178 possit

1084 1183 1244 1217 praesentia.
1284 1182 1358 1214 Quae
1378 1182 1434 1208 sola
1455 1181 1548 1207 divina
1568 1185 1640 1211 sunt,
1666 1189 1714 1207 nec
1730 1181 1883 1207 invenietur

1061 1249 1062 1256 ἵ
1084 1228 1224 1255 umquam,
1233 1219 1304 1245 unde
1315 1219 1348 1245 ad
1360 1219 1497 1246 hominem
1510 1219 1601 1245 venire
1613 1218 1726 1253 possint,
1734 1218 1786 1244 nisi
1796 1226 1810 1244 a
1821 1217 1881 1244 deo.

1061 1261 1063 1265 “
1083 1257 1176 1284 XLVI.
1200 1257 1256 1283 ⁴57.
1279 1256 1432 1292 Singularis
1447 1261 1488 1282 est
1498 1257 1581 1292 igitur
1591 1255 1723 1290 quaedam
1739 1260 1830 1282 natura
1843 1260 1884 1282 at—

1061 1303 1062 1306 *
1083 1303 1136 1330 que
1150 1296 1190 1321 vis
1201 1295 1299 1325 animi,
1316 1295 1436 1321 seiuncta
1453 1294 1485 1320 ab
1497 1293 1541 1320 his
1552 1293 1658 1320 usitatis
1670 1293 1794 1328 notisque
1805 1297 1883 1319 natu·-

1084 1333 1131 1360 ris.
1172 1333 1208 1359 Ita
1223 1331 1359 1367 quidquid
1374 1337 1414 1358 est
1430 1331 1512 1362 illud,
1530 1330 1604 1366 quod
1618 1331 1702 1365 sapit,
1724 1329 1797 1365 quod
1813 1329 1881 1359 vult,

1083 1369 1156 1405 quod
1168 1371 1250 1406 viget,
1259 1369 1372 1395 caeleste
1383 1374 1409 1396 et
1419 1369 1544 1395 divinum
1557 1373 1597 1394 est
1607 1368 1642 1394 ob
1651 1376 1766 1403 eamque
1776 1376 1831 1394 rem
1838 1375 1883 1393 ae-

1085 1412 1190 1434 ternum
1202 1408 1237 1434 sit
1248 1415 1357 1433 necesse
1368 1411 1415 1433 est.
1446 1407 1501 1432 Nec
1512 1414 1575 1432 vero
1586 1405 1653 1432 deus
1666 1405 1732 1440 ipse,
1745 1405 1792 1440 qui
1804 1403 1884 1431 intel-

1086 1444 1178 1480 ligitur
1189 1454 1202 1471 a
1215 1444 1306 1475 nobis,
1329 1444 1382 1470 alio
1394 1443 1472 1470 modo
1483 1442 1599 1479 intelligi
1616 1447 1715 1478 potest,
1737 1443 1791 1468 nisi
1806 1450 1883 1468 mens

1084 1482 1171 1509 soluta
1182 1481 1314 1517 quaedam
1327 1486 1352 1508 et
1364 1481 1622 1517 libera,·segregata
1638 1480 1671 1506 ab
1686 1480 1760 1506 omni
1774 1487 1884 1506 concre—

1062 1531 1063 1540 1
1085 1521 1155 1546 tione
1168 1519 1379 1549 mortali,omnia
1386 1519 1505 1545 sentiens
1516 1523 1542 1545 et
1553 1526 1673 1547 movens,
1682 1518 1795 1552 ipsaque
1806 1524 1884 1552 prae·

1085 1557 1140 1584 dita
1152 1562 1224 1584 motu
1236 1557 1410 1592 sempiterno.
1453 1557 1510 1582 158.
1532 1556 1624 1590 ltaque
1635 1554 1758 1581 eamdem
1769 1554 1884 1581 aeterni-

1086 1600 1165 1621 tatem
1176 1595 1274 1621 animis
1285 1602 1393 1629 quoque
1405 1594 1517 1624 nostris,
1538 1601 1572 1619 ex
1587 1601 1616 1619 se
1630 1593 1690 1628 ipsa
1700 1592 1813 1622 exortis.
1831 1591 1884 1618 im-

1086 1633 1202 1667 partivit.
1241 1631 1361 1664 Quorum
1382 1639 1416 1657 ex
1431 1630 1639 1667 cogitationibus
1655 1634 1735 1664 atque
1754 1628 1884 1664 operibus

1086 1670 1154 1696 nibil
1167 1669 1250 1700 aliud,
1264 1669 1317 1695 nisi
1329 1669 1436 1695 divinos
1447 1677 1506 1695 esse
1516 1667 1578 1694 illos
1592 1672 1617 1694 et
1628 1667 1814 1702 sempiternos,
1828 1664 1885 1693 cot-

1086 1707 1169 1743 ligere
1181 1715 1336 1742 possumus.
1359 1707 1426 1732 Nam
1436 1707 1460 1732 si
1471 1705 1655 1732 aedificiorum
1667 1702 1884 1740 magnitudinem

1086 1750 1166 1780 atque
1176 1749 1309 1775 ornatum,
1322 1744 1346 1770 si
1357 1748 1530 1770 monumenta
1542 1742 1704 1772 litterarum,
1718 1741 1741 1767 si
1753 1741 1884 1776 pecuniae

1086 1783 1141 1808 vim
1158 1782 1290 1808 infinitam
1308 1782 1335 1807 in
1352 1789 1394 1807 res
1409 1781 1527 1807 maxime
1543 1778 1654 1806 stabiles
1670 1783 1696 1805 et
1711 1777 1884 1804 admirandas

1085 1819 1212 1849 effusam,
1235 1819 1258 1844 si
1275 1818 1453 1853 plurimarum
1469 1818 1704 1851 maximarumque
1719 1824 1808 1842 rerum
1820 1815 1885 1841 ade-

1086 1857 1204 1891 ptionem
1218 1856 1335 1891 cogitare
1353 1855 1534 1885 voluerimus,
1557 1853 1673 1889 profecto
1688 1852 1882 1889 intelligemus,

1086 1894 1151 1920 haec
1162 1901 1311 1928 numquam
1325 1892 1457 1919 facturum
1470 1891 1554 1918 fuisse
1562 1891 1708 1921 hominem,
1719 1890 1885 1916 nisidiutur-

1087 1932 1196 1957 nitatem
1209 1931 1337 1965 temporis
1348 1931 1490 1965 ipsamque
1501 1929 1684 1955 aeternitatem
1696 1927 1844 1962 plurimum
1851 1926 1884 1953 ad

1086 1977 1115 1994 se
1128 1969 1261 2003 pertinere
1272 1968 1449 1994 existimaret.
1489 1967 1543 1993 Iam
1556 1967 1614 2001 ipsa
1627 1965 1728 2002 gloriae
1738 1964 1882 2000 cupiditas,

1087 2006 1218 2032 bonorum
1230 2005 1304 2036 sitis,
1325 2013 1407 2039 opum
1419 2013 1449 2031 ac
1460 2003 1618 2030 divitiarum
1632 2002 1741 2029 assidua
1757 2009 1885 2037 procura-

1086 2044 1123 2069 tio
1138 2042 1206 2078 quid
1221 2042 1295 2069 aliud
1309 2042 1423 2073 indicat,
1446 2042 1499 2068 nisi
1515 2042 1630 2077 cogitare
1646 2040 1783 2066 hominem
1795 2040 1823 2066 in
1836 2047 1885 2074 po-

1087 2085 1189 2107 sterum
1197 2101 1203 2112 ,
1226 2088 1276 2106 nec
1286 2079 1381 2106 eodem
1392 2078 1521 2105 vescendi
1532 2077 1698 2112 vivendique
1709 2076 1813 2106 studio,
1830 2084 1884 2111 quo

1087 2123 1188 2144 ceteras
1201 2117 1352 2144 animantes
1363 2116 1426 2143 duci
1441 2116 1578 2146 videmus,
1602 2115 1751 2141 humanum
1762 2114 1884 2140 animum

1087 2154 1221 2181 detineri?
1249 2154 1303 2181 Sed
1319 2154 1385 2180 haec
1400 2153 1543 2180 abiectiora
1559 2157 1638 2188 atque
1654 2151 1813 2181 humiliora,
1835 2158 1884 2177 nec

1086 2192 1160 2224 ullis⁷
1174 2193 1228 2219 nisi
1238 2200 1302 2218 sane
1313 2192 1436 2227 angustis
1448 2196 1557 2217 naturae
1568 2190 1701 2220 terminis,
1713 2188 1886 2215 circumscri-

1086 2235 1142 2265 pta.
1184 2231 1241 2256 ⁴59.
1260 2228 1331 2261 Quid
1347 2228 1393 2255 illa
1404 2229 1431 2255 in
1443 2229 1540 2263 primis
1550 2227 1643 2263 gravia
1655 2231 1735 2261 atque
1746 2230 1886 2261 praestan-

1087 2268 1137 2298 tia,
1154 2275 1202 2293 nec
1217 2266 1268 2293 ulli
1283 2266 1361 2301 plane
1378 2267 1405 2292 13
1419 2266 1497 2292 terris
1508 2265 1630 2300 degenti,
1653 2264 1707 2290 nisi
1718 2263 1769 2290 soli
1781 2262 1884 2289 homini

1087 2303 1205 2331 tributa?
1224 2302 1461 2338 contemplatorem
1476 2311 1535 2329 esse
1551 2303 1642 2337 ipsum
1657 2299 1725 2327 caeli
1740 2307 1884 2335 rerumque

1086 2341 1258 2373 caelestium;
1280 2340 1334 2367 frui
1349 2349 1509 2376 magnarum
1519 2338 1831 2372 obscurissimarumque
1842 2344 1885 2363 re-

1087 2388 1147 2405 rum
1159 2378 1284 2409 scientia,
1307 2386 1377 2413 quae
1387 2377 1431 2404 vel
1442 2377 1475 2404 ad
1486 2375 1648 2404 excolendos
1659 2375 1693 2402 ad
1704 2375 1883 2410 integritatem

1087 2421 1167 2451 atque
1178 2416 1359 2442 innocentiam
1372 2423 1472 2445 moreS,
1490 2414 1534 2441 vel
1549 2413 1583 2440 ad
1598 2411 1804 2448 comparandam
1818 2410 1884 2437 solis

1087 2459 1274 2488 astrorumque
1285 2453 1476 2488 coguitionem,
1485 2451 1567 2478 velad
1578 2449 1755 2477 exercendam
1766 2450 1794 2475 13
1805 2447 1884 2474 abdi-

1087 2491 1121 2517 tis
1139 2490 1318 2524 obscurisque
1338 2489 1420 2516 rebus
1441 2489 1599 2515 memoriam
1614 2491 1786 2521 mentemque
1801 2486 1885 2520 perti-

1087 2533 1176 2554 neant.
1216 2527 1321 2553 XLVII.
1339 2528 1395 2553 160.
1417 2527 1511 2553 Nonne
1527 2525 1592 2552 haec
1607 2526 1667 2560 ipsa
1682 2527 1753 2550 tanta
1767 2531 1797 2549 ae
1808 2521 1880 2553 talia,

1086 2564 1212 2591 divinum
1223 2573 1282 2590 esse
1294 2564 1416 2590 animum
1424 2584 1430 2594 ,
1442 2563 1601 2593 ostendunt,
1614 2569 1663 2588 nec
1674 2559 1749 2586 illius
1761 2565 1883 2586 naturam

1086 2602 1210 2633 aliunde,
1227 2609 1309 2636 quam
1325 2609 1339 2627 e
1353 2600 1440 2631 caelo,
1460 2599 1606 2626 delibatam
1621 2607 1652 2624 ac
1667 2596 1830 2624 deductam?
1841 2597 1883 2623 An

1086 2647 1238 2669 censemus,
1246 2639 1270 2664 si
1277 2647 1330 2665 una
1340 2647 1403 2664 cum
1413 2637 1572 2672 corporibus
1581 2635 1666 2662 animi
1677 2635 1825 2665 interirent,
1838 2638 1884 2660 aut

1064 2679 1065 2711 ξ
1086 2677 1302 2711 sapientissimos
1318 2675 1442 2702 homines
1452 2679 1506 2701 tam
1516 2681 1602 2709 aequo
1615 2673 1704 2699 animo
1714 2672 1783 2698 mori
1791 2679 1881 2707 posse,

1063 2719 1067 2749 ¹,
1087 2719 1132 2740 aut
1147 2718 1200 2741 tam
1216 2713 1311 2748 iniquo
1325 2711 1460 2748 planeque
1473 2711 1559 2738 invito
1570 2709 1666 2738 stultos
1676 2714 1702 2736 et
1712 2708 1817 2736 fatuos?
1834 2707 1884 2735 So—
