1941 3052
804 141 843 166 Ἡ.
880 140 913 165 M.
949 139 977 164 ‘l'.

232 146 280 170 ,ιιι

230 223 338 250 poema,
352 214 452 240 iamdiu
466 212 637 247 improbitati,
652 208 1021 245 iit-‹ptitiac,t⁴celt·ri,libidini
1043 214 1053 247 ’ζ
1074 247 1082 268 ⁴
1287 245 1294 270 Ι
1435 245 1440 271 Ι

1044 251 1053 274 χ
1080 246 1205 277 ,iniria—s,
1221 246 1285 271 invi(
1299 246 1337 270 iae
1349 254 1422 270 meae
1444 246 1561 272 evandae
1571 255 1680 276 caussa,
1695 251 1723 272 ut
1736 246 1763 271 1..
1778 245 1869 272 Catili-

229 253 346 282 dohitau,
365 257 409 277 ιιιιι
426 252 522 277 instare
535 251 585 275 iam
599 249 675 282 plam-
687 253 731 273 nut
742 252 811 272 certe
823 247 1023 281 appropinqua-

230 299 267 316 re.
289 291 360 321 Quos
373 289 393 314 si
408 297 482 314 ιιιι-ιιιι
493 286 656 315 consulatus,
670 285 795 320 ‹pioniam
809 293 901 309 sanare
913 292 964 309 non
977 292 1023 318 po-

231 332 294 357 tent,
317 325 469 354 siistulvrit,
494 333 543 350 nou
557 323 636 349 breve
649 321 820 356 nescioquod
833 326 953 355 tempus,
976 320 1022 346 sed

231 364 313 390 nmltn
330 362 434 389 siu-cula
452 361 602 396 propagarit
614 359 785 394 reipublicae.
809 358 886 384 Nulla
899 363 938 383 est
949 357 1020 383 euim

231 402 314 431 mitio,
331 409 410 434 quum
425 399 658 433 pertinit-scurnum
683 396 774 422 nullus
787 405 845 426 rex,
861 395 908 430 qui
921 395 1021 421 bellum

231 438 328 473 populo
350 438 465 462 ltomano
488 435 570 460 facere
593 434 685 469 possit.
717 434 811 459 Omnia
832 437 895 458 sunt
916 437 1022 458 externa
1045 454 1053 461 ,,

231 476 311 501 unius
324 475 420 500 virtute
432 478 497 499 terra
511 472 631 506 marique
643 475 742 506 put-ata.
775 471 954 496 Domesticuni
967 469 1023 495 bel-
1045 493 1053 497 ,,

231 513 285 538 Ιυιιι
299 516 399 537 uiauet:
419 511 490 536 intus
502 509 615 535 insidiae
626 513 702 535 sunt:
722 509 793 534 intus
807 507 940 533 inclusum
954 507 1024 542 peri-
1045 513 1047 538 ζ

229 550 320 575 culum
333 553 385 574 est:
411 548 482 573 intus
494 552 533 573 est
546 547 643 573 hostis:
666 555 726 571 cum
741 545 846 572 luxuria
859 545 948 575 nobis,
961 553 1022 570 cum

229 586 356 615 amentia,
379 594 439 611 cum
456 584 554 611 scelere
569 583 724 610 certandum
741 588 790 609 cst.
832 583 898 608 lluic
913 590 962 617 ego
983 590 1024 607 me

229 623 312 653 hello,
325 623 456 655 Quirites,
471 622 595 657 profiteor
606 621 715 647 ducem:
738 620 858 655 suscipio
870 620 1023 646 inimicitias

230 661 368 687 hominum
391 659 565 694 perditorum.
605 658 678 691 Quae
693 659 780 684 sanari
799 661 934 692 poterunt,
957 665 1024 692 qua-

228 707 344 732 cumque
366 698 465 723 ratione
481 697 593 723 sanabo:
615 705 684 731 quae
701 694 842 722 resecanda
857 699 948 725 erunt,
972 702 1022 720 non
1046 705 1047 714 ι

228 736 312 770 patiar
323 734 354 761 ad
369 735 511 769 pernicicm
524 734 640 760 civitatis
652 742 767 759 manere.
800 731 911 758 Proinde
923 736 967 757 aut
978 739 1024 757 ex-

228 777 288 799 eant
309 777 354 798 aut
368 772 516 807 quiescant,
540 776 598 801 aut,
621 771 644 797 si
667 775 692 797 et
710 771 737 797 in
750 770 819 797 Urbe
839 774 863 796 et
884 770 910 795 iu
931 769 1023 794 cadem

229 814 316 837 mente
328 814 492 844 permanent,
506 818 544 839 ea,
557 818 626 844 quae
638 813 781 838 merentur,
795 811 957 841 exspectent.

284 848 326 874 VI.
343 848 381 873 42.
405 847 437 873 At
448 847 526 873 etiam
539 851 614 877 sunt,
633 846 764 878 Quirites,
782 845 828 880 qui
841 845 942 874 dicant,
957 853 970 869 a
982 852 1024 869 me
1045 863 1047 877 ,1

228 886 255 912 iu
267 884 394 911 exsilium
407 885 520 910 eiectum
533 892 592 910 esse
603 883 755 909 Catilinam.
781 882 858 914 Quod
870 890 919 917 ego
930 882 952 907 si
965 890 1024 906 ver·
1046 885 1047 890 ¹

228 923 263 949 bo
273 923 381 957 assequi
395 930 514 956 possem,
533 922 598 947 istos
610 922 682 956 ipsos
694 921 832 950 eiicerem,
850 919 897 954 qui
911 919 974 944 haec
987 918 1025 944 lo-
1046 918 1054 939 :¹
1076 924 1100 945 et
1121 919 1153 945 de
1174 927 1204 944 eo
1226 919 1314 948 hoste,
1336 919 1383 953 qui
1405 919 1456 944 iam
1475 918 1571 944 fatetur
1586 927 1614 943 se
1629 926 1689 943 esse
1705 917 1822 946 hostem,
1845 921 1871 942 et

204 974 208 981 ι
227 964 358 995 quuntur.
391 960 473 985 llomo
486 958 609 985 videlicet
621 958 732 984 timidus
744 962 768 984 et
780 957 966 992 permodestus
979 965 1025 982 vo-

227 1006 284 1023 cem
296 996 416 1023 consulis
428 996 494 1023 ferre
507 1005 557 1023 non
570 997 668 1031 potuit:
682 995 763 1021 simul
776 1000 855 1029 atque
867 995 904 1020 ire
915 994 942 1020 in
953 993 1025 1020 exsi-

229 1034 295 1061 lium
307 1035 399 1061 iussus
411 1038 459 1062 est,
474 1034 569 1069 paruit,
585 1034 642 1060 ivit.
660 1033 789 1059 Hesterno
800 1032 842 1058 die
853 1040 938 1067 quum
951 1031 1024 1057 domi

228 1081 301 1098 meae
314 1080 396 1106 paene
408 1071 563 1098 interfectus
579 1079 680 1101 essem,
699 1075 821 1096 senatum
837 1070 864 1095 in
881 1068 972 1095 aedem
985 1069 1025 1094 lo-

228 1110 269 1136 vis
281 1109 392 1136 Statoris
404 1109 509 1136 vocavi:
532 1118 586 1135 rem
598 1117 704 1135 omnem
717 1108 749 1134 ad
761 1112 848 1142 patres
860 1107 1024 1140 conscriptos
1052 1117 1054 1136 ς

227 1146 321 1173 detuli.
343 1146 401 1179 Quo
411 1155 496 1181 quum
509 1145 620 1173 Catilina
633 1146 759 1176 venisset,
773 1145 835 1180 quis
847 1153 908 1170 eum
920 1148 1025 1169 senator

227 1183 391 1219 appellavit?
411 1184 473 1218 quis
489 1182 634 1210 salutavit?
652 1183 715 1218 quis
731 1182 847 1217 denique
863 1182 897 1208 ita
909 1181 1021 1216 aspexit,

228 1226 256 1248 ut
268 1221 402 1256 perditum
414 1222 514 1253 civem,
538 1229 566 1247 ac
582 1229 633 1247 non
650 1221 753 1255 potius,
777 1224 806 1246 ut
822 1218 1026 1254 importunissi-

227 1267 301 1285 mum
315 1258 436 1285 hostem‘?
456 1258 526 1290 Quin
543 1259 620 1284 etiam
634 1258 768 1292 principes
780 1257 838 1283 eius
850 1256 951 1283 ordinis
964 1264 1025 1291 par-

227 1301 280 1323 tem
292 1296 365 1322 illam
377 1296 582 1327 subselliorum,
600 1295 633 1322 ad
644 1304 725 1330 quam
737 1295 782 1320 ille
794 1298 954 1324 accesserat,
973 1301 1024 1319 nu-

226 1334 287 1360 dam
299 1338 378 1368 atque
390 1334 495 1359 inanem
508 1333 683 1367 reliquerunt.
707 1334 747 1358 ⁴3.
759 1332 806 1358 Hic
817 1340 866 1367 ego
878 1331 1023 1357 vehemens

226 1371 272 1397 ille
283 1370 388 1399 consul,
401 1371 449 1405 qui
461 1371 542 1397 verbo
553 1370 626 1396 cives
638 1370 665 1396 in
677 1369 803 1396 exsilium
816 1369 901 1400 eiicio,
915 1368 1024 1403 quaesi-

227 1409 253 1434 vi
269 1417 282 1434 a
295 1407 421 1439 Catilina,
441 1408 467 1434 in
484 1412 612 1434 nocturno
626 1411 759 1433 conventu
775 1406 847 1441 apud
863 1407 898 1432 M.
911 1406 1023 1432 Laecam

227 1445 330 1476 fuisset,
345 1454 437 1471 necne.

226 1483 335 1509 scientia
347 1483 499 1514 convictus,
518 1483 605 1517 primo
616 1482 779 1513 reticuisset,
798 1481 909 1516 patefeci
921 1485 1021 1507 cetera:

225 1520 291 1555 quid
303 1529 332 1546 ea
345 1525 420 1546 nocte
431 1521 542 1556 egisset,
561 1520 607 1546 ubi
620 1519 728 1550 suisset,
746 1519 812 1554 quid
828 1519 856 1544 in
873 1519 1022 1554 proximam

225 1558 416 1588 constituisset,
430 1557 659 1592 quemadmodum
671 1561 742 1583 esset
753 1557 776 1583 ei
788 1557 854 1582 ratio
866 1556 946 1582 totius
958 1555 1022 1582 belli

225 1595 372 1629 descripta,
385 1595 489 1621 edocui.
511 1594 600 1627 Quum
613 1594 767 1625 haesitaret,
780 1602 866 1629 quum
878 1598 1020 1624 teneretur,

225 1633 363 1668 quaesivi,
376 1632 442 1667 quid
454 1632 588 1659 dubitaret
599 1640 629 1658 eo
641 1631 783 1666 proficisci,
796 1639 851 1666 quo
863 1630 1021 1666 iampridem
1051 1656 1053 1666 s

1051 1671 1053 1690 ἴ
1074 1667 1152 1695 bulas
1164 1666 1266 1694 novas?
1285 1667 1393 1697 Errant,
1410 1666 1458 1701 qui
1474 1667 1539 1692 istas
1555 1675 1568 1692 a
1581 1665 1692 1692 Catilina
1704 1669 1868 1700 exspectant.

1050 1699 1052 1710 ³
1074 1706 1132 1732 Meo
1147 1703 1276 1731 beneficio
1291 1704 1398 1730 tabulae
1414 1712 1497 1730 novae
1513 1702 1694 1738 proferentur,
1717 1711 1811 1728 verum
1823 1710 1871 1728 au-

226 1674 343 1705 pararat:
366 1678 450 1704 quum
466 1678 552 1700 arma,
575 1677 661 1704 quum
677 1677 799 1699 secures,
822 1677 908 1703 quum
925 1667 1020 1699 fasces,

225 1716 311 1742 quum
324 1707 414 1738 tubas,
427 1715 512 1742 quum
525 1707 601 1742 signa
613 1706 747 1737 militaria,
761 1714 846 1741 quum
859 1705 976 1740 aquilam
989 1705 1023 1731 il-

226 1744 278 1771 lam
290 1749 455 1780 argenteam,
469 1745 512 1771 cui
524 1744 570 1770 ille
581 1745 660 1770 etiam
672 1743 818 1770 sacrarium
830 1742 962 1769 scelerum
974 1742 1023 1769 do—

225 1782 264 1808 mi
275 1790 339 1808 suae
351 1781 455 1813 fecerat,
468 1782 564 1808 scirem
575 1790 635 1808 esse
646 1781 832 1816 praemissam.
857 1781 896 1806 44.
909 1781 938 1806 ln
949 1781 1022 1806 exsi-

228 1819 293 1845 lium
306 1819 458 1850 eiiciebam,
476 1828 556 1854 quem
573 1819 626 1845 iam
642 1819 796 1854 ingressum
808 1826 868 1844 esse
881 1817 907 1844 in
919 1817 1021 1843 bellum

225 1855 369 1882 videbam?
387 1856 507 1888 Etenim,
520 1855 612 1887 credo,
626 1855 742 1882 Manlius
754 1855 818 1886 iste,
831 1855 960 1885 centurio,
973 1855 1021 1889 qui

225 1894 253 1920 in
265 1902 326 1929 agro
338 1894 485 1920 Faesulano
496 1898 581 1920 castra
593 1893 692 1929 posuit,
706 1892 808 1919 bellum
820 1891 919 1927 populo
926 1892 1022 1918 Roma-
1044 1897 1045 1919 1

226 1939 260 1957 no
270 1939 319 1957 suo
331 1932 437 1957 nomine
448 1931 560 1957 indixit:
583 1936 608 1957 et
623 1930 668 1957 illa
684 1934 767 1956 castra
783 1937 854 1956 nunc
866 1938 917 1955 non
930 1929 1022 1956 Catili-

225 1977 286 1994 nam
298 1968 393 1995 ducem
405 1973 573 2003 exspectant:
586 1972 611 1995 et
622 1967 678 1999 ille,
691 1968 791 1994 eiectus
803 1967 830 1993 in
842 1967 978 1997 exsilium,
993 1975 1021 1993 se

225 2005 380 2036 Massiliam,
395 2010 423 2032 ut
434 2007 517 2037 aiunt,
533 2014 583 2032 non
595 2006 622 2032 in
635 2005 698 2031 haec
709 2009 794 2031 castra
805 2003 932 2030 conseret.

280 2043 335 2070 vn.
357 2043 379 2070 Ο
398 2043 578 2070 conditionem
599 2043 724 2069 miseram
744 2050 796 2068 non
812 2041 891 2068 modo
906 2041 1022 2067 admini-

225 2080 361 2111 strandae,
394 2089 487 2107 verum
513 2081 593 2107 etiam
617 2079 815 2106 conservandae
841 2078 1019 2114 reipublicae!

225 2118 314 2149 Nunc,
338 2118 360 2144 si
376 2118 406 2144 L.
423 2117 548 2148 Catilina,
570 2117 700 2148 consiliis,
724 2116 869 2147 laboribus,
894 2116 1021 2151 periculis

225 2155 293 2181 meis
304 2154 500 2181 circumclusus
512 2164 541 2182 ac
552 2154 721 2185 debilitatus,
740 2154 830 2180 subito
841 2154 1018 2188 pertimuerit,

225 2193 384 2218 sententiam
397 2193 548 2224 mutaverit,
561 2192 708 2218 deseruerit
719 2200 792 2222 suos,
801 2191 943 2218 consilium
957 2191 1021 2217 belli

226 2228 343 2256 faciundi
355 2229 490 2261 abiecerit,
498 2239 531 2256 ex
542 2229 592 2256 hoc
602 2238 684 2256 cursu
696 2229 804 2255 sceleris
816 2233 840 2255 et
852 2228 915 2255 belli
927 2229 978 2255 iter
988 2228 1020 2254 ad

225 2265 317 2302 sugam
332 2271 412 2302 atque
427 2267 455 2293 in
470 2266 597 2293 exsilium
613 2267 786 2293 converterit:
808 2275 860 2292 non
876 2265 922 2292 ille
942 2274 957 2292 a
978 2274 1021 2292 me

225 2303 355 2338 spoliatus
365 2304 446 2330 armis
457 2304 591 2335 audaciae,
606 2313 656 2330 non
667 2303 869 2338 obstupefactus
879 2312 909 2330 ac
920 2308 1022 2338 perter-

225 2341 293 2367 ritus
305 2350 361 2367 mea
373 2341 526 2377 diligentia,
548 2350 600 2368 non
612 2341 644 2368 de
656 2350 704 2376 spe
715 2345 865 2376 conatuque
876 2341 1018 2376 depulsus,

225 2377 273 2403 sed
284 2378 468 2410 indemnatus,
485 2380 613 2405 innocens
629 2379 656 2405 in
668 2379 795 2405 exsilium
811 2379 912 2404 eiectus
928 2387 942 2404 a
958 2387 1021 2404 con—

227 2414 285 2440 sule
295 2416 321 2441 vi
333 2420 359 2441 et
370 2416 450 2442 minis
462 2425 520 2442 esse
535 2416 652 2449 dicetur5
675 2421 700 2442 et
715 2420 806 2446 erunt,
824 2416 871 2451 qui
887 2415 980 2447 illum,
997 2416 1021 2442 si

227 2451 274 2492 hoc
286 2451 384 2483 fecerit,
397 2462 450 2479 non
461 2454 624 2488 improbum,
637 2453 685 2480 sed
697 2453 839 2484 miserum,
861 2461 904 2479 me
915 2461 967 2480 non
979 2452 1021 2479 di-

228 2487 436 2522 ligentissimum
456 2491 608 2522 consulem,
631 2490 678 2517 sed
693 2490 914 2517 crudelissimum
930 2495 1020 2526 tyran-

228 2533 293 2566 num
309 2526 455 2553 existimari
471 2528 568 2554 velint!
593 2529 633 2554 ⁴5.
655 2528 703 2554 Est
714 2527 782 2554 mihi
793 2528 872 2559 tanti,
890 2527 1017 2560 Quirites,

228 2561 310 2603 liuius
325 2562 442 2589 invidiae
454 2564 535 2591 falsae
546 2570 626 2600 atque
636 2565 745 2600 iniquae
757 2569 941 2599 tempestatem
953 2564 1020 2590 sub-

227 2606 265 2624 ire
273 2619 282 2640 ,·
296 2598 442 2626 dummodo
452 2610 465 2626 a
477 2602 553 2628 vobis
565 2602 647 2629 huius
659 2601 796 2628 horribilis
807 2601 872 2628 belli
883 2610 914 2628 ac
925 2602 1019 2628 nefarii

227 2635 376 2670 periculum
388 2636 544 2671 depellatur.
567 2639 672 2665 Dicatur
683 2647 747 2665 sane
758 2639 858 2665 eiectus
869 2647 928 2664 esse
939 2647 953 2664 a
965 2647 1016 2670 me,

478 1444 567 1477 Quum
579 1444 634 1475 ille,
648 1444 727 1471 homo
738 1444 946 1474 audacissimus,
960 1451 1024 1469 con-
1045 1464 1047 1472 ‚

1044 1487 1046 1497 ¹
1075 1482 1114 1507 Tu
1127 1481 1207 1516 agris,
1221 1485 1249 1506 tu
1261 1480 1399 1511 aedificiis,
1414 1484 1442 1506 tu
1453 1484 1571 1515 argento,
1585 1484 1612 1505 tu
1625 1478 1735 1508 familia,
1749 1482 1777 1504 tu
1790 1477 1870 1504 rebus

226 2671 372 2700 dummodo
383 2678 423 2700 eat
434 2674 461 2700 in
472 2675 608 2701 exsilium.
640 2675 702 2707 Sed,
715 2675 783 2702 mihi
793 2675 901 2706 credite,
916 2684 967 2702 non
980 2679 1020 2702 est
1041 2685 1043 2694 <

1014 137 1289 164 ‹zictiuoxts

1076 209 1170 234 iturus.
1213 208 1365 242 Numquam
1382 215 1432 243 ego
1447 216 1460 234 n
1475 207 1527 235 diis
1545 208 1741 234 immortalibus
1760 208 1866 243 optabo,

1075 291 1134 308 nam
1152 283 1249 308 ducere
1264 283 1411 308 exercitum
1425 283 1541 309 hostium
1553 288 1632 318 atque
1644 284 1670 310 in
1682 284 1762 309 armis
1775 283 1869 308 volita-

1076 330 1101 346 η·
1113 320 1243 345 audiatis:
1261 319 1307 345 sed
1321 320 1409 346 triduo
1420 324 1505 346 tamen
1518 321 1645 346 audietis:
1663 321 1801 355 multoque
1813 329 1870 346 ma-

1074 358 1116 393 gis
1139 357 1205 383 illud
1228 358 1320 386 timeo,
1344 366 1375 383 ne
1397 357 1462 383 mihi
1479 358 1513 383 sit
1530 358 1693 384 invidiosum
1715 357 1867 392 aliquando,

1052 407 1053 421 ι
1074 394 1146 429 quod
1169 394 1245 420 illum
1267 395 1402 420 emiserim
1425 395 1527 429 potius,
1550 403 1631 430 quarn
1647 395 1718 430 quod
1734 395 1868 421 ciet-erim.

1076 433 1127 457 Sed
1139 440 1223 466 quum
1236 432 1290 458 sint
1302 432 1436 462 homines,
1459 432 1507 466 qui
1524 431 1615 461 illum,
1637 441 1721 467 quum
1735 432 1869 467 protectus

1075 470 1123 498 sit,
1146 470 1259 495 eiectum
1277 469 1449 499 essedicant,
1473 469 1564 499 iidem,
1587 470 1608 495 si
1621 469 1776 495 interiectus
1788 474 1868 498 esset.

1075 506 1140 542 quid
1153 506 1289 532 dicerent‘?
1302 507 1515 542 ttiQuamquam
1529 507 1581 535 isti,
1595 506 1787 541 quiCatilinam
1801 507 1870 533 Mas-

1076 545 1162 570 siliam
1185 545 1221 570 irc
1241 544 1376 574 dictitant,
1401 553 1450 570 non
1469 549 1520 570 tam
1539 544 1586 570 hoc
1601 548 1765 579 queruntur,
1788 552 1869 579 quam

1077 586 1210 608 verentur.
1233 582 1316 607 Nemo
1326 587 1365 607 est
1379 582 1488 607 istorum
1502 586 1553 607 tarn
1567 581 1781 616 misericors,qui
1793 581 1869 607 illum

1077 628 1128 645 non
1140 619 1172 645 nd
1186 619 1324 649 Manlium,
1337 628 1418 654 quam
1431 618 1462 644 ad
1475 618 1657 645 Massilienses
1670 619 1707 644 ire
1719 618 1807 644 malit:
1825 618 1870 644 illc

1076 662 1163 682 autem
1175 677 1179 686 ,
1194 657 1215 682 si
1229 656 1396 682 mehercules
1409 657 1470 686 hoc,
1483 656 1555 691 quod
1567 657 1635 692 agit,
1650 664 1798 690 numquam
1811 660 1870 682 ante

1076 695 1230 729 cogitasset,
1255 699 1341 720 tamen
1365 694 1563 720 latrocinantem
1585 703 1614 719 se
1636 693 1747 719 interfici
1769 692 1868 722 mallet,

1075 740 1156 767 quam
1169 731 1289 757 exsulem
1303 732 1403 757 vivere.
1436 732 1511 757 Nunc
1524 739 1598 761 vero,
1612 739 1696 766 quum
1709 731 1733 756 ei
1745 729 1812 756 nihil
1824 729 1871 756 ad-

1077 770 1128 795 huc
1145 774 1246 803 praeter
1263 769 1349 803 ipsius
1367 768 1528 794 voluntatem
1544 768 1787 804 cogitationemque
1802 767 1871 793 acci-

1075 807 1156 836 derit,
1176 807 1226 832 nisi
1239 806 1310 841 quod
1325 807 1394 832 vivis
1406 807 1483 832 nobis
1496 806 1576 832 Roma
1589 805 1723 840 proiectus
1734 809 1782 835 est,
1795 809 1870 840 opte-

1077 853 1136 870 mus
1150 845 1247 878 potius,
1263 849 1290 869 ut
1302 849 1342 869 cat
1354 844 1379 869 in
1391 843 1528 872 exsilium,
1542 852 1622 878 quam
1635 851 1789 878 queramur.

1132 882 1196 907 vul.
1218 882 1256 907 ¹7.
1279 881 1330 907 Sed
1347 890 1394 907 cur
1410 880 1511 906 tamdiu
1523 881 1555 907 de
1568 890 1620 907 uno
1632 880 1707 906 hoste
1723 879 1868 915 loquimur,

1052 959 1053 962 ’
1075 965 1170 991 quem,
1183 957 1260 990 (pria,
1274 956 1346 990 quod
1358 965 1464 990 semper
1476 956 1562 984 volui,
1576 964 1669 981 murus
1681 955 1803 985 interest,
1819 963 1870 980 non

1077 995 1169 1020 timeo:
1188 994 1220 1019 de
1233 994 1288 1024 his,
1301 994 1347 1028 qui
1360 993 1541 1022 dissimulant,
1555 993 1601 1027 qui
1615 993 1711 1018 Romae
1723 995 1868 1021 remanent,

1053 1037 1054 1042 ¹
1076 1031 1122 1066 qui
1136 1031 1276 1057 nobiscum
1289 1035 1360 1060 sunt,
1378 1030 1443 1056 nihil
1456 1030 1591 1056 dicimus?
1605 1029 1677 1062 Quos
1688 1029 1798 1064 quidem
1811 1037 1868 1064 ego,

1076 1069 1098 1095 si
1112 1069 1167 1095 ullo
1179 1068 1256 1094 modo
1268 1069 1323 1094 lieri
1336 1068 1429 1102 possit,
1444 1076 1494 1094 non
1508 1072 1559 1093 tam
1573 1067 1665 1094 ulcisci
1677 1067 1870 1101 studeo,quam

1076 1115 1182 1136 sanare,
1197 1111 1221 1132 et
1234 1107 1306 1140 ipsos
1319 1106 1423 1140 placare
1435 1105 1610 1139 reipublicae,
1635 1112 1736 1139 neque,
1750 1104 1777 1130 id
1788 1111 1871 1138 quare

1077 1144 1132 1170 fieri
1145 1152 1196 1170 non
1209 1144 1302 1178 possit,
1316 1143 1394 1169 sime
1405 1143 1497 1168 audire
1510 1142 1611 1173 volunt,
1625 1142 1755 1177 intelligo.
1781 1141 1872 1175 Expo-

1076 1190 1137 1207 nam
1149 1181 1220 1207 enim
1233 1181 1318 1210 vobis,
1331 1180 1457 1212 Quirites,
1471 1188 1504 1206 ex
1514 1180 1616 1215 quibus
1627 1179 1772 1215 generibus
1784 1178 1872 1205 homi-

1077 1227 1140 1245 num
1153 1219 1218 1244 istae
1229 1218 1320 1252 copiae
1331 1222 1532 1252 comparentur3
1549 1217 1646 1243 deinde
1657 1216 1774 1252 singulis
1786 1215 1872 1242 medi-

1075 1256 1162 1282 cinam
1174 1255 1278 1282 consilii
1291 1260 1370 1290 atque
1385 1255 1512 1281 orationis
1528 1262 1614 1285 meae,
1632 1254 1656 1280 si
1672 1262 1753 1289 quam
1769 1257 1869 1288 potero.

1052 1293 1054 1302 '
1075 1293 1192 1320 afferam.
1226 1295 1266 1318 18.
1284 1293 1371 1319 Unum
1383 1301 1469 1328 genus
1481 1296 1521 1318 est
1532 1300 1639 1322 eorum,
1657 1299 1718 1326 qui,
1736 1291 1871 1327 magnoin

1075 1340 1134 1357 aere
1145 1330 1245 1361 alieno,
1263 1330 1376 1356 maiores
1388 1330 1467 1355 etiam
1480 1329 1664 1364 possessiones
1676 1328 1787 1359 habent,
1804 1336 1872 1363 qua-

1075 1377 1135 1395 rum
1147 1376 1236 1394 amore
1247 1367 1354 1394 adducti
1367 1366 1478 1393 dissolvi
1491 1366 1566 1394 nullo
1577 1366 1655 1393 modo
1666 1370 1789 1401 possunt.
1820 1366 1872 1392 Ho-

1076 1415 1135 1432 rum
1157 1405 1298 1431 hominum
1319 1405 1423 1440 species
1439 1409 1479 1430 est
1495 1404 1698 1436 honestissima3
1720 1407 1783 1430 sunt
1798 1403 1870 1429 enim

1077 1443 1236 1478 locupletes:
1260 1442 1384 1469 voluntas
1401 1450 1463 1469 vero
1478 1446 1503 1468 et
1517 1450 1612 1468 caussa
1625 1440 1869 1476 impudentissima.

1074 1519 1202 1545 omnibus
1216 1522 1326 1544 ornatus
1342 1521 1367 1543 et
1382 1517 1507 1552 copiosus
1523 1517 1574 1547 sis,
1597 1521 1622 1543 et
1637 1516 1746 1542 dubites
1761 1515 1795 1542 de
1808 1523 1872 1550 pos-

1075 1556 1194 1582 sessione
1215 1555 1366 1584 detrahere,
1389 1554 1526 1589 acquirere
1542 1554 1574 1580 ad
1591 1552 1689 1580 fidem?
1707 1552 1778 1586 Quid
1798 1553 1870 1579 enim

1074 1592 1232 1628 exspectas?
1242 1591 1364 1618 Bellum‘?
1378 1591 1468 1624 Quid‘?
1481 1599 1543 1627 ergo
1554 1592 1580 1617 in
1594 1591 1738 1617 vastatione
1749 1591 1870 1617 omnium

1075 1636 1134 1657 tuas
1149 1630 1335 1665 possessiones
1351 1634 1531 1655 sacrosanctas
1547 1628 1650 1655 suturas
1665 1627 1762 1663 putas?
1780 1627 1821 1654 An
1832 1631 1871 1653 ta-

1073 1743 1224 1770 ctionariae.
1247 1742 1340 1776 Neque
1351 1742 1423 1767 enim
1436 1741 1489 1772 isti,
1505 1741 1552 1776 qui
1565 1740 1749 1775 possessiones
1761 1739 1868 1769 habent,

1074 1781 1124 1807 alia
1135 1781 1236 1806 ratione
1247 1779 1301 1806 ulla
1313 1778 1381 1805 salvi
1393 1787 1452 1805 esse
1463 1783 1585 1813 possunt.
1614 1777 1691 1810 Quod
1702 1777 1725 1803 si
1738 1777 1870 1803 maturius

1074 1818 1159 1844 facere
1180 1817 1343 1847 voluissent,
1366 1824 1454 1851 neque
1473 1815 1510 1851 (id
1525 1815 1598 1850 quod
1613 1815 1805 1841 stultissimum
1821 1815 1869 1848 est)

1073 1860 1173 1881 certare
1184 1863 1248 1881 cum
1260 1854 1351 1880 usuris
1364 1853 1496 1880 fructibus
1508 1853 1692 1888 praediorum:
1715 1856 1741 1878 et
1752 1850 1871 1886 locuple-

1074 1892 1188 1919 tioribus
1199 1892 1241 1918 his
1253 1896 1278 1918 et
1289 1891 1446 1917 melioribus
1457 1890 1564 1917 civibus
1577 1894 1722 1916 uteremur.
1744 1888 1796 1915 Sed
1808 1888 1871 1915 hos-

1073 1938 1102 1956 ce
1123 1930 1245 1956 homines
1265 1929 1378 1955 minime
1394 1933 1459 1963 puto
1474 1926 1715 1962 pertimescendos,
1736 1925 1810 1961 quod
1825 1930 1871 1952 aut

1073 1967 1169 1993 deduci
1181 1966 1214 1993 de
1225 1966 1354 1992 sententia
1365 1970 1487 2000 possunt,
1501 1970 1555 1994 aut,
1567 1965 1590 1991 si
1603 1963 1871 2000 permanebunt,ma·-

1072 2005 1115 2040 gis
1137 2004 1204 2030 mihi
1226 2003 1352 2030 videntur
1372 2007 1431 2029 vota
1449 2002 1542 2029 facturi
1558 2007 1647 2029 contra
1663 2000 1867 2036 rempublicam,

1073 2050 1155 2077 quam
1167 2049 1238 2067 arma
1252 2041 1340 2067 laturi.
1371 2040 1418 2066 IX.
1433 2041 1472 2066 ⁴9.
1485 2039 1606 2066 Alterum
1617 2047 1704 2076 genus
1715 2043 1755 2065 est
1766 2046 1867 2069 eorum,

1073 2080 1130 2114 qui,
1139 2087 1303 2114 quamquam
1315 2082 1475 2113 premuntur
1485 2085 1544 2103 aere
1555 2077 1650 2107 alieno,
1661 2076 1870 2103 dominationem

1073 2122 1162 2143 tamen
1174 2119 1343 2151 exspectant:
1357 2123 1445 2141 rerum
1457 2114 1537 2150 potiri
1549 2114 1655 2141 volunt:
1669 2114 1869 2148 honores,quos

1072 2154 1163 2189 quieta
1184 2153 1321 2188 republica
1341 2152 1497 2187 desperant,
1520 2152 1672 2187 perturbata
1693 2151 1821 2186 consequi
1840 2157 1870 2176 se

1072 2200 1151 2227 posse
1162 2191 1334 2217 arbitrantur.
1373 2189 1479 2222 Quibus
1495 2189 1544 2216 hoc
1560 2188 1778 2224 praecipiendum
1794 2187 1870 2214 vide-

1072 2234 1128 2260 tur,
1145 2237 1231 2254 unum
1243 2227 1345 2254 scilicet
1355 2232 1381 2253 et
1392 2227 1476 2258 idem,
1494 2226 1566 2262 quod
1577 2227 1671 2253 ceteris
1682 2225 1822 2256 omnibus.
1839 2229 1871 2252 ut

1072 2266 1223 2301 desperent,
1237 2274 1265 2291 se
1277 2265 1313 2296 id,
1326 2264 1399 2300 quod
1409 2269 1548 2295 conantur,
1560 2263 1690 2298 consequi
1701 2271 1790 2298 posse.
1810 2261 1870 2288 Pri-

1050 2314 1051 2331 ι
1073 2312 1147 2330 mum
1159 2303 1280 2329 omnium
1293 2310 1437 2336 meipsum
1453 2301 1577 2338 vigilare,
1599 2300 1706 2327 adesse.
1728 2299 1869 2335 providere

1072 2340 1246 2376 reipublicae.
1282 2339 1382 2366 Deinde
1393 2347 1504 2375 magnos
1516 2338 1619 2365 animos
1629 2346 1689 2364 esse
1699 2338 1727 2363 in
1739 2337 1816 2363 bonis
1826 2336 1869 2363 vi-

1072 2379 1123 2409 ris,
1145 2386 1270 2413 magnam
1290 2376 1472 2407 concordiam,
1494 2376 1639 2402 maximam
1654 2373 1866 2404 multitudinem,

1072 2424 1183 2451 magnas
1195 2419 1329 2450 praeterea
1344 2414 1434 2448 copias
1450 2412 1581 2444 militum;
1604 2412 1668 2439 deos
1683 2411 1801 2446 denique
1815 2411 1868 2437 im-

1072 2452 1196 2479 mortales
1209 2452 1271 2478 huic
1282 2451 1381 2478 invicto
1391 2449 1499 2485 populo,
1511 2449 1661 2476 clarissimo
1671 2449 1792 2484 imperio,
1806 2447 1868 2482 pul-

1071 2490 1219 2516 cherrimae
1235 2489 1296 2515 urbi
1311 2493 1402 2515 contra
1417 2492 1516 2514 tantam
1535 2487 1591 2513 vim
1611 2486 1721 2513 sceleris
1740 2493 1868 2520 praesen-

1072 2532 1110 2553 tes
1122 2527 1255 2553 auxilium
1267 2534 1326 2552 esse
1337 2525 1446 2552 laturos.
1486 2523 1563 2556 Quod
1574 2524 1597 2550 si
1607 2524 1661 2550 iam
1672 2523 1727 2549 sint
1737 2522 1778 2554 id,
1793 2521 1867 2558 quod

1071 2573 1132 2590 cum
1143 2572 1251 2590 summo
1262 2563 1350 2590 furore
1360 2562 1482 2597 cupiunt,
1495 2561 1598 2596 adepti:
1612 2569 1677 2587 num
1688 2559 1729 2586 illi
1739 2560 1767 2586 in
1777 2559 1866 2586 cinere

1070 2601 1150 2627 Urbis
1161 2606 1187 2628 et
1197 2601 1329 2636 sanguiue
1339 2600 1440 2626 civium
1448 2619 1454 2630 ,
1470 2607 1540 2634 quae
1551 2603 1639 2624 mente
1649 2596 1825 2624 conscelerata
1835 2604 1867 2622 ac

1071 2638 1171 2664 nefaria
1185 2638 1392 2672 concupierunt,
1414 2635 1539 2662 consules
1555 2644 1584 2662 se
1599 2644 1629 2661 ac
1643 2635 1797 2665 dictatores,
1819 2637 1867 2660 ant

1070 2676 1149 2702 etiam
1161 2683 1237 2711 reges
1248 2678 1355 2710 sperant
1366 2672 1489 2700 futuros?
1508 2673 1566 2700 Non
1576 2672 1668 2699 vident
1678 2671 1707 2699 id
1717 2680 1746 2699 se
1756 2678 1862 2706 cupere,
