1941 3052
253 131 300 153 uns
811 127 865 151 tto.
903 125 937 151 M.
972 125 1002 150 Ἰ·.

250 209 301 226 unu
314 199 360 228 sit„
379 199 505 232 ‹ptouimu
518 196 620 230 aliquid
635 197 823 224 videturesse,
839 195 911 229 quod
924 204 975 221 uon
987 194 1044 220 est‘?

249 238 345 262 Oumia
362 235 430 261 divis
446 235 487 259 ,aui
504 235 610 266 generis·
625 242 697 263 esse,
717 232 784 259 nihil
797 242 855 258 esse
869 232 953 260 idem.
971 232 1042 266 quod

249 275 284 299 sit
295 272 379 299 uliud.
422 272 538 297 Stoicum
551 275 590 296 est
601 270 711 305 quidem
720 291 726 300 ,
741 278 788 296 nec
800 269 945 295 admodum
955 269 1043 295 credi-

251 310 316 340 hilm
333 308 436 335 nullum
449 317 507 333 esst·
520 307 605 342 pilum
617 307 743 333 omuibus
756 307 836 332 rebus
849 306 940 335 talem„
955 306 1043 340 upialis

248 348 283 373 sit
295 346 366 381 pilus
378 345 456 375 alium,
472 344 576 370 nullum
589 353 714 377 granum.
739 345 807 370 llaec
820 343 903 369 refelli
917 348 1040 378 laimunt:

249 384 295 409 sed
309 391 427 417 pugnare
443 382 512 408 nolo.
539 381 578 407 Ad
592 381 617 407 id
629 382 711 411 enim,
727 381 799 416 rpiod
811 382 907 413 agitur,
922 380 988 406 niliil
1003 381 1044 406 in-

250 426 340 449 terest,
359 419 521 445 omnibusne
537 419 658 453 partibus
675 419 731 444 visa
745 417 992 447 resuiliildill'erat,
1011 427 1042 443 an
1072 446 1073 454 ἵ
1116 455 1154 481 ΚΓ
1225 455 1243 481 ss
1273 455 1326 480 ἨΠ
1385 456 1389 460 .
1556 457 1570 481 Γ
1609 456 1616 481 R

1072 481 1073 488 χ
1096 464 1111 480 ιι
1145 464 1222 490 :urys
1246 464 1278 481 ici
1301 465 1306 481 ι
1322 464 1368 485 ios,
1384 461 1417 481 ita
1429 464 1492 481 suos
1503 465 1551 482 con
1565 465 1606 491 ige
1619 462 1653 482 »at
1663 458 1780 492 sagittis:
1803 464 1888 491 quum

251 457 393 483 internosci
410 465 460 482 uon
478 457 576 490 possit,
595 457 709 482 etiamsi
722 456 834 481 differat.
875 455 941 484 Sed,
960 456 983 481 si
997 455 1043 480 lio-

249 495 352 520 miuum
365 493 515 519 similitudo
528 498 596 519 tanta
608 502 666 519 esse
682 502 732 519 non
744 497 842 527 potest,
860 502 892 518 ne
904 493 1042 525 signorum

248 530 378 566 quidem‘!
393 531 437 557 llic
450 531 526 561 milii,
542 531 559 556 L
574 532 676 565 'sippus
687 530 780 556 eodem
793 539 862 559 aere,
871 529 964 555 eadem
977 534 1043 555 tem—

249 569 384 603 pcratione
393 589 398 599 ‚
412 568 505 594 emh-m
517 540 602 598 ‹uu-lo,
620 577 688 603 aqua
697 589 702 598 ,
720 568 815 594 ceteris
826 567 967 597 omnibus,
981 576 1043 592 rcu-

249 611 304 632 tum
312 605 477 632 Alexandros
489 605 610 631 ciusdem
625 605 696 631 modi
709 605 793 631 facere
806 614 857 631 non
870 604 976 638 posset‘?
986 605 1043 636 Qua

250 644 332 677 igitur
343 643 448 669 notione
460 642 644 668 discerneres?
674 644 714 669 ⁸6.
737 642 807 674 Quid
824 642 847 667 si
864 642 889 667 in
906 641 1044 667 ciusdem-

249 680 321 706 modi
337 689 395 706 cera
411 685 518 706 centum
530 680 618 713 sigilla
635 680 684 706 hoc
696 679 795 706 annulo
807 678 985 713 impressero?
1000 688 1043 704 ev—

248 726 317 752 qune
337 718 432 752 poterit
453 718 478 743 iu
500 717 668 750 agnoscendo
683 726 742 743 esse
761 715 917 743 distinctio?
936 716 976 742 An
994 716 1042 742 tibi
1072 726 1073 760 i

1095 753 1176 785 Quid,
1190 762 1275 788 quum
1288 754 1403 787 virginis
1415 753 1494 779 tidem
1509 753 1650 788 implorat?

248 756 297 781 erit
309 754 480 790 quaerendus
491 754 648 781 annularius
664 754 763 789 aliqui,
786 754 914 789 quoniam
928 753 1042 789 gallina-

249 793 320 818 rium
334 792 460 818 invenisti
474 792 609 818 Deliacum
625 792 716 822 illum,
733 792 780 826 qui
794 800 843 817 ova
855 790 1044 823 cognosceret?

249 829 357 856 xxvu.
371 829 423 855 Sed
435 829 548 855 adhibes
559 834 641 855 artem
653 829 807 855 advocatam
818 829 897 854 etiam
905 828 1041 854 sensibus.
1072 845 1073 851 1

248 867 335 893 Pictor
347 866 428 897 videt,
441 875 509 901 quac
522 875 569 893 nos
581 875 632 893 non
645 866 783 893 videmus:
797 871 830 895 et,
847 865 928 891 simul
941 865 1043 891 inllavit

249 904 358 933 tibicen,
372 904 482 938 aperito
494 913 600 930 carmen
611 904 774 936 agnoscitur.
815 903 885 934 Quid
893 903 905 928 ἰ)
917 903 964 929 lior:
977 912 1042 929 non-

234 978 360 1013 'adquae
372 979 450 1013 pauci
462 978 600 1007 accedunt,
610 979 692 1005 nostri
704 978 814 1013 quidem
826 979 941 1009 generis,
950 978 1043 1003 admo-

247 1016 313 1042 dum
333 1024 380 1042 nec
396 1016 487 1041 videre
500 1024 547 1042 nec
559 1015 651 1042 audire
662 1012 834 1050 possumusfs
844 1016 896 1040 lam
910 1015 954 1041 illa
967 1023 1043 1049 prae-
1071 1012 1073 1018 ’

248 1053 332 1083 clara,
349 1058 448 1088 quanto
463 1054 575 1079 artificio
585 1058 656 1079 essct
669 1061 765 1079 sensus
777 1057 893 1079 nostros,
911 1058 1041 1078 mentem-

248 1098 301 1126 que
317 1094 342 1116 et
363 1095 442 1117 totam
461 1091 686 1117 constructionem
708 1090 826 1116 hominis
848 1089 974 1115 fabricata
996 1098 1043 1115 na-

248 1128 319 1154 tura!
333 1136 381 1153 cur
393 1136 443 1153 non
455 1129 628 1153 extimescam
644 1127 772 1162 opinandi
788 1126 980 1153 temeritatem?
1000 1127 1041 1152 87.

248 1165 369 1191 Etiamne
387 1165 435 1190 lioc
452 1164 583 1191 aslirmare
599 1169 687 1199 potes,
706 1163 831 1194 Luculle,
850 1173 909 1190 esse
924 1164 1042 1198 aliquam

248 1203 314 1233 vim,
328 1210 389 1228 cum
402 1201 544 1236 prudentia
555 1207 580 1228 et
590 1202 702 1228 consilio
713 1201 829 1231 scilicet,
842 1210 912 1235 quae
924 1201 1041 1230 finxerit,

249 1239 305 1270 vel,
323 1244 352 1265 ut
368 1244 411 1265 tuo
428 1239 509 1264 verbo
526 1243 597 1269 utar,
619 1247 688 1273 quae
705 1238 831 1264 fabricata
843 1239 878 1264 sit
889 1237 1045 1265 hominem?

247 1276 341 1308 Qualis
358 1277 406 1302 ista
423 1275 521 1302 fabrica
537 1275 594 1302 est‘?
612 1276 660 1302 ubi
675 1274 814 1302 adhibita?
834 1275 961 1310 quando‘?
979 1274 1045 1301 cur‘?

247 1322 301 1348 quo
322 1312 418 1339 modo?
447 1313 603 1340 Tractantur
624 1314 672 1340 ista
694 1313 846 1348 ingeniose:
872 1313 1045 1348 disputantur

248 1351 327 1377 ctiam
343 1350 487 1385 eleganter.

248 1393 355 1414 mentur
371 1387 459 1414 modo.
498 1387 550 1414 Sed
563 1388 595 1414 de
611 1388 734 1424 physicis
750 1396 826 1419 mox,
844 1392 869 1414 et
884 1388 996 1423 quidem
1010 1387 1044 1414 ob

247 1434 305 1452 eam
317 1433 450 1456 caussam,
459 1433 492 1451 ne
504 1430 540 1455 tu,
553 1426 600 1460 qui
613 1425 684 1451 idem
696 1433 738 1451 me
751 1424 883 1451 facturum
894 1425 986 1460 paullo
996 1434 1045 1451 an-

248 1468 272 1489 te
283 1462 394 1493 dixeris,
409 1462 517 1489 videare
528 1463 666 1489 mentitus.
707 1461 761 1488 Sed
772 1467 801 1488 ut
812 1462 846 1488 ad
857 1471 896 1494 ea,
909 1471 979 1497 quae
990 1462 1045 1489 cla-

247 1501 316 1526 riora
327 1504 399 1531 sunt,
413 1500 534 1526 veniam:
548 1508 590 1526 res
601 1500 654 1526 iam
666 1500 808 1526 universas
822 1499 997 1534 profundam3
1011 1499 1044 1526 de

246 1537 349 1572 quibus
370 1536 507 1563 volumina
529 1536 639 1572 impleta
654 1542 718 1563 sunt
733 1545 785 1564 non
801 1545 814 1563 a
831 1538 928 1564 nostris
943 1537 1042 1568 solum,

247 1574 294 1601 sed
305 1575 385 1600 etiam
397 1582 411 1600 a
422 1574 584 1610 Chrysippo.
596 1590 633 1594 —
653 1575 688 1600 De
700 1583 753 1608 quo
764 1575 842 1609 queri
853 1574 941 1601 solent
950 1574 1042 1605 Stoici,

247 1612 312 1638 dum
334 1611 453 1638 studiose
475 1612 566 1638 omnia
585 1612 764 1646 conquisierit
780 1616 869 1638 contra
885 1620 996 1642 sensuS,
1019 1617 1045 1638 et

247 1649 482 1684 perspicuitatem,
511 1654 656 1684 contraque
680 1657 787 1675 omnem
819 1649 1044 1676 consuetudinem

247 1691 392 1720 contraque
408 1687 551 1717 rationem,
569 1687 659 1720 ipsum
670 1686 725 1712 sibi
735 1686 955 1721 respondentem,
974 1685 1044 1713 infe-

247 1724 345 1750 riorem
356 1722 454 1749 fuisse:
478 1724 568 1758 itaque
581 1723 615 1750 ab
626 1727 860 1750 eoarmatumesse
867 1724 1042 1751 Carneadem.

247 1776 284 1780 —
307 1762 349 1786 88.
370 1761 408 1786 Ea
423 1765 486 1786 sunt
504 1760 651 1791 eiusmodi,
674 1768 744 1795 quae
760 1769 774 1787 a
790 1766 815 1787 te
831 1760 1042 1796 diligentissime

249 1802 355 1824 tractata
371 1802 444 1824 sunt,
484 1798 679 1824 Dormientium
691 1802 716 1824 et
727 1797 927 1824 vinolentorum
938 1803 964 1824 et
975 1798 1044 1825 furi-

247 1843 356 1862 osorum
367 1835 426 1860 visa
437 1834 614 1861 imbecilliora
625 1843 684 1861 esse
695 1834 804 1860 dicebas
812 1855 818 1865 ,
831 1843 912 1869 quam
925 1835 1044 1871 vigilan-

248 1873 315 1899 tium
324 1892 330 1902 ,
343 1872 486 1902 siccorum,
499 1880 636 1898 sanorum.
677 1871 735 1903 Quo
750 1871 847 1898 modo?
866 1871 944 1904 Quia,
957 1881 1043 1907 quum

247 1914 420 1943 experrectus
435 1914 505 1935 esset
515 1909 632 1940 Ennius,
649 1916 701 1934 non
713 1908 822 1939 diceret,
835 1917 864 1935 se
877 1909 980 1936 vidisse
991 1911 1044 1937 Ho—

249 1954 364 1976 merum,
377 1945 425 1972 sed
437 1946 527 1972 visum
537 1954 611 1972 esse:
633 1945 758 1972 Alcmaeo
769 1951 872 1972 autem:

631 1997 668 2002 —
678 1998 715 2002 —
725 1983 776 2010 Sed
786 1985 846 2010 mihi
858 1986 1006 2018 nentiquam

302 2022 346 2046 00⁴1·
357 2022 485 2046 consentit.
497 2034 534 2039 —
543 2035 580 2040 —

247 2056 352 2084 Similia
363 2056 396 2083 de
408 2056 562 2083 vinolentis.
603 2057 685 2089 Quasi
696 2057 842 2092 quisquam
857 2063 944 2093 neget,
958 2059 1042 2093 etqui

247 2099 420 2129 experrectus
431 2094 479 2125 sit,
498 2103 560 2120 eum
571 2095 689 2125 somnia,
711 2099 750 2125 et,
767 2096 847 2121 cuius
864 2095 937 2121 furor
947 2104 1043 2121 conse-

247 2132 325 2162 derit,
343 2136 436 2166 putare
451 2140 502 2158 non
516 2130 600 2157 fuisse
611 2140 641 2158 ea
653 2140 724 2163 vera,
737 2141 806 2166 quae
818 2137 907 2158 essent
918 2133 971 2158 sibi
985 2133 1042 2159 visa

246 2169 275 2195 in
292 2168 390 2195 surore.
431 2168 484 2194 Sed
499 2177 551 2195 non
563 2168 589 2194 id
601 2169 703 2204 agitur:
726 2173 792 2200 tum,
806 2178 892 2204 quum
903 2170 1039 2201 videntur,

246 2214 301 2241 quo
316 2205 396 2232 modo
408 2205 596 2237 videbantur*,
614 2205 641 2232 id
653 2207 800 2240 quaeritur.
842 2207 901 2233 Nisi
913 2215 976 2233 vero
986 2207 1042 2234 En—

246 2244 323 2270 nium
335 2251 387 2269 non
399 2248 524 2277 putamus
537 2244 572 2270 ita
584 2248 667 2270 totum
678 2243 747 2270 illud
758 2243 908 2275 audivisse,

303 2280 416 2313 Opielas
429 2283 517 2309 (muni,

246 2318 270 2344 si
284 2317 363 2344 modo
375 2316 402 2343 id
413 2318 566 2347 somniavit,
580 2322 610 2344 ut
619 2318 643 2344 si
655 2317 772 2353 vigilans
783 2317 898 2344 audiret.
937 2319 1043 2353 Exper—

246 2360 334 2381 rectus
350 2355 422 2381 enim
434 2355 520 2389 potuit
531 2354 576 2380 illa
588 2355 647 2381 visa
657 2360 766 2389 putare,
783 2360 813 2381 ut
824 2360 907 2387 erant,
921 2356 1039 2382 somnia:

245 2391 389 2418 dormienti
401 2400 464 2418 vero
475 2400 559 2427 aeque
571 2400 600 2418 ac
611 2391 737 2427 vigilanti
747 2392 939 2427 probabantur.
952 2392 1042 2425 Quid?

246 2428 328 2455 Iliona
339 2438 433 2455 somno
445 2428 500 2460 illo,

301 2466 393 2495 Mater,
409 2471 431 2492 te
441 2468 555 2499 appello.-
566 2481 603 2485 ——

246 2510 333 2528 nonne
348 2503 384 2528 ita
400 2503 484 2529 credit
501 2503 586 2529 filium
603 2502 731 2534 locutum,
749 2508 779 2530 ut
788 2509 943 2538 experrecta
957 2504 1038 2531 etiam

245 2538 382 2565 erederet?
401 2539 476 2566 Unde
488 2541 560 2566 enim
572 2539 631 2566 illa:
647 2555 684 2559 —

301 2577 352 2608 Aye
369 2575 479 2612 [11‹1]st(z:
504 2586 589 2604 inane:
609 2578 685 2604 audi!
702 2579 976 2604 iteradumeudemnwt
988 2581 1039 2604 ista

605 2635 616 2641 ,
776 2615 826 2640 mi!
968 2625 981 2639 ο

246 2656 310 2675 num
323 2648 429 2676 videtur
438 2650 568 2677 minorem
580 2650 679 2678 habere
690 2651 767 2682 visis,
784 2659 865 2686 quam
882 2651 1035 2688 vigilantes,

528 1351 648 1386 Denique
663 1350 807 1377 videantur
821 1359 899 1380 sane.
923 1359 955 1376 ne
970 1349 1045 1376 affir-
1073 1375 1074 1380 ,

1038 125 1323 151 (ΣΗΖΙίΙίΟΝΙΒ

1071 196 1073 228 J
1096 195 1194 220 lidem‘!
1225 196 1342 221 xxvm.
1362 198 1402 222 89.
1422 196 1493 228 Quid
1515 197 1606 231 loquar
1621 197 1654 223 ἀι·
1673 197 1793 223 inmuni-s?
1815 199 1886 229 Qua—

1097 233 1129 258 lis
1141 232 1246 258 tandem
1259 232 1307 258 suu
1317 233 1406 259 artinis
1419 238 1489 263 tuus.
1505 234 1606 263 Catule,
1620 234 1788 260 Tuditanus?
1806 235 1887 266 Quis-

1095 278 1175 303 quam
1192 270 1353 295 »attissimus
1370 276 1421 296 tam
1433 275 1502 296 certa
1515 276 1602 305 ριιιὶιι,
1621 280 1689 305 upum·
1704 272 1788 301 mle-1,
1805 280 1887 307 quam

1097 307 1119 332 is
1130 307 1249 341 putabat,
1263 316 1331 341 quac
1348 307 1526 333 videbantur?
1545 308 1615 340 Quid
1630 309 1682 336 mv,
1696 310 1752 343 qui,

1157 344 1237 372 Viden,
1251 347 1322 369 rust-n
1333 349 1364 370 le.
1411 345 1475 373 l't'rr,
1491 345 1587 372 (Ἧι-ει,
1600 348 1659 371 dum
1672 348 1742 371 stret:

1096 389 1183 407 nonnc
1199 381 1279 406 etiam
1297 381 1339 407 liis
1355 390 1382 406 se
1394 381 1555 407 exclamavit
1567 382 1666 410 videre.
1683 391 1768 417 quum
1779 383 1889 408 omnino

1096 427 1146 444 non
1161 417 1280 444 videret?
1289 418 1380 450 Quid?
1392 418 1463 453 apud
1476 419 1632 453 Euripidem
1645 420 1779 449 llcrcules,
1792 428 1887 454 «μιιιῐιι,

1097 501 1207 518 uxorem
1221 493 1402 521 interimebat,
1426 502 1510 527 quum
1523 493 1669 519 conabatur
1679 495 1757 520 ctiam
1770 499 1886 528 patrem:

1097 538 1146 555 non
1169 530 1280 564 perinde
1301 530 1458 556 movebatur
1478 530 1566 560 salsis,
1591 535 1619 556 ut
1636 532 1705 556 veris
1722 530 1890 556 moveretur?

1064 590 1073 600 '¹
1095 567 1184 599 Quid?
1206 568 1263 601 ipsc
1275 567 1399 593 Alcmaeo
1411 572 1481 596 tuus,
1499 568 1547 602 qui
1560 572 1638 600 negat
1649 576 1693 593 cor
1702 570 1751 593 eibi
1762 577 1817 594 cum
1828 576 1888 594 ocu·

1096 607 1127 630 [ιιι
1139 607 1288 632 consentire,
1301 612 1387 631 nonne
1400 604 1500 630 ibidem
1515 605 1622 631 incitato
1634 604 1734 631 furore:

1150 657 1186 661 —
1199 642 1269 667 I'mle
1278 644 1339 668 haec
1350 644 1452 674 fltimmtt
1462 643 1566 668 oriem-11

1095 684 1120 706 ct
1133 678 1175 705 illa
1188 679 1325 713 deinceps,

1152 717 1247 744 Incede,
1262 719 1359 743 incede.-
1380 719 1482 746 misum,
1494 718 1602 742 adsunt:
1617 725 1662 745 me,
1676 725 1713 742 me
1723 720 1850 749 expetunt.

1151 791 1200 817 Fer
1211 794 1244 816 mi
1255 793 1399 817 mixue'um:
1418 796 1511 824 peslem
1522 794 1595 823 cibiye
1605 800 1621 817 a
1633 799 1684 816 me:

1149 830 1330 861 flammiferam
1341 830 1407 854 Ιυιηε
1419 831 1476 857 ι’ἰηι,
1489 837 1554 861 qaue
1566 837 1603 853 me
1612 829 1762 854 excruciat!

1153 865 1278 891 Caci-aileu
1291 868 1418 891 int-inemo
1427 868 1507 898 (niqui
1519 868 1653 891 ''m-edunt.-

1150 905 1316 929 circumstant
1328 912 1384 928 cum
1394 904 1536 928 ardentibu'
1547 905 1635 928 laedi-3.
1647 916 1683 921 —

249 951 282 968 ne
299 941 406 967 videtur
420 946 510 967 eontra
526 946 550 967 te
566 938 667 971 valere,
685 942 708 967 si
724 942 782 967 sine
794 941 899 975 magnis
911 941 1040 969 artificiis.
1071 947 1073 966 1
1095 941 1165 966 Num
1182 939 1304 970 dubitas,
1322 941 1388 975 quin
1401 939 1454 965 sibi
1467 939 1532 966 haec
1544 939 1635 966 videre
1649 938 1790 965 videatur?
1810 938 1888 963 uem-

1071 993 1073 998 ·
1094 986 1148 1013 que
1160 982 1246 1003 cetera
1257 987 1261 1003 :

1150 1015 1259 1041 lim-‘mm
1270 1017 1379 1040 crinitus
1390 1016 1479 1047 Apollo

1149 1061 1235 1078 art-om
1247 1055 1364 1077 niiralom
1376 1053 1436 1077 Imm
1450 1054 1569 1077 ''rarii-rus:

1151 1090 1236 1114 Ditinn
1247 1091 1327 1122 sut-em
1338 1091 1401 1114 iacit
1411 1092 1427 1113 ά
1440 1090 1523 1114 [πει-ιι.

1095 1128 1136 1152 90.
1154 1125 1206 1158 Qui
1222 1127 1308 1161 magis
1321 1125 1386 1151 baec
1396 1125 1528 1155 crederet,
1547 1125 1570 1151 si
1581 1129 1684 1153 essent,
1701 1131 1783 1158 quam
1794 1123 1888 1150 crede-

1095 1164 1148 1193 bat,
1171 1163 1235 1197 quia
1257 1162 1436 1189 videbantur?
1465 1163 1582 1197 Apparet
1601 1162 1673 1192 em'm
1694 1162 1746 1187 iam
1767 1170 1812 1187 cor
1831 1170 1887 1187 cum

1095 1202 1176 1227 oculis
1192 1202 1342 1226 consentire.
1382 1199 1478 1226 Omnia
1490 1204 1579 1225 autem
1591 1198 1656 1225 haec
1667 1198 1847 1233 proferuntur.
1861 1203 1891 1224 ut

1096 1237 1165 1264 illud
1177 1237 1317 1268 efficiatur,
1331 1245 1385 1272 quo
1395 1238 1496 1263 certius
1507 1236 1575 1263 nibil
1588 1240 1757 1271 potestesse:
1773 1236 1891 1261 intervi—

1096 1284 1124 1301 sa
1146 1283 1207 1301 vera
1229 1279 1254 1301 et
1271 1274 1336 1300 falsa
1357 1274 1390 1300 ad
1406 1275 1490 1300 animi
1505 1282 1646 1300 assensum
1665 1272 1733 1299 nihil
1749 1273 1888 1299 iuteresse.

1096 1313 1149 1339 Vos
1160 1317 1249 1338 autem
1261 1312 1328 1338 nihil
1341 1312 1524 1347 agitis,quum
1536 1310 1581 1337 illa
1593 1310 1659 1337 falsa
1667 1309 1888 1339 velsuriosorum,

1096 1349 1139 1376 vel
1150 1350 1343 1376 somniantium
1356 1348 1536 1375 recordatione
1548 1349 1668 1383 ipsorum
1680 1346 1812 1374 refellitis.
1832 1347 1890 1373 Non

1096 1388 1168 1413 enim
1181 1386 1208 1413 id
1218 1387 1366 1422 quaeritur,
1374 1386 1463 1421 qualis
1474 1385 1621 1413 recordatio
1632 1384 1688 1411 fleri
1698 1384 1888 1414 soleateorum,

1073 1417 1075 1435 ⁵
1095 1425 1144 1460 qui
1158 1425 1306 1459 experrecti
1318 1424 1385 1455 sint,
1401 1428 1447 1450 aut
1456 1423 1614 1458 eorum‚qui
1626 1421 1713 1448 furere
1724 1421 1888 1448 destiterint:

1095 1461 1143 1488 sed
1153 1461 1243 1496 qualis
1254 1462 1324 1488 visio
1336 1461 1416 1487 suerit
1426 1465 1472 1487 aut
1484 1460 1630 1487 furentium
1641 1464 1686 1486 aut
1697 1459 1889 1486 somniantium

1096 1504 1163 1529 tum,
1179 1507 1265 1534 quum
1275 1498 1523 1525 commovebantur.
1544 1496 1596 1524 Sed
1608 1497 1674 1523 abeo
1685 1505 1699 1523 a
1710 1496 1847 1523 sensibus.

1152 1538 1194 1562 91.
1215 1536 1287 1568 Quid
1301 1540 1354 1566 est,
1372 1535 1445 1571 quod
1456 1535 1556 1562 ratione
1568 1534 1670 1569 percipi
1682 1532 1784 1569 possit?
1803 1532 1891 1560 Diale-

1095 1575 1191 1600 cticam
1213 1574 1349 1600 inventam
1365 1581 1425 1599 esse
1440 1572 1544 1602 dicitis.
1561 1572 1655 1598 veriet
1669 1571 1728 1597 falsi
1740 1571 1818 1606 quasi
1832 1570 1890 1597 dis-

1095 1611 1266 1645 ceptatricem
1288 1615 1314 1637 et
1334 1610 1463 1636 iudicem.
1503 1609 1588 1636 Cuius
1608 1609 1702 1635 veriet
1723 1607 1802 1635 falsi?
1820 1608 1889 1634 etin

1095 1657 1148 1683 qua
1160 1647 1206 1674 re?
1225 1649 1253 1674 In
1269 1648 1463 1683 geometriane,
1485 1646 1552 1681 quid
1567 1646 1603 1672 sit
1617 1654 1712 1672 verum
1723 1650 1768 1672 aut
1779 1644 1887 1674 falsum.

1095 1685 1253 1711 dialecticus
1269 1684 1413 1714 iudicabit,
1435 1684 1508 1710 auin
1528 1683 1636 1713 litteriS,
1665 1691 1699 1709 au
1717 1683 1744 1708 in
1759 1681 1891 1708 musicis?

1095 1723 1128 1749 At
1141 1730 1171 1748 ea
1182 1730 1234 1748 non
1246 1722 1330 1748 novit.
1364 1722 1391 1748 ln
1398 1720 1570 1756 philosophia
1582 1720 1674 1755 igitur.
1715 1718 1759 1746 Sol
1771 1724 1889 1754 quantus

1095 1760 1138 1789 sit,
1157 1759 1224 1793 quid
1238 1759 1271 1785 ad
1284 1758 1380 1785 illum?
1410 1757 1486 1790 Quod
1498 1758 1533 1784 sit
1543 1765 1681 1783 summum
1694 1756 1804 1786 bonum,
1821 1756 1889 1791 quid

1096 1796 1184 1826 habet,
1199 1801 1227 1822 ut
1238 1801 1318 1831 queat
1330 1795 1467 1822 iudicare‘?
1479 1794 1551 1827 Quid
1563 1795 1647 1830 igitur
1658 1792 1807 1820 iudicabit?
1819 1802 1889 1828 quae

1095 1834 1261 1862 coniunctio,
1283 1842 1353 1868 quae
1368 1833 1514 1859 disiunctio
1529 1840 1592 1858 vera
1607 1832 1654 1862 sit,
1677 1831 1744 1866 quid
1760 1830 1888 1866 ambigue

1094 1870 1197 1897 dictum
1211 1871 1259 1901 sit.
1277 1870 1344 1905 quid
1355 1875 1484 1905 sequatur
1494 1877 1631 1904 quamque
1643 1877 1712 1899 rem,
1729 1867 1797 1903 quid
1808 1876 1889 1902 repu-

1094 1907 1175 1943 gnet‘?
1203 1907 1231 1934 Si
1248 1907 1313 1933 haec
1326 1912 1352 1934 et
1368 1907 1463 1933 horum
1479 1906 1580 1933 similia
1596 1906 1710 1935 iudicat,
1732 1905 1766 1932 de
1785 1913 1814 1931 se
1830 1905 1888 1940 ipsa

1095 1944 1205 1971 iudicat.
1245 1944 1310 1971 Plus
1325 1950 1414 1971 autem
1429 1944 1616 1979 pollicebatur.
1661 1944 1728 1969 Nam
1746 1942 1812 1969 haec
1825 1942 1889 1977 qui-

1094 1982 1156 2008 dem
1169 1981 1288 2008 iudicare
1299 1981 1333 2008 ad
1344 1987 1445 2008 ceteras
1455 1990 1508 2013 reS,
1524 1989 1594 2016 quae
1604 1981 1705 2007 suntin
1716 1979 1888 2015 philosophia

1095 2019 1194 2045 multae
1209 2024 1289 2054 atque
1305 2027 1430 2055 magnae,
1453 2027 1504 2045 non
1521 2023 1562 2045 est
1577 2018 1652 2044 satis.
1693 2018 1735 2044 92.
1751 2016 1805 2043 Sed
1819 2024 1889 2051 quo-

1095 2057 1166 2083 niam
1186 2061 1288 2083 tantum
1304 2057 1332 2083 in
1343 2065 1373 2083 ea
1384 2061 1439 2083 arte
1449 2056 1559 2091 ponitiS,
1580 2054 1678 2085 videte,
1695 2063 1727 2081 ne
1737 2058 1828 2080 contra
1840 2061 1888 2080 vos

1071 2109 1072 2114 =
1094 2099 1146 2120 tota
1168 2098 1228 2120 nata
1250 2094 1298 2120 sit:
1329 2102 1399 2128 quae
1419 2094 1506 2128 primo
1526 2100 1671 2128 progressu
1692 2091 1788 2118 festive
1807 2089 1888 2117 tradit

1093 2131 1224 2157 elementa
1237 2130 1364 2165 loquendi
1376 2135 1402 2157 et
1414 2128 1887 2166 ambiguorumintelligentiamoon-

1093 2167 1275 2202 cludendique
1290 2169 1434 2198 rationem,
1451 2172 1518 2198 tum,
1536 2167 1630 2202 paucis
1641 2166 1748 2196 additis,
1766 2165 1839 2191 venit
1852 2164 1886 2190 ad

1093 2206 1201 2235 soritas,
1225 2204 1360 2231 lubricum
1376 2213 1440 2232 sane
1454 2209 1479 2231 et
1490 2204 1672 2239 periculosum
1685 2203 1785 2234 locum3
1812 2201 1886 2236 quod

1094 2247 1122 2269 tu
1143 2241 1222 2268 modo
1242 2241 1352 2268 dicebas
1370 2251 1430 2269 esse
1447 2243 1576 2269 vitiosum
1591 2239 1772 2276 interrogandi
1785 2247 1883 2274 genus.

1093 2279 1194 2305 XXIX.
1211 2279 1282 2311 Quid
1299 2279 1380 2315 ergo‘?
1399 2280 1478 2306 istius
1492 2280 1552 2305 vitii
1563 2287 1628 2305 num
1639 2282 1726 2304 nostra
1737 2275 1816 2310 culpa
1827 2275 1886 2302 est?

1093 2317 1192 2342 Rerum
1203 2321 1296 2343 natura
1308 2316 1410 2343 nullam
1422 2316 1500 2343 nobis
1511 2313 1881 2351 deditoognitionemfinium‚

1093 2359 1122 2380 ut
1140 2353 1195 2379 ulla
1212 2355 1238 2379 in
1251 2362 1278 2380 re
1293 2359 1409 2380 statuere
1424 2354 1570 2388 possimus,
1583 2356 1728 2388 quatenus.
1767 2351 1822 2376 Nec
1833 2350 1884 2377 hoc

1093 2392 1121 2417 in
1141 2399 1236 2417 acervo
1257 2391 1338 2417 tritici
1357 2391 1459 2422 solum,
1481 2390 1553 2417 unde
1569 2397 1665 2416 nomen
1680 2392 1733 2418 est,
1749 2387 1797 2413 sed
1809 2387 1882 2414 nulla

1092 2429 1202 2454 omnino
1217 2428 1244 2454 in
1260 2436 1287 2454 re
1303 2429 1458 2455 minutatim
1474 2427 1641 2462 interrogati:
1663 2424 1750 2455 dives,
1764 2433 1879 2459 pauper-3

1092 2465 1194 2496 clarus.
1211 2465 1344 2492 obscurus
1358 2466 1406 2498 sit3
1429 2464 1522 2495 multa,
1538 2471 1637 2499 pauca3
1661 2470 1766 2497 magna,
1783 2470 1879 2496 parva;

1093 2502 1185 2538 longa,
1208 2502 1314 2534 brevia;
1339 2502 1403 2533 lata,
1420 2506 1547 2537 angusta:
1569 2505 1669 2535 quanto
1679 2504 1724 2525 aut
1735 2498 1826 2525 addito
1836 2503 1883 2525 aut

1091 2539 1200 2574 dempto
1210 2544 1313 2566 certum
1320 2539 1538 2574 respondeamus.
1545 2546 1598 2564 non
1605 2537 1791 2563 habemus.—
1799 2537 1840 2562 93.
1849 2536 1882 2562 At

1091 2577 1182 2603 vitiosi
1198 2581 1261 2602 sunt
1276 2577 1382 2603 soritae.
1399 2591 1436 2595 —
1455 2575 1580 2610 Frangite
1594 2575 1678 2610 igitur
1692 2582 1751 2604 eos,
1768 2574 1793 2600 si
1805 2577 1881 2608 pote-

1090 2614 1148 2644 stis,
1162 2621 1195 2640 ne
1207 2612 1312 2640 molesti
1326 2615 1389 2640 sint.
1419 2613 1505 2639 Erunt
1514 2612 1596 2642 enim,
1609 2611 1663 2637 nisi
1673 2611 1784 2637 cavetis.
1810 2610 1881 2637 Cau-

1091 2655 1147 2677 tum
1162 2655 1212 2682 est,
1229 2651 1327 2685 inquit.
1366 2649 1455 2676 Placet
1465 2649 1538 2675 enim
1549 2648 1710 2684 Chrysippo.
1723 2655 1809 2683 quum
1817 2655 1882 2683 gra—
