1941 3052
727 152 1054 180 FRAGMENTA.

68 230 138 252 esset
148 225 180 251 de
192 233 219 251 re
230 223 384 259 pecuniaria
396 223 665 259 conti·oversm,quod
673 223 801 250 damnum
813 223 860 249 da-

67 268 124 290 tum
136 263 170 289 M.
184 261 272 288 Tullio
283 261 449 286 diceremus:
473 261 590 287 alienum
606 269 664 287 mea
680 266 772 287 natura
784 261 861 287 vide-

881 223 884 266 l

67 301 145 327 batur
155 299 306 334 quidquam
317 298 350 323 de
361 298 558 324 existimatione
570 299 597 324 P.
606 299 681 324 Fabii
693 299 794 330 dicere,
810 307 860 324 non
882 314 883 318 =

67 338 130 373 quia
137 345 179 363 res
190 335 324 371 postulare
334 343 386 361 non
398 335 543 361 videretur.
559 335 630 367 Quid
641 344 704 371 ergo
715 336 771 362 est?
782 336 861 361 Tam-

66 375 117 401 etsi
135 373 252 409 postulat
266 380 375 398 caussa:
397 376 499 403 tamen,
522 373 574 398 nisi
590 373 668 407 plane
684 375 755 408 cogit
770 374 862 408 ingra-

66 412 126 443 tiis,
139 411 173 437 ad
185 409 401 436 maledicendum
413 418 464 435 non
477 409 548 435 soleo
560 410 731 437 descendere.
773 411 859 440 Nunc,

67 457 152 484 quum
163 452 270 474 coactus
285 447 388 477 dicam,
409 447 433 472 si
448 446 515 481 quid
531 446 595 473 forte
611 447 712 478 dicam,
730 452 817 474 tamen
835 447 861 473 id

66 487 159 521 ipsum
170 485 322 512 verecunde
333 483 489 518 modiceque
504 483 609 514 faciam,
624 489 727 510 tanturn
739 489 780 515 ut,
794 493 862 519 quo-

67 524 139 550 niam
154 523 207 549 sibi
223 530 265 548 me
277 530 329 548 non
341 529 400 547 esse
411 521 553 547 inimicum
565 523 651 556 potuit
662 523 749 556 priore
760 522 861 548 actione

67 561 166 587 Fabius
182 559 315 590 iudicare,
336 567 408 585 nunc
423 559 458 584 M.
477 559 565 585 Tullio
581 559 687 585 fidelem
705 564 862 594 certumque

67 598 184 624 amicum
196 605 254 623 esse
266 600 416 632 cognoscat.

121 636 146 661 6.
166 635 255 661 Unum
266 634 316 660 hoc
327 633 420 664 abste,
434 633 463 659 L.
475 632 577 665 Quinti,
591 632 724 667 pervelim
735 634 863 667 impetra-

67 680 94 699 re
106 671 187 707 (quod
198 671 304 698 tametsi
315 679 346 696 eo
357 670 430 701 volo,
453 671 516 705 quia
534 670 602 696 mihi
617 670 683 696 utile
698 675 751 697 est:
775 675 862 696 tamen

67 709 115 736 abs
127 714 151 736 te
163 709 276 739 idcirco,
293 708 358 742 quia
374 716 491 742 aequum
503 712 555 738 est,
573 707 701 743 postulo),
719 712 749 734 ut
764 708 799 734 ita
813 707 862 733 tibi

66 746 182 773 multum
194 747 322 780 temporis
338 744 371 771 ad
387 744 533 771 dicendum
544 754 649 776 sumas,
668 746 747 772 uthis
759 744 863 779 aliquid
884 745 885 748 ’

67 784 101 811 ad
113 783 288 810 iudicandum
300 782 448 817 relinquas.
484 783 607 817 Namque
619 786 694 808 antea
707 791 757 808 non
770 782 863 808 del'en-

66 821 151 847 sionis
167 825 226 847 tuae
242 820 352 851 modus,
375 820 422 846 sed
438 828 491 846 nox
506 820 556 846 tibi
573 819 650 846 finem
666 819 773 846 dicendi
790 819 861 845 fecit.

66 859 154 889 Nunc,
168 859 192 884 si
203 858 252 884 tibi
264 857 368 892 placere
380 861 474 892 potest,
491 865 524 883 ne
536 857 607 883 idem
620 857 714 888 facias,
738 857 765 883 id
777 857 824 883 abs
839 861 862 882 te

66 895 183 930 postulo.
223 896 317 930 Neque
328 894 378 921 hoc
389 894 489 921 idcirco
500 894 619 929 postulo,
637 894 709 929 quod
724 899 748 921 te
759 894 864 929 aliquid

67 941 191 959 censeam
203 932 347 967 praeterire
358 936 492 966 oportere,
510 936 555 958 aut
567 941 618 958 non
630 941 712 967 quam
723 932 865 958 ornatissi—

67 979 110 996 me
126 974 152 997 et
166 970 353 1004 copiosissime
369 969 470 1000 dicere,
488 978 583 995 verum
599 974 628 996 ut
639 969 721 995 semel
733 978 785 995 una
797 977 865 1004 qua-

67 1016 121 1043 que
136 1007 169 1033 de
181 1015 208 1033 re
219 1007 304 1033 dicas.
344 1006 421 1039 Quod
436 1007 460 1033 si
476 1006 570 1033 facies:
589 1016 641 1033 non
654 1015 760 1038 vereor,
778 1015 811 1032 ne
822 1006 865 1032 di-

66 1044 152 1071 cendo
163 1044 221 1070 dies
233 1045 377 1070 eximatur.

122 1083 147 1108 7.
163 1081 297 1108 Iudicium
309 1085 430 1108 vestrum
442 1085 490 1112 est,
503 1085 711 1116 recuperatores,
728 1089 864 1112 Quaene

66 1128 216 1146 PECUMAE
242 1127 335 1145 PARET
360 1127 433 1145 DOLO
457 1128 534 1145 MALo
558 1127 701 1144 FAMiLtAE
732 1128 753 1144 P.
784 1126 865 1144 FAnll

66 1166 95 1183 vi
120 1165 284 1183 nominans
309 1164 436 1182 Amnis
465 1164 627 1182 COACT¹SVE
658 1165 780 1182 nmmum
812 1164 866 1181 DA-

67 1203 123 1221 του
144 1203 213 1220 asse
235 1203 262 1220 ia.
283 1202 400 1220 τυιωο.
439 1193 506 1219 Eius
518 1193 555 1219 rei
568 1194 729 1219 taxationem
741 1201 788 1219 nos
801 1192 866 1219 feci-

68 1240 143 1265 mus;
167 1231 316 1258 aestimatio
332 1235 420 1257 vestra
441 1235 493 1263 est,
516 1230 649 1257 iudicium
666 1231 757 1257 datum
779 1235 818 1256 est
838 1239 864 1255 ιιι

67 1277 278 1300 οσΛυιιυηυιι.

125 1307 150 1332 8.
171 1305 262 1338 Quum
282 1313 376 1332 omnes
397 1304 470 1340 leges
493 1306 638 1340 omniaque
659 1305 774 1336 iudicia,
796 1313 865 1339 quae

68 1343 160 1378 paullo
170 1343 293 1379 graviora
305 1347 385 1377 atque
396 1343 530 1377 asperiora
542 1342 668 1369 videntur
679 1351 751 1374 esse,
769 1351 802 1368 ex
815 1343 867 1368 im-

68 1380 215 1416 proborum
226 1380 368 1415 iniquitate
379 1384 405 1406 et
416 1380 514 1406 iniuria
527 1384 586 1406 nata
599 1384 674 1413 sunt;
693 1385 749 1406 tum
762 1380 811 1406 hoo
826 1380 868 1405 iu-

68 1418 173 1444 dicium
188 1418 283 1452 paucis
299 1417 373 1443 hisce
388 1418 479 1448 annis,
498 1422 605 1452 propter
617 1417 757 1444 hominum
770 1416 866 1443 malam

68 1455 293 1482 consuetudinem
301 1455 468 1490 nimiamque
480 1454 624 1486 licentiam,
633 1456 808 1481 constitutum
820 1459 866 1481 est.

70 1493 138 1519 Nam
149 1501 235 1527 quum
247 1492 347 1518 multae
359 1491 477 1518 familiae
489 1492 674 1519 dicerenturin
682 1491 868 1528 agrislongin-

69 1530 132 1565 quis
143 1534 169 1556 et
180 1530 289 1564 pascuis
301 1534 416 1556 armatae
427 1538 486 1556 esse
497 1529 647 1565 caedesque
660 1529 754 1560 faeere,
768 1538 869 1564 quum-

69 1575 123 1602 que
134 1575 163 1594 ea
175 1566 342 1593 consuetudo
354 1575 405 1593 non
416 1566 504 1593 solum
516 1566 548 1593 ad
561 1576 603 1593 res
617 1567 797 1602 privatorum,
820 1567 868 1592 sed

70 1604 104 1631 ad
123 1613 259 1631 summam
277 1612 334 1630 rem
355 1604 492 1639 publicam
508 1605 641 1639 pertinere
660 1604 809 1630 videretur:
832 1604 867 1630 M.

69 1641 215 1673 Lucullus,
232 1642 280 1677 qui
295 1650 401 1668 summa
413 1643 546 1676 aequitate
557 1646 582 1668 et
592 1642 722 1676 sapientia
734 1642 776 1667 ius
788 1641 866 1672 dixit,

69 1679 175 1715 primus
198 1679 248 1705 hoc
267 1678 400 1705 iudicium
416 1679 568 1713 composuit
583 1684 609 1706 et
625 1679 651 1705 id
672 1679 816 1714 spectavit,
840 1683 869 1705 ut

69 1725 164 1744 omnes
174 1717 210 1743 ita
222 1715 339 1743 familias
351 1724 414 1742 suas
425 1717 604 1745 continerent.
628 1721 657 1743 ut
673 1725 723 1742 non
737 1716 815 1742 modo
826 1725 870 1742 ar-

70 1755 136 1781 mati
152 1753 282 1780 damnum
297 1754 400 1780 nemini
415 1753 521 1785 darent,
545 1762 639 1780 verum
655 1754 735 1780 etiam
753 1753 869 1780 lacessiti

70 1792 129 1818 iure
140 1799 169 1818 se
181 1791 279 1826 potius,
293 1799 375 1826 quam
387 1791 469 1817 armis
480 1791 667 1823 defenderent3
700 1793 724 1817 9.
742 1796 767 1818 et
782 1799 867 1826 quum

71 1829 151 1855 sciret
161 1828 194 1855 de
204 1828 302 1855 damno
314 1828 401 1864 legem
411 1837 470 1855 esse
480 1828 642 1863 Aquilliam:
665 1833 752 1854 tamen
770 1828 818 1854 hoc
835 1829 869 1854 ita

71 1866 251 1897 existimavit,
274 1865 346 1900 apud
358 1866 472 1892 maiores
485 1870 587 1892 nostros
598 1874 684 1901 quum
696 1870 722 1892 et
733 1873 774 1892 res
786 1870 811 1892 et
822 1874 871 1891 cu-

71 1903 198 1938 piditates
213 1902 331 1928 minores
346 1908 436 1929 essent
450 1907 476 1929 et
492 1902 609 1929 familiae
626 1912 677 1930 non
690 1911 801 1937 maguae
814 1912 871 1929 ma-

71 1948 125 1976 gno
136 1944 209 1966 metu
220 1940 430 1971 continerentur,
447 1944 477 1966 ut
488 1948 594 1974 perraro
609 1940 682 1966 fieret
693 1945 722 1967 ut
737 1937 815 1967 homo
825 1949 871 1967 oc·-

71 1977 220 2008 cideretur,
244 1976 326 2011 idque
340 1976 474 2003 nefarium
486 1985 516 2003 ac
527 1976 664 2012 singulare
677 1976 781 2003 facinus
793 1982 872 2012 puta-

71 2019 158 2046 retur,
184 2013 253 2040 nihil
265 2022 333 2049 opus
346 2013 429 2040 fuisse
444 2013 545 2040 iudicio
556 2014 589 2040 de
601 2015 628 2040 vi
638 2015 736 2040 coactis
748 2015 872 2040 armatis-

71 2060 126 2088 que
136 2051 307 2084 hominibus,
328 2051 411 2086 (quod
422 2051 494 2077 enim
507 2059 558 2077 usu
571 2059 622 2077 non
640 2051 778 2082 veniebat,
797 2051 830 2077 de
841 2060 872 2077 eo

73 2089 171 2125 siquis
183 2088 271 2125 legem
282 2093 328 2115 aut
339 2088 471 2114 iudicium
485 2089 667 2119 constitueret,
682 2096 733 2114 non
745 2093 797 2114 tam
810 2097 872 2123 pro-

73 2126 168 2154 hibere
179 2126 325 2157 videretur,
338 2134 420 2160 quam
432 2125 597 2160 admonere);
611 2140 648 2145 —
661 2127 700 2151 l0.
715 2125 756 2151 liis
769 2130 872 2160 tempo-

73 2163 163 2195 ribus,
179 2172 265 2198 quum
277 2171 311 2190 ex
321 2162 392 2189 bello
402 2163 530 2189 diuturno
542 2167 621 2197 atque
633 2162 779 2189 domestico
791 2171 832 2188 res
846 2163 871 2188 in

73 2209 132 2228 eam
144 2200 368 2227 consuetudinem
381 2200 513 2231 venisset,
537 2204 566 2226 ut
582 2199 704 2225 homines
717 2200 818 2226 minore
831 2208 873 2225 re-

75 2238 175 2274 ligione
186 2238 269 2264 armis
280 2242 427 2268 uterentur,
444 2245 552 2263 neccsse
563 2237 764 2272 putavitesseet
772 2238 797 2263 in
810 2237 873 2263 uni-

75 2283 181 2302 versam
194 2274 324 2301 familiam
337 2274 469 2302 iudicium
482 2274 554 2305 dare,
567 2283 643 2305 ouon
659 2283 672 2300 Λ
687 2283 809 2300 minian
824 2283 873 2300 ι-’Λ-

75 2321 152 2340 cruu
173 2321 356 2344 micenarum,
379 2317 404 2339 et
424 2316 623 2346 recuperatores
644 2311 720 2342 dare,
741 2317 770 2338 ut
789 2320 871 2346 quum

76 2350 195 2385 primum
207 2358 249 2376 res
260 2349 439 2380 iudicaretur,
452 2354 477 2375 et
488 2357 599 2383 poenam
610 2349 761 2384 graviorem
773 2349 874 2375 consti-

76 2391 164 2418 tuere,
181 2391 211 2413 ut
222 2391 293 2413 metu
306 2388 528 2422 comprimeretur
538 2385 664 2417 audacia,
685 2391 711 2413 et
722 2386 795 2412 illam
810 2386 874 2412 late-

77 2424 153 2451 bram
176 2424 268 2451 tollere
289 2433 410 2451 DAMNUM
436 2432 562 2450 ιΝιιιιιιΑ.
604 2424 644 2449 Η.
665 2423 742 2455 Quod
765 2424 790 2449 in
812 2423 873 2449 tiliis

77 2461 181 2488 caussis
192 2461 273 2488 debet
283 2461 371 2488 valere
387 2466 412 2488 ct
426 2460 496 2487 valet
513 2460 569 2496 lege
581 2459 713 2495 Aquinio,
732 2460 758 2486 id
774 2469 806 2487 ex
823 2460 874 2486 liu-

77 2497 197 2525 iusmodi
207 2498 314 2530 damno,
322 2498 395 2534 quod
407 2499 434 2525 vi
446 2506 493 2533 per
503 2506 595 2523 servos
606 2502 720 2524 nrmutos
732 2497 874 2524 detumes-

78 2540 127 2567 set,
134 2537 267 2570 manifesto
277 2538 457 2569 deprehensum
467 2543 592 2568 apparere
604 2537 726 2561 iudicavit
737 2539 813 2568 utque
820 2537 875 2560 ideo

79 2575 109 2599 de
123 2578 162 2600 ΙΝ
169 2579 179 2599 Ι
189 2579 277 2599 tltttA
290 2582 342 2600 non
354 2574 465 2601 addidit,
482 2581 525 2603 ne,
540 2574 585 2605 qui
598 2573 716 2598 lutheri-nt
728 2577 874 2598 controver—

79 2612 152 2640 siam.
161 2611 214 2645 ipsi
225 2614 379 2642 statuerent,
388 2618 442 2645 quo
454 2615 572 2645 tempore
584 2613 692 2643 possent
703 2617 752 2635 suo
764 2610 821 2635 iure
832 2617 875 2635 nr-

81 2655 123 2673 ma
138 2655 246 2682 capere,
264 2656 373 2674 manum
389 2655 497 2684 cogere,
521 2647 643 2673 homines
658 2645 790 2672 occidero.
834 2647 872 2672 lt‘..

80 2684 170 2717 Quum
183 2684 315 2712 iudicium
327 2685 362 2712 ita
373 2684 488 2715 daretur,
504 2689 533 2711 ut
544 2684 592 2710 hoc
603 2682 691 2709 solum
704 2684 730 2709 in
743 2683 874 2709 iudicium

1643 156 1704 181 4303

914 225 1028 250 veniret.
1045 234 1257 251 vinariam-nsi:
1280 234 1306 250 vi
1328 234 1488 251 uouisiacs
1509 234 1632 251 coacris
1653 235 1705 251 Λιι-

913 271 1038 287 »ιΑτιενε
1064 272 1183 288 enisum
1214 271 1285 288 DOLO
1315 272 1390 288 ιιΛιο
1419 271 1561 288 muium:
1593 272 1702 291 nuru,

914 307 1000 333 neque
1013 298 1080 325 illud
1092 299 1200 325 adderet
1212 309 1291 325 isicii
1300 309 1304 324 ι
1313 310 1339 325 A:
1354 300 1457 333 putavit
1468 308 1496 325 se
1507 299 1644 325 audaciam
1654 300 1705 325 im-

913 337 1057 370 proborum
1069 336 1224 367 sustulisse,
1242 345 1326 371 quum
1341 345 1416 371 spem
1428 336 1592 363 defensionis
1603 336 1704 363 nullam

914 373 1076 408 reliquisset.

973 413 1011 436 43.
1033 410 1174 442 Quoniam,
1192 410 1263 445 quod
1276 410 1407 436 iudicium
1420 415 1444 436 et
1455 419 1508 445 quo
1518 410 1630 437 consilio
1641 419 1705 437 con-

914 448 1036 474 stitutum
1049 449 1240 483 sit,eognostis:
1262 456 1332 473 nunc
1348 457 1402 473 rem
1420 449 1518 482 ipsam,
1536 454 1563 474 ut
1574 453 1646 483 gesta
1659 449 1703 477 sit,

914 484 978 510 dum
994 485 1110 510 breviter
1122 485 1197 511 vobis
1209 485 1369 515 demonstro,
1386 485 1522 511 attendite.

970 523 1008 548 44.
1031 522 1173 548 »Fundum
1191 522 1269 548 habet
1287 523 1311 547 in
1331 531 1393 557 agro
1409 523 1527 548 Thurino
1548 522 1582 547 M.
1600 521 1704 547 Tullius

914 564 1078 594 paternum«
1095 564 1304 593 recuperatores,
1318 568 1398 593 quem
1409 568 1437 585 se
1449 560 1560 587 habere,
1577 568 1663 593 usque
1675 567 1705 585 eo

915 606 966 622 non
978 596 1086 622 moleste
1099 596 1167 627 tulit,
1181 596 1265 623 donec
1278 598 1396 623 vicinum
1409 596 1540 622 eiusmodi
1552 602 1643 622 nactus
1655 601 1703 627 est,

915 634 961 668 qui
973 634 1029 669 agri
1042 634 1106 659 lines
1119 634 1199 660 armis
1212 634 1327 668 proferre
1340 634 1438 663 mallet,
1451 643 1531 668 quam
1545 635 1601 659 iure
1613 633 1705 659 ‹lesen—

915 671 986 697 dere,
1027 671 1094 696 Nam
1106 671 1134 696 P.
1146 671 1245 697 Fabius
1257 680 1343 706 nuper
1354 672 1417 697 emit
1433 680 1526 705 agrum
1538 671 1570 696 de
1582 671 1611 697 C.
1625 670 1705 696 Clau-

915 708 959 734 dio
974 713 1107 737 senatore,
1124 709 1167 734 cui
1184 708 1266 735 fundo
1282 713 1336 735 erat
1352 708 1439 734 affinis
1456 709 1489 733 M.
1506 708 1624 737 Tullius,
1643 716 1705 733 sane

916 754 1025 781 magno,
1048 745 1161 771 dimidio
1183 746 1235 771 lere
1256 746 1342 780 pluris
1364 746 1491 771 incultum
1513 746 1615 771 exustis
1632 744 1705 770 villis

914 783 1054 812 omnibus,
1072 791 1152 817 quam
1167 784 1259 817 quanti
1273 785 1404 817 integrum
1416 787 1494 817 atque
1505 782 1705 808 ornatissimum

915 821 1063 846 carissimis
1075 821 1168 855 pretiis
1180 821 1236 854 ipse
1248 820 1376 847 Claudius
1390 825 1491 845 emerat.
1518 821 1579 852 ,tyri
1591 821 1707 852 cupidius

915 860 991 891 empti
999 861 1109 890 pretium
1120 866 1176 883 sero
1186 859 1332 891 diligentius
1343 859 1560 889 attendentiquum
1568 859 1642 881 nimis
1654 865 1707 881 ino-

915 904 992 928 9num
1003 896 1139 923 videretur,
1154 897 1230 928 sricilc
1240 900 1275 921 est
1286 897 1442 920 existimatu.
1455 898 1575 926 qimntum
1587 894 1708 918 stomachi

916 935 1002 967 fecerit
1013 935 1124 965 suspicio
1135 934 1287 957 venditorem
1298 941 1323 957 se
1333 931 1401 957 clam
1413 931 1656 964 circumscripsisse
1665 930 1708 955 isti

917 979 930 996 a
946 968 1081 996 consulari
1098 968 1251 995 Macedonia
1266 974 1291 995 et
1307 969 1378 995 Asia.
1422 969 1460 993 ⁴5.
1480 968 1566 993 Etiam
1582 967 1649 993 illud
1661 967 1709 992 ad—

917 1007 992 1038 dam,
1015 1006 1087 1041 quod
1103 1006 1136 1032 ad
1147 1015 1203 1032 rem
1214 1007 1337 1040 pertinet.
1378 1006 1535 1039 Imperatore
1549 1010 1650 1030 mortuo
1662 1012 1710 1038 pe-

918 1045 1035 1075 cuniam,
1050 1045 1140 1070 nescio
1151 1043 1285 1078 quomodo
1296 1043 1455 1077 quaesitam,
1464 1042 1527 1067 dum
1536 1041 1592 1067 vult
1601 1043 1710 1075 inprae-

917 1082 962 1108 dio
973 1089 1081 1116 ponere,
1095 1090 1147 1107 non
1159 1081 1257 1116 posuit,
1271 1080 1318 1106 sed
1331 1080 1437 1106 abiecit.
1469 1079 1542 1104 Nihil
1554 1079 1641 1104 adhuc
1653 1086 1711 1103 rnu-

916 1121 1137 1153 qnoopercmiror,
1145 1120 1212 1152 quod
1221 1120 1330 1144 stultitia
1342 1126 1388 1143 sua
1402 1118 1541 1149 impeditus,
1549 1125 1648 1149 quoquo
1660 1124 1711 1140 ino-

917 1160 948 1183 do
958 1161 1048 1189 pessel,
1060 1164 1086 1181 se
1096 1158 1217 1188 eoepedire
1227 1157 1316 1181 voluit.
1340 1155 1406 1180 lttmt
1417 1163 1476 1179 vero
1487 1155 1579 1178 mii-uri
1590 1155 1653 1178 sutis
1665 1161 1713 1177 uon

918 1203 991 1227 quet),
1011 1195 1076 1219 illud
1091 1195 1222 1226 imtiqnor,
1242 1194 1308 1226 quod
1324 1201 1395 1217 suum
1411 1193 1547 1217 stultitiam
1564 1189 1712 1216 calamitate

918 1231 1068 1257 vicinorum
1081 1231 1203 1265 corrigit,
1221 1234 1247 1255 et
1257 1229 1329 1264 quod
1345 1228 1512 1255 stomachum
1525 1236 1604 1253 suum
1616 1227 1713 1252 damno

918 1268 999 1294 Tullii
1011 1267 1111 1302 replere
1122 1272 1232 1293 conatus
1243 1271 1292 1293 est.

977 1307 1015 1332 16,
1032 1306 1078 1331 Est
1091 1306 1116 1330 in
1128 1313 1158 1338 ep
1170 1313 1232 1339 agro
1243 1303 1361 1330 centuria
1371 1324 1376 1333 ,
1394 1311 1463 1337 quae
1476 1301 1611 1335 Popiliana
1627 1301 1713 1326 nonii-

919 1347 1009 1373 natur,
1035 1347 1246 1377 recuperatores,
1274 1349 1342 1376 quae
1364 1348 1470 1374 semper
1491 1340 1525 1364 M.
1548 1338 1629 1363 Tullii
1652 1336 1710 1366 suit,

918 1388 1000 1415 quam
1016 1380 1095 1406 etiam
1108 1384 1181 1414 pater
1192 1381 1340 1413 possederat
1351 1380 1404 1403 sine
1416 1379 1469 1402 ullu
1483 1385 1599 1408 umquam
1613 1380 1713 1401 contr«)-

919 1420 1010 1443 ιϊνεία.
1052 1418 1100 1443 Istc
1115 1419 1213 1442 (lenium
1228 1419 1326 1442 vicinus
1340 1423 1418 1440 noi-us
1435 1415 1562 1446 improbae
1573 1415 1625 1445 spei*
1636 1421 1663 1437 eo
1674 1421 1713 1435 su·-

920 1457 1014 1484 curior,
1028 1457 1094 1488 quod
1105 1455 1142 1480 M.
1158 1455 1255 1479 Tullius
1266 1455 1373 1479 abesset.
1386 1453 1464 1484 coepit
1478 1452 1589 1479 itdu'ure,
1603 1458 1678 1483 quum
1690 1451 1712 1473 ei

921 1495 1035 1519 centuria
1049 1492 1180 1525 Popiliana
1196 1493 1325 1517 videretur
1339 1492 1402 1515 sutis
1418 1491 1542 1515 commode
1557 1489 1640 1522 posita
1656 1494 1714 1512 esse

920 1534 946 1556 et
956 1529 987 1555 ad
1001 1529 1114 1555 fundum
1127 1530 1186 1555 eius
1197 1528 1350 1554 convenire.
1381 1526 1418 1552 Ac
1430 1526 1556 1560 primum.
1568 1524 1639 1559 quod
1652 1532 1713 1549 eum

921 1567 1020 1601 negotii
1038 1567 1117 1592 totius
1132 1571 1157 1592 et
1172 1565 1316 1600 emptionis
1332 1572 1395 1590 suae
1412 1562 1576 1598 poenitebat.
1601 1561 1713 1587 fundum

921 1604 1091 1639 proscripsit;
1115 1612 1176 1629 eum
1194 1608 1282 1629 autem
1298 1606 1418 1636 emptum
1436 1600 1550 1626 habebut
1567 1607 1628 1624 eum
1643 1598 1715 1624 socio

921 1642 969 1668 Cn.
983 1641 1126 1667 Acerronio
1138 1642 1194 1667 viro
1205 1643 1311 1674 optimo.
1329 1640 1354 1665 Is
1366 1639 1456 1664 Itomae
1469 1639 1625 1664 versabatur,
1639 1645 1715 1669 quum

920 1681 1002 1705 subito
1013 1681 1096 1705 nuntii
1107 1679 1142 1704 M.
1158 1679 1239 1703 Tullio
1250 1679 1352 1703 veniunt
1363 1685 1378 1701 a
1391 1677 1464 1703 vitta,
1483 1675 1509 1700 P.
1527 1674 1631 1699 Fulu'uui
1642 1675 1716 1705 sumti

922 1719 992 1742 iltius
1002 1718 1105 1750 finitimi
1116 1718 1248 1742 maiorem.
1271 1723 1346 1748 qimm
1361 1716 1412 1746 ipse
1423 1721 1502 1744 nuper
1513 1720 1567 1736 curu
1583 1710 1625 1735 Cn.
1638 1711 1711 1735 Acer·-

922 1756 995 1779 rmiio
1011 1756 1121 1782 eruisset,
1145 1752 1254 1778 modum
1271 1751 1470 1786 proscripsisse.
1515 1749 1553 1774 Π.
1575 1747 1715 1773 llominem

922 1790 1048 1825 appellat.
1080 1791 1129 1816 lste
1141 1798 1204 1816 sune
1215 1793 1375 1824 arroganter,
1389 1786 1460 1822 quod
1472 1784 1642 1811 commodum
1655 1783 1714 1813 fuit,

923 1828 1070 1862 respondit.
1112 1828 1204 1861 Neque
1221 1831 1277 1853 tum
1294 1826 1359 1851 lines
1375 1829 1465 1850 auctor
1478 1823 1714 1848 demonstraverat.

923 1866 1002 1892 Mittit
1018 1865 1050 1891 ad
1067 1869 1263 1899 procuratorem
1277 1863 1375 1889 litteras
1386 1861 1454 1887 etad
1467 1860 1587 1886 villicum
1600 1858 1714 1884 Tullius.

922 1905 1023 1929 ‹utu-ent
1040 1902 1065 1928 C.
1085 1903 1187 1928 Claudii
1200 1905 1405 1934 procuratorem.
1426 1903 1451 1924 ut
1468 1900 1529 1930 ipsis
1543 1897 1717 1929 prae-semitm

922 1943 984 1974 fines
998 1942 1151 1973 emptoribus
1166 1940 1312 1964 ostenderet.
1353 1937 1378 1962 Is
1393 1944 1452 1961 vero
1467 1937 1549 1959 nescio
1565 1943 1613 1966 quii
1630 1938 1717 1958 comu-

923 1979 998 2003 melia
1009 1979 1162 2010 suspicionis
1173 1978 1283 2009 offensus
1294 1976 1339 2000 hoc
1348 1983 1374 1999 se
1385 1972 1515 1998 sucturum
1529 1971 1648 2005 negavit:
1664 1969 1717 1995 illis

923 2014 1081 2041 absentibus
1098 2014 1164 2039 [ines
1181 2012 1322 2039 Acerronio
1342 2009 1547 2036 demonstravit:
1571 2015 1657 2041 neque
1679 2011 1716 2032 tn-

924 2060 984 2078 men
998 2051 1065 2077 hanc
1076 2051 1223 2077 centuriam
1237 2048 1401 2083 Popilinnnm
1415 2055 1525 2072 vacuam
1538 2044 1655 2071 tradidit.
1682 2045 1716 2068 lii.

924 2089 1098 2118 Acerronius,
1115 2087 1249 2122 quomodo
1265 2086 1364 2120 potuit,
1381 2093 1410 2110 so
1424 2084 1456 2109 de
1473 2088 1562 2109 tutare
1574 2083 1716 2108 excusarit.

924 2134 1000 2159 quum
1015 2127 1125 2158 primum
1144 2127 1240 2157 potuit,·
1262 2123 1341 2149 Futu'o
1359 2126 1442 2147 autem
1458 2123 1544 2146 statim
1564 2120 1718 2143 renuntiat-it

925 2164 1027 2197 (maluit
1038 2164 1103 2187 enim
1116 2164 1165 2190 rei,
1183 2169 1258 2195 quum
1274 2161 1473 2185 ttrt'slt'tnult'om’s
1483 2161 1567 2190 [αι-ιϊυ
1579 2155 1717 2195 turtur-wil

924 2204 1000 2232 utque
1015 2208 1048 2224 ex
1063 2201 1182 2224 societate
1197 2207 1253 2223 rum
1268 2196 1373 2222 homine
1388 2194 1521 2221 eiusmodi
1534 2191 1716 2218 semustilatus

925 2236 1028 2271 effugit.
1070 2235 1185 2261 Addueit
1201 2235 1248 2260 isto
1267 2234 1365 2259 interea
1383 2231 1517 2258 insultum
1532 2230 1651 2256 homines
1663 2227 1717 2268 ele-

924 2278 979 2300 etos
992 2273 1118 2299 maximis
1129 2272 1227 2298 animis
1239 2275 1264 2297 et
1276 2270 1390 2299 viribus,
1403 2274 1428 2295 et
1440 2269 1473 2294 iis
1484 2277 1564 2295 nrinn.
1579 2274 1646 2300 quae
1658 2273 1713 2290 eni-

925 2319 977 2346 que
989 2310 1086 2336 liubiliu
1099 2315 1177 2344 utque
1189 2313 1247 2343 apta
1260 2312 1362 2335 essent.
1379 2310 1528 2340 comparat:
1552 2311 1673 2338 prorsus.
1689 2306 1718 2327 ut

924 2348 1017 2383 quivis
1030 2347 1202 2382 intelligeret,
1226 2354 1276 2371 non
1289 2353 1333 2370 eos
1345 2343 1377 2369 nd
1393 2352 1447 2369 rem
1465 2343 1604 2368 rusticum.
1625 2347 1716 2364 xerum

925 2385 956 2411 nd
968 2384 1076 2411 euedem
1089 2394 1118 2410 ne
1131 2391 1247 2419 pugnam
1258 2381 1415 2415 compnrnri.
1451 2381 1489 2405 Ψ.
1507 2379 1582 2404 {trevi
1595 2376 1639 2402 illo
1651 2381 1718 2401 tem—

925 2431 987 2457 pore
999 2422 1027 2454 Ο.
1040 2422 1096 2448 unii
1109 2421 1251 2448 Aemiliani
1264 2419 1380 2445 hominis
1393 2417 1506 2444 honesti,
1519 2423 1599 2450 quem
1613 2423 1659 2438 ms
1672 2421 1718 2438 no-

924 2460 986 2489 stis,
1009 2459 1062 2484 duo
1083 2458 1205 2484 liomines
1225 2456 1392 2482 oeciderunt:
1417 2453 1498 2479 iutilia
1515 2451 1565 2477 nlui
1583 2451 1714 2476 severtium

926 2497 1025 2531 possim
1040 2496 1205 2529 vagabuntur
1216 2494 1322 2520 ermuli.
1338 2501 1388 2518 non
1400 2491 1526 2517 obscure.
1541 2488 1587 2514 sed
1600 2493 1627 2514 ut
1640 2487 1717 2522 plane

927 2523 1082 2562 intelligerek
1097 2533 1263 2559 viderentur.
1291 2530 1322 2556 nd
1345 2537 1426 2563 quum
1448 2537 1502 2554 rem
1525 2531 1607 2561 'iurati
1617 2529 1715 2553 essent,

925 2561 1082 2605 agn-osfvias
1093 2570 1209 2604 denique
1222 2567 1329 2594 infestas
1341 2565 1483 2592 imin-imni.
1516 2564 1592 2589 Venit
1606 2563 1631 2588 in
1643 2562 1715 2587 Thu-

926 2609 1014 2634 rinum
1036 2608 1134 2634 interea
1156 2606 1271 2632 Tullius.
1313 2602 1411 2629 Deinde
1434 2603 1481 2628 iste
1500 2606 1573 2636 pater
1590 2598 1713 2626 l'niiiilins.

902 2635 904 2657 ¹.
927 2646 1060 2671 Asiaticus
1081 2644 1187 2673 beatus,
1216 2650 1298 2668 noi-us
1321 2646 1405 2666 nrutor
1425 2644 1449 2665 et
1471 2639 1541 2665 idem
1563 2637 1713 2672 pecuarius,

925 2691 1010 2717 quum
1033 2681 1180 2707 umliulnret
1203 2681 1228 2706 in
1245 2688 1320 2714 agn).
1342 2676 1531 2704 niiimndvertit
1550 2676 1575 2701 in
1595 2674 1642 2700 line
1660 2674 1714 2707 ιιι-ιι
