1941 3052
345 140 674 168 EPISTOLARUM

143 211 180 236 B.)
207 211 313 233 (Luceriae,
322 213 422 233 Marcello,
431 213 511 230 Lentulo
521 218 566 230 coss.
577 213 632 234 70⁵.)

106 247 164 275 CN.
185 246 348 274 MAGNUS
370 246 528 274 PROCOS.
550 246 577 273 S.
599 247 629 273 D.
651 247 680 273 L.
700 245 866 274 DOMITIO

404 284 564 311 PROCOS.

146 323 169 348 ⁴.
190 316 293 352 Miror,
311 325 335 347 te
351 321 384 347 ad
400 330 442 347 me
462 321 530 347 nihil
550 321 681 352 scribere,
703 325 730 348 et
743 321 833 356 potius
849 320 882 347 ab

88 358 158 389 aliis,
166 367 249 393 quam
259 366 273 384 a
285 362 318 390 te,
328 358 360 384 de
372 358 510 393 republica
522 367 565 385 me
576 359 715 385 certiorem
727 359 795 385 fieri.
816 359 879 389 Nos,

87 396 198 423 disiecta
212 404 306 426 manu,
322 404 400 430 pares
410 395 572 422 adversariis
583 404 642 422 esse
656 404 709 423 non
720 404 880 430 possumus:

87 434 237 460 coniunctis
253 433 351 459 nostris
366 434 465 468 copiis,
483 441 561 468 spero
576 442 624 459 nos
640 437 665 459 et
680 432 845 467 reipublicae
857 437 883 459 et

86 471 225 498 communi
240 470 320 496 saluti
340 471 477 505 prodesse.
517 470 698 502 Quamobrem
717 479 803 505 quum
818 479 883 496 con-

87 508 236 538 stituisses,
255 512 284 534 ut
299 507 436 534 Vibullius
452 507 521 534 mihi
536 508 693 542 scripserat,
711 516 735 534 a.
752 507 780 533 d.
797 516 824 534 V.
841 507 880 533 Id.

88 545 152 572 Feb.
161 545 276 572 Corfinio
288 544 422 579 proficisci
432 553 494 571 cum
505 545 623 571 exercitu
636 549 661 571 et
674 544 707 570 ad
719 553 761 571 me
772 545 878 577 venire,

87 583 181 613 miror,
198 582 265 617 quid
276 591 387 608 caussae
398 581 491 613 fuerit,
509 590 592 617 quare
603 582 747 608 consilium
757 582 879 608 mutaris.

86 621 154 646 Nam
170 619 215 645 illa
230 628 338 650 caussa,
356 628 438 654 quam
454 619 522 645 mihi
534 618 670 646 Vibullius
686 619 793 650 scribit,
813 618 880 645 levis

86 662 139 687 est,
154 662 177 684 te
189 662 328 691 propterea
339 661 471 683 moratum
482 665 554 687 esse,
571 656 643 691 quod
654 656 773 682 audieris
784 656 881 682 Caesa-

86 703 151 725 rem,
168 695 258 720 Firmo
269 702 442 730 progressum
450 714 456 725 ,
472 694 500 720 in
512 693 634 720 Castrum
645 694 823 720 Truentinum
834 702 881 719 ve-

86 732 168 758 nisse.
209 731 314 763 Quanto
329 732 401 757 enim
417 731 504 766 magis
520 731 736 766 appropinquare
753 731 880 756 adversa-

85 770 143 795 rius
155 769 256 803 coepit,
275 777 306 795 eo
317 768 367 795 tibi
378 768 493 794 celerius
505 768 640 804 agendum
651 772 720 799 erat,
738 772 768 794 ut
783 772 807 795 te
823 776 881 794 me-

84 815 148 833 cum
163 807 354 841 coniungeres,
376 806 536 840 priusquam
552 805 649 832 Caesar
668 810 714 832 aut
733 810 811 831 tuum
831 806 881 831 iter

86 843 217 878 impedire
233 848 278 869 aut
288 851 331 868 me
342 842 390 868 abs
401 847 426 869 te
437 842 581 869 excludere
592 847 692 877 posset.
732 844 757 869 2.
779 842 880 874 Quam-

84 881 177 907 obrem
192 880 271 907 etiam
287 884 313 906 et
327 880 407 906 etiam
423 883 448 905 te
464 888 528 915 rogo
543 884 568 906 et
583 879 685 911 hortor,
703 879 730 906 id
743 879 815 914 quod
827 888 880 906 non

84 918 175 944 destiti
186 917 372 952 superioribus
384 916 480 943 litteris
492 926 505 943 a
517 922 542 944 te
553 922 655 951 petere,
674 921 703 944 ut
713 918 801 952 primo
812 926 880 952 quo-

84 963 137 990 que
152 955 196 981 die
211 954 352 981 Luceriam
368 953 509 985 advenias,
530 959 674 990 antequam
689 955 795 989 copiae,
812 963 880 989 quas

83 992 202 1019 instituit
217 992 313 1019 Caesar
330 991 500 1023 contrahere,
522 992 550 1018 in
566 1000 651 1018 unum
672 991 760 1018 locum
774 996 880 1018 coactae

83 1038 132 1056 nos
147 1038 161 1055 a
177 1029 255 1056 nobis
273 1029 432 1055 distrahant.
473 1029 525 1055 Sed
541 1030 565 1055 si
580 1034 670 1060 erunt,
688 1030 736 1064 qui
752 1034 776 1056 te
793 1030 881 1064 impe-

83 1066 171 1097 diant,
185 1071 215 1094 ut
226 1066 305 1093 villas
316 1074 380 1092 suas
392 1071 512 1097 servent,
531 1075 648 1102 aequum
659 1071 699 1093 est
710 1075 752 1094 me
764 1075 778 1093 a
789 1071 813 1093 te
828 1067 880 1093 im-

83 1109 200 1139 petrare,
218 1108 248 1131 ut
257 1104 392 1135 cohortes,
411 1112 480 1138 quae
491 1112 525 1130 ex
535 1104 633 1131 Piceno
644 1109 670 1131 et
680 1104 821 1131 Camerino
833 1113 880 1130 ve-

84 1146 188 1173 nerunt,
197 1150 266 1177 quae
278 1141 398 1168 fortunas
408 1150 472 1168 suas
483 1141 660 1176 reliquerunt,
669 1141 703 1168 ad
715 1150 757 1168 me
764 1142 880 1168 missum

84 1178 177 1206 facias.

137 1250 174 1274 C.)
203 1249 311 1273 (Luem-inc,
320 1250 420 1271 Marcello,
429 1251 511 1268 Lentulo
521 1257 569 1269 coss.
581 1252 636 1272 705.)

100 1294 157 1319 CN.
181 1292 343 1320 MAGNUS
363 1293 525 1320 PROCOS.
547 1293 574 1320 S.
596 1294 626 1320 D.
649 1295 678 1320 L.
701 1293 866 1322 DOMITIO

400 1331 562 1357 PROCOS.

142 1370 164 1394 t.
186 1363 305 1394 Litteras
317 1368 365 1394 abs
381 1373 405 1395 te
416 1369 452 1395 M.
465 1368 592 1395 Calenius
608 1369 641 1395 ad
658 1378 699 1395 me
713 1369 802 1396 attulit
813 1378 837 1396 a.
850 1369 877 1396 d.

82 1413 139 1431 xlv.
148 1404 207 1431 Kal.
217 1405 302 1438 Mart.;
318 1406 457 1440 inquibus
469 1405 564 1433 litteris
575 1407 682 1438 scribis,
691 1407 740 1433 tihi
752 1408 779 1433 in
791 1408 880 1433 animo

83 1451 155 1473 esse,
173 1442 316 1469 observare
332 1443 484 1476 Caesarem3
503 1448 541 1475 et,
560 1444 583 1470 si
597 1444 748 1470 secundum
763 1453 835 1471 mare
847 1444 879 1470 ad

83 1488 126 1506 me
138 1480 176 1506 ire
187 1480 328 1514 coepisset,
344 1480 485 1507 confestim
496 1481 523 1507 in
531 1481 671 1508 Samnium
684 1481 716 1508 ad
729 1491 771 1508 me
783 1487 880 1508 ventu-

84 1526 157 1550 rum;
176 1517 218 1543 sin
229 1522 318 1544 autem
330 1517 375 1544 ille
386 1519 488 1544 circum
500 1519 582 1545 istaec
593 1518 648 1545 loca
660 1524 877 1551 commoraretur,

83 1560 108 1581 te
119 1555 152 1585 ei,
166 1555 190 1580 si
201 1555 311 1589 propius
323 1556 488 1587 accessisset,
502 1557 625 1582 resistere
637 1556 716 1583 velle.
743 1557 778 1583 Te
790 1557 880 1583 animo

84 1600 181 1627 magno
192 1596 218 1618 et
229 1591 288 1618 forti
302 1593 379 1619 istam
392 1602 448 1619 rem
459 1602 537 1629 agere
549 1594 689 1620 existimo:
703 1594 750 1621 sed
761 1594 880 1630 diligen-

83 1629 137 1656 tius
153 1628 231 1655 nobis
247 1634 287 1656 est
303 1630 465 1662 videndum,
484 1639 517 1657 ne
528 1631 649 1658 distracti
665 1640 743 1666 pares
757 1640 816 1658 esse
831 1631 879 1658 ad-

82 1666 200 1693 versario
213 1675 263 1693 non
276 1668 426 1701 possimus.-
444 1677 529 1703 quum
546 1667 592 1694 ille
606 1677 717 1705 magnas
728 1670 819 1704 copias
832 1669 880 1695 ha-

82 1704 156 1734 heat,
174 1708 200 1730 et
214 1705 328 1730 maiores
344 1704 420 1731 brevi
438 1705 579 1732 habiturus
593 1706 637 1732 sit.
679 1707 736 1733 Non
748 1707 820 1733 enim
831 1715 879 1741 pro

83 1745 127 1768 tua
138 1740 280 1776 prudentia
292 1741 374 1769 debes
386 1742 455 1769 illud
467 1743 554 1769 solum
569 1743 796 1776 animadvertere,
814 1748 879 1779 quot

82 1779 109 1805 in
131 1779 281 1813 praesentia
301 1779 423 1806 cohortes
438 1785 529 1807 contra
544 1785 568 1807 te
585 1780 682 1808 habeat
696 1781 808 1812 Caesar,
830 1781 878 1807 sed

82 1820 196 1850 quantas
218 1816 294 1842 brevi
315 1821 434 1852 tempore
454 1819 577 1852 equitum
598 1823 624 1845 ct
643 1818 765 1853 peditum
787 1819 878 1854 copias

81 1857 266 1880 contracturus
287 1854 330 1880 sit.
371 1855 421 1881 Cui
443 1856 481 1881 rei
503 1856 657 1882 testimonio
679 1861 743 1883 sunt
764 1856 875 1887 litterae,

82 1899 150 1925 quas
166 1891 314 1917 Bussenius
335 1891 368 1917 ad
390 1901 432 1918 me
448 1893 534 1925 misit3
559 1893 587 1919 in
603 1893 705 1928 quihus
720 1894 828 1924 scribit,
850 1893 878 1920 id

82 1927 155 1962 quod
167 1927 200 1953 ab
212 1927 267 1954 illis
278 1936 386 1963 quoque
398 1929 467 1955 mihi
479 1930 620 1961 scribitur,
637 1930 772 1965 praesidia
783 1931 879 1958 Curio-

82 1973 153 1995 nem,
166 1973 235 1999 quae
248 1966 274 1991 in
282 1965 391 1992 Umbris
402 1971 428 1993 et
438 1967 534 1993 Tuscis
545 1972 628 1998 erant,
642 1968 797 1994 contrahere
809 1968 878 1995 etad

81 2002 222 2028 Caesarem
235 2002 284 2028 iter
295 2001 391 2029 facere.
431 2004 505 2035 Quae
516 2004 539 2030 si
551 2005 643 2039 copiae
655 2005 682 2031 in
694 2014 778 2031 unum
790 2005 878 2032 locum

82 2038 182 2065 fuerint
192 2043 311 2070 coactae,
329 2045 358 2066 ut
373 2048 434 2075 pars
450 2042 584 2067 exercitus
595 2041 628 2067 ad
639 2041 734 2068 Albam
747 2043 876 2074 mittatur,

82 2085 143 2111 pars
159 2076 192 2102 ad
208 2081 232 2103 te
249 2077 368 2108 accedat;
388 2082 416 2104 ut
432 2086 484 2104 non
496 2083 611 2113 pugnet,
629 2079 677 2105 sed
690 2079 755 2106 locis
767 2080 825 2106 suis
837 2088 879 2106 re-

82 2118 196 2149 pugnet,
211 2113 348 2140 haerebis:
368 2123 454 2150 neque
466 2115 540 2142 solus
554 2124 615 2142 eum
629 2117 678 2142 ista
690 2118 765 2151 copia
779 2121 877 2144 tantam

82 2150 284 2177 multitudinem
297 2152 431 2178 sustinere
443 2153 556 2187 poteris,
575 2158 603 2179 ut
618 2153 809 2180 frumentatum
822 2163 876 2180 eas.

81 2190 107 2215 2.
128 2188 309 2220 Quamobrem
325 2194 349 2215 te
364 2198 461 2225 niagno
476 2198 556 2224 opere
568 2189 669 2222 hortor,
687 2196 807 2226 utquam
823 2192 879 2226 pri-

82 2234 157 2252 mum
173 2234 235 2252 cum
251 2226 324 2253 omni
340 2228 416 2261 copia
429 2227 481 2253 huc
494 2227 596 2254 venias.
637 2228 767 2255 Consules
778 2229 879 2255 consti-

82 2267 192 2290 tuerunt
207 2263 279 2289 idem
296 2263 391 2290 facere.
432 2264 488 2300 Ego
504 2265 654 2292 Metuscilio
670 2266 703 2292 ad
718 2270 742 2292 te
755 2266 878 2293 mandata

85 2300 155 2331 dedi,
168 2300 367 2335 providendum
382 2310 449 2333 esse,
464 2310 496 2328 ne
508 2301 576 2328 duae
589 2302 707 2338 legiones
719 2304 879 2330 sinel‘icen-

82 2337 147 2364 :inis
158 2337 314 2365 cohortibus
326 2339 353 2365 in
365 2343 538 2373 conspectum
546 2339 667 2366 Caesaris
678 2343 880 2368 committeren-

82 2379 135 2402 tur.
175 2374 356 2408 Quamobrem
373 2375 455 2403 nolito
470 2377 648 2407 commoveri,
671 2378 694 2404 si
705 2378 824 2405 audieris
837 2387 879 2405 me

83 2411 202 2447 regredi,
225 2413 249 2439 si
266 2412 331 2440 forto
346 2413 443 2440 Caesar
465 2413 498 2439 ad
519 2422 561 2440 me
583 2415 682 2441 veniet.
722 2415 879 2442 Cavendum

82 2450 154 2475 enim
167 2454 232 2484 puto
242 2458 311 2482 esse,
327 2459 359 2477 ne
372 2451 526 2486 implicatus
538 2451 672 2477 haeream.
713 2452 779 2478 Nam
792 2461 880 2487 nequo

82 2491 168 2513 castra
184 2492 292 2522 propter
307 2489 371 2515 anni
387 2493 493 2523 tempus
508 2493 534 2514 et
549 2488 666 2515 militum
677 2490 781 2516 animos
793 2489 879 2517 lacere

84 2531 208 2558 possum:
223 2533 311 2560 neque
322 2534 355 2552 ex
366 2526 494 2552 omnibus
505 2526 614 2561 oppidis
623 2526 779 2553 contrahere
789 2528 880 2562 copias

84 2560 206 2595 expedit,
225 2570 258 2588 ne
273 2568 410 2597 receptum
424 2563 555 2590 amittam.
597 2564 687 2598 ltaque
699 2572 750 2590 non
762 2564 881 2599 amplius

84 2605 131 2623 xrv
143 2597 265 2625 cohortes
276 2599 416 2627 Luceriam
428 2602 513 2636 coegi.

83 2635 174 2661 omnia
195 2635 337 2663 deducturi
358 2642 434 2669 sunt,
457 2643 502 2665 aut
518 2638 544 2664 in
561 2638 683 2664 Siciliam
699 2639 772 2665 ituri.
815 2640 880 2665 Nam

84 2677 130 2699 aut
140 2673 289 2701 exercitum
301 2674 408 2702 lirinum
421 2675 518 2703 habere
529 2680 641 2710 oportet.
649 2684 703 2710 qno
714 2676 882 2704 confidamus

557 2602 582 2626 3.
604 2600 735 2627 Consules
747 2601 881 2636 praesidia
903 2617 905 2621 ν

705 140 758 168 AD
788 140 991 167 ATTICUM
1022 140 1102 166 LIB.
1134 140 1212 166 VIII.
1244 140 1303 166 ΕΡ.
1328 142 1413 166 12-
1436 141 1473 166 ll.
1679 143 1722 167 88⁴

933 219 1107 246 perrumpere
1119 219 1167 237 nos
1178 219 1270 245 posse,
1288 215 1333 237 aut
1344 212 1466 247 regiones
1477 209 1611 236 eiusmodi
1622 210 1728 237 obtine—

934 257 970 279 re,
983 257 997 274 e
1009 249 1110 283 quibus
1122 257 1318 283 repugnemus:
1332 248 1360 274 id
1371 247 1443 283 quod
1455 252 1580 274 neutrum
1592 248 1727 274 nobishoc

933 290 1053 320 tempore
1071 286 1215 321 contingit,
1239 285 1311 320 quod
1329 290 1354 312 et
1370 294 1495 321 magnam
1515 290 1617 320 partem
1637 285 1727 311 Italiae

933 323 1030 349 Caesar
1039 323 1194 357 occupavit,
1212 327 1238 349 et
1249 331 1296 349 nos
1307 331 1359 350 non
1371 322 1502 349 hahemus
1514 323 1662 349 exercitum
1674 328 1727 349 tam

933 360 1064 395 amplum,
1078 368 1165 394 neque
1177 365 1231 386 tam
1244 368 1381 395 magnum,
1394 369 1476 395 quam
1487 359 1542 386 ille.
1577 360 1667 395 ltaque
1679 369 1727 386 no-

933 397 976 423 bis
988 397 1187 431 providendum
1202 401 1255 427 est,
1274 402 1302 424 ut
1317 406 1451 423 summam
1467 396 1631 431 reipublicae
1648 398 1728 424 ratio-

933 443 995 461 nem
1008 434 1165 460 habeamus.
1198 434 1285 460 Etiam
1298 440 1376 470 atque
1387 435 1467 461 etiam
1479 439 1503 461 te
1515 434 1611 465 hortor,
1626 439 1654 461 ut
1664 443 1727 461 cum

932 472 1007 498 omni
1022 473 1098 506 copia
1113 472 1316 506 quamprimum
1334 472 1367 498 ad
1383 480 1425 498 me
1437 472 1539 498 venias.
1581 472 1728 498 Possumus

933 510 1013 535 etiam
1025 518 1096 535 nunc
1108 509 1303 543 rempublicam
1314 510 1427 545 erigere,
1439 510 1462 535 si
1469 510 1605 535 communi
1615 508 1727 536 consilio

933 547 1070 581 negotium
1083 546 1347 579 administrabimus,
1366 547 1408 573 sin
1419 546 1612 576 distrahemur,
1626 546 1727 572 infirmi

933 585 1044 610 erimus.
1085 583 1153 610 Mihi
1172 584 1222 610 hoe
1236 585 1412 611 constitutum
1432 589 1482 610 est.
1523 585 1546 610 4.
1569 584 1615 609 His
1632 583 1726 610 litteris

932 621 1053 655 scriptis,
1076 620 1135 647 Sica
1157 630 1171 647 a
1192 625 1216 647 te
1237 621 1305 647 mihi
1326 621 1426 648 litteras
1447 621 1536 648 attulit
1551 625 1576 647 et
1590 621 1724 647 mandata.

931 658 1008 690 Quod
1020 667 1062 684 me
1074 658 1192 689 hortare,
1211 663 1240 685 ut
1255 659 1325 685 istuc
1340 659 1462 684 veniam:
1479 658 1506 684 id
1523 667 1565 684 me
1577 657 1662 684 facere
1673 666 1725 685 non

932 695 1046 722 arbitror
1061 704 1153 730 posse,
1172 695 1244 730 quod
1261 705 1313 722 non
1330 704 1427 732 magno
1437 704 1516 730 opere
1528 696 1561 721 iis
1574 694 1726 731 legionibus

931 732 1045 760 confido.

984 802 1024 827 D.)
1052 803 1158 825 (Luceriae,
1168 804 1268 824 Marcello,
1278 804 1359 821 Lentulo
1370 810 1416 821 ems,
1428 805 1482 824 705.)

943 838 1002 865 CN.
1024 837 1189 865 MAGNUS
1209 837 1372 865 PROCOS.
1395 837 1423 864 S.
1445 838 1475 864 D.
1498 838 1527 864 L.
1550 838 1715 865 DOMITIO

1247 875 1407 902 PROCOS.

990 915 1012 939 1.
1034 908 1153 939 Litterae
1169 912 1237 939 mihi
1254 922 1267 939 a
1280 917 1304 939 te
1315 912 1434 939 redditae
1445 917 1507 939 sunt
1519 921 1543 939 a.
1556 913 1583 939 d.
1595 921 1654 939 X111.
1667 913 1725 939 Kal.

931 950 1017 981 Mart.,
1044 950 1071 976 in
1091 950 1194 984 quibus
1213 950 1310 976 scribis
1332 950 1472 977 Caesarem
1493 950 1564 984 apud
1580 950 1727 977 Corfinium

932 992 1016 1014 castra
1032 988 1167 1022 posuisse.
1208 987 1285 1019 Quod
1300 988 1395 1022 putavi
1409 993 1434 1014 et
1449 988 1620 1022 praemonui,
1638 987 1678 1018 Iit,
1700 992 1728 1014 ut

932 1033 980 1051 nec
996 1025 1023 1051 in
1040 1025 1192 1059 praesentia
1207 1026 1373 1051 committere
1394 1029 1482 1052 tecum
1498 1024 1629 1059 praelium
1646 1024 1725 1056 velit,

932 1067 969 1094 et,
987 1062 1115 1089 omnibus
1131 1063 1217 1097 copiis
1228 1062 1382 1093 conductis,
1401 1067 1425 1089 te
1441 1062 1575 1097 implicet,
1594 1071 1627 1088 ne
1641 1062 1674 1088 ad
1685 1070 1727 1088 me

932 1100 982 1126 iter
992 1100 1149 1134 expeditum
1161 1099 1211 1126 tibi
1224 1101 1271 1131 sit,
1294 1104 1375 1134 atque
1387 1100 1451 1126 istas
1463 1100 1553 1134 copias
1564 1101 1728 1135 coniungere¹

931 1138 1095 1172 optimorum
1106 1138 1209 1164 civium
1221 1138 1310 1172 possis
1320 1145 1383 1163 cum
1395 1137 1437 1163 his
1450 1136 1612 1172 legionibus,
1622 1137 1654 1163 de
1661 1146 1728 1171 qua-

932 1184 992 1201 rum
1004 1174 1140 1201 voluntate
1151 1174 1323 1201 dubitamus:
1337 1183 1391 1209 quo
1402 1175 1482 1201 etiam
1494 1175 1581 1209 magis
1594 1175 1646 1201 tuis
1659 1174 1729 1200 litte—

932 1213 969 1238 ris
989 1221 1051 1239 sum
1072 1216 1232 1239 commotus.
1273 1212 1367 1247 Neque
1392 1213 1464 1238 enim
1485 1220 1577 1238 eorum
1599 1212 1726 1240 militum,

932 1258 1000 1285 quos
1020 1258 1127 1276 mecum
1149 1249 1247 1281 haheo,
1270 1249 1401 1276 voluntati
1421 1250 1486 1276 satis
1508 1248 1626 1280 conlido,
1649 1254 1678 1275 ut
1696 1248 1728 1275 de

931 1287 1059 1314 omnibus
1072 1287 1185 1314 fortunis
1197 1286 1363 1321 reipublicae
1375 1286 1516 1319 dimicem:
1535 1294 1622 1321 neque
1636 1287 1726 1314 etiam.

932 1325 979 1360 qui
996 1333 1030 1351 ex
1043 1324 1195 1351 delectibus
1212 1325 1357 1359 conscripti
1373 1329 1436 1350 sunt
1450 1333 1464 1350 a
1475 1323 1648 1354 consulibus,
1665 1332 1729 1350 con-

933 1367 1073 1388 venerunt.
1115 1363 1140 1389 2.
1161 1362 1248 1394 Quare
1260 1361 1294 1388 da
1303 1370 1421 1396 operam,
1434 1362 1457 1387 si
1469 1360 1523 1387 ulla
1536 1362 1636 1387 ratione
1647 1362 1728 1387 etiam

932 1407 1004 1426 nune
1015 1399 1121 1426 eflicere
1132 1403 1216 1434 potes,
1232 1403 1262 1426 ut
1273 1404 1297 1425 te
1308 1398 1437 1433 explices.
1452 1398 1505 1425 huc
1515 1407 1597 1433 quam
1609 1399 1728 1433 primum

933 1437 1039 1468 venias,
1058 1441 1201 1471 antequam
1217 1445 1311 1463 omnes
1326 1437 1418 1471 copiae
1434 1436 1649 1462 adversariorum
1664 1444 1729 1462 con-

933 1475 1050 1501 veniant.
1090 1475 1182 1509 Neque
1194 1474 1266 1500 enim
1277 1473 1399 1500 celeriter
1409 1482 1443 1500 ex
1454 1472 1604 1499 delectibus
1616 1473 1668 1499 huc
1680 1473 1729 1499 ho-

932 1512 1019 1538 mines
1030 1512 1174 1538 convenire
1185 1516 1312 1546 possunt:
1327 1515 1360 1542 et,
1369 1511 1392 1537 si
1404 1511 1587 1540 convenirent,
1596 1515 1727 1545 quantuni

933 1550 966 1576 iis
980 1548 1204 1576 committendum
1219 1549 1268 1579 sit,
1289 1548 1361 1583 quod
1379 1549 1447 1574 inter
1462 1557 1490 1573 se
1507 1556 1539 1574 ne
1551 1548 1605 1574 noti
1617 1547 1727 1582 quidem

931 1591 1003 1618 sunt,
1017 1591 1107 1613 contra
1120 1590 1257 1613 veteranas
1269 1585 1398 1621 legiones,
1412 1594 1462 1612 non
1474 1590 1498 1611 te
1509 1585 1643 1620 praeterit.

1103 1657 1162 1677 rmiis,
1172 1658 1273 1677 Μιαϊι-Ηιι,
1284 1658 1365 1675 Lentulo
1376 1664 1422 1674 coss.
1435 1658 1487 1678 705.)

1118 1699 1285 1727 CICERO
1314 1699 1481 1727 ATTICO
1511 1700 1539 1726 S.

989 1739 1011 1764 ⁴.
1033 1733 1226 1772 Lippitudinis
1241 1746 1314 1764 meae
1326 1739 1436 1773 signum
1449 1737 1497 1764 tibi
1509 1738 1545 1764 sit
1557 1736 1659 1763 librarii
1671 1744 1729 1762 ma-

931 1784 996 1806 nus,
1013 1779 1039 1802 et
1054 1775 1147 1801 eadem
1166 1784 1261 1801 caussa
1279 1775 1432 1802 brevitatis:
1461 1775 1509 1801 etsi
1523 1783 1594 1801 nunc
1605 1774 1726 1808 quidem,

930 1812 1002 1848 quod
1019 1813 1180 1843 scriberem,
1199 1812 1267 1839 nihil
1284 1818 1348 1839 erat.
1389 1812 1484 1839 Omnis
1500 1813 1664 1847 exspectatio
1681 1820 1730 1838 no-

930 1855 983 1877 stra
999 1855 1055 1876 erat
1071 1850 1097 1876 in
1114 1850 1218 1877 nuntiis
1234 1850 1416 1876 Brundisinis,
1457 1849 1486 1875 Si
1499 1854 1591 1876 nactus
1604 1849 1647 1875 hic
1659 1854 1729 1875 esset

930 1888 1049 1914 Cnaeum
1071 1892 1202 1918 nostruin,
1228 1896 1291 1922 spes
1313 1887 1397 1913 dubia
1417 1888 1505 1922 pacis:
1538 1887 1580 1913 sin
1603 1886 1648 1913 ille
1669 1891 1729 1913 ante

931 1925 1138 1957 transmisisset,
1157 1925 1264 1951 exitiosi
1278 1924 1341 1951 belli
1355 1929 1451 1951 nictus.
1493 1924 1546 1950 Sed
1559 1923 1684 1951 videsne..
1702 1924 1727 1949 in

930 1971 1011 1997 quem
1028 1962 1164 1989 hominem
1181 1962 1306 1989 inciderit
1321 1961 1493 1996 respublica?
1512 1970 1593 1996 quim]
1609 1967 1726 1990 acutum,

930 2008 1012 2035 quam
1024 1999 1197 2035 vigilantem,
1211 2008 1293 2034 quam
1308 1998 1448 2034 paratum‘?
1473 1999 1501 2024 Si
1518 1998 1670 2025 mehercule
1682 2007 1728 2024 ne-

932 2038 1033 2063 minem
1049 2037 1191 2068 occiderit,
1211 2046 1258 2063 nec
1274 2038 1402 2071 cuiquam
1419 2036 1570 2071 quidquam
1587 2036 1725 2062 ademerit.

931 2074 964 2100 ab
984 2075 1031 2105 iis,
1049 2075 1097 2109 qui
1113 2083 1175 2100 eum
1192 2075 1309 2101 maxime
1326 2075 1484 2104 timuerant,
1503 2072 1727 2107 maxinmdilige-

931 2116 982 2138 tur.
1004 2113 1030 2138 2.
1042 2111 1156 2138 Multum
1170 2120 1276 2137 mecum
1288 2111 1467 2145 municipales
1483 2111 1605 2137 homines
1613 2110 1727 2144 loquun—

931 2153 986 2179 tur,
1008 2148 1123 2175 multum
1139 2149 1277 2174 rusticani.
1319 2148 1393 2174 Nihil
1413 2157 1522 2182 prorsus
1536 2147 1609 2174 aliud
1625 2152 1725 2173 curant.

931 2186 983 2211 nisi
996 2194 1088 2221 agros,
1106 2186 1159 2212 nisi
1175 2185 1298 2216 villulas,
1317 2186 1370 2212 nisi
1383 2184 1539 2212 nummulos
1554 2193 1626 2211 suos.
1650 2185 1729 2210 Elvi-

930 2222 972 2253 de,
995 2231 1077 2258 quani
1093 2231 1221 2249 conversa
1238 2232 1279 2248 res
1294 2223 1347 2249 est!
1374 2222 1467 2251 Illum.
1485 2230 1539 2256 quo
1555 2226 1629 2248 antea
1646 2221 1728 2247 conti-

930 2259 1043 2291 dehant,
1058 2264 1194 2291 metuunt,
1228 2260 1301 2286 hunc
1312 2264 1411 2289 amant,
1425 2268 1506 2294 quem
1520 2259 1658 2285 timebant.
1701 2257 1728 2283 ld

931 2297 1039 2332 quantis
1056 2297 1154 2323 nostris
1171 2297 1286 2331 peccatis
1303 2297 1431 2331 vitiisque
1447 2297 1580 2325 owner-it,
1599 2304 1650 2321 non
1667 2304 1729 2329 pos-

931 2343 992 2360 sum
1010 2335 1068 2360 sine
1081 2333 1202 2360 molestia
1216 2335 1343 2369 cogitare.
1384 2334 1458 2365 Quae
1469 2338 1558 2359 autern
1572 2332 1727 2367 inqwndere

931 2377 1067 2406 putarem,
1085 2372 1245 2405 scripseram
1262 2371 1295 2397 ad
1311 2375 1348 2402 te,
1384 2375 1409 2396 et
1426 2371 1478 2396 iant
1495 2375 1554 2396 tuas
1572 2370 1670 2396 litteras
1681 2378 1729 2395 ex-

931 2409 1095 2443 spectabam.

984 1656 1048 1677 xm.
1064 1658 1100 1679 (νυ

986 2482 1048 2503 xlv.
1075 2484 1172 2506 (Fanum,
1182 2484 1282 2505 Munna,
1294 2483 1374 2501 i.‹-..n·1.·
1385 2490 1430 2500 -nn,
1442 2484 1496 2500 ros.)

1118 2525 1286 2553 CICERO
1317 2524 1485 2552 ATTICO
1517 2525 1544 2551 S.

991 2566 1013 2590 t.
1035 2558 1099 2590 Non
1120 2564 1229 2594 dubito,
1251 2565 1318 2598 quin
1341 2563 1390 2589 tihi
1408 2562 1516 2589 odiosae
1531 2563 1585 2588 sint
1599 2561 1727 2596 epistolae

932 2601 1118 2636 quotidianae,
1135 2610 1220 2636 quuni
1237 2601 1392 2635 pracsertim
1409 2608 1497 2635 neque
1513 2609 1582 2626 nova
1593 2599 1626 2625 de
1637 2608 1664 2625 re
1677 2599 1728 2625 ali-

933 2647 986 2673 qua
1000 2639 1140 2665 certiorem
1157 2643 1181 2665 to
1197 2638 1307 2669 faciam,
1326 2646 1412 2673 nequo
1429 2645 1525 2664 novam
1541 2637 1659 2672 deniqne
1675 2637 1726 2662 iam

911 2699 914 2709 Α
935 2676 1065 2712 reperiam
1080 2675 1217 2703 scribendi
1230 2675 1313 2702 ullam
1324 2675 1495 2703 sententiam.
1527 2674 1590 2705 Sed.
1603 2675 1627 2701 si
1637 2674 1726 2701 dedita

1476 2724 1521 2748 111
