1941 3052
510 134 562 159 DE
597 133 824 160 ORATORE
858 134 944 160 LIB.

100 207 151 233 iam
165 206 294 240 scriptum
309 203 435 239 reliquit‘?
455 203 507 230 Sed
521 213 610 240 geram
625 212 724 230 morem
735 208 760 230 et
769 213 799 230 ea
809 204 888 230 dum—

99 248 177 275 taxat,
205 251 273 278 quae
291 242 357 268 mihi
376 246 435 268 nota
453 246 524 273 sunt,
546 242 661 268 breviter
678 250 810 276 exponam
824 241 885 274 tibi3

98 281 212 308 censebo
224 285 312 307 tamen
327 279 359 305 ad
373 280 482 314 eos,qui
496 284 615 305 auctores
629 284 654 305 et
665 279 816 305 inventores
825 283 889 305 sunt

100 320 193 346 harum
207 326 270 344 sane
284 317 448 343 minutarum
462 325 560 347 rerum,
577 316 773 342 revertendum.
791 315 889 342 4490-

98 357 169 383 mnis
187 356 270 391 igitur
286 354 368 381 oratio
381 354 520 380 conficitur
533 362 567 380 ex
579 353 682 386 verbis:
704 362 820 388 quorum
833 354 889 388 pri-

97 402 173 420 mum
188 392 263 419 nohis
278 392 342 418 ratio
356 391 513 426 simpliciter
526 390 640 417 videnda
654 395 701 421 est,
717 390 813 417 deinde
826 399 888 416 con-
917 389 918 394 ¹

99 432 196 458 iuncte.
230 430 295 456 Nam
319 433 360 455 est
381 428 491 463 quidam
513 433 621 454 ornatus
639 428 773 458 orationis,
794 428 841 462 qui
855 436 889 454 ex

98 467 214 504 singulis
228 467 317 493 verbis
331 470 384 497 est3
400 465 479 496 alius,
495 466 542 500 qui
557 474 590 492 ex
603 466 762 491 continuatis
776 465 888 491 coniun-

98 506 201 540 ctisque
223 508 333 531 constat.
365 503 436 539 Ergo
458 507 566 529 utemur
588 502 677 529 verbis
699 507 744 528 aut
761 503 803 533 iis,
819 510 888 536 quae

99 543 204 577 propria
228 545 291 568 sunt
314 545 339 567 et
356 545 425 567 certa
443 541 521 575 quasi
539 539 668 566 vocabula
686 548 784 569 rerum,
805 547 888 573 paene

98 588 151 606 una
169 583 228 605 nata
246 587 307 605 cum
326 578 406 605 rebus
420 578 500 612 ipsis;
526 581 572 603 aut
584 577 626 607 iis,
643 585 710 611 quae
724 576 889 602 transferun-

98 622 141 643 tur
158 621 184 643 et
196 617 274 651 quasi
292 615 378 642 alieno
390 616 419 641 in
433 614 488 641 loco
502 614 676 646 collocantur,
702 618 747 639 aut
761 614 803 644 iis,
819 622 888 648 quae

99 662 228 680 novamus
243 658 267 680 et
281 653 393 679 facimus
407 652 469 686 ipsi.
505 652 562 677 ⁴50.
582 651 610 677 In
624 651 739 685 propriis
753 651 835 686 igitur
849 655 889 676 est

98 691 188 717 verbis
201 691 246 717 illa
261 690 318 716 laus
332 690 450 719 oratoris,
466 693 496 714 ut
509 689 610 714 abiecta
624 692 702 723 atque
716 687 833 714 obsoleta
844 687 888 714 fu-
917 700 918 717 ς

98 730 161 764 giat,
178 728 252 754 lectis
266 732 345 762 atque
358 726 510 753 illustribus
521 730 617 756 utatur,
627 726 655 751 in
665 726 766 760 quibus
778 725 887 759 plenum

99 765 227 801 quiddam
241 769 266 791 et
280 773 376 791 sonans
390 763 478 789 inesse
493 763 624 789 videatur.
658 762 709 788 Sed
722 763 750 789 in
765 762 815 789 hoc
828 771 888 788 ver-

98 803 192 829 borum
205 810 302 838 genere
314 801 482 836 propriorum
494 800 612 826 delectus
624 800 778 835 estquidam
787 800 889 826 haben-

97 840 149 866 dus
167 844 246 874 attpie
263 840 287 865 is
305 839 411 865 aurium
429 837 545 873 quodam
563 837 663 864 iudicio
685 837 886 872 ponderandus;

96 878 125 904 in
146 885 200 912 quo
217 876 382 903 consuetudo
400 876 479 901 etiam
497 875 565 901 bene
579 874 706 910 loquendi
721 875 790 901 valet
803 874 889 909 pluri-

97 923 182 941 mum.
215 915 272 940 454.
287 914 378 948 Itaque
392 913 450 944 hoc,
465 912 538 947 quod
551 912 634 948 vulgo
647 912 680 938 de
693 912 841 938 oratoribus
855 912 888 938 ab

96 951 228 986 imperitis
241 951 294 977 dici
308 951 387 977 solet:
414 951 492 976 Bonis
505 953 528 976 is
540 951 631 980 verbis,
647 954 706 976 aut:
729 951 825 983 aliquis
839 958 887 975 non

98 991 169 1015 bonis
181 991 271 1019 utitur,
287 997 338 1015 non
353 992 407 1014 arte
421 987 509 1022 aliqua
524 987 705 1022 perpenditur,
715 987 761 1013 sed
771 987 888 1022 quodam
910 1019 911 1023 Ἰ

96 1027 175 1061 quasi
200 1025 313 1052 naturali
336 1034 417 1052 sensu
435 1025 583 1051 iudicatur:
613 1025 641 1050 in
659 1033 713 1059 quo
727 1033 779 1051 non
793 1033 888 1060 magna
910 1028 911 1036 ¹

911 1066 912 1071 ¹
940 1060 1050 1086 brevius
1068 1060 1183 1094 propriis
1201 1060 1290 1086 verbis
1309 1061 1406 1095 exponi
1421 1068 1473 1085 non
1487 1060 1580 1094 potuit,
1597 1068 1677 1094 quam
1692 1065 1729 1085 est

98 1063 156 1090 laus
169 1068 218 1094 est,
240 1064 321 1089 vitare
335 1063 441 1093 vitium,
457 1062 631 1097 (quamquam
645 1062 673 1088 id
686 1067 726 1088 est
739 1062 888 1097 magnunu)

97 1109 191 1127 verum
204 1101 254 1127 hoc
263 1101 340 1135 quasi
350 1100 437 1126 solum
449 1099 583 1134 quoddam
593 1104 673 1134 atque
684 1099 887 1126 fundamentum
910 1110 911 1113 ¹

98 1143 145 1169 est,
161 1138 305 1164 verborum
319 1146 385 1164 usus
399 1141 425 1163 et
438 1137 512 1171 copia
527 1137 666 1163 bonorum.
690 1137 809 1163 452 Sed
823 1137 889 1172 quid

96 1176 155 1210 ipse
168 1175 288 1202 aedificet
300 1179 386 1202 orator
399 1179 424 1201 et
438 1175 464 1201 in
479 1182 532 1209 quo
546 1174 673 1210 adiungat
687 1179 778 1205 artem,
791 1174 818 1200 id
830 1183 888 1201 esse

97 1213 174 1240 nobis
187 1212 370 1247 quaerendum
385 1216 463 1247 atque
477 1211 666 1246 explicandum
680 1212 795 1238 videtur.

151 1250 298 1276 XXXVIII.
307 1251 366 1276 Tria
380 1254 444 1276 sunt
456 1250 539 1285 igitur
552 1249 580 1275 in
591 1249 672 1276 verbo
681 1249 808 1284 simplici,
820 1258 889 1284 quae

97 1292 182 1314 orator
196 1287 284 1314 afferat
300 1287 333 1314 ad
345 1287 531 1313 illustrandam
546 1290 625 1321 atque
639 1286 818 1313 exornandam
832 1295 890 1313 ora—

97 1325 210 1352 tionem:
233 1329 278 1351 aut
291 1325 449 1351 inusitatum
464 1324 577 1351 verbum
588 1328 633 1350 aut
643 1329 769 1350 novatum
784 1329 828 1350 aut
838 1328 890 1350 tra·
919 1333 920 1357 ς

98 1362 190 1388 latum.
215 1363 271 1388 ⁴53.
286 1362 412 1388 Inusitata
427 1366 489 1388 sunt
503 1361 589 1396 prisca
603 1360 657 1387 sere
671 1370 700 1387 ac
713 1366 843 1388 vetustate
857 1362 889 1388 ab
919 1383 920 1386 ,

97 1408 150 1426 usu
176 1399 325 1434 quotidiani
352 1400 482 1426 sermonis
504 1398 606 1425 iamdiu
627 1399 793 1429 intermissa,
821 1407 890 1434 quae

97 1441 160 1463 sunt
174 1442 310 1472 poetarum
326 1436 447 1463 licentiae
462 1436 592 1466 liberiora,
609 1444 690 1470 quam
705 1440 822 1467 nostrae;
842 1436 890 1462 sed
919 1464 920 1467 ,

97 1479 184 1500 tamen
206 1483 264 1500 raro
277 1474 356 1500 habet
370 1474 448 1500 etiam
463 1475 490 1500 in
504 1473 620 1500 oratione
633 1474 766 1508 poeticum
782 1473 890 1508 aliquod

97 1512 209 1538 verbum
220 1511 387 1547 dignitatem.
403 1511 495 1546 Neque
506 1512 578 1537 enim
588 1510 656 1536 illud
668 1510 782 1546 fugerim
791 1511 887 1542 dicere,

97 1553 126 1575 ut
149 1549 268 1576 Caelius:
302 1548 359 1580 Qua
381 1553 524 1581 tempestate
538 1549 635 1574 Poenus
653 1551 679 1573 in
693 1549 797 1574 Italiam
812 1551 887 1580 venie,

97 1594 146 1613 nec
156 1588 263 1619 prolem,
285 1590 330 1611 aut
343 1587 453 1612 subolem
467 1590 512 1611 aut
525 1588 602 1619 effari
615 1589 661 1611 aut
674 1588 821 1619 nuncupari
834 1590 888 1617 aut,

97 1627 127 1650 ut
143 1628 173 1650 tu
191 1623 270 1654 soles,
291 1622 392 1654 Catule,
412 1631 462 1649 non
476 1625 552 1649 rebar
570 1626 616 1648 aut
633 1625 774 1656 opinabar:
801 1627 826 1649 et
839 1622 890 1649 alia
919 1636 921 1656 1

98 1660 190 1692 multa,
210 1661 312 1695 quibus
331 1660 388 1687 loco
406 1660 509 1695 positis,
525 1659 650 1696 grandior
663 1664 743 1695 atque
757 1660 891 1694 antiquior

97 1699 178 1725 oratio
191 1706 270 1733 saepe
284 1697 368 1724 videri
383 1697 458 1724 solet.
480 1699 536 1724 ⁴54.
549 1698 686 1723 Novantur
700 1701 787 1723 autem
799 1697 887 1727 verba,

97 1744 166 1771 quae
188 1735 222 1761 ab
244 1744 282 1766 eo,
307 1736 354 1770 qui
375 1735 448 1766 dicit,
468 1735 527 1769 ipso
544 1735 694 1770 gignuntur
711 1743 740 1761 ae
755 1734 830 1766 fiunt,
848 1735 889 1761 vel

97 1772 292 1808 coniungendis
304 1772 402 1803 verbis,
419 1777 448 1798 ut
463 1772 540 1798 haec:

137 1811 198 1837 Tum
212 1818 296 1844 pavor
311 1812 464 1843 sapientiam
481 1818 578 1836 omnem
594 1812 630 1835 mi
647 1812 796 1836 ewaru'mato
813 1812 891 1843 επρέ-

588 1851 678 1873 ctorat.

135 1885 203 1911 Num
216 1887 266 1911 non
279 1887 318 1911 vis
331 1886 406 1911 liuius
419 1893 457 1910 me
470 1886 657 1918 versutiloquas
670 1885 786 1910 malitias
798 1894 849 1909 -—.-

98 1922 194 1949 videtis
207 1922 278 1948 enim
293 1926 318 1948 et
330 1924 518 1955 versutiloquas
531 1926 557 1948 et
569 1926 718 1954 expectorat
732 1930 765 1947 ex
778 1921 891 1947 coniun-

97 1960 183 1986 ctione
197 1958 263 1985 facta
277 1967 335 1985 esse
349 1959 438 1990 verba,
456 1967 507 1985 nou
522 1963 594 1991 nata3
618 1958 659 1985 vel
671 1966 750 1993 saepe
760 1959 818 1984 sine
827 1967 890 1984 con-

97 1997 233 2023 iunctione
247 1997 327 2022 verba
341 2001 481 2027 novantur,
498 2000 536 2027 ut,
552 1997 596 2022 ille
608 1999 701 2026 senius,
718 2000 755 2026 ut,
771 1998 809 2021 dii
819 1998 890 2029 qeni-

99 2035 169 2064 tales,
184 2038 214 2061 ut
228 2035 351 2060 bacarum
364 2035 478 2060 ubertate
492 2035 674 2060 incurviscere.
710 2034 768 2059 ⁴55.
784 2033 889 2059 Tertius

97 2070 143 2098 ille
157 2071 253 2097 modus
267 2069 441 2097 transferendi
458 2070 532 2097 verbi
551 2070 600 2096 late
614 2074 783 2105 patet,quem
797 2078 889 2096 neccs-

97 2109 162 2135 sitas
185 2108 286 2143 genuit,
312 2108 401 2142 inopia
423 2112 510 2134 coacta
530 2112 555 2133 et
569 2108 710 2143 angustiis,
726 2112 786 2142 post
799 2112 887 2133 autem

97 2145 236 2172 delectatio
249 2144 457 2180 iucunditasque
474 2144 627 2171 celebravit.
662 2145 728 2170 Nam
753 2149 782 2170 ut
805 2145 889 2171 vestis

98 2181 204 2218 frigoris
214 2181 364 2217 depellendi
375 2191 469 2208 caussa
478 2186 580 2217 reperta
590 2182 684 2217 primo.
699 2186 758 2216 post
768 2182 888 2208 adhiberi

98 2224 189 2255 coepta
209 2224 249 2246 est
267 2219 299 2246 ad
316 2224 438 2245 ornatum
457 2220 536 2245 etiam
550 2220 667 2254 corporis
681 2224 706 2245 et
720 2219 886 2254 dignitatem,

98 2257 138 2284 sic
150 2256 224 2283 verbi
235 2256 337 2283 tralatio
350 2257 470 2283 instituta
485 2261 524 2283 est
537 2257 641 2291 inopiae
651 2265 753 2288 caussa,
765 2256 889 2291 frequen-

99 2298 150 2320 tata
164 2294 356 2321 delectationis.
388 2295 453 2320 Nam
467 2303 593 2327 yemmare
606 2297 677 2324 vites,
693 2296 824 2320 luxuriem
838 2303 890 2320 esse

98 2333 127 2358 in
147 2333 238 2361 herbis,
262 2333 343 2358 laetas
363 2335 456 2365 seyetes
478 2331 556 2357 etiam
572 2331 663 2357 rustici
678 2331 779 2357 dicunt.
813 2330 889 2363 Quod

99 2369 170 2395 enim
192 2368 318 2395 declarari
341 2369 388 2395 vix
411 2368 491 2394 verbo
514 2368 620 2403 proprio
637 2373 731 2402 potest,
751 2368 779 2394 id
798 2368 889 2394 tralato
911 2372 912 2377 ¹

911 2411 912 2428 ς
942 2405 1008 2430 XLl.
1031 2406 1084 2430 163,
1106 2404 1204 2430 Deinde
1223 2403 1369 2430 videndum
1388 2408 1435 2433 cst,
1457 2411 1489 2429 ne
1504 2402 1580 2437 longe
1594 2402 1682 2428 simile
1697 2403 1730 2428 sit

98 2413 184 2448 quum
198 2410 238 2432 est
250 2405 362 2436 dictum,
374 2405 489 2432 illustrat
501 2405 536 2436 id,
545 2405 617 2440 quod
628 2405 740 2441 intelligi
752 2405 887 2436 volumus,

99 2450 158 2469 eius
181 2444 227 2474 rei,
253 2451 334 2478 quam
353 2443 439 2469 alieno
460 2443 540 2469 verbo
558 2443 708 2477 posuimus,
729 2442 886 2468 similitudo.
911 2457 912 2460 =

911 2478 912 2481 ’
941 2479 1003 2509 rim3
1029 2478 1181 2511 Charybdim
1196 2480 1325 2505 bonorwn.
1342 2480 1485 2511 vorayimvm
1501 2477 1598 2511 potius.
1616 2476 1730 2503 Facilius

100 2481 158 2507 ⁴56.
176 2479 246 2516 Ergo
273 2480 322 2506 hae
344 2480 494 2507 tralationes
513 2480 590 2515 quasi
613 2480 791 2506 mutuationes
815 2484 886 2509 sunt,

98 2525 193 2552 quum,
209 2517 282 2552 quod
296 2526 348 2544 non
362 2517 468 2548 habeas,
485 2517 593 2543 aliunde
606 2525 708 2543 sumas.
723 2516 785 2543 lllae
799 2516 889 2551 paullo
911 2535 912 2538 η

100 2554 262 2586 audaciores,
281 2563 350 2589 quae
369 2563 420 2581 non
440 2555 556 2589 inopiam
575 2554 701 2585 indicant,
717 2553 764 2580 sed
777 2554 888 2580 orationi

99 2590 248 2626 splendoris
262 2591 364 2626 aliquid
378 2596 528 2624 arcessunt;
548 2600 662 2626 quarum
677 2600 726 2626 ego
735 2590 802 2626 quid
813 2591 889 2617 vobis

100 2632 145 2655 aut
157 2628 312 2655 inveniendi
327 2629 453 2656 rationem
467 2633 513 2655 aut
525 2637 620 2665 genera
636 2627 750 2663 ponam?

155 2665 281 2693 XXXIX.
299 2667 355 2693 ¹57.
371 2666 563 2693 Similitudinis
577 2671 617 2693 est
630 2666 662 2692 ad
677 2665 789 2692 verbum
804 2673 887 2692 unum
911 2662 913 2670 '

978 134 1021 160 111.
1052 134 1106 161 CA
1121 134 1148 160 P.
1173 135 1203 160 34
1223 149 1259 153 ——-
1280 135 1320 160 41.
1680 137 1726 161 ⁴²29

917 204 918 226 l
938 209 1068 230 contracta
1087 204 1211 235 brevitas,
1232 204 1305 239 quod
1323 204 1435 230 verbum
1450 205 1477 229 in
1491 203 1576 230 alieno
1591 204 1646 231 loco
1661 211 1728 231 tam-

939 250 1019 276 quam
1034 242 1061 268 in
1075 250 1124 268 suo
1139 243 1264 276 positum,
1280 242 1303 267 si
1318 241 1478 277 agnoscitur,
1498 241 1623 273 delectat3
1650 243 1672 268 si
1691 244 1728 269 si-

939 278 1001 304 mile
1016 278 1082 304 nihil
1097 279 1184 310 habet,
1200 278 1366 313 repudiatur.
1391 278 1443 304 Sed
1457 287 1486 303 ea
1501 278 1636 305 transferri
1651 288 1728 314 opor-

917 338 918 341 ,
939 320 983 347 tet,
1000 325 1067 351 quae
1082 321 1127 342 aut
1140 316 1276 343 clariorem
1291 315 1391 342 faciunt
1404 324 1468 346 rem,
1485 320 1514 341 ut
1528 315 1572 342 illa
1587 317 1688 342 omnia:

1303 354 1456 379 latim-rescit
1471 362 1550 383 mare,

977 392 1092 417 tenebrae
1115 392 1340 424 conduplicantur,
1363 393 1493 423 noctisque
1515 394 1537 416 et
1557 392 1666 416 uimbrtm
1687 399 1727 416 oc-

1428 430 1514 454 caect‘tt
1529 430 1626 460 uiqror,

975 467 1077 497 [lanima
1102 468 1168 490 inter
1191 466 1267 491 nabe's
1285 469 1415 495 coruscat,
1439 466 1535 490 caelum
1554 467 1651 490 tonitru
1670 467 1729 490 can-

1426 505 1518 531 tremit,

917 520 918 530 l

917 531 918 571 l
975 541 1087 572 quintio,
1113 541 1195 564 mixta
1218 540 1296 565 imbri
1312 541 1431 572 largifluo
1448 541 1532 565 subita
1553 541 1728 572 praecipitans

1426 579 1508 608 cadit;

917 610 918 653 l
976 614 1087 646 undique
1106 621 1190 638 omnes
1208 615 1430 646 z·e‘›zn·e1·un1punt,
1449 616 1519 639 saei-i
1532 616 1658 639 exsistunt
1673 616 1730 639 tzir-

1427 652 1509 676 hines.-

975 689 1050 720 se‘rrz‘t
1063 691 1134 712 aestu
1147 688 1266 719 pe'layus:

939 724 1027 750 omnia
1042 723 1103 754 sere,
1120 732 1173 758 quo
1187 728 1276 749 essent
1289 723 1408 755 clariora,
1428 724 1528 750 tralatis
1543 733 1588 759 per
1602 724 1730 750 similitu-

939 761 1029 787 dinem
1054 761 1143 787 verbis
1166 760 1235 786 dicta
1257 766 1332 787 sunt:
1358 763 1414 787 ⁴58.
1435 766 1480 787 aut
1496 770 1550 796 quo
1564 762 1729 796 significetur

939 799 1024 834 magis
1039 807 1081 824 res
1096 802 1147 824 tota
1161 798 1218 824 sive
1233 797 1293 824 facti
1309 798 1422 824 alicuius
1437 799 1494 824 sive
1508 798 1658 829 consilii,ut
1672 798 1726 828 ille,

939 836 986 870 qui
1004 835 1179 862 occultantem
1198 835 1327 865 consulto,
1347 844 1380 861 ne
1398 835 1434 867 id,
1451 836 1522 870 quod
1541 841 1671 870 ageretur,
1688 837 1729 862 in-

940 872 1023 908 telligi
1051 877 1152 907 posset,
1181 872 1288 899 duobus
1315 872 1415 899 tralatis
1439 873 1528 899 verbis
1552 873 1729 899 similitudine

939 911 997 945 ipsa
1011 910 1117 941 indicat,

979 948 1189 981 Oudndoquidem
1202 950 1225 974 is
1237 956 1263 973 se
1277 950 1447 974 circumvestit
1461 949 1544 974 (lictis.
1559 950 1622 980 sepit
1636 949 1729 973 se'alulo⁴

995 986 1203 1020 Nonnumquam
1217 986 1296 1011 etiam
1310 985 1426 1011 brevitas
1437 985 1572 1011 tralatione
1582 985 1728 1015 coniicitur,

940 1026 969 1048 ut
982 1022 1059 1054 illud,
1076 1022 1106 1049 Si
1119 1024 1195 1048 telum
1208 1032 1285 1048 nnana
1299 1025 1374 1056 sugit.
1393 1022 1573 1057 Imprudentia
1585 1022 1628 1048 teli
1640 1023 1729 1048 emissi

940 1106 994 1123 uno
1007 1097 1155 1133 significata
1170 1097 1271 1123 tralato.
1291 1099 1346 1123 ⁴59.
1359 1098 1446 1132 Atque
1461 1097 1509 1123 hoc
1524 1098 1550 1123 in
1564 1105 1660 1132 genere
1671 1106 1727 1131 per-

940 1143 1018 1169 saepe
1046 1135 1113 1161 mihi
1136 1134 1323 1161 admirandum
1346 1135 1465 1165 videtur,
1493 1134 1559 1169 quid
1587 1135 1634 1164 sitv
1660 1134 1730 1168 quod

918 1182 919 1185 ¹
940 1181 1032 1198 omnes
1055 1171 1155 1198 tralatis
1178 1177 1203 1198 et
1225 1172 1318 1198 alienis
1341 1173 1426 1207 magis
1450 1171 1612 1198 delectentur
1631 1171 1728 1198 verbis.

918 1232 919 1241 ,
942 1218 1023 1244 quam
1037 1210 1152 1244 propriis
1166 1214 1191 1235 et
1204 1210 1271 1235 suis,
1294 1210 1351 1235 XL.
1368 1210 1433 1235 Nam
1448 1210 1471 1235 si
1485 1218 1526 1235 res
1541 1218 1620 1235 suum
1636 1218 1730 1235 nomen

918 1258 919 1274 ;
940 1251 965 1273 et
980 1247 1140 1273 vocabulum
1155 1248 1293 1281 proprium
1308 1256 1359 1273 non
1374 1247 1460 1277 habet,
1477 1251 1506 1272 ut
1518 1256 1561 1279 pes
1575 1247 1601 1272 in
1617 1247 1686 1277 navi,
1704 1252 1730 1272 ut

919 1287 920 1312 l
941 1293 1043 1314 nexum,
1058 1284 1130 1319 quod
1141 1293 1187 1319 per
1198 1284 1292 1310 libram
1303 1285 1398 1320 agitur,
1411 1289 1439 1310 ut
1450 1285 1476 1310 in
1489 1293 1569 1310 uxore
1580 1286 1728 1310 divortium.

918 1316 920 1325 ’
941 1322 1085 1348 necessitas
1103 1322 1182 1357 cogit,
1203 1322 1275 1356 quod
1294 1331 1345 1348 non
1365 1322 1471 1352 habeas,
1489 1321 1595 1348 aliunde
1610 1330 1728 1347 sumere:

941 1359 987 1386 sed
1002 1359 1028 1385 in
1044 1368 1153 1385 suorum
1168 1359 1310 1385 verborum
1325 1360 1440 1385 maxima
1454 1359 1528 1393 copia
1544 1363 1630 1384 tamen
1645 1358 1731 1384 homi-

919 1394 920 1398 *
941 1405 987 1423 nes
1007 1396 1091 1423 aliena
1106 1396 1191 1423 multo
1204 1397 1299 1432 magis,
1316 1397 1338 1422 si
1353 1402 1415 1422 sunt
1430 1397 1528 1422 ratione
1543 1395 1642 1426 tralata.
1659 1395 1731 1422 dele-

940 1439 1020 1460 ctant.
1053 1435 1109 1460 ⁴60.
1129 1434 1157 1460 Id
1176 1434 1294 1460 accidere
1312 1434 1398 1465 credo,
1415 1433 1455 1459 vel
1471 1433 1542 1468 quod
1557 1434 1656 1469 ingenii
1671 1442 1732 1468 spe-

941 1472 1027 1498 cimen
1051 1475 1091 1497 est
1114 1471 1258 1506 quoddam,
1279 1471 1411 1497 transilire
1430 1475 1489 1497 ante
1507 1471 1589 1505 pedes
1608 1471 1691 1505 posita
1706 1476 1730 1496 et

941 1509 991 1535 alia
1016 1508 1093 1544 longe
1116 1509 1226 1543 repetita
1249 1517 1368 1540 sumere3
1396 1508 1437 1534 vel
1451 1508 1524 1543 quod
1537 1509 1569 1538 is,
1586 1509 1632 1542 qui
1647 1507 1729 1538 audit,

941 1546 992 1572 alio
1010 1546 1118 1572 ducitur
1135 1546 1292 1580 cogitatione
1310 1554 1396 1580 neque
1414 1550 1500 1571 tamen
1520 1545 1635 1571 aberrat:
1663 1553 1731 1579 quae

919 1612 920 1615 ,
941 1584 1056 1610 maxima
1075 1588 1115 1609 est
1133 1583 1284 1610 delectatio:
1317 1583 1357 1609 vel
1371 1583 1443 1618 quod
1458 1582 1572 1618 singulis
1588 1582 1676 1608 verbis
1690 1591 1731 1608 res

941 1630 970 1647 ac
989 1626 1072 1647 totum
1091 1620 1179 1646 simile
1197 1621 1348 1652 conticitum
1375 1620 1415 1646 vel
1431 1620 1503 1655 quod
1517 1621 1604 1645 omnis
1619 1620 1728 1649 tralatio,

940 1667 1009 1693 quae
1022 1658 1133 1693 quidem
1147 1662 1254 1692 sumpta
1269 1658 1367 1684 ratione
1381 1662 1429 1688 est,
1446 1657 1478 1683 ad
1493 1666 1588 1683 sensus
1602 1657 1674 1691 ipsos
1686 1657 1732 1682 ad-

941 1700 1071 1725 movetur,
1098 1696 1213 1721 maxime
1236 1695 1383 1726 oculorum,
1404 1695 1451 1730 qui
1470 1699 1509 1720 est
1527 1703 1622 1720 sensus
1637 1695 1731 1720 acerri-

920 1730 921 1769 }
942 1742 1013 1759 mus.
1042 1735 1098 1759 lssl.
1120 1733 1186 1759 Nam
1205 1737 1230 1758 et
1249 1735 1312 1758 odor
1328 1734 1485 1758 urbanitatis
1499 1736 1522 1758 et
1538 1734 1670 1757 mollitudo
1684 1733 1730 1757 hu-

920 1790 921 1795 ,
941 1773 1074 1797 munitatis
1092 1774 1117 1796 ct
1135 1779 1252 1796 niun-mur
1271 1773 1350 1796 maris
1368 1774 1393 1795 et
1411 1771 1517 1795 dulcedo
1531 1772 1655 1795 orationis
1669 1774 1730 1794 sunt

920 1804 921 1840 1
941 1808 1019 1834 ducta
1042 1816 1056 1834 a
1078 1808 1172 1834 ceteris
1195 1807 1333 1838 sensibus;
1357 1807 1401 1833 illa
1421 1815 1482 1833 vero
1496 1806 1633 1833 oculorum
1649 1806 1731 1832 multo

920 1842 921 1876 l
941 1846 1048 1875 acriora.
1065 1854 1133 1880 quae
1148 1849 1249 1879 ponunt
1263 1853 1345 1879 paene
1360 1845 1386 1871 in
1400 1848 1542 1879 conspectu
1557 1844 1647 1871 animi,
1664 1852 1731 1878 quae

920 1884 921 1921 l
941 1891 1047 1909 cernere
1068 1887 1092 1908 et
1116 1882 1205 1908 videre
1224 1891 1275 1908 non
1291 1890 1444 1916 possumus.
1480 1881 1551 1907 Nihil
1567 1885 1606 1907 est
1620 1882 1690 1907 enim
1706 1881 1730 1906 in

920 1934 921 1941 κ
941 1929 1029 1946 rerum
1049 1924 1150 1950 natura,
1167 1920 1246 1945 cuius
1261 1928 1307 1945 nos
1322 1929 1372 1945 non
1387 1920 1413 1945 in
1429 1919 1488 1945 aliis
1503 1919 1582 1944 rebus
1598 1919 1731 1953 possimus

919 1948 921 1974 ¹¹
942 1958 979 1984 uti
994 1957 1126 1984 vocabulo
1141 1962 1165 1983 et
1180 1957 1295 1983 nomine.
1331 1957 1404 1983 Unde
1422 1957 1492 1983 enim
1508 1956 1595 1982 simite
1609 1955 1670 1981 duci
1686 1965 1731 1990 po-

918 2016 920 2033 ]
941 2000 1004 2026 test,
1029 1995 1124 2029 (potest
1142 1999 1229 2020 autem
1253 2003 1286 2020 ex
1309 1994 1455 2027 omnibus)
1478 1993 1595 2019 indidem
1621 1993 1730 2019 verbum

918 2042 920 2080 i
940 2041 1035 2063 unum,
1051 2032 1123 2067 quod
1137 2031 1342 2058 similitudinem
1357 2032 1485 2061 continet.
1504 2030 1625 2057 tralatum
1643 2030 1730 2056 lumen

919 2083 920 2087 =
940 2069 1013 2096 ass‘ert
1031 2069 1151 2096 orationi.
1180 2071 1235 2095 ⁴62.
1251 2068 1309 2101 Quo
1323 2070 1349 2095 in
1363 2077 1459 2104 genere
1475 2069 1590 2103 primum
1607 2067 1730 2102 fugienda

940 2112 980 2133 est
993 2106 1202 2133 dissimilitudo:
1228 2106 1298 2132 Ciu-Ii
1321 2109 1432 2139 iuqcntcs
1453 2108 1577 2139 fornices.-
1607 2105 1730 2139 quamvis

918 2143 920 2184 Ι
939 2144 1079 2179 sphaeram
1095 2144 1121 2170 in
1136 2152 1251 2173 scenam.
1271 2148 1300 2170 ut
1313 2143 1420 2171 dicitur,
1436 2142 1551 2169 attulerit
1566 2142 1676 2168 Ennius.
1694 2147 1731 2167 ta-

918 2185 920 2208 l
940 2190 1001 2208 men
1015 2182 1042 2208 in
1056 2181 1168 2216 sphaera
1183 2180 1291 2207 fornicis
1305 2180 1454 2207 similitudo
1469 2189 1519 2206 non
1535 2184 1618 2214 potest
1634 2180 1729 2205 inesse.

918 2216 920 2237 l
1104 2233 1140 2237 —
1165 2233 1202 2237 —
1232 2219 1296 2247 Vive,
1315 2219 1412 2245 tiltres.
1427 2220 1486 2243 dum
1501 2219 1571 2243 licet.-

918 2251 920 2279 l
1014 2258 1094 2282 oculis
1106 2261 1259 2288 postremum
1275 2257 1356 2281 lumen
1372 2258 1500 2281 radiatum
1516 2255 1591 2287 rape!

918 2284 920 2296 ³
941 2302 992 2319 non
1011 2293 1078 2319 dixit
1098 2302 1166 2326 cape.
1187 2301 1238 2319 non
1256 2297 1318 2325 pete.
1338 2292 1456 2326 (liaberet
1470 2292 1540 2317 enim
1557 2299 1655 2317 moram
1670 2299 1731 2325 spe·

941 2330 1021 2356 rantis
1036 2330 1139 2356 diutius
1153 2338 1211 2356 esse
1226 2329 1381 2363 victurum.)
1400 2329 1445 2355 scd
1461 2338 1534 2362 rupe:
1557 2328 1604 2354 hoc
1619 2328 1729 2354 verbum

940 2372 980 2393 est
1003 2367 1035 2393 ad
1060 2367 1086 2392 id
1109 2371 1237 2401 aptatum,
1264 2367 1336 2401 quod
1360 2371 1418 2392 ante
1442 2366 1553 2394 dixerat.
1579 2367 1638 2390 dum
1663 2367 1728 2391 licet.

939 2442 1061 2467 ductum.
1085 2442 1181 2473 Syrtim
1195 2443 1353 2474 patrimonii.
1369 2442 1499 2473 scopulum
1515 2439 1641 2465 libentius
1656 2439 1730 2465 dixe-

940 2517 1010 2542 enim
1035 2515 1066 2541 ad
1089 2524 1128 2546 ea,
1153 2524 1222 2550 quae
1241 2515 1305 2544 visu.
1329 2523 1410 2549 quam
1429 2514 1460 2540 ad
1480 2514 1534 2543 illa,
1558 2523 1627 2549 quae
1641 2514 1729 2541 audita

940 2558 1011 2583 sunt.
1036 2553 1133 2578 ruentis
1154 2552 1224 2578 oculi
1248 2552 1378 2578 feruntur.
1413 2553 1444 2578 lit
1461 2552 1587 2587 quoniam
1606 2552 1670 2578 haec
1689 2552 1728 2577 vel

940 2599 1045 2616 summa
1070 2589 1127 2615 laus
1151 2594 1191 2616 cst
1209 2590 1236 2616 in
1251 2589 1339 2615 verbis
1358 2589 1556 2619 transfert-ndis.
1578 2594 1607 2615 ut
1620 2598 1728 2615 sensum

941 2627 1015 2653 feriat
1034 2627 1069 2657 id.
1089 2627 1162 2662 quod
1182 2626 1303 2653 tralatum
1318 2627 1360 2656 sit.
1378 2626 1505 2662 fugienda
1519 2631 1559 2652 est
1572 2627 1659 2653 omnis
1674 2632 1725 2652 tur-

941 2664 1034 2700 pitudo
1047 2673 1137 2691 eurum
1153 2673 1250 2694 rerum,
1267 2664 1298 2690 ad
1312 2673 1379 2699 quas
1393 2673 1482 2691 cortun
1498 2665 1609 2694 animos,
1625 2664 1672 2699 qui
1683 2673 1728 2690 ziu-

1458 2709 1489 2733 17
