1941 3052
242 117 293 143 DE
324 115 509 143 FlNIBUS
538 115 756 142 BONORUM
785 115 838 142 ET
869 115 1530 143 MALORUMLIB.11.CAP.i-5.

69 197 111 220 se,
129 187 236 219 ubisit,
253 191 299 214 aut
308 187 376 222 quid
388 188 423 213 sit
433 186 520 213 ullum
532 186 647 217 bonum,
664 191 767 220 praeter
783 185 859 217 illud⁷

69 225 142 261 quod
153 225 213 251 cibo
224 229 270 251 aut
279 225 386 259 potione
397 229 423 250 et
433 225 539 250 aurium
551 223 725 250 delectatione
737 223 863 249 etobsce-

70 271 103 289 na
115 261 251 296 voluptate
263 262 394 296 capiatur.
434 262 474 287 An
490 261 555 287 haec
568 261 602 287 ab
613 269 643 287 eo
655 269 706 287 non
718 259 863 287 dicuntur?

69 299 152 332 Quasi
163 307 226 325 vero
237 307 279 325 me
291 298 403 333 pudeat,
417 299 519 333 inquit,
538 299 664 328 istorum,
681 302 788 324 autnon
800 306 863 332 pos-

70 337 130 367 sim,
139 335 369 371 quemadmodum
381 344 410 362 ea
421 335 554 366 dicantur,
567 335 718 362 ostendere!
733 335 788 370 Ego
802 343 862 361 vero

70 382 122 401 non
133 373 237 404 dubito,
250 374 370 408 inquam,
384 374 450 408 quin
463 372 540 399 facile
554 373 655 407 possis:
669 381 717 398 nec
728 377 776 403 est,
790 371 862 407 quod

70 416 94 438 te
104 410 204 446 pudeat
214 411 328 445 sapienti
339 411 475 443 assentirig
490 410 538 445 qui
549 418 577 436 se
589 418 668 440 unus,
682 409 754 444 quod
768 410 860 440 sciam,

69 449 219 483 sapientem
234 448 353 483 profiteri
364 448 399 474 sit
409 456 502 473 ausus.
542 447 609 473 Nam
619 446 799 473 Metrodorum
810 455 862 472 nou

69 490 134 520 puto
149 485 240 520 ipsum
257 484 422 520 professum:
447 484 508 515 sed,
530 493 615 519 quum
635 483 814 518 appellaretur
830 483 863 509 ab

68 523 195 557 Epicuro,
209 522 351 557 repudiare
363 526 465 548 tantum
478 522 638 547 beneficium
652 521 780 547 noluisse.
816 520 864 546 Se-

68 564 141 595 ptem
162 564 251 586 autem
275 559 315 585 illi
336 568 387 585 non
403 568 465 590 suo,
488 559 535 585 sed
556 558 717 593 populorum
736 557 864 592 suffragio

68 598 192 624 omnium
212 597 340 623 nominati
357 601 429 622 sunt.
470 598 494 622 8.
517 596 615 623 Verum
633 596 681 622 hoc
698 595 754 621 loco
774 603 861 625 sumo.

69 634 160 661 verbis
171 634 214 660 his
224 634 346 660 eamdem
358 638 427 660 certe
439 633 495 659 vim
507 632 652 667 voluptatis
658 633 805 667 Epicurum
817 640 865 657 no-
884 645 885 648 =

69 676 149 702 tasse,
161 680 243 706 quam
254 676 365 698 ceteros.
396 670 495 697 Omnes
506 671 578 696 enim
590 670 738 697 iucundum
750 674 860 695 motum.

69 717 124 744 quo
134 717 231 735 sensus
243 708 384 739 hilaretur,
399 708 499 734 Graece
510 707 616 742 ἡδονήν,
633 707 725 733 Latine
740 706 864 740 volupta-

69 751 123 773 tem
135 750 239 773 vocant.
279 745 350 778 Quid
361 750 401 771 est
412 746 507 780 igitur,
522 745 623 779 inquit,
640 743 713 779 quod
725 742 864 778 requiras?

68 784 173 815 Dicam,
198 784 321 818 inquam,
344 787 370 809 et
384 782 495 817 quidem
511 781 635 808 discendi
652 789 747 807 caussa
764 780 860 815 magiS,

69 829 151 856 quam
162 825 250 856 quote
261 825 306 847 aut
315 820 463 854 Epicurum
475 819 668 853 reprehensum
680 817 773 844 velim.
807 818 863 852 Ego

68 866 186 893 quoque,
200 858 296 892 inquit,
310 856 453 883 didicerim
466 855 604 887 libentius,
618 856 641 882 si
652 855 719 890 quid
730 854 860 885 attuleris,

68 904 150 930 quam
167 899 191 921 te
212 894 440 929 reprehenderim.
481 894 601 919 Tenesne
621 894 717 928 igitur,
739 893 860 927 inquam,

68 933 247 968 Hieronymus
262 931 383 958 Rhodius
403 930 475 966 quod
497 930 568 957 dicat
582 939 641 956 esse
658 938 796 956 summum
815 929 864 955 bo-

68 978 143 1000 num,
156 977 210 1004 quo
221 973 297 1004 putet
306 969 395 995 onmia
407 967 499 994 referri
509 967 647 1003 oportere?
658 968 754 998 Teneo,
763 967 860 1002 inquit,

68 1006 149 1033 finem
165 1006 206 1032 illi
222 1006 322 1037 videri,
346 1005 415 1032 nihil
430 1005 530 1031 dolere.
570 1004 659 1036 Quid?
677 1004 749 1031 idem
764 1005 814 1031 iste
829 1004 863 1030 de

68 1043 205 1078 voluptate
224 1043 289 1078 quid
307 1042 405 1070 sentit?
443 1044 468 1069 9.
490 1043 575 1078 Negat
591 1050 650 1068 esse
668 1050 740 1073 eam,
763 1042 861 1077 inquit,

67 1085 176 1116 propter
186 1081 304 1116 seipsam
315 1080 503 1115 expetendam.
543 1079 625 1106 Aliud
637 1080 720 1115 igitur
730 1088 789 1106 esse
800 1087 864 1105 een-

67 1122 108 1145 set
122 1118 253 1154 gaudere,
275 1117 349 1144 aliud
366 1127 418 1144 non
433 1117 534 1144 dolere.
574 1117 607 1143 Et
621 1116 747 1152 quidem,
762 1117 861 1152 inquit,

68 1155 242 1182 vehementer
256 1159 334 1182 errat.
375 1156 456 1186 Nam,
478 1159 508 1181 ut
523 1154 614 1189 paullo
629 1159 689 1181 ante
703 1154 796 1185 docui,
815 1162 864 1180 au—

67 1193 170 1228 gendae
182 1192 327 1227 voluptatis
339 1192 400 1219 finis
411 1197 451 1219 est
462 1192 562 1218 doloris
571 1192 660 1218 omnis
671 1192 778 1218 amotio.
805 1191 862 1217 Non

67 1230 166 1261 dolere,
182 1231 302 1265 inquam,
316 1230 389 1256 istud
401 1238 482 1265 quam
494 1230 550 1256 vim
560 1229 667 1260 habeat,
684 1234 775 1264 postea
787 1228 864 1255 vide-

68 1276 110 1294 ro:
124 1267 204 1294 aliam
217 1276 279 1294 vero
290 1268 346 1293 vim
359 1267 504 1302 voluptatis
515 1275 584 1297 esse,
598 1266 677 1293 aliam
690 1266 758 1293 nihil
770 1265 864 1292 dolen-

67 1305 109 1336 di,
127 1305 180 1331 nisi
196 1304 274 1331 valde
289 1305 412 1339 pertinax
428 1304 524 1334 fueris,
541 1303 672 1330 concedas
688 1312 797 1330 necesse
812 1308 862 1330 est.

67 1342 149 1377 Atqui
162 1342 287 1377 reperies,
297 1342 393 1376 inquit,
403 1343 429 1368 in
442 1341 492 1368 hoc
503 1341 614 1376 quidem
626 1341 801 1376 pertinacem.
818 1341 864 1367 Di·-

67 1380 92 1405 ci
102 1380 175 1405 enim
187 1379 254 1406 nihil
270 1383 357 1414 potest
372 1380 474 1405 verius.
514 1379 595 1405 Estne
609 1387 723 1413 quaeso,
740 1379 860 1413 inquam,

67 1417 168 1443 sitienti
181 1417 207 1443 in
220 1416 338 1443 bibendo
349 1415 490 1451 voluptas?
509 1415 576 1448 Quis
588 1416 646 1446 ista,
665 1417 761 1450 inquit,
779 1420 864 1450 possrt

67 1453 182 1489 negare?
193 1453 337 1485 Eademne,
351 1454 472 1488 inquam,
486 1461 555 1488 quae
567 1454 692 1479 restincta
703 1453 766 1479 siti‘?
779 1454 863 1479 Immo

67 1490 120 1518 alio
134 1499 242 1526 genere.
283 1491 417 1517 Restincta
433 1491 505 1517 enim
522 1491 581 1516 sitis
597 1490 771 1517 stabilitatem
786 1490 863 1517 volu—

67 1529 147 1563 ptatis
159 1528 247 1559 habet,
261 1528 363 1563 inquit:
377 1527 422 1554 illa
433 1532 522 1554 autem
534 1527 657 1562 voluptas
668 1528 755 1562 ipsius
767 1529 864 1554 restin-

67 1566 164 1592 ctionis
184 1566 212 1591 in
229 1569 301 1591 motu
321 1569 370 1591 est.
411 1565 465 1591 Cur
482 1565 577 1600 igitur,
600 1565 725 1599 inquam,
751 1574 793 1591 res
810 1570 862 1591 tam

67 1602 215 1629 dissimiles
226 1602 320 1629 eodem
332 1603 440 1628 nomine
451 1601 589 1637 appellas?
630 1604 668 1628 ⁴0.
690 1602 761 1634 Quid
772 1602 863 1637 paullo

67 1644 137 1671 ante,
150 1640 248 1675 inquit,
264 1639 391 1670 dixerim,
405 1648 492 1666 nonne
504 1640 661 1670 meministi.
678 1648 762 1674 quum
774 1641 863 1666 omnis

67 1677 143 1704 dolor
153 1677 287 1704 detractus
299 1681 378 1708 essct,
392 1677 499 1707 variari,
513 1685 565 1703 non
576 1677 669 1711 augeri
681 1676 864 1712 voluptatem?

67 1715 178 1741 Memini
192 1723 269 1745 vero,
286 1716 408 1749 inquam.
447 1713 500 1740 Sed
511 1718 539 1741 tu
551 1715 620 1740 istuc
631 1714 700 1741 dixti
712 1714 780 1741 bene
792 1715 864 1741 Lati-

67 1760 113 1783 ne,
136 1760 231 1787 parum
246 1751 335 1786 plane.
380 1752 496 1778 Variecas
513 1751 586 1778 enim
603 1752 727 1778 Latinum
748 1752 863 1778 verbum

67 1794 119 1821 est,
133 1789 216 1824 idque
227 1789 335 1824 proprie
345 1789 457 1824 quidem
468 1789 494 1815 in
506 1788 662 1823 disparibus
673 1789 809 1816 coloribus
820 1789 864 1816 di—

67 1827 149 1853 citur:
163 1826 210 1853 sed
222 1826 380 1853 transfertur
390 1827 418 1852 in
429 1826 513 1853 multa
524 1826 653 1861 disparia.
683 1827 789 1853 Varium
799 1835 864 1861 poe-

67 1872 119 1895 ma,
132 1866 208 1890 varia
218 1864 310 1894 oratio,
323 1866 391 1890 varii
402 1871 498 1894 nloreS,
511 1867 588 1890 varia
599 1863 714 1891 fortuna.
734 1864 863 1900 Voluptas

67 1901 148 1928 etiam
158 1903 235 1928 varia
245 1900 300 1927 dici
311 1900 386 1932 solet,
400 1909 485 1935 quum
496 1901 645 1936 percipitur
655 1910 669 1927 e
681 1901 774 1928 multis
781 1902 864 1929 dissi-

67 1937 180 1965 milibus
200 1938 295 1969 rebus,
317 1937 488 1964 dissimiliter
503 1937 685 1965 efficientibus
701 1939 862 1974 voluptates.

66 1976 133 2002 Eam
144 1975 168 2001 si
180 1975 334 2001 varietatem
346 1974 458 2006 diceres,
472 1975 707 2011 intelligerem,ut‚
720 1977 800 2003 etiam
811 1985 863 2003 non

67 2013 173 2039 dicente
185 2017 219 2044 te,
232 2011 364 2048 intelligo.
404 2012 454 2039 Ista
467 2013 581 2038 varietas
592 2021 662 2047 quae
672 2013 715 2044 sit,
732 2022 784 2040 non
799 2015 863 2040 satis

67 2050 215 2085 perspicio,
232 2049 305 2084 quod
321 2049 374 2080 ais,
392 2057 478 2084 quum
493 2049 583 2076 dolore
597 2058 749 2081 careamus,
767 2055 823 2077 tum
836 2052 863 2078 in

67 2095 174 2114 summa
185 2085 321 2121 voluptate
333 2095 380 2112 nos
391 2094 463 2113 esse:
479 2095 565 2121 quum
576 2092 665 2113 autem
678 2095 819 2114 vescamur
829 2088 863 2114 iis

67 2124 158 2155 rebus,
171 2132 241 2159 quae
252 2123 359 2150 dulcem
372 2128 474 2150 motum
485 2123 595 2150 ailerant
608 2124 743 2156 sensibus,
753 2129 809 2151 tum
820 2134 864 2151 es-

67 2169 96 2189 se
108 2162 134 2188 in
147 2165 219 2188 motu
231 2160 405 2195 voluptatem,
421 2161 470 2195 qui
482 2160 561 2188 faciat
572 2162 727 2188 varietatem
740 2161 864 2196 volupta-

66 2203 139 2226 tum:
161 2198 209 2225 sed
223 2206 275 2224 non
291 2199 385 2233 augeri
400 2197 475 2224 illam
490 2206 543 2224 non
561 2198 670 2225 dolendi
687 2198 861 2234 voluptatem.

66 2235 153 2269 Quam
163 2244 212 2262 cur
223 2235 387 2270 voluptatem
401 2235 534 2270 appelles,
552 2236 652 2262 nescio.
693 2236 736 2263 IV.
761 2238 800 2263 Η.
822 2237 862 2263 An

66 2277 162 2309 potest,
171 2273 260 2308 inquit
271 2272 484 2308 ille,quidqunm
494 2281 553 2298 esse
564 2273 686 2304 suavius,
700 2281 781 2308 quam
793 2274 861 2300 niliil

66 2309 174 2338 dolere?
183 2311 267 2337 Immo
276 2311 312 2337 sit
321 2318 385 2336 sane
396 2309 464 2336 niliil
477 2309 584 2340 melius,
597 2310 718 2344 inquam,
731 2310 861 2346 (nondum

66 2348 140 2375 enim
155 2347 183 2374 id
198 2347 320 2383 quaero):
344 2356 408 2374 num
424 2351 562 2381 propterea
579 2346 650 2373 idem
666 2346 789 2382 voluptas
810 2353 858 2379 est,

65 2384 149 2420 quod,
161 2389 191 2411 ut
201 2385 237 2411 ita
248 2384 351 2416 dicam,
363 2384 526 2411 indolentia?
537 2383 616 2410 Plane
627 2384 709 2415 idem,
724 2385 822 2420 inquit,
835 2390 861 2412 et

66 2422 184 2449 maxima
195 2422 321 2457 quidem,
338 2430 391 2457 qua
404 2421 459 2448 fleri
472 2420 545 2447 nulla
557 2421 640 2447 maior
654 2426 749 2456 potest.
789 2422 860 2454 Quid

65 2458 175 2485 dubitas
187 2459 278 2495 igitur,
291 2460 412 2494 inquam,
425 2467 533 2485 summo
544 2459 613 2484 bono
623 2467 637 2484 a
649 2462 673 2485 te
686 2459 720 2485 ita
731 2459 862 2486 constitu-

66 2500 102 2526 to.
114 2500 144 2523 ut
154 2496 181 2522 id
193 2500 276 2523 totum
288 2497 315 2523 in
328 2505 379 2523 non
391 2495 507 2523 dolendo
518 2496 567 2526 sit,
582 2495 608 2521 id
621 2499 709 2522 tenere
720 2504 818 2527 unum,
832 2496 860 2523 id

65 2533 145 2564 tueri,
161 2533 189 2559 id
201 2533 363 2560 defendere?
389 2535 428 2561 ¹12.
445 2532 516 2565 Quid
528 2533 599 2559 enim
612 2541 720 2559 necesse
731 2538 780 2563 est,
795 2538 862 2560 tain—

66 2577 148 2605 quam
160 2571 326 2598 meretricem
339 2571 364 2597 in
378 2575 558 2598 matronarum
569 2574 684 2599 coetum,
693 2570 731 2596 sic
738 2570 862 2605 voluptu—

66 2611 119 2634 tem
132 2607 160 2634 in
171 2607 301 2634 virtutum
313 2608 459 2635 concilium
471 2607 621 2635 adducere‘l
635 2607 801 2634 invidiosum
814 2616 861 2634 no-

66 2652 128 2672 men
139 2648 192 2675 est,
208 2644 321 2678 infame,
336 2648 504 2682 suspectum.
545 2645 636 2680 ltaque
648 2643 698 2671 hoc
709 2644 861 2681 frequenter

1643 119 1706 143 4005

914 186 968 212 dici
978 186 1045 212 solet
1056 196 1069 213 a
1081 187 1167 217 vobis,
1178 196 1228 213 non
1241 187 1390 222 intelligere
1402 196 1459 217 nos,
1472 196 1553 221 quam
1565 186 1707 221 dicatEpi-

913 232 994 250 curus
1006 223 1180 259 voluptatem.
1221 224 1297 256 Quod
1309 224 1419 259 quidem
1432 224 1498 250 mihi
1511 225 1534 250 si
1546 224 1653 259 quando
1665 224 1707 250 di-

914 266 986 287 ctum
998 266 1050 287 est:
1064 267 1104 288 est
1115 267 1203 288 autem
1214 262 1316 287 dictum
1327 271 1378 288 non
1391 270 1485 296 parum
1497 270 1590 296 saepe:
1603 262 1652 288 etsi
1665 270 1708 286 sa-

914 299 948 325 tis
958 298 1076 325 clemens
1087 307 1146 324 sum
1160 300 1185 325 in
1198 298 1373 333 disputando,
1391 304 1477 325 tamen
1490 298 1624 325 interdum
1636 298 1708 324 soleo

914 336 1057 362 subirasci.
1098 336 1188 371 Egone
1200 345 1251 362 non
1264 336 1398 371 intelligo,
1412 336 1478 370 quid
1490 337 1524 362 sit
1536 336 1613 370 ἡδονή
1625 336 1708 362 Grae-

913 381 957 403 ce,
976 373 1068 399 Latine
1084 373 1219 406 voluptas?
1239 374 1329 399 Utram
1345 373 1451 400 tandem
1469 373 1588 409 linguam
1601 372 1709 399 nescio?

913 410 1028 441 Deinde,
1045 410 1093 444 qui
1109 410 1150 440 sit,
1169 415 1197 436 ut
1212 419 1261 445 ego
1277 412 1407 441 nesciam,
1424 411 1509 437 sciant
1522 419 1628 440 omnes,
1646 411 1709 444 qni-

914 455 1031 481 cumque
1038 447 1163 481 Epicurei
1175 456 1233 473 esse
1245 447 1404 474 voluerunt?
1414 447 1491 480 Quod
1503 448 1584 474 vestri
1596 447 1708 482 quidem

915 484 957 510 vel
968 485 1068 518 optime
1080 484 1230 519 disputant,
1245 484 1313 510 nihil
1325 494 1393 519 opus
1404 494 1476 514 esse,
1493 494 1554 510 eum
1563 506 1568 515 ,
1587 486 1634 519 qui
1646 484 1709 519 phi-

915 521 1043 556 losophus
1055 521 1161 548 futurus
1173 522 1221 552 sit,
1235 523 1303 548 scire
1314 522 1424 548 litteras.
1465 523 1568 556 ltaque,
1586 527 1613 548 ut
1625 523 1709 548 maio-

915 568 956 585 res
973 559 1056 584 nostri
1071 559 1105 584 ab
1120 564 1204 585 aratro
1223 559 1393 585 abduxerunt
1409 559 1597 585 Cincinnatum
1619 559 1706 589 illum,

915 596 1066 622 utdictator
1081 601 1163 622 esset:
1186 597 1225 622 sic
1241 606 1288 622 vos
1303 596 1336 622 de
1352 598 1428 631 pagis
1443 597 1569 623 omnibus
1581 596 1708 631 colligitis

915 633 998 659 bonos
1015 632 1074 659 illos
1090 633 1200 667 quidem
1217 634 1302 664 viros,
1321 633 1367 659 sed
1382 639 1451 660 certe
1467 642 1516 660 non
1529 633 1706 668 pereruditos.

917 672 956 696 ⁴3.
972 670 1041 705 Ergo
1052 670 1092 696 illi
1104 670 1266 706 intelligunt,
1280 671 1346 705 quid
1358 672 1490 705 Epicurus
1502 671 1581 701 dicat,
1595 679 1644 705 ego
1656 679 1708 697 non

915 706 1054 742 intelligo‘.⁷
1073 707 1105 734 Ut
1120 709 1190 733 scias
1202 717 1244 734 me
1255 707 1418 743 intelligere,
1436 709 1554 743 primum
1566 708 1637 733 idem
1650 716 1708 733 esse

915 744 974 770 dico
990 746 1154 777 voluptatem,
1176 745 1248 779 quod
1270 745 1314 770 ille
1330 745 1433 778 ἡδονήν.
1473 746 1505 771 Εῑ
1520 745 1630 779 quidem
1650 753 1709 770 sae-

915 790 948 815 pe
963 782 1120 816 quaerimus
1137 782 1250 808 verhum
1266 783 1390 808 Latinum
1404 791 1450 816 par
1466 783 1580 811 Graeco,
1601 787 1625 808 et
1636 781 1708 816 quod

915 818 986 845 idem
999 818 1097 845 valeat:
1112 819 1155 845 hic
1167 819 1235 845 nihil
1247 818 1306 849 fuit,
1320 819 1391 853 quod
1403 828 1602 853 quaereremus.
1642 818 1709 844 Nul-

916 855 971 882 lum
983 856 1100 882 inveniri
1111 861 1206 891 potest,
1215 856 1286 891 quod
1300 857 1385 891 magis
1398 856 1467 882 idem
1480 856 1595 882 declaret
1606 857 1707 885 Latine,

915 892 987 928 quod
1004 893 1103 920 Graece
1123 893 1215 927 ἡδονή,
1236 902 1317 928 quam
1339 893 1454 919 declarat
1475 896 1601 926 voluptas.
1642 894 1709 919 linio

915 930 997 957 verbo
1008 939 1110 961 onines,
1119 932 1166 966 qui
1179 931 1281 965 ubique
1293 936 1364 960 sunt,
1378 931 1524 965 quiLatine
1536 932 1633 958 sciunt.
1642 930 1709 956 duas

915 977 956 994 res
968 968 1126 998 subiiciunt,
1141 968 1267 994 laetitiam
1280 969 1306 994 in
1318 969 1416 997 animo,
1430 969 1635 994 commotionem
1647 976 1710 993 sua-

915 1014 976 1032 vem
990 1005 1166 1032 iucunditatis
1183 1006 1209 1032 in
1225 1014 1344 1040 corpore.
1386 1006 1451 1031 Nam
1467 1011 1492 1031 et
1504 1005 1548 1031 ille
1563 1005 1634 1039 apud
1646 1005 1710 1031 Tra—

915 1043 993 1069 beam
1019 1045 1174 1076 voluptutem
1184 1046 1381 1069 aninzinimiam
1397 1042 1523 1069 laetitiam
1536 1042 1614 1070 dicit.
1637 1051 1709 1068 eam—

915 1080 986 1111 dem,
1001 1089 1082 1115 quam
1095 1079 1141 1106 ille
1152 1080 1334 1111 Caecilianus,
1356 1081 1404 1115 qui
1416 1082 1530 1106 erunibus
1542 1082 1646 1106 laetitiis
1658 1082 1710 1105 Inr-

915 1123 967 1144 tum
979 1126 1038 1144 esse
1049 1126 1077 1144 se
1089 1123 1186 1144 narrat.
1227 1118 1280 1144 Sed
1295 1118 1344 1143 hoe
1360 1118 1483 1148 interest,
1499 1117 1571 1152 quod
1587 1117 1710 1151 voluptas

915 1155 1014 1182 dicitur
1030 1156 1110 1181 etiam
1127 1156 1154 1181 in
1171 1156 1260 1182 animo
1277 1154 1382 1191 [vitiosa
1396 1164 1450 1184 res,
1468 1160 1498 1181 ut
1509 1155 1588 1181 Stoici
1601 1159 1707 1189 putant}

915 1193 963 1228 qui
974 1201 1032 1219 eam
1044 1193 1083 1218 sic
1094 1192 1239 1219 deliniunt:
1263 1192 1447 1218 Sublationem
1463 1193 1546 1218 animi
1561 1193 1618 1218 sine
1631 1192 1711 1218 ratio-

915 1238 957 1261 ne,
970 1230 1106 1265 opinantis
1116 1239 1145 1256 se
1157 1239 1253 1265 magno
1264 1230 1334 1256 bono
1346 1229 1397 1255 frui
1407 1228 1424 1265 :]
1438 1238 1489 1256 non
1501 1229 1600 1255 dicitur
1612 1228 1710 1255 laetitia

915 1276 963 1294 nec
978 1267 1109 1303 gaudium
1126 1268 1153 1294 in
1168 1276 1287 1301 corpore.
1331 1268 1369 1293 Μ.
1392 1268 1420 1293 ln
1436 1275 1465 1293 co
1484 1271 1572 1293 autem
1588 1266 1712 1301 voluptas

914 1306 1036 1331 omnium
1049 1305 1139 1331 Latine
1153 1304 1319 1339 loquentium
1331 1313 1403 1330 more
1415 1305 1536 1338 ponitur⁷
1552 1312 1637 1338 quum
1651 1312 1711 1338 per-

914 1343 1014 1377 cipitur
1025 1350 1068 1373 ea,
1085 1350 1153 1376 quae
1165 1350 1274 1368 sensum
1287 1341 1405 1376 aliquem
1418 1346 1530 1371 moveat,
1546 1340 1709 1367 iucunditas.

915 1380 988 1405 Hanc
1002 1388 1110 1414 quoque
1127 1379 1334 1409 iucunditatem,
1356 1380 1379 1405 si
1402 1379 1456 1409 vis,
1480 1377 1593 1405 transfer
1609 1379 1636 1404 in
1653 1379 1711 1404 ani—

915 1426 1004 1443 mum:
1028 1418 1121 1443 iuvare
1132 1418 1204 1443 enim
1216 1417 1242 1443 in
1260 1421 1371 1451 utroque
1388 1416 1499 1446 dicitnr,
1518 1425 1551 1442 ex
1566 1423 1651 1450 coque
1668 1416 1710 1441 iu-

915 1454 1051 1481 cundum:
1065 1454 1143 1480 modo
1155 1453 1300 1489 intelligas,
1315 1455 1382 1480 inter
1394 1453 1481 1484 illum,
1495 1453 1542 1488 qui
1554 1452 1634 1483 dicat,

988 1507 1025 1511 —
1035 1506 1072 1511 —
1083 1494 1155 1517 trinta
1168 1493 1266 1518 laeticia
1277 1492 1361 1518 ‹tiletu'
1373 1500 1437 1521 sum,

988 1532 1016 1555 ιὶι
1029 1530 1094 1554 nihil
1105 1534 1211 1556 constet:

914 1571 940 1593 et
950 1574 1022 1597 eum,
1035 1567 1093 1600 qui,

990 1604 1064 1629 Νιλιιο
1074 1618 1110 1622 -
1120 1605 1219 1628 demum
1229 1604 1292 1628 nubi
1301 1605 1403 1628 uiuimus
1413 1603 1500 1627 ardet:

916 1649 1031 1675 quorum
1048 1640 1114 1666 alter
1131 1639 1227 1666 laetitia
1244 1640 1354 1675 gestiat,
1375 1638 1441 1666 alter
1455 1638 1545 1665 dolore
1559 1638 1709 1665 crucietur:

915 1686 974 1704 esse
989 1678 1066 1704 illum
1081 1677 1212 1708 modium,

991 1716 1152 1749 Quamquam
1167 1717 1227 1741 hat-'c
1243 1717 1309 1740 inter
1323 1722 1368 1740 nos
1383 1717 1464 1746 inipet-
1474 1715 1564 1739 notitia
1575 1714 1712 1738 ‹itlniodnm

1359 1755 1404 1781 cst,

915 1790 962 1824 qni
975 1797 1022 1815 nec
1034 1788 1153 1820 laetetur,
1167 1797 1216 1815 nec
1228 1793 1353 1824 angatur:
1369 1788 1486 1822 itemque
1498 1788 1566 1814 inter
1577 1795 1648 1817 euni,
1662 1788 1710 1822 qui

916 1827 1032 1862 potiatur
1043 1827 1170 1862 expetitis
1182 1826 1301 1860 corporis
1313 1824 1510 1860 voluptatibus,
1529 1830 1553 1851 et
1570 1833 1645 1853 euni,
1663 1825 1711 1859 qui

915 1866 1084 1892 excrucietur
1095 1864 1210 1891 summis
1221 1863 1370 1894 doloribus,
1383 1871 1441 1889 esse
1453 1871 1525 1893 euni,
1539 1863 1586 1898 qui
1599 1867 1711 1897 utroque

914 1907 1012 1929 careat.
1053 1902 1084 1929 V.
1109 1903 1148 1928 45.
1170 1902 1275 1928 Satisne
1292 1902 1375 1937 igitur
1390 1900 1483 1927 videor
1498 1901 1553 1927 vim
1567 1899 1710 1926 verborum

915 1945 1019 1966 tenere:
1036 1948 1068 1966 an
1083 1948 1144 1965 sum
1156 1940 1236 1966 etiam
1249 1947 1320 1965 nunc
1333 1938 1373 1964 vel
1387 1938 1487 1965 Graece
1499 1937 1572 1972 loqui
1584 1936 1625 1963 vel
1639 1937 1711 1963 Luti-

915 1985 948 2004 nc
959 1976 1115 2005 docendus?
1135 1977 1167 2003 Et
1182 1981 1270 2003 tamen
1287 1976 1363 2007 vide,
1381 1984 1427 2006 ne,
1444 1976 1468 2001 si
1483 1984 1533 2010 ego
1548 1984 1598 2001 non
1611 1973 1710 2000 intelli-

914 2023 990 2050 gam,
1007 2014 1074 2049 quid
1090 2014 1225 2049 Epicurus
1242 2013 1378 2049 loquatur,
1396 2021 1481 2048 quum
1493 2014 1606 2041 Graece,
1625 2017 1652 2037 ut
1669 2012 1710 2036 vi-

915 2052 991 2083 deor,
1010 2051 1158 2078 luculenter
1169 2052 1266 2081 sciam,
1284 2052 1320 2077 sit
1334 2050 1424 2085 aliqua
1435 2049 1514 2085 culpa
1526 2050 1599 2079 ciltS,
1615 2049 1662 2083 qui
1676 2049 1709 2074 ita

915 2088 1052 2123 loquatur,
1076 2093 1105 2115 ut
1122 2097 1174 2115 non
1191 2088 1366 2123 intelligatur.
1406 2087 1483 2119 Quod
1499 2086 1606 2113 duobus
1623 2085 1710 2112 modis

914 2126 973 2152 sine
989 2125 1197 2160 reprehensione
1214 2126 1255 2152 tit:
1273 2125 1296 2151 si
1312 2129 1359 2151 aut
1373 2124 1406 2150 de
1423 2124 1554 2150 industria
1569 2123 1662 2151 facias,
1681 2127 1710 2148 ut

915 2162 1072 2193 Heraclitus,
1084 2166 1260 2197 cognomento
1270 2162 1318 2196 qui
1330 2161 1461 2191 σκοτεινάς
1472 2161 1636 2196 perhibetur,
1645 2160 1708 2194 quiu

914 2199 947 2225 de
959 2204 1051 2226 natura
1063 2200 1144 2225 nimis
1154 2199 1269 2225 obscure
1281 2199 1452 2224 memoravit:
1466 2204 1511 2224 aut
1522 2207 1606 2233 quum
1620 2205 1707 2223 rerum

913 2236 1077 2267 obscuritas,
1096 2245 1148 2262 non
1168 2236 1326 2265 verborum,
1345 2235 1420 2263 facit.
1439 2240 1530 2262 utnon
1545 2235 1709 2270 intelligutur

913 2274 1010 2300 oratio:
1026 2273 1115 2308 qualis
1129 2277 1169 2299 cst
1183 2274 1210 2299 in
1226 2273 1334 2298 Timaeo
1346 2272 1472 2298 Plutonis.
1512 2273 1646 2307 Epicurus
1661 2279 1709 2297 au—

915 2316 976 2341 tem,
990 2315 1020 2337 ut
1030 2311 1133 2344 opinor,
1148 2319 1195 2336 nec
1208 2318 1258 2336 non
1272 2309 1338 2339 vult,
1351 2310 1374 2335 si
1387 2311 1479 2344 possit,
1494 2309 1571 2344 plane
1582 2314 1607 2335 et
1618 2313 1708 2343 aperte

915 2347 1003 2383 loqui:
1022 2356 1070 2373 nec.
1085 2347 1118 2373 dc
1131 2356 1158 2374 re
1168 2347 1296 2376 obscura,
1315 2351 1343 2372 ut
1354 2346 1474 2382 physici,
1497 2352 1542 2372 unt
1554 2346 1705 2372 artificiosa.

914 2390 943 2412 ut
955 2385 1150 2414 nintlienintici,
1167 2384 1214 2410 sed
1231 2384 1263 2410 de
1276 2383 1374 2410 illustri
1386 2388 1412 2410 et
1423 2383 1495 2409 sacili
1507 2389 1532 2409 et
1544 2384 1595 2409 iani
1609 2384 1634 2409 in
1648 2383 1708 2408 vul-

913 2431 964 2457 gus
977 2421 1133 2457 pervulgata
1147 2421 1274 2456 loquitur.
1300 2422 1469 2455 Quamquam
1482 2429 1533 2446 non
1546 2421 1648 2450 neentis
1660 2428 1708 2446 nos

915 2459 1077 2493 intelligere,
1094 2459 1161 2494 quid
1175 2459 1211 2485 sit
1224 2458 1360 2492 voluptas,
1378 2457 1425 2483 sod
1438 2457 1504 2492 quid
1518 2457 1561 2483 ille
1573 2448 1656 2484 ‹ln-ut:
1674 2465 1706 2483 ex

913 2505 966 2531 quo
978 2496 1102 2526 eflicitur,
1112 2505 1162 2522 non
1175 2501 1203 2522 ut
1216 2505 1262 2522 nos
1275 2504 1325 2522 non
1340 2494 1530 2529 intelligamus,
1540 2503 1608 2529 quac
1621 2495 1662 2520 vis
1673 2495 1707 2520 sit

914 2534 992 2560 istius
1006 2533 1095 2562 verbi,
1113 2533 1160 2560 sed
1176 2538 1205 2560 ut
1221 2532 1265 2559 ille
1281 2541 1330 2558 suo
1346 2540 1418 2558 inore
1433 2529 1568 2566 loquutur,
1586 2536 1706 2558 nostrum

913 2571 1041 2605 negligat.
1077 2572 1116 2597 ⁴6.
1139 2570 1167 2597 Si
1179 2571 1250 2597 enini
1263 2569 1333 2595 idem
1345 2569 1419 2599 dicit.
1432 2569 1504 2604 quod
1517 2569 1704 2604 llieronymuS,

912 2608 960 2642 qui
972 2612 1063 2634 censet
1077 2616 1215 2634 summunt
1234 2607 1334 2633 bouum
1349 2615 1422 2636 esse,
1440 2607 1498 2633 sine
1514 2605 1568 2633 ulla
1584 2605 1706 2632 molestia

913 2645 1018 2674 vivere:
1031 2653 1080 2672 cur
1091 2645 1193 2673 mavult
1204 2644 1293 2672 dicero
1304 2644 1477 2680 voluptatem,
1492 2651 1574 2679 quam
1587 2643 1706 2671 vacunae
