1941 3052
782 148 806 171 ⁴¹

211 148 257 173 ²:⁴34
858 146 890 171 Sl.
926 146 955 171 Τ.

209 222 382 251 (τιιιοιιιιπιιμιι-
398 218 570 252 provinciam.
587 225 640 251 qno
655 215 730 241 facile
744 219 893 245 exvurrant,
911 214 956 240 ubi
969 214 1000 240 li·
1021 214 1024 227 l

211 254 302 280 beuter
322 256 456 287 negotium
476 259 579 287 gerant·
605 262 672 287 qum
693 252 736 278 illa
756 253 850 286 partim
867 251 1000 277 mercibus

210 291 414 326 suppeditandis
432 301 492 317 euin
511 294 623 325 quain-tu
646 289 857 323 corrupt-nilioquc
880 288 998 318 dimittit,

211 329 305 363 partim
321 330 427 359 retinet,
453 333 480 353 ιιι
494 337 578 357 arare,
601 332 628 352 ιιι
643 335 762 360 pam-ere,
785 330 812 351 ut
827 325 953 359 negotiari
970 325 1002 350 li-

211 366 278 395 beat.
297 370 323 391 ut
337 366 452 400 denique
466 365 542 390 sedes
553 363 756 389 acdornieilium
767 362 904 388 collocare.
925 361 1001 393 Quod
1022 386 1025 399 Ι

210 402 378 429 commodum
395 412 444 428 non
460 402 590 427 mediocre
605 400 696 434 populi
710 400 882 428 Romanii-512
899 403 1001 424 tantum

211 440 310 465 civium
327 440 501 465 Romanorum
522 446 676 467 numerum,
699 441 750 462 tam
770 446 851 471 prope
865 436 898 461 ab
912 435 999 466 domo,

212 482 263 503 tam
279 477 354 502 bonis
370 475 565 509 fructuosisque
585 474 664 500 rebus
682 474 804 500 detineri.
844 474 869 499 7.
890 473 921 499 Et
935 482 1002 508 qno—
1023 498 1025 516 ι

212 515 280 539 niam
295 513 371 547 quasi
387 512 516 547 quaedam
532 511 636 546 praedia
652 511 744 546 populi
757 511 865 537 {totnani
880 515 942 536 sunt
958 518 1003 535 vo-
1023 525 1025 557 Ι

210 550 316 583 ι·ιι;,·.ἰΙί«ἰ
332 554 418 575 nostra
433 553 511 583 atque
523 549 687 583 provinciae:
703 547 930 583 queamdmodum
942 556 1002 582 pro·
1024 559 1031 580 ,ι

211 587 319 621 pinquis
335 596 380 612 vos
396 587 491 612 vestris
507 585 621 620 praediis
637 586 751 611 maxime
766 585 948 611 delectamini:
964 585 1002 610 sic
1023 586 1025 594 “

211 623 309 658 pupulo
331 624 447 649 Romano
470 623 585 649 iucunda
608 623 798 649 suburbanitas
825 627 864 648 cst
891 621 1002 647 buiusce
1024 622 1031 654 ,'

211 661 370 695 provinciae.
402 661 455 686 lam
471 670 532 687 vero
546 660 684 686 bominum
699 660 828 694 ipsorum,
845 659 955 689 iudices,
972 667 1001 684 ea
1023 667 1031 674 ⁴*

211 698 343 732 patientia,
362 698 457 728 virtus,
475 697 668 732 frugalitasque
678 702 726 728 est,
744 702 771 723 ιιι
782 697 902 732 proxime
912 696 944 722 ad
956 705 1002 722 no·
1023 709 1031 731 ¹.

210 740 290 761 stram
305 735 477 770 disciplinam
493 730 565 761 illam
582 739 710 765 veterem,
729 743 779 760 non
794 734 826 760 ad
841 734 916 763 banc,
933 741 1001 768 quae

211 781 280 798 nunc
299 772 457 803 increbruit,
479 772 619 798 videantur
636 771 770 797 accedere.

209 893 314 910 summa
330 884 499 919 parsimonia,
515 892 620 909 summa
634 883 783 909 ‹titi-venitin.
806 882 849 909 Sic
864 891 941 916 porro
955 891 1002 908 no-

209 926 277 948 stros
293 921 414 947 homines
424 921 549 956 diligunt,
567 926 594 946 ιιι
606 921 646 946 bis
657 905 721 947 solis
733 929 818 955 neque
830 919 998 954 publicanus,

210 967 296 993 neque
320 959 464 994 negotiator
481 958 541 984 odio
560 958 603 983 sit.
645 960 669 983 8.
694 958 897 993 Magistratuum
912 961 1000 982 autem

210 1001 359 1022 nostrorum
375 996 486 1022 iniurias
506 996 539 1021 ita
559 994 703 1021 multorum
724 995 854 1025 tulerunt,
877 999 904 1020 ιιι
923 1003 1001 1020 ιιιιιιι-

208 1042 289 1068 quam
304 1038 363 1059 ante
378 1033 426 1059 hoc
441 1038 547 1067 tempus
557 1032 589 1058 ad
600 1041 670 1058 aram
683 1032 771 1068 legum
783 1031 1000 1066 praesidiumque

204 1075 327 1097 ¹vestrum
343 1069 451 1105 publico
468 1069 580 1096 consilio
597 1069 779 1105 confugerint:
801 1069 905 1095 tametsi
924 1073 948 1094 et
968 1068 1001 1094 il-

210 1107 265 1134 lum
279 1116 379 1134 annum
391 1107 562 1142 pertulerant,
577 1107 624 1142 qui
635 1108 674 1134 sic
684 1116 728 1133 cos
739 1105 876 1136 afflixerat,
894 1110 921 1131 ut
931 1104 1000 1131 salvi

208 1153 268 1171 esse
282 1154 333 1171 non
348 1149 469 1179 possent,
486 1145 538 1171 nisi
553 1144 581 1171 C.
597 1144 738 1171 Marcellus
751 1143 829 1179 quasi
843 1143 934 1178 atiquo
948 1142 1000 1168 fato

210 1182 339 1213 venisset,
361 1187 390 1208 ut
407 1182 449 1208 bis
463 1190 496 1208 ex
510 1181 601 1208 eadem
616 1181 715 1208 familia
730 1181 803 1207 salus
817 1180 922 1206 Siciliae
937 1188 1000 1206 con—

208 1219 375 1250 stitueretur,
396 1224 420 1245 et
438 1224 528 1254 postea
543 1220 577 1245 M.
593 1219 699 1246 Antonii
719 1218 853 1245 infinitum
868 1217 935 1244 illud
950 1217 1000 1242 im-

209 1257 312 1291 perium
327 1261 474 1283 senserant.
515 1256 559 1283 Sic
572 1265 586 1282 a
601 1256 748 1283 maioribus
762 1256 820 1282 suis
835 1258 998 1289 acceperant,

208 1298 278 1320 tanta
301 1293 394 1328 populi
413 1294 523 1320 Romani
545 1294 573 1320 in
591 1293 696 1320 Siculos
719 1301 778 1320 esse
801 1291 942 1322 beneficia,
973 1296 1000 1317 ut

208 1331 287 1357 etiam
302 1331 412 1357 iniurias
427 1336 576 1357 nostrorum
592 1331 731 1358 hominum
742 1329 912 1365 perferendas
924 1333 1001 1363 puta-

207 1372 273 1394 rent.
297 1369 318 1394 9.
334 1369 361 1394 ln
376 1368 510 1394 neminem
524 1368 644 1394 civitates
658 1373 717 1394 ante
732 1367 803 1393 hunc
818 1366 999 1393 testimonium
1029 1399 1031 1402 Ι

207 1405 313 1440 publice
327 1405 462 1432 dixerunt.
492 1405 568 1431 Hunc
581 1405 696 1440 denique
710 1405 800 1439 ipsum
816 1403 998 1439 pertulissent,
1029 1432 1030 1435 Ἴ

207 1443 230 1469 si
249 1442 367 1469 humano
384 1442 476 1474 modo,
500 1443 524 1469 si
542 1443 641 1469 usitato
658 1451 744 1473 more,
769 1442 792 1467 si
811 1441 928 1475 denique
946 1448 1000 1466 uno

207 1479 296 1514 aliquo
311 1480 337 1506 in
351 1488 447 1515 genere
461 1485 606 1514 peccasset.
647 1479 700 1506 Sed
717 1487 802 1514 quum
817 1477 933 1513 perferre
947 1485 999 1503 non

207 1521 316 1551 possent
335 1516 481 1548 luxuriem,
506 1517 703 1548 crudelitatem,
727 1516 879 1546 avaritiam,
905 1523 1000 1549 super-
1021 1529 1023 1535 .

206 1555 292 1587 biam,
307 1563 393 1589 quum
407 1555 496 1581 onmia
509 1563 558 1581 sua
572 1554 718 1585 commoda,
735 1554 802 1584 iura,
818 1552 945 1579 beneficia
956 1561 1000 1578 se-
1020 1559 1023 1582 ς

207 1596 285 1618 natus
308 1591 456 1626 populique
474 1592 585 1618 Romani
608 1592 690 1618 unius
713 1590 812 1617 scelere
834 1598 864 1616 ac
887 1588 998 1616 libidine

207 1628 400 1664 perdidissent:
424 1629 473 1655 hoc
491 1633 654 1660 statuerunt,
674 1633 719 1655 aut
731 1628 812 1655 istius
825 1627 937 1653 iniurias
952 1635 999 1661 per

207 1675 254 1693 vos
274 1665 367 1692 ulcisci
385 1670 412 1692 et
428 1667 568 1701 persequi,
588 1670 646 1697 aut,
662 1665 686 1692 si
700 1665 776 1692 vobis
790 1664 895 1700 indigni
909 1668 1000 1690 essent

206 1704 268 1734 visi,
284 1703 385 1738 quibus
399 1711 477 1738 opem
491 1703 677 1738 auxiliumque
692 1702 804 1733 ferretis,
821 1701 902 1728 urbes
916 1709 946 1727 ac
956 1709 999 1727 se-
1020 1729 1029 1735 Ν

1020 1738 1029 1759 ¹.
1050 1747 1110 1764 rum
1129 1738 1402 1773 fidelissimorumque
1420 1739 1563 1765 sociorum.

207 1741 255 1767 des
273 1749 336 1767 suas
350 1740 515 1775 relinquere3
535 1739 754 1775 quandoquidem
768 1747 845 1774 agros
859 1738 913 1764 iam
926 1742 995 1769 ante,

208 1778 287 1805 istius
298 1778 404 1804 iniuriis
414 1777 548 1813 exagitati,
561 1777 743 1812 reliquissent.
765 1776 808 1803 1v.
818 1777 858 1802 40.
871 1775 924 1802 Hoc
934 1784 999 1802 con·
1020 1788 1029 1799 a

206 1815 268 1841 silio
281 1823 294 1841 a
309 1815 339 1841 L.
354 1814 460 1841 Metello
474 1815 618 1850 legationes
632 1815 774 1841 universae
787 1813 952 1848 petiverunt,
969 1817 999 1838 ut

205 1860 287 1887 quam
301 1852 419 1887 primum
434 1852 478 1878 isti
492 1851 658 1878 succederet:
674 1851 724 1878 hoc
737 1851 826 1877 animo
840 1849 916 1876 toties
927 1849 999 1884 apud
1020 1859 1022 1874 ε

206 1894 329 1924 patronos
344 1888 376 1915 de
390 1889 448 1915 suis
466 1889 583 1915 miseriis
601 1888 786 1923 deplorarunt:
806 1887 856 1914 boc
873 1887 999 1913 commoti

206 1926 304 1958 dolore,
320 1925 452 1961 postulata
465 1926 631 1957 consulibus,
647 1934 716 1960 quae
731 1934 782 1952 non
794 1923 934 1960 postulata,
950 1924 998 1951 sed

205 1965 233 1990 in
247 1964 330 1990 istum
344 1963 456 1990 crimina
470 1963 624 1990 viderentur
638 1971 710 1994 esse,
727 1962 878 1988 ediderunt.
918 1961 999 1988 Fece-

206 2005 268 2027 runt
281 2001 374 2032 etiam,
391 2005 420 2026 ut
433 2009 489 2031 me,
509 2001 587 2027 cuins
603 2000 681 2026 tidem
695 1999 940 2033 continentiamque
954 2007 998 2025 co-

205 2042 361 2074 gnoverant,
376 2046 458 2072 prope
471 2038 504 2064 de
518 2038 587 2064 vitae
601 2046 675 2063 meae
689 2041 759 2063 statu
773 2036 862 2063 dolore
876 2044 906 2062 ac
920 2035 998 2062 lacri-

206 2075 258 2101 mis
272 2075 330 2101 suis
343 2074 514 2106 deducerent,
531 2079 559 2101 ut
573 2083 622 2110 ego
636 2075 718 2101 istum
733 2082 900 2104 accusarem,
916 2082 930 2099 a
944 2081 998 2108 quo

205 2121 264 2139 mea
275 2112 430 2148 longissime
440 2113 506 2139 ratio
516 2111 694 2147 voluntasque
704 2111 875 2138 abhorrebat:
892 2111 998 2145 (quam—
1020 2119 1021 2144 ;

205 2158 286 2185 quam
305 2150 333 2176 in
347 2149 396 2175 hac
409 2157 504 2176 caussa
517 2149 602 2176 multo
615 2149 706 2184 plures
721 2153 808 2183 partes
823 2147 891 2174 mihi
904 2147 998 2174 defen-

205 2187 298 2218 sronis,
311 2194 392 2222 quam
402 2187 588 2218 accusationis,
600 2186 754 2221 suscepisse
765 2184 882 2220 videon)
902 2186 942 2211 Η.
950 2193 997 2220 po<
1027 2216 1028 2219 Ἴ

205 2228 304 2250 stremo
322 2224 443 2250 homines
461 2232 495 2250 ex
508 2228 561 2251 tota
574 2224 711 2259 provincia
725 2222 888 2250 nobilissimi
903 2222 998 2257 primi-

204 2270 258 2296 que
272 2261 380 2296 publice
393 2261 573 2296 privatimque
587 2265 730 2287 venerunt:
746 2260 907 2296 gravissima
917 2264 997 2294 atque
1027 2289 1028 2296 ἵ

205 2298 372 2333 amplissima
385 2307 508 2334 quaeque
522 2299 616 2325 civitas
630 2297 868 2324 vehementissime
881 2305 945 2323 suas
955 2297 998 2323 in-
1020 2306 1021 2310 ¹

205 2336 288 2362 iurias
302 2340 440 2370 persecuta
454 2341 504 2362 est.

259 2372 293 2399 At
315 2372 554 2408 quemadmodum,
583 2371 698 2404 iudices,
727 2370 876 2398 venerunt?
900 2370 997 2397 Videor
1018 2376 1021 2410 1

205 2410 276 2436 enim
295 2410 361 2436 mihi
380 2409 490 2437 liberius
509 2409 581 2445 apud
598 2419 646 2436 vos
664 2410 717 2436 iam
735 2418 783 2444 pro
801 2408 900 2435 Siculis
923 2407 997 2443 loqui

205 2447 310 2478 debere,
326 2455 407 2482 quam
422 2447 530 2474 forsitan
544 2448 596 2482 ipsi
610 2447 707 2473 velint:
723 2446 804 2472 saluti
818 2446 889 2472 euim
903 2454 996 2472 eorum

207 2484 294 2517 potius
308 2484 455 2516 consulam,
470 2493 552 2520 quam
565 2483 705 2511 voluntati.
726 2484 846 2518 Ecquem
860 2483 996 2509 existima-
1018 2509 1027 2529 ¹]
1298 2519 1303 2524 ι
1351 2518 1356 2523 ι
1380 2518 1385 2523 ⁸
1459 2517 1464 2522 ι
1536 2517 1541 2522 .
1638 2517 1644 2522 ·
1765 2517 1771 2522 ⁵

1018 2526 1020 2535 ’
1046 2524 1152 2555 gratum
1166 2527 1209 2545 me
1223 2523 1320 2545 nostris
1333 2517 1439 2544 ombus
1457 2516 1578 2552 intelligo
1596 2517 1705 2543 fecisse:
1724 2525 1772 2552 qui
1790 2516 1840 2544 hoc

206 2521 239 2546 tis
258 2529 385 2555 umquam
404 2521 458 2547 ulla
477 2522 504 2548 in
517 2522 654 2556 provincia
668 2529 744 2547 reum
757 2520 894 2547 absentem
907 2524 996 2546 contra

205 2558 408 2592 inquisitionem
422 2559 582 2585 accusatoris
597 2558 676 2584 tantis
694 2558 805 2592 opibus,
830 2561 901 2583 tanta
919 2557 997 2591 cupi·
1018 2564 1020 2580 ι

205 2594 286 2620 ditate
300 2603 358 2620 esse
371 2594 530 2621 defensum?
555 2595 713 2627 Quaestores
731 2595 873 2629 utriusque
886 2594 997 2628 provin-

204 2632 272 2662 ciae,
296 2632 344 2666 qui
361 2632 413 2658 isto
430 2638 548 2666 praetore
566 2631 681 2663 fueraut,
706 2640 768 2658 cum
787 2630 906 2657 fascibus
928 2630 996 2657 mihi

812 770 883 796 Nibil
902 775 1001 796 cetero-
1023 780 1031 808 l*

210 819 269 836 rum
283 809 372 836 simile
383 810 557 836 Graecorum:
575 808 646 835 nulla
662 809 773 839 desidia,
791 808 862 834 nulla
879 807 999 839 luxuria3
1023 808 1031 838 ·]

209 851 298 873 contra
317 855 441 873 summus
462 846 533 873 labor
552 847 578 872 in
598 846 714 880 publicis
730 846 895 880 privatisque
909 845 999 875 rebus,
1023 864 1032 874 „

205 2673 309 2703 praesto
323 2668 439 2695 suerunt.
473 2671 511 2695 te.
527 2669 558 2695 Hi
573 2677 658 2704 porro,
675 2669 722 2704 qui
736 2672 933 2699 successerunt,
950 2675 996 2694 ve-

991 144 1266 170 CICERONIS

1028 216 1030 219 ’
1052 214 1188 240 trementer
1202 215 1280 240 istiua
1298 214 1403 249 cupidi,
1425 215 1568 242 liberaliter
1585 224 1617 242 ex
1636 216 1716 242 istiu»
1734 216 1842 242 cibariis

1052 251 1162 281 tractati,
1180 260 1230 277 non
1246 251 1335 277 minus
1349 260 1422 278 acres
1435 258 1523 279 contra
1539 262 1580 279 me
1595 253 1712 279 fuerunt.
1739 252 1840 283 Videte,

1022 284 1024 293 '
1051 287 1117 322 quid
1137 288 1264 322 potuerit,
1284 288 1330 323 qui
1349 294 1473 324 quattuor
1492 291 1517 316 in
1538 299 1588 316 una
1608 290 1743 325 provincia
1761 298 1843 324 quae-

1053 330 1135 350 stores
1162 325 1375 352 studiosissimos
1401 326 1553 353 defensores
1580 331 1844 362 propugnatoresque

1030 390 1031 396 ,
1054 362 1188 388 babuerit:
1205 367 1349 396 praetorem
1366 372 1426 388 vero
1439 363 1627 399 cohortemque
1642 360 1720 390 totam
1735 364 1774 389 sic
1787 369 1845 390 stu-

1030 420 1031 435 ,
1053 399 1168 429 «limam,
1191 403 1219 424 ut
1238 398 1313 425 facile
1332 405 1481 434 appareret.
1503 410 1553 427 non
1572 406 1624 427 tam
1645 401 1698 427 illis
1713 400 1841 429 Siciliam.

1030 437 1031 444 ¹
1053 445 1133 470 qnam
1149 437 1254 462 inanem
1269 435 1442 467 offenderant.
1459 446 1538 472 quarn
1555 438 1660 464 Verrem
1677 439 1780 473 ipsum.
1796 438 1842 473 qui

1054 473 1150 507 plenus
1164 473 1326 503 decesserat,
1347 474 1510 508 provinciam
1527 474 1619 501 fuisse.
1661 475 1753 501 mnan·
1768 474 1845 501 Sicu-

1030 518 1031 523 *
1055 510 1096 541 lis,
1112 511 1134 536 si
1149 510 1300 537 decressent
1312 510 1477 545 legationem,
1493 520 1562 546 quae
1575 517 1663 538 contra
1679 513 1758 538 istum
1773 512 1843 538 dice-

1054 552 1104 573 ret:
1122 547 1225 577 minari.
1243 548 1265 574 si
1280 548 1326 582 qui
1341 553 1428 574 essent
1439 548 1562 583 profecti:
1578 548 1646 579 aliia,
1663 550 1686 575 si
1698 549 1842 579 laudarent,

1054 585 1248 620 benignissime
1263 586 1429 620 promittere:
1445 586 1619 621 gravissimos
1630 587 1792 621 privatarum
1803 594 1843 612 r&

1055 631 1112 648 rum
1128 626 1222 652 testes,
1238 622 1339 657 quibus
1353 632 1401 649 nos
1416 623 1600 657 praesentibus
1614 623 1842 653 denuntiavimus.

1053 668 1098 685 eos
1121 659 1146 685 vi
1169 659 1353 694 custodiisque
1376 661 1497 686 retinere.
1538 660 1568 686 V.
1595 662 1634 687 ⁴3.
1661 660 1733 692 Quae
1759 668 1843 695 quum

1053 697 1140 722 omnia
1156 695 1221 722 facta
1236 697 1302 727 sint.
1324 702 1410 723 tamen
1432 706 1510 723 unam
1529 697 1613 724 solam
1628 698 1719 724 scitote
1733 705 1793 723 esse
1806 697 1845 723 ci-

1054 734 1160 759 vitatem
1177 734 1368 762 Mamertinam.
1384 743 1452 769 quae
1463 735 1570 769 publice
1581 734 1688 769 legatos.
1704 735 1750 769 qui
1762 734 1844 761 istum

1055 770 1199 801 laudarent,
1216 772 1327 797 miserit.
1350 772 1414 797 Eius
1429 777 1516 798 autem
1533 772 1670 807 legationis
1685 772 1842 807 principem,

1052 808 1167 834 civitatis
1183 808 1391 839 nobilissimum,
1407 809 1436 835 C.
1449 809 1552 839 licium,
1566 810 1681 835 iuratum
1696 809 1783 835 dicere
1796 817 1845 835 au-

1052 845 1144 871 distis:
1166 846 1209 871 isti
1225 854 1318 871 navem
1333 846 1478 872 onerariam
1494 848 1636 873 maximam
1653 847 1788 872 Messanae
1801 854 1844 872 es-

1053 891 1090 913 se,
1107 882 1215 917 publice
1228 883 1325 909 coactis
1339 884 1435 918 operis,
1451 883 1628 910 aedificatam:
1650 883 1775 918 idemque
1789 883 1844 909 Ma-

1030 919 1031 954 }
1053 920 1224 946 mertinorum
1238 919 1350 955 legatuS.
1368 921 1446 946 istius
1458 920 1584 951 laudator,
1601 930 1651 947 non
1663 920 1749 947 solum
1762 921 1843 946 istum

1030 983 1031 990 χ
1053 957 1120 983 bona
1135 965 1192 987 sua,
1210 966 1301 983 verum
1316 957 1395 983 etiam
1410 966 1482 983 sacra
1497 958 1615 993 deosque
1626 962 1742 992 penates,
1759 967 1772 983 a
1788 966 1845 983 ma-

1030 993 1032 998 ’
1053 994 1154 1020 ioribus
1177 993 1298 1025 traditos,
1326 1003 1359 1020 ex
1386 994 1497 1021 aedibus
1524 996 1580 1021 suis
1607 996 1739 1029 eripuisse
1764 994 1842 1021 dixit.

1030 583 1032 593 ι

1022 1043 1031 1057 π
1054 1030 1186 1057 Praeclara
1202 1030 1325 1061 laudatio,
1341 1040 1426 1066 quum
1441 1031 1547 1058 duabus
1562 1033 1588 1058 in
1603 1032 1683 1058 rebus
1698 1031 1843 1067 legatorum

1030 1084 1031 1098 1
1054 1077 1106 1095 una
1120 1077 1198 1103 opera
1212 1069 1392 1099 consumitur,
1409 1069 1437 1095 in
1452 1069 1584 1096 laudando
1597 1074 1676 1104 atque
1690 1069 1842 1104 repetendo.

1052 1107 1139 1140 Atque
1153 1114 1182 1132 ea
1197 1106 1254 1140 ipsa
1268 1106 1363 1132 civitas
1377 1115 1428 1141 qua
1444 1107 1542 1133 ratione
1557 1107 1602 1132 isti
1615 1107 1698 1133 amica
1713 1107 1755 1137 sit.
1771 1106 1845 1132 dice-

1053 1148 1095 1169 tur
1108 1148 1178 1169 certo
1193 1142 1257 1169 loco.
1299 1143 1445 1178 Reperietis
1459 1144 1540 1174 enim,
1556 1152 1625 1179 quae
1638 1152 1749 1170 caussae
1763 1143 1845 1170 bene-

1053 1180 1182 1206 volentiae
1195 1180 1249 1206 sint
1263 1180 1428 1206 Mamertinis
1442 1189 1505 1216 erga
1519 1181 1610 1210 istum,
1626 1190 1670 1207 eas
1684 1182 1756 1215 ipsas
1765 1189 1845 1207 caus-

1051 1226 1094 1243 sas
1109 1218 1174 1244 satis
1189 1217 1272 1243 iustas
1286 1226 1345 1243 esse
1358 1217 1546 1244 damnationis.
1579 1218 1637 1244 Atia
1651 1218 1745 1244 civitas
1759 1217 1841 1248 nulla.

1052 1255 1163 1285 iudices,
1180 1254 1289 1289 publico
1302 1255 1414 1281 consilio
1429 1255 1527 1281 laudat.
1569 1256 1608 1281 tt.
1624 1255 1670 1281 Vis
1685 1254 1730 1281 illa
1743 1255 1843 1281 summi

1052 1292 1157 1326 imperii
1172 1296 1274 1318 tantum
1289 1292 1375 1327 potuit
1389 1293 1460 1326 apud
1475 1300 1621 1327 perpaucos
1636 1292 1771 1323 homines,
1791 1300 1844 1318 non

1051 1329 1185 1359 civitates.
1206 1333 1236 1355 ut
1250 1334 1295 1355 aut
1309 1328 1440 1355 levissimi
1454 1329 1564 1364 quidam
1578 1338 1611 1356 ex
1625 1329 1784 1355 miserrimis
1797 1328 1844 1355 de-

1051 1366 1263 1401 sertissimisque
1277 1366 1383 1401 oppidis
1397 1367 1593 1397 invenirentur,
1613 1366 1660 1402 qui
1675 1367 1782 1393 iniussu
1795 1374 1844 1401 po-

1051 1402 1109 1438 puli
1128 1411 1157 1429 ac
1176 1407 1285 1429 senatus
1304 1403 1548 1438 proficiscerentur,
1572 1408 1617 1430 aut
1635 1403 1668 1435 ii,
1688 1404 1736 1439 qui
1754 1408 1843 1430 contra

1051 1441 1133 1466 istum
1149 1440 1229 1476 legati
1243 1440 1342 1467 decreti
1360 1445 1445 1472 erant,
1466 1446 1491 1467 et
1505 1441 1688 1468 testimonium
1703 1440 1843 1476 publicum

1051 1486 1080 1504 ac
1107 1479 1229 1504 mandata
1255 1483 1421 1512 acceperant,
1450 1479 1476 1504 vi
1502 1487 1532 1504 ac
1558 1483 1631 1505 metu
1657 1479 1842 1504 retinerentur.

1051 1515 1127 1547 Quod
1145 1523 1194 1551 ego
1213 1515 1239 1541 in
1259 1516 1350 1550 paucis
1369 1520 1456 1542 tamen
1476 1524 1528 1542 usu
1547 1516 1654 1542 venisse
1667 1524 1720 1542 nou
1734 1514 1844 1542 moleste

1051 1551 1118 1583 sero,
1139 1560 1194 1587 quo
1211 1551 1329 1587 reliquae
1347 1557 1384 1579 tot
1397 1558 1422 1578 et
1437 1557 1522 1579 tantae
1535 1557 1561 1579 et
1575 1558 1627 1579 tam
1640 1561 1736 1588 graves
1749 1553 1844 1579 civita-

1028 1593 1029 1608 1
1051 1594 1102 1619 tes,
1128 1594 1179 1616 tota
1201 1589 1317 1624 denique
1336 1588 1428 1615 Sicilia
1445 1589 1508 1624 plus
1526 1590 1688 1616 auctoritatis
1706 1589 1778 1624 apud
1796 1598 1843 1616 vos

1028 1638 1029 1663 j
1051 1627 1167 1657 haberet,
1183 1635 1268 1661 quum
1283 1626 1417 1657 videretis,
1434 1626 1507 1653 nulla
1517 1627 1544 1653 vi
1555 1627 1671 1657 retineri,
1688 1626 1763 1653 nullo
1773 1627 1844 1661 peri-

1028 1680 1029 1693 ,
1049 1663 1111 1690 culo
1124 1663 1259 1698 prohiberi
1274 1663 1403 1698 potuisse,
1419 1672 1474 1698 quo
1487 1664 1578 1690 minus
1591 1664 1784 1699 experirentur,
1800 1673 1844 1691 ec-

1028 1697 1029 1703 *
1049 1700 1116 1736 quid
1134 1700 1206 1735 apud
1228 1709 1276 1727 vos
1298 1701 1480 1736 querimoniae
1503 1701 1619 1728 valerent
1641 1701 1844 1736 antiquissimo-

1605 1739 1646 1765 ⁴5.
1665 1738 1745 1769 Nam,
1770 1738 1843 1774 quod

1051 1775 1160 1802 fortasse
1174 1784 1226 1801 non
1241 1783 1318 1802 nemo
1333 1780 1451 1801 vestrum
1465 1775 1588 1806 audierit,
1604 1775 1686 1802 istum
1700 1784 1714 1802 a
1728 1775 1845 1811 Syracu—

1028 1814 1029 1820 *
1050 1813 1123 1838 sanis
1141 1812 1249 1847 publice
1268 1812 1384 1838 laudari:
1405 1812 1445 1843 id.
1467 1813 1571 1839 tametsi
1591 1813 1677 1847 priore
1695 1813 1797 1839 actione
1809 1821 1844 1839 ex

1050 1849 1163 1876 Heraclii
1178 1850 1337 1885 Syracusani
1353 1850 1516 1880 testimonio,
1533 1849 1685 1876 cuiusmodi
1699 1854 1782 1881 esset,
1798 1858 1843 1876 co-

1028 1903 1029 1906 =
1049 1887 1193 1922 gnovisfis:
1215 1892 1302 1913 tamen
1321 1886 1397 1913 vobis
1416 1886 1468 1913 alio
1487 1886 1554 1917 loco,
1576 1892 1604 1913 ut
1622 1895 1650 1913 se
1669 1891 1721 1913 tota
1739 1895 1781 1913 res
1795 1887 1843 1913 ha-

1050 1925 1117 1954 beat,
1134 1923 1207 1959 quod
1220 1923 1253 1950 ad
1267 1932 1325 1950 eam
1339 1924 1475 1950 civitatem
1489 1924 1590 1955 attinet,
1605 1923 1840 1950 demonstrabitur.

1049 1961 1206 1997 Intelligetis
1220 1962 1306 1992 enim,
1327 1960 1411 1987 nullis
1426 1960 1580 1987 hominibus
1593 1969 1758 1996 quemquam
1772 1965 1843 1988 tanto

1028 1996 1029 2002 ¹
1049 1998 1118 2028 odio,
1134 2003 1233 2033 quanto
1247 1999 1331 2024 istum
1345 1997 1529 2034 Syracusanis,
1545 2003 1571 2024 et
1583 2007 1642 2024 esse
1655 2002 1681 2024 et
1695 1997 1786 2025 fuisse.

1104 2035 1147 2062 VI.
1162 2036 1196 2062 At
1209 2036 1280 2062 enim
1291 2036 1373 2062 istum
1385 2034 1434 2061 soli
1446 2034 1530 2062 Siculi
1541 2040 1752 2070 persequuntur:
1768 2035 1842 2062 cives

1048 2073 1174 2103 Romani,
1195 2073 1243 2108 qui
1256 2073 1284 2099 in
1299 2072 1390 2099 Sicilia
1405 2073 1586 2108 negotiantur,
1602 2071 1763 2104 defendunt,
1779 2071 1843 2099 dili-

1048 2115 1124 2146 gunt,
1141 2110 1246 2136 salvum
1261 2118 1319 2136 esse
1333 2110 1454 2144 cupiunt.
1475 2109 1605 2140 Primum.
1621 2109 1645 2136 si
1659 2109 1694 2136 ita
1708 2114 1786 2141 esset,
1803 2114 1843 2136 ta-

1049 2156 1110 2174 men
1131 2156 1176 2174 νος
1196 2148 1223 2174 in
1241 2147 1290 2173 hac
1309 2147 1464 2182 quaestione
1482 2146 1515 2173 de
1533 2147 1656 2182 pecuniis
1675 2145 1839 2182 repetundis,

1049 2193 1117 2220 quae
1135 2185 1268 2211 sociorum
1287 2193 1380 2211 caussa
1398 2185 1541 2210 constituta
1559 2188 1598 2210 est
1617 2183 1675 2220 lege
1688 2183 1842 2218 iudicioque

1048 2221 1153 2253 sociali,
1169 2222 1302 2248 sociorum
1316 2221 1497 2256 querimonias
1511 2221 1604 2248 audire
1617 2225 1757 2256 oporteret.
1799 2222 1839 2247 ts.

1049 2259 1100 2286 Sed
1115 2258 1264 2294 intelligere
1277 2259 1404 2293 potuistis
1418 2259 1505 2293 priore
1524 2259 1639 2289 actione,
1658 2258 1732 2284 cives
1745 2258 1842 2284 Roma-

1048 2305 1096 2323 nos
1110 2296 1313 2322 honestissimos
1327 2304 1360 2322 ex
1369 2295 1458 2322 Sicilia
1469 2294 1600 2330 plurimos
1614 2295 1740 2321 maximis
1753 2294 1787 2321 de
1800 2304 1841 2321 rt.»

1026 2327 1028 2364 ,⁴
1048 2333 1108 2364 bus,
1125 2338 1149 2359 et
1163 2342 1231 2368 quas
1245 2333 1298 2368 ipsi
1311 2333 1476 2367 accepissent
1489 2332 1610 2362 iniurias,
1626 2336 1652 2358 et
1665 2340 1732 2367 quas
1742 2332 1841 2359 scirent

1026 2365 1028 2413 ἶ
1048 2370 1108 2397 aliis
1126 2379 1185 2396 esse
1204 2369 1298 2401 factas,
1323 2378 1371 2405 pro
1393 2369 1546 2396 testimonio
1563 2368 1660 2395 dicere.
1698 2369 1756 2404 Ego
1779 2369 1838 2400 hoc,

1026 2414 1027 2423 ¹
1047 2407 1120 2443 quod
1130 2407 1259 2443 intelligo,
1272 2407 1384 2438 iudices,
1400 2407 1439 2433 sic
1448 2405 1587 2433 confirmo:
1604 2405 1694 2432 videor
1704 2405 1770 2432 mihi
1780 2415 1840 2442 gra-

1048 2453 1106 2471 tum
1119 2444 1215 2471 recisse
1228 2444 1335 2476 Siculis,
1350 2443 1424 2479 quod
1436 2451 1527 2469 eorum
1542 2443 1655 2469 iniurias
1669 2451 1728 2469 meo
1741 2442 1838 2474 labore,

1047 2482 1207 2513 inimicitiis,
1222 2481 1342 2516 periculo
1355 2481 1408 2507 sim
1421 2485 1591 2515 persecutus:
1620 2489 1672 2506 non
1686 2481 1777 2506 minus
1790 2479 1840 2507 hoc

1025 2549 1027 2590 i
1047 2557 1215 2587 existimant,
1235 2556 1316 2586 iuris,
1338 2554 1481 2585 libertatis,
1505 2563 1595 2580 rerum
1617 2553 1839 2589 fortunarumque

1046 2602 1157 2620 suarum
1171 2592 1285 2619 salutem
1300 2593 1328 2618 in
1341 2591 1420 2618 istius
1433 2590 1603 2617 damnatione
1615 2591 1770 2618 consistere.
1797 2591 1837 2617 Π.

1046 2629 1212 2665 Quapropter
1229 2630 1262 2656 de
1281 2629 1361 2656 istius
1379 2633 1502 2663 praetura
1515 2627 1650 2654 Siciliensi
1667 2636 1720 2654 non
1733 2636 1835 2658 rec-uso,

1024 2691 1027 2694 ,
1046 2668 1113 2702 quin
1132 2667 1167 2693 ita
1185 2675 1228 2693 me
1245 2666 1373 2696 audiatis,
1394 2670 1436 2696 ut,
1457 2665 1479 2691 si
1498 2666 1625 2700 cuiquam
1641 2665 1734 2701 generi
1751 2664 1839 2692 homi-
