1941 3052
402 144 587 172 ORATIO
619 145 666 171 ΙΝ
700 144 726 170 L.
760 144 992 171 PISONEM.

41 218 187 245 exsecratio
201 220 250 248 est,
269 220 368 251 poetae,
387 215 463 252 vulgi
479 217 590 247 animos,
608 225 661 242 non
673 217 834 251 sapientum,

41 255 187 287 moventis,
210 255 243 281 Ut
253 258 282 280 tu
293 253 432 289 naufragio
443 254 583 289 expulsus,
597 254 703 288 uspiam

95 308 132 313 —
142 308 180 312 —-
189 295 264 318 samis
274 294 344 325 fixus
354 294 463 324 asperis,
477 294 642 322 evisceratus,

97 331 177 356 latere
184 332 306 363 penderes
316 328 356 364 (ut
367 329 403 355 ait
413 328 468 363 ille)
478 332 547 355 εάωα
556 337 679 362 spargens
689 329 755 359 Ιάὸο,
767 331 838 354 sanie

451 371 474 392 et
484 369 609 399 sanquine
620 367 692 392 atro!

41 405 82 431 44.
99 404 158 430 Non
174 403 269 430 ferrem
280 403 389 429 omnino
401 403 519 434 moleste,
533 404 555 430 si
567 405 601 430 ita
614 403 766 430 accidisset:
790 403 837 429 sed

39 442 68 469 id
81 446 166 468 tamen
178 445 248 467 esset
259 441 418 467 humanum.
454 441 489 467 M.
503 441 653 471 Marcellus,
666 441 714 475 qui
726 445 764 466 ter
774 449 838 467 con-

40 479 83 506 sul
100 478 159 510 fuit,
173 487 280 505 summa
292 479 398 509 virtute,
412 479 518 513 pietate,
531 478 616 514 gloria
628 478 746 509 militari,
761 479 839 512 periit

40 517 68 543 in
84 517 165 543 mari:
189 516 237 551 qui
253 521 340 542 tamen
352 516 385 542 ob
398 516 524 542 virtutem
535 516 619 552 gloria
631 520 657 542 et
670 515 748 541 laude
761 516 837 542 vivit.

40 555 69 581 In
81 553 187 581 fortuna
198 553 315 588 quadam
328 558 368 580 est
379 553 424 579 illa
436 562 517 584 mors,
531 562 583 580 non
595 554 621 579 in
634 561 728 587 poena,
743 557 839 586 putan-

40 591 83 618 da.
114 591 187 624 Quae
202 595 243 617 est
258 591 340 626 igitur
352 590 454 625 poena?
481 591 554 626 quod
565 589 750 625 supplicium?
770 598 839 624 quae

41 628 124 656 saxa?
143 637 212 664 quae
223 627 336 655 cruces?
360 629 426 654 Esse
437 628 491 654 duo
501 628 584 654 duces
596 628 622 653 in
635 627 780 662 provinciis
792 635 840 661 po-

40 666 97 701 puli
109 667 230 697 Romani,
244 666 341 692 habere
353 666 494 696 exercitus,
511 664 639 700 appellari
651 665 836 699 imperatores:

41 704 137 731 horum
152 703 266 730 alterum
282 704 321 729 sic
336 702 421 729 fuisse
432 703 596 729 infirmatum
607 702 769 728 couscientia
781 710 839 727 sce—

42 741 127 768 lerum
147 745 174 767 et
189 741 314 768 fraudum
330 749 450 771 suarum,
468 744 498 766 ut
513 749 546 766 ex
561 748 590 765 ea
606 739 752 774 provincia,
769 747 839 773 quae

41 778 121 805 suerit
136 787 170 805 ex
179 778 306 804 omnibus
318 786 370 804 una
382 778 498 804 maxime
510 777 690 811 triumphalis,
704 776 793 802 nullas
804 777 840 802 sit

40 816 73 842 ad
89 820 211 842 senatum
224 815 324 842 litteras
336 815 439 841 mittere
450 823 543 841 ausus.
584 814 625 840 Ex
635 823 688 848 qua
701 814 838 848 provincia

40 853 120 880 modo
134 853 176 879 vir
190 853 263 879 omni
278 852 408 888 dignitate
421 852 620 883 ornatissimus,
634 852 664 878 L.
677 852 836 886 Torquatus,

41 891 145 926 magnis
160 890 242 916 rebus
257 891 349 925 gestis,
368 898 410 915 me
425 889 563 920 referente,
577 888 608 915 ab
617 893 710 915 senatu
722 889 840 923 impera—

39 933 80 955 tor
94 932 135 954 est
149 927 313 962 appellatus:
345 927 417 953 unde
436 927 479 953 his
494 927 587 961 paucis
603 927 680 953 annis
699 926 745 953 Cn.
762 926 839 952 Dola-

39 965 134 997 bellae,
148 964 176 992 C.
190 965 324 996 Curionis,
342 965 377 991 M.
390 964 497 990 Luculli
509 965 675 991 iustissimos
687 964 839 998 triumphos

39 1002 168 1033 vidimus,
182 1011 215 1028 ex
226 1011 256 1028 ea
267 1007 292 1028 te
303 1003 461 1036 imperatore
473 1002 585 1028 nuntius
596 1001 628 1028 ad
640 1006 762 1028 senatum
775 1001 841 1028 alla-

39 1044 83 1067 tus
95 1044 135 1067 est
146 1039 249 1066 nullus.
272 1039 313 1066 Ab
324 1039 406 1066 altero
413 1039 506 1066 allatae
514 1039 623 1070 litterae,
632 1040 763 1070 recitatae,
772 1039 840 1065 rela-

39 1082 97 1105 tum
113 1077 146 1104 ad
161 1082 294 1104 senatum.
321 1078 362 1103 45.
378 1077 420 1103 Dii
431 1076 609 1103 immortales!
632 1077 694 1103 idne
705 1085 754 1112 ego
765 1081 840 1111 opta—

39 1123 104 1147 rem,
118 1119 147 1142 ut
158 1115 284 1141 inimicus
297 1123 373 1141 meus
385 1123 423 1145 ea,
432 1123 485 1149 qua
492 1115 840 1150 nemoumquam,ignomi-

39 1153 83 1180 nia
94 1151 247 1180 notaretur?
263 1156 291 1178 ut
302 1156 411 1178 senatus
422 1153 455 1183 is,
468 1152 517 1187 qui
528 1153 680 1178 ineamiam
688 1152 840 1187 benignita-

39 1190 74 1217 tis
85 1189 309 1217 consuetudinem
320 1190 402 1220 venit,
416 1194 505 1220 uteos,
514 1190 635 1224 quibene
642 1190 838 1224 rempublicam

38 1228 180 1263 gesserint,
198 1228 275 1254 novis
292 1227 439 1254 honoribus
456 1227 561 1258 afficiat,
575 1232 600 1253 et
612 1236 722 1253 numero
733 1227 838 1253 dierum

38 1270 65 1292 et
79 1273 176 1301 genere
192 1265 349 1297 verborum,
386 1265 467 1290 huius
484 1266 567 1291 unius
584 1264 677 1291 litteris
691 1265 839 1291 nuntianti-

39 1302 92 1329 bus
102 1311 155 1329 non
165 1301 301 1329 crederet?
321 1301 520 1336 postulantibus
532 1301 692 1338 denegaret?
716 1303 778 1328 XX.
792 1303 838 1328 llis

39 1348 89 1376 ego
103 1340 184 1367 rebus
201 1348 302 1374 pascor,
317 1339 359 1366 his
370 1339 494 1371 delector,
509 1339 551 1366 his
563 1339 699 1374 perfruor:
723 1340 796 1374 quod
806 1340 839 1366 de

39 1377 117 1404 vobis
133 1377 176 1404 hic
191 1377 255 1404 ordo
270 1377 396 1412 opinatur
411 1385 463 1403 non
480 1385 567 1408 secus,
586 1386 615 1403 ac
630 1377 663 1403 de
680 1377 839 1403 taeterrimis

39 1414 178 1446 hostibus,
200 1414 273 1449 quod
286 1423 332 1441 vos
344 1414 447 1449 equites
459 1415 579 1446 Romani,
593 1414 666 1449 quod
677 1415 756 1441 ceteri
767 1414 840 1442 ordi-

39 1461 96 1483 nes,
113 1452 186 1487 quod
201 1456 296 1479 cuncta
311 1452 406 1478 civitas
417 1452 486 1478 odit:
509 1452 581 1487 quod
594 1460 671 1478 nemo
682 1452 778 1483 bonus,
792 1461 840 1478 ne-

39 1498 83 1516 mo
102 1489 219 1524 denique
234 1489 301 1516 civis
316 1494 364 1520 est,
383 1489 429 1524 qui
442 1489 520 1516 modo
531 1498 560 1516 se
573 1490 660 1516 civem
672 1498 732 1516 esse
744 1490 840 1516 memi-

39 1527 116 1558 nerit,
133 1528 182 1562 qui
198 1535 246 1554 vos
261 1535 313 1553 non
324 1526 410 1553 oculis
422 1526 514 1562 fugiat,
528 1527 639 1553 auribus
651 1532 768 1562 respuat,
782 1528 841 1554 ani-

39 1573 83 1591 mo
98 1569 264 1600 aspernetur,
282 1564 462 1591 recordatione
478 1564 595 1599 denique
610 1565 669 1599 ipsa
684 1565 840 1592 consulatus

39 1603 122 1628 vestri
134 1601 325 1636 perhorrescat.
348 1603 390 1628 46.
402 1602 472 1628 Haec
483 1610 532 1637 ego
543 1611 650 1636 semper
660 1602 693 1628 de
705 1602 781 1628 vobis
793 1611 841 1629 ex-

39 1639 131 1675 petivi,
141 1639 205 1666 haec
211 1639 380 1674 optavi‚haec
387 1644 509 1674 precatus
516 1648 587 1666 sum.
601 1639 678 1666 Plura
685 1640 764 1666 etiam
771 1641 840 1666 acci-

38 1676 144 1708 derunt,
157 1685 239 1712 quam
251 1676 357 1703 vellem.
384 1677 460 1708 Nam,
475 1681 503 1703 ut
514 1677 669 1703 amitteretis
681 1677 837 1709 exercitum,

39 1722 188 1749 numquam
199 1714 352 1740 mehercule
362 1714 464 1749 optavi.
485 1713 556 1740 Illud
567 1714 645 1740 etiam
657 1715 753 1741 accidit
764 1724 841 1750 prae-

39 1755 79 1779 ter
98 1756 217 1786 optatum
239 1760 344 1778 meum:
376 1751 423 1778 sed
445 1751 523 1778 valde
542 1760 576 1778 ex
596 1751 742 1778 voluntate.
774 1753 839 1779 Milii

39 1789 110 1816 enim
122 1797 271 1824 numquam
282 1790 385 1816 veniret
396 1789 423 1815 in
436 1794 561 1821 mentem,
575 1788 692 1816 furorem
703 1794 728 1816 et
738 1791 841 1817 insani-

39 1834 81 1853 am
93 1830 183 1861 optare
194 1827 280 1857 vobis,
293 1827 321 1854 in
335 1835 417 1861 quam
429 1826 573 1853 incidistis.
594 1826 677 1862 Atqui
690 1827 841 1863 fuitoptan-

39 1863 115 1891 dum.
156 1864 198 1891 Me
214 1868 302 1890 tamen
321 1863 435 1899 fugerat,
453 1864 565 1890 deorum
582 1865 774 1892 immortalium
792 1866 839 1892 lias

39 1909 98 1928 esse
109 1901 136 1928 in
148 1901 246 1936 impios
258 1905 283 1927 et
293 1901 485 1928 consceleratos
497 1910 595 1936 poenas
607 1903 770 1929 certissimas
777 1912 840 1930 eou-

39 1939 156 1965 stitutas.
193 1938 280 1965 Nolite
296 1939 367 1965 enim
384 1944 487 1974 putare,
505 1943 593 1973 patres
604 1941 757 1975 conscripti,
773 1945 800 1967 ut
812 1941 839 1967 in

39 1984 118 2002 scona
131 1975 238 2006 videtis,
256 1975 379 2002 homines
389 1975 582 2003 consceleratos
594 1976 716 2011 impulsu
727 1977 840 2004 deorum

39 2013 280 2040 torreriFuriarum
287 2013 369 2039 taedis
376 2013 541 2040 ardentibus.
554 2013 607 2040 Sua
613 2022 750 2050 quemque
758 2015 839 2048 fraus,

39 2059 122 2077 suum
134 2049 248 2080 facinus,
261 2059 342 2076 suum
354 2050 453 2081 scelus,
462 2059 510 2077 sua
523 2050 632 2078 audacia
643 2051 676 2078 de
687 2053 800 2079 sanitato
811 2062 840 2079 ac

39 2091 129 2115 mente
144 2087 276 2114 deturbat.
299 2088 352 2114 llne
368 2092 431 2114 sunt
442 2089 586 2122 impiorum
599 2088 692 2120 furiae,
707 2089 755 2115 liae
767 2089 841 2116 {lam-

39 2133 107 2157 mae,
117 2124 166 2151 hae
174 2124 253 2151 faces.
277 2125 317 2152 47.
325 2125 382 2161 Ego
388 2130 412 2151 te
418 2134 470 2152 non
479 2125 628 2156 vecordem,
637 2135 688 2152 non
697 2126 838 2158 furiosum.

40 2171 92 2189 non
109 2166 198 2189 mente
213 2166 330 2197 captum,
349 2171 401 2189 non
418 2163 517 2198 tragico
533 2162 579 2190 illo
594 2163 686 2190 Oreste
702 2168 747 2190 aut
758 2164 841 2191 Auia-

40 2204 130 2227 mente
140 2199 332 2226 dementiorem
345 2204 446 2234 putem.
460 2200 507 2235 qui
519 2200 558 2226 sis
569 2209 662 2232 ausus,
677 2202 794 2235 primum
803 2202 841 2228 fa—

40 2245 114 2269 cere,
135 2236 208 2272 (nam
224 2237 251 2264 id
267 2242 308 2263 est
322 2237 428 2272 caputz)
439 2237 536 2264 deinde
548 2238 639 2272 paullo
649 2243 710 2265 ante
721 2239 840 2274 Torqua-

40 2277 76 2306 to,
92 2274 254 2311 gravissimo
264 2279 288 2301 et
299 2275 471 2301 sanctissimo
483 2275 547 2305 vir0,
562 2280 698 2308 premente
709 2277 838 2308 confiteri,

40 2315 67 2339 te
86 2312 251 2347 provinciam
267 2312 460 2343 Macedoniam,
478 2313 505 2338 in
520 2320 602 2346 quam
619 2317 722 2339 tantum
738 2315 840 2341 exerci-

41 2352 98 2376 tum
105 2353 323 2384 transportasses,
332 2349 544 2376 sineullomilite
551 2349 712 2384 reliquisse?
727 2351 840 2378 1111110110,
862 2346 864 2352 ’

41 2386 139 2413 amissa
155 2387 272 2414 maxima
290 2391 364 2421 parte
378 2387 521 2413 exercitus.
563 2386 604 2412 Sit
615 2387 663 2413 boc
675 2387 840 2415 infelicitatis

41 2426 112 2450 tuae.
143 2424 299 2451 Dimittendi
321 2433 383 2450 vero
403 2425 536 2450 exercitus
556 2432 638 2458 quam
655 2429 729 2458 potes
746 2425 840 2452 afferre

41 2460 184 2488 caussam?
212 2469 294 2497 quam
311 2466 467 2496 potestatem
485 2460 622 2487 habuisti?
641 2470 723 2496 (11111111
738 2462 842 2497 legem?

41 2497 114 2532 quod
125 2498 408 2526 senatusconsultum?
427 2498 499 2533 quod
511 2498 573 2524 ius?
587 2498 841 2534 quodexemplum‘?

41 2533 114 2567 Quid
132 2539 172 2562 est
192 2535 266 2563 aliud
282 2535 378 2568 furere,
397 2537 448 2562 nisi
466 2545 517 2562 non
532 2544 691 2569 cognoscere
708 2537 838 2568 homines,

42 2579 96 2599 non
115 2580 273 2608 cognoscere
295 2573 376 2609 leges,
400 2582 452 2600 non
468 2578 601 2604 senatum,
620 2582 671 2600 non
688 2574 842 2601 civitatem?

43 2607 186 2636 Cruentare
196 2618 292 2646 corpus
303 2620 384 2638 suum
397 2611 455 2638 leve
465 2615 519 2637 est·
542 2611 625 2637 maior
636 2610 701 2637 baec
711 2616 751 2638 est
762 2612 839 2644 vitoe,

43 2644 138 2677 famae,
156 2646 250 2674 salutis
261 2657 326 2675 suae
338 2648 496 2676 vulneratio.
529 2649 571 2675 48.
584 2648 613 2675 Si
626 2647 755 2676 familiam
768 2654 840 2676 11111111

43 2681 203 2716 dimisisses,
222 2685 295 2720 quod
310 2685 342 2713 nd
358 2687 503 2717 neminem,
521 2686 572 2713 nisi
589 2685 622 2712 ad
638 2686 727 2721 ipsum
745 2691 769 2714 te
781 2695 842 2722 per—

1035 145 1053 171 C
1068 145 1089 171 A
1103 146 1132 171 P.
1169 147 1198 171 16
1218 161 1254 165 —-·
1276 147 1316 172 22.
1634 147 1678 172 5:3¹

890 217 991 247 tineret,
1019 217 1097 243 amici
1115 221 1139 243 te
1150 217 1187 242 tui
1199 216 1437 252 constringendum
1450 221 1586 251 putarent:
1611 225 1687 251 prae-

889 254 989 280 sidium
1006 259 1033 280 tu
1050 254 1221 288 reipublicae,
1239 255 1387 281 custodiam
1404 255 1565 289 provinciae,
1580 255 1687 280 iniussu

890 291 982 326 populi
998 297 1169 326 senatusque,
1188 292 1349 323 dimisisses,
1363 293 1386 318 si
1399 296 1458 318 tuae
1470 292 1566 318 mentis
1577 300 1686 326 compos

891 328 1008 355 fuisses?
1036 329 1110 355 XXI.
1136 329 1202 355 Ecce
1224 330 1271 355 tibi
1292 329 1370 360 alter,
1393 329 1476 355 effusa
1498 330 1549 355 iam
1572 330 1687 355 maxima

890 367 994 401 praeda,
1004 375 1084 401 quam
1097 375 1130 393 ex
1143 366 1255 393 fortunis
1268 367 1570 401 publicanorum,quam
1578 375 1610 392 ex
1617 366 1688 401 agris

890 404 1059 438 urbibusque
1080 404 1213 430 sociorum
1230 405 1397 435 exhauserat,
1415 413 1500 438 quum
1518 404 1613 438 partim
1629 404 1688 429 eius

891 441 1002 476 praedae
1019 441 1165 476 profundae
1182 441 1307 468 libidines
1318 442 1499 472 devorassent,
1514 441 1608 476 partim
1622 450 1689 467 nova

889 479 1020 513 quaedam
1033 484 1058 505 et
1069 479 1188 505 inaudita
1201 479 1331 510 luxuries,
1346 479 1441 514 partim
1454 480 1532 505 etiam
1545 480 1571 505 in
1585 478 1639 504 illis
1651 478 1690 504 lo-

890 517 937 547 cis,
961 516 1008 542 ubi
1029 517 1117 542 omnia
1133 516 1254 551 diripuit.
1273 518 1429 551 emptiones,
1445 517 1540 551 partim
1554 520 1690 550 permuta-

891 554 975 580 tiones
987 553 1019 579 ad
1031 553 1102 579 hunc
1109 554 1255 580 Tusculani
1269 553 1305 590 [in
1318 552 1416 589 monte]
1426 559 1540 580 montem
1549 558 1690 580 exstruen-

890 591 970 623 dum,
1002 599 1087 625 quum
1109 591 1161 617 iam
1181 596 1277 626 egeret,
1296 600 1381 626 quum
1394 592 1438 617 illa
1449 592 1508 618 eius
1523 592 1653 617 immensa
1665 595 1691 616 et

891 628 1067 654 intolerabilis
1082 628 1230 655 aedificatio
1245 630 1422 661 constitisset,
1446 638 1474 655 se
1490 629 1589 663 ipsum,
1605 628 1690 654 fasces

890 674 962 697 suos,
986 666 1132 692 exercitum
1149 666 1241 700 populi
1254 667 1374 697 Romani,
1392 675 1491 692 numen
1504 666 1691 692 interdictum-

890 712 943 738 que
973 703 1084 729 deorum
1116 703 1322 734 immortalium,
1355 712 1481 738 responsa
1511 703 1688 734 sacci-dotum,

890 741 1072 766 auctoritatem
1088 745 1206 771 senatus,
1224 741 1297 766 iussa
1310 741 1412 775 populi,
1428 750 1522 767 nomen
1536 750 1564 766 ac
1575 741 1692 775 dignita-

891 782 943 804 tem
964 778 1072 812 imperii
1096 779 1152 813 regi
1163 778 1295 813 Aegyptio
1308 778 1437 804 vendidit.
1469 779 1509 804 49.
1523 778 1611 810 Quum
1625 778 1691 804 fines

891 815 1044 850 provinciae
1065 819 1150 841 tantos
1167 815 1284 846 haberet,
1302 820 1416 850 quantos
1433 815 1560 845 voluerat,
1577 820 1691 850 quantos

891 857 1035 887 optaverat,
1044 857 1159 887 quantos
1171 853 1223 879 mei
1235 853 1331 887 capitis
1344 854 1427 888 pretio
1440 852 1692 887 periculoqueeme-

891 895 943 916 rat:
967 890 1009 916 his
1029 898 1058 915 se
1079 895 1167 916 tenere
1189 899 1240 916 non
1258 891 1356 925 potuit:
1388 891 1533 916 exercitum
1551 890 1644 916 eduxit
1659 898 1692 916 ex

892 927 978 963 Syria.
1004 927 1057 959 Qui
1070 927 1145 953 licuit
1157 932 1229 954 extra
1243 928 1426 962 provinciam?
1447 928 1571 954 Praebuit
1582 936 1610 954 se
1623 936 1693 953 mer-

891 965 1028 991 cenarium
1049 965 1174 991 comitem
1190 966 1246 1000 regi
1262 965 1452 992 Alexandrino.
1493 964 1563 997 Quid
1577 965 1692 991 11001111·-

892 1002 971 1037 pius‘?
991 1003 1019 1028 In
1031 1002 1183 1038 Aegyptum
1196 1003 1281 1029 venit:
1304 1003 1380 1038 signa
1392 1001 1693 1029 contulitcumAlexan-

891 1040 987 1066 drinis.
1028 1039 1141 1072 Quando
1162 1040 1211 1066 hoc
1227 1040 1330 1067 bellum
1347 1045 1392 1067 aut
1409 1041 1451 1067 hic
1462 1040 1535 1070 ordo,
1550 1045 1594 1066 aut
1606 1048 1693 1074 popu-

892 1077 934 1104 lus
949 1077 1123 1112 susceperat?
1144 1078 1221 1112 Cepit
1237 1077 1437 1104 Alexandriam.
1478 1077 1548 1110 Quid
1560 1077 1633 1104 alind
1646 1086 1693 1104 ex-

891 1120 1044 1150 spectamus
1065 1124 1078 1141 a
1096 1114 1185 1142 furore
1201 1116 1269 1146 eiuS,
1283 1117 1335 1142 nisi
1351 1120 1379 1142 ut
1390 1116 1422 1142 ad
1433 1120 1556 1142 senatum
1570 1116 1649 1141 tantis
1661 1115 1693 1141 de

891 1153 972 1179 rebus
993 1153 1076 1188 gestis
1094 1152 1193 1179 litteras
1210 1153 1314 1179 mittat?
1348 1154 1388 1179 50.
1405 1154 1452 1179 llic
1468 1153 1490 1179 si
1510 1153 1606 1179 mentis
1623 1157 1694 1179 esset

891 1199 964 1221 suae,
988 1191 1039 1217 nisi
1061 1199 1159 1225 poenas
1180 1191 1279 1225 patriae
1295 1191 1403 1226 diisque
1420 1190 1617 1217 immortalibus
1637 1198 1691 1220 eas,

891 1236 959 1263 quae
970 1229 1146 1264 gravissimae
1157 1233 1228 1259 sunt,
1243 1228 1331 1255 furore
1342 1233 1422 1263 atque
1434 1228 1537 1255 insania
1550 1228 1690 1262 penderet:

891 1274 974 1292 ausus
986 1270 1056 1291 esset
1071 1265 1166 1300 (mitto,
1181 1266 1253 1292 exire
1264 1266 1297 1292 de
1309 1266 1456 1301 provincia)
1467 1266 1580 1292 educere
1592 1265 1693 1292 exerci-

891 1307 958 1334 tum,
972 1303 1074 1329 bellum
1087 1312 1136 1329 sua
1148 1308 1242 1338 sponte
1253 1312 1353 1339 gerere,
1362 1305 1388 1330 in
1401 1312 1513 1339 regnum
1527 1303 1634 1329 iniussu
1647 1311 1694 1337 po-

891 1340 949 1375 puli
970 1345 1015 1367 aut
1030 1345 1140 1367 senatus
1156 1341 1298 1367 accedere?
1318 1340 1390 1373 Quae
1406 1350 1491 1375 quum
1509 1340 1639 1374 plurimae
1657 1340 1694 1366 le-

890 1387 938 1413 ges
959 1383 1070 1408 veteres,
1089 1383 1145 1404 tum
1163 1378 1205 1404 lex
1222 1378 1342 1404 Cornelia
1356 1379 1511 1408 maiestatis.
1526 1377 1591 1404 lulia
1603 1378 1635 1403 de
1648 1386 1694 1412 pe-

891 1415 979 1442 cuniis
992 1415 1156 1450 repetundis,
1169 1415 1328 1450 planissime
1340 1420 1438 1442 vetant.
1475 1415 1527 1441 Sed
1540 1415 1604 1441 baec
1615 1415 1694 1441 omit-

893 1458 927 1479 to.
970 1453 1025 1483 llle,
1043 1453 1065 1479 si
1083 1462 1134 1479 non
1146 1454 1273 1479 acerrime
1286 1453 1392 1484 fureret,
1407 1453 1524 1483 auderet,
1539 1461 1619 1487 quam
1633 1461 1694 1487 pro-

892 1491 1007 1517 vinciam
1029 1490 1057 1517 P.
1076 1490 1216 1522 Lentulus,
1230 1491 1412 1517 amicissimus
1424 1490 1487 1517 huic
1497 1489 1594 1518 ordini.
1607 1498 1693 1524 quum

892 1532 918 1554 et
929 1528 1084 1554 auctoritate
1100 1533 1218 1558 senatus,
1237 1533 1262 1554 et
1272 1533 1342 1555 sorte
1354 1528 1471 1557 liaberet,
1486 1528 1640 1562 interposita
1653 1535 1694 1553 re-

893 1565 1000 1601 ligione,
1023 1566 1081 1591 sine
1104 1565 1157 1591 ulla
1177 1565 1344 1592 dubitatione
1365 1565 1548 1600 deposuisset,
1569 1573 1626 1590 eam
1641 1565 1693 1590 sibi

892 1604 1031 1634 asciscere,
1048 1611 1144 1637 quum,
1161 1603 1268 1629 etiamsi
1285 1603 1379 1639 religio
1396 1612 1448 1629 non
1464 1602 1616 1637 impediret,
1635 1610 1693 1628 mos

892 1641 1023 1667 maiorum
1049 1645 1150 1671 tamen,
1174 1645 1199 1667 et
1218 1640 1341 1675 exempla
1362 1645 1388 1667 et
1406 1641 1582 1676 gravissimae
1604 1639 1692 1675 legum

892 1686 992 1713 poenae
1005 1677 1141 1704 vetarent?

948 1715 1034 1742 xxu.
1048 1717 1089 1741 51.
1104 1715 1166 1746 Sed,
1179 1716 1307 1750 quoniam
1321 1714 1486 1742 fortunarum
1498 1716 1694 1742 contentionem

894 1752 978 1779 facere
989 1753 1139 1787 coepimus,
1156 1753 1189 1779 de
1202 1753 1288 1779 reditu
1301 1753 1408 1780 Gabinii
1421 1753 1589 1779 omittamus:
1612 1762 1694 1787 quem

892 1791 941 1817 etsi
963 1790 1015 1817 sibi
1037 1791 1095 1825 ipse
1111 1791 1249 1825 praecidit,
1267 1800 1316 1826 ego
1332 1795 1428 1822 tumen,
1447 1799 1476 1816 os
1489 1796 1517 1816 nt
1529 1791 1634 1816 videam
1648 1791 1695 1816 110-

892 1829 983 1859 minis,
1002 1833 1137 1863 exspecto.
1178 1828 1276 1859 Tuum,
1290 1829 1312 1854 si
1326 1828 1420 1863 11111001,
1434 1828 1548 1854 reditum
1561 1837 1622 1853 cuni
1636 1836 1694 1854 11100

892 1865 1072 1892 conteramus.
1113 1866 1150 1892 Ac
1166 1874 1242 1892 meus
1257 1866 1368 1901 quidem
1380 1866 1402 1892 is
1414 1865 1472 1895 suit,
1488 1870 1515 1892 nt
1526 1875 1539 1891 a
1552 1865 1695 1891 Brundisio

893 1912 979 1938 usque
995 1904 1106 1930 Romam
1127 1912 1223 1939 agmen
1246 1908 1405 1938 perpetuum
1422 1903 1502 1929 totius
1515 1903 1603 1930 ltaliae
1621 1903 1695 1928 vide-

893 1949 958 1967 rem.
990 1941 1083 1975 Neque
1095 1941 1166 1967 enim
1179 1941 1252 1976 regio
1264 1940 1314 1968 fuit
1327 1941 1390 1972 ulla,
1405 1949 1491 1975 neque
1504 1941 1692 1975 municipium,

893 1987 980 2013 neque
1001 1978 1165 2013 praefectura
1181 1983 1226 2005 aut
1240 1978 1352 2009 colonia,
1370 1987 1403 2005 ex
1413 1987 1466 2013 (11111
1479 1988 1529 2004 11011
1543 1978 1650 2013 publice
1662 1978 1693 2003 ad

893 2025 935 2042 me
949 2016 1070 2042 venerint
1080 2015 1254 2051 gratulatum.
1273 2015 1345 2048 Quid
1359 2016 1446 2042 dicam
1459 2015 1590 2042 adventus
1603 2015 1695 2042 meos?

892 2053 958 2088 quid
970 2053 1114 2080 effusiones
1126 2053 1266 2080 bominum
1279 2062 1311 2080 ex
1322 2052 1449 2088 oppidis?
1467 2053 1533 2087 quid
1545 2061 1694 2079 concursus

892 2099 926 2117 ex
947 2091 1017 2126 agris
1034 2090 1282 2126 patrum-familias
1292 2100 1354 2117 cum
1366 2091 1528 2126 coniugibus
1543 2100 1572 2116 nc
1586 2090 1695 2116 tiberis?

892 2128 958 2162 quid
979 2137 1024 2154 eos
1039 2128 1107 2159 dies,
1124 2137 1181 2163 (1111,
1203 2129 1279 2163 quasi
1296 2128 1408 2155 deorum
1425 2128 1615 2154 inmun-talium
1635 2127 1693 2153 festi

892 2170 972 2200 atque
991 2165 1145 2196 sollemnes,
1163 2170 1227 2192 sunt
1238 2165 1309 2200 apud
1320 2174 1414 2192 ‹mim-s
1425 2166 1540 2191 tulvi-utu
1554 2174 1612 2191 mco
1624 2165 1694 2191 10111-

893 2207 976 2237 tuque
996 2203 1141 2229 cclebrati‘?
1161 2204 1203 2229 52.
1222 2203 1296 2229 Unus
1314 2203 1427 2229 illedics
1440 2203 1504 2228 1111111
1520 2202 1694 2237 (10111011ιί111-

893 2239 1061 2266 mortulitatis
1075 2240 1157 2266 instar
1168 2240 1228 2270 fuit,
1241 2241 1332 2274 quoin
1345 2240 1456 2274 putrium
1470 2240 1638 2274 rcdii,quum
1651 2248 1694 2265 sc-

893 2282 984 2303 nutum
1000 2286 1140 2310 egressum
1158 2277 1212 2303 vidi
1225 2277 1411 2311 populumque
1423 2277 1571 2303 110111111111111
1585 2277 1694 2302 11111101·-

892 2323 963 2345 sum.
986 2323 1072 2348 quum
1091 2315 1156 2340 1111111
1173 2315 1230 2348 ipsu
1247 2315 1327 2340 11011111
1345 2323 1425 2348 111-0110
1440 2314 1568 2340 coni-uisu
1581 2313 1693 2339 sedibus

892 2351 959 2382 suis.
977 2352 1010 2377 nd
1025 2351 1258 2385 complectendum
1275 2356 1487 2377 conservatorem
1503 2360 1584 2377 suum
1601 2359 1694 2385 111-000-

893 2388 955 2415 dere
977 2388 1033 2414 visu
1055 2393 1104 2414 cst.
1145 2388 1218 2421 Quae
1239 2397 1281 2414 1110
1303 2389 1337 2414 ita
1358 2389 1472 2422 (10001111.
1496 2393 1524 2414 ut
1546 2397 1596 2414 11011
1614 2388 1692 2414 modo

892 2426 1014 2452 omnium
1035 2434 1175 2459 generum,
1198 2431 1325 2455 110111111111,
1347 2425 1472 2452 ordinum
1489 2434 1582 2451 omncs
1598 2426 1646 2452 1111
1663 2434 1693 2451 uc

893 2463 1021 2489 mulieres
1041 2464 1129 2489 omnis
1152 2463 1271 2489 fortunae
1293 2472 1322 2488 nc
1344 2462 1406 2493 1001,
1428 2463 1570 2489 sedetiam
1588 2464 1692 2489 moenia

893 2501 950 2535 ipsa
973 2500 1127 2526 viderentur
1147 2506 1172 2527 01
1188 2506 1254 2527 tet-tu
1267 2500 1345 2527 Urbis
1357 2500 1496 2534 1101011111111
1510 2500 1609 2527 lactari.
1651 2501 1692 2527 Me

892 2537 1121 2572 consequentibus
1140 2538 1237 2564 diebus
1259 2538 1285 2564 in
1306 2546 1336 2564 eu
1359 2538 1414 2572 ipsa
1431 2537 1518 2568 domo,
1536 2546 1589 2572 (11111
1606 2543 1633 2564 111
1650 2547 1691 2564 mc

892 2575 1044 2609 expulerus.
1066 2583 1147 2610 (11111111
1162 2575 1305 2610 expilaras,
1322 2584 1402 2609 (11111111
1419 2575 1585 2606 incenderes,
1604 2577 1691 2610 ponti-

894 2612 965 2643 tices,
982 2612 1121 2643 consules,
1136 2618 1222 2648 putres
1236 2613 1378 2647 conscripti
1391 2612 1596 2643 collocaverunt,
1610 2613 1692 2639 milii-

893 2658 955 2684 que,
968 2649 1040 2684 quod
1053 2655 1165 2677 1111101110
1178 2651 1287 2680 nemini,
1305 2650 1418 2685 pecunia
1430 2649 1538 2685 publica
1549 2650 1690 2677 aedifican-

893 2686 954 2713 (111111
965 2686 1076 2714 (1011111111
1088 2693 1259 2715 censuerunt.
