<?xml version="1.0" encoding="UTF-8"?>
<!DOCTYPE html PUBLIC "-//W3C//DTD XHTML 1.0 Transitional//EN"
    "http://www.w3.org/TR/xhtml1/DTD/xhtml1-transitional.dtd">
<html xmlns="http://www.w3.org/1999/xhtml" xml:lang="en" lang="en">
 <head>
  <title>
</title>
<meta http-equiv="Content-Type" content="text/html;charset=utf-8" />
  <meta name='ocr-system' content='tesseract 3.04.00' />
  <meta name='ocr-capabilities' content='ocr_page ocr_carea ocr_par ocr_line ocrx_word'/>
</head>
<body>
  <div class='ocr_page' id='page_1' title='image "./operaomniaunovol00ciceuoft/operaomniaunovol00ciceuoft_1237.png"; bbox 0 0 1941 3052; ppageno 0'>
   <div class='ocr_carea' id='block_1_1' title="bbox 517 127 1251 155">
    <p class='ocr_par' dir='ltr' id='par_1_1' title="bbox 517 127 1251 155">
     <span class='ocr_line' id='line_1_1' title="bbox 517 127 1251 155; baseline 0.001 -1"><span class='ocrx_word' id='word_1_1' title='bbox 517 127 569 155; x_wconf 91' lang='lat' dir='ltr'>DE</span> <span class='ocrx_word' id='word_1_2' title='bbox 600 127 799 155; x_wconf 88' lang='lat' dir='ltr'>LEGIBUS</span> <span class='ocrx_word' id='word_1_3' title='bbox 837 127 918 155; x_wconf 91' lang='lat' dir='ltr'>LIB.</span> <span class='ocrx_word' id='word_1_4' title='bbox 947 128 985 155; x_wconf 90' lang='grc' dir='ltr'>ΙΙ.</span> <span class='ocrx_word' id='word_1_5' title='bbox 1017 127 1108 155; x_wconf 80' lang='lat' dir='ltr'>CAP.</span> <span class='ocrx_word' id='word_1_6' title='bbox 1131 129 1251 155; x_wconf 73' lang='lat'>8—44.</span> 
     </span>
    </p>
   </div>
   <div class='ocr_carea' id='block_1_2' title="bbox 57 197 855 271">
    <p class='ocr_par' dir='ltr' id='par_1_2' title="bbox 57 197 855 271">
     <span class='ocr_line' id='line_1_2' title="bbox 57 197 855 234; baseline 0 -8"><span class='ocrx_word' id='word_1_7' title='bbox 57 207 104 226; x_wconf 85' lang='lat' dir='ltr'>xes</span> <span class='ocrx_word' id='word_1_8' title='bbox 114 197 296 225; x_wconf 85' lang='lat' dir='ltr'>inflammasse</span> <span class='ocrx_word' id='word_1_9' title='bbox 307 197 407 233; x_wconf 84' lang='lat' dir='ltr'>templa</span> <span class='ocrx_word' id='word_1_10' title='bbox 419 198 546 225; x_wconf 83' lang='lat' dir='ltr'>Graeciae</span> <span class='ocrx_word' id='word_1_11' title='bbox 557 199 665 230; x_wconf 89' lang='lat' dir='ltr'>dicitur,</span> <span class='ocrx_word' id='word_1_12' title='bbox 682 199 754 234; x_wconf 87' lang='lat' dir='ltr'>quod</span> <span class='ocrx_word' id='word_1_13' title='bbox 766 200 855 234; x_wconf 88' lang='lat' dir='ltr'>parie-</span> 
     </span>
     <span class='ocr_line' id='line_1_3' title="bbox 57 235 854 271; baseline 0 -8"><span class='ocrx_word' id='word_1_14' title='bbox 57 237 130 264; x_wconf 89' lang='lat' dir='ltr'>tibus</span> <span class='ocrx_word' id='word_1_15' title='bbox 144 236 314 262; x_wconf 83' lang='lat' dir='ltr'>includerent</span> <span class='ocrx_word' id='word_1_16' title='bbox 327 235 405 267; x_wconf 86' lang='lat' dir='ltr'>deos,</span> <span class='ocrx_word' id='word_1_17' title='bbox 428 237 529 271; x_wconf 89' lang='lat' dir='ltr'>quibus</span> <span class='ocrx_word' id='word_1_18' title='bbox 545 237 634 263; x_wconf 88' lang='lat' dir='ltr'>omnia</span> <span class='ocrx_word' id='word_1_19' title='bbox 650 237 780 263; x_wconf 88' lang='lat' dir='ltr'>deberent</span> <span class='ocrx_word' id='word_1_20' title='bbox 795 245 854 263; x_wconf 87' lang='lat' dir='ltr'>esse</span> 
     </span>
    </p>
   </div>
   <div class='ocr_carea' id='block_1_3' title="bbox 57 273 876 309">
    <p class='ocr_par' dir='ltr' id='par_1_3' title="bbox 57 273 876 309">
     <span class='ocr_line' id='line_1_4' title="bbox 57 273 876 309; baseline 0 -9"><span class='ocrx_word' id='word_1_21' title='bbox 57 274 173 309; x_wconf 84' lang='lat' dir='ltr'>patentia</span> <span class='ocrx_word' id='word_1_22' title='bbox 180 273 309 304; x_wconf 87' lang='lat' dir='ltr'>aclibera,</span> <span class='ocrx_word' id='word_1_23' title='bbox 318 282 489 308; x_wconf 90' lang='lat' dir='ltr'>quorumque</span> <span class='ocrx_word' id='word_1_24' title='bbox 501 274 545 300; x_wconf 91' lang='lat' dir='ltr'>hic</span> <span class='ocrx_word' id='word_1_25' title='bbox 557 274 676 300; x_wconf 87' lang='lat' dir='ltr'>mundus</span> <span class='ocrx_word' id='word_1_26' title='bbox 687 275 775 301; x_wconf 89' lang='lat' dir='ltr'>omnis</span> <span class='ocrx_word' id='word_1_27' title='bbox 787 279 854 301; x_wconf 90' lang='lat' dir='ltr'>tem-</span> <span class='ocrx_word' id='word_1_28' title='bbox 875 289 876 294; x_wconf 67' lang='lat'>=</span> 
     </span>
    </p>
   </div>
   <div class='ocr_carea' id='block_1_4' title="bbox 55 310 860 1769">
    <p class='ocr_par' dir='ltr' id='par_1_4' title="bbox 55 310 860 1769">
     <span class='ocr_line' id='line_1_5' title="bbox 57 310 855 346; baseline 0 -9"><span class='ocrx_word' id='word_1_29' title='bbox 57 311 133 346; x_wconf 91' lang='lat' dir='ltr'>plum</span> <span class='ocrx_word' id='word_1_30' title='bbox 149 315 219 337; x_wconf 87' lang='lat' dir='ltr'>esset</span> <span class='ocrx_word' id='word_1_31' title='bbox 235 315 260 337; x_wconf 93' lang='lat' dir='ltr'>et</span> <span class='ocrx_word' id='word_1_32' title='bbox 274 310 381 336; x_wconf 89' lang='lat' dir='ltr'>domus.</span> <span class='ocrx_word' id='word_1_33' title='bbox 422 311 469 337; x_wconf 85' lang='lat' dir='ltr'>XI.</span> <span class='ocrx_word' id='word_1_34' title='bbox 491 311 588 337; x_wconf 81' lang='lat' dir='ltr'>Melius</span> <span class='ocrx_word' id='word_1_35' title='bbox 604 311 698 338; x_wconf 88' lang='lat' dir='ltr'>Graeci</span> <span class='ocrx_word' id='word_1_36' title='bbox 713 317 792 346; x_wconf 89' lang='lat' dir='ltr'>atque</span> <span class='ocrx_word' id='word_1_37' title='bbox 807 320 855 338; x_wconf 93' lang='lat' dir='ltr'>no—</span> 
     </span>
     <span class='ocr_line' id='line_1_6' title="bbox 56 348 852 383; baseline -0.001 -8"><span class='ocrx_word' id='word_1_38' title='bbox 56 349 118 381; x_wconf 69' lang='lat' dir='ltr'>stri,</span> <span class='ocrx_word' id='word_1_39' title='bbox 135 349 182 383; x_wconf 91' lang='lat' dir='ltr'>qui</span> <span class='ocrx_word' id='word_1_40' title='bbox 191 369 197 379; x_wconf 90' lang='lat'>,</span> <span class='ocrx_word' id='word_1_41' title='bbox 210 353 240 374; x_wconf 89' lang='lat' dir='ltr'>ut</span> <span class='ocrx_word' id='word_1_42' title='bbox 251 352 379 383; x_wconf 78' lang='lat' dir='ltr'>augerent</span> <span class='ocrx_word' id='word_1_43' title='bbox 390 349 514 383; x_wconf 89' lang='lat' dir='ltr'>pietatem</span> <span class='ocrx_word' id='word_1_44' title='bbox 527 349 554 374; x_wconf 89' lang='lat' dir='ltr'>in</span> <span class='ocrx_word' id='word_1_45' title='bbox 566 348 644 379; x_wconf 89' lang='lat' dir='ltr'>deos,</span> <span class='ocrx_word' id='word_1_46' title='bbox 663 349 771 374; x_wconf 89' lang='lat' dir='ltr'>easdem</span> <span class='ocrx_word' id='word_1_47' title='bbox 784 349 852 379; x_wconf 89' lang='lat' dir='ltr'>illos,</span> 
     </span>
     <span class='ocr_line' id='line_1_7' title="bbox 56 385 855 421; baseline 0.001 -10"><span class='ocrx_word' id='word_1_48' title='bbox 56 394 124 421; x_wconf 87' lang='lat' dir='ltr'>quas</span> <span class='ocrx_word' id='word_1_49' title='bbox 135 394 193 416; x_wconf 86' lang='lat' dir='ltr'>nos,</span> <span class='ocrx_word' id='word_1_50' title='bbox 206 385 287 411; x_wconf 85' lang='lat' dir='ltr'>urbes</span> <span class='ocrx_word' id='word_1_51' title='bbox 300 385 415 411; x_wconf 77' lang='lat' dir='ltr'>incolere</span> <span class='ocrx_word' id='word_1_52' title='bbox 426 385 578 412; x_wconf 86' lang='lat' dir='ltr'>voluerunt.</span> <span class='ocrx_word' id='word_1_53' title='bbox 613 386 694 412; x_wconf 77' lang='lat' dir='ltr'>Affert</span> <span class='ocrx_word' id='word_1_54' title='bbox 706 387 778 412; x_wconf 91' lang='lat' dir='ltr'>enim</span> <span class='ocrx_word' id='word_1_55' title='bbox 790 387 855 412; x_wconf 89' lang='lat' dir='ltr'>haec</span> 
     </span>
     <span class='ocr_line' id='line_1_8' title="bbox 56 422 856 458; baseline 0 -9"><span class='ocrx_word' id='word_1_56' title='bbox 56 423 148 458; x_wconf 88' lang='lat' dir='ltr'>opinio</span> <span class='ocrx_word' id='word_1_57' title='bbox 160 422 318 458; x_wconf 78' lang='lat' dir='ltr'>religionem</span> <span class='ocrx_word' id='word_1_58' title='bbox 330 422 425 449; x_wconf 89' lang='lat' dir='ltr'>utilem</span> <span class='ocrx_word' id='word_1_59' title='bbox 437 423 608 449; x_wconf 85' lang='lat' dir='ltr'>civitatibus:</span> <span class='ocrx_word' id='word_1_60' title='bbox 624 424 647 449; x_wconf 91' lang='lat' dir='ltr'>si</span> <span class='ocrx_word' id='word_1_61' title='bbox 662 423 772 458; x_wconf 88' lang='lat' dir='ltr'>quidem</span> <span class='ocrx_word' id='word_1_62' title='bbox 785 429 810 450; x_wconf 89' lang='lat' dir='ltr'>et</span> <span class='ocrx_word' id='word_1_63' title='bbox 822 423 856 449; x_wconf 91' lang='lat' dir='ltr'>il-</span> 
     </span>
     <span class='ocr_line' id='line_1_9' title="bbox 56 459 853 496; baseline 0 -9"><span class='ocrx_word' id='word_1_64' title='bbox 56 459 105 487; x_wconf 89' lang='lat' dir='ltr'>lud</span> <span class='ocrx_word' id='word_1_65' title='bbox 120 460 189 486; x_wconf 89' lang='lat' dir='ltr'>hene</span> <span class='ocrx_word' id='word_1_66' title='bbox 204 460 308 486; x_wconf 86' lang='lat' dir='ltr'>dictum</span> <span class='ocrx_word' id='word_1_67' title='bbox 324 464 365 486; x_wconf 89' lang='lat' dir='ltr'>est</span> <span class='ocrx_word' id='word_1_68' title='bbox 385 469 399 486; x_wconf 90' lang='lat' dir='ltr'>a</span> <span class='ocrx_word' id='word_1_69' title='bbox 418 460 582 496; x_wconf 80' lang='lat' dir='ltr'>Pythagora,</span> <span class='ocrx_word' id='word_1_70' title='bbox 605 460 762 487; x_wconf 89' lang='lat' dir='ltr'>doctissimo</span> <span class='ocrx_word' id='word_1_71' title='bbox 786 462 853 491; x_wconf 87' lang='lat' dir='ltr'>viro,</span> 
     </span>
     <span class='ocr_line' id='line_1_10' title="bbox 56 498 856 533; baseline 0 -9"><span class='ocrx_word' id='word_1_72' title='bbox 56 502 115 525; x_wconf 88' lang='lat' dir='ltr'>tum</span> <span class='ocrx_word' id='word_1_73' title='bbox 126 498 243 524; x_wconf 80' lang='lat' dir='ltr'>maxime</span> <span class='ocrx_word' id='word_1_74' title='bbox 255 502 280 524; x_wconf 91' lang='lat' dir='ltr'>et</span> <span class='ocrx_word' id='word_1_75' title='bbox 291 498 417 532; x_wconf 90' lang='lat' dir='ltr'>pietatem</span> <span class='ocrx_word' id='word_1_76' title='bbox 429 503 454 524; x_wconf 91' lang='lat' dir='ltr'>et</span> <span class='ocrx_word' id='word_1_77' title='bbox 465 498 624 533; x_wconf 79' lang='lat' dir='ltr'>religionem</span> <span class='ocrx_word' id='word_1_78' title='bbox 640 499 742 524; x_wconf 80' lang='lat' dir='ltr'>versari</span> <span class='ocrx_word' id='word_1_79' title='bbox 759 499 786 524; x_wconf 92' lang='lat' dir='ltr'>in</span> <span class='ocrx_word' id='word_1_80' title='bbox 797 499 856 524; x_wconf 84' lang='lat' dir='ltr'>ani-</span> 
     </span>
     <span class='ocr_line' id='line_1_11' title="bbox 56 534 856 570; baseline 0 -9"><span class='ocrx_word' id='word_1_81' title='bbox 56 536 124 566; x_wconf 86' lang='lat' dir='ltr'>mis,</span> <span class='ocrx_word' id='word_1_82' title='bbox 141 544 228 570; x_wconf 90' lang='lat' dir='ltr'>quum</span> <span class='ocrx_word' id='word_1_83' title='bbox 244 534 326 561; x_wconf 88' lang='lat' dir='ltr'>rebus</span> <span class='ocrx_word' id='word_1_84' title='bbox 341 534 444 561; x_wconf 88' lang='lat' dir='ltr'>divinis</span> <span class='ocrx_word' id='word_1_85' title='bbox 459 544 567 570; x_wconf 81' lang='lat' dir='ltr'>operam</span> <span class='ocrx_word' id='word_1_86' title='bbox 583 535 723 562; x_wconf 84' lang='lat' dir='ltr'>daremus:</span> <span class='ocrx_word' id='word_1_87' title='bbox 747 540 772 562; x_wconf 89' lang='lat' dir='ltr'>et</span> <span class='ocrx_word' id='word_1_88' title='bbox 783 535 856 570; x_wconf 90' lang='lat' dir='ltr'>quod</span> 
     </span>
     <span class='ocr_line' id='line_1_12' title="bbox 57 572 856 607; baseline -0.001 -8"><span class='ocrx_word' id='word_1_89' title='bbox 57 572 169 603; x_wconf 89' lang='lat' dir='ltr'>Thales,</span> <span class='ocrx_word' id='word_1_90' title='bbox 187 573 236 607; x_wconf 92' lang='lat' dir='ltr'>qui</span> <span class='ocrx_word' id='word_1_91' title='bbox 250 573 470 606; x_wconf 84' lang='lat' dir='ltr'>sapientissimus</span> <span class='ocrx_word' id='word_1_92' title='bbox 486 574 513 599; x_wconf 92' lang='lat' dir='ltr'>in</span> <span class='ocrx_word' id='word_1_93' title='bbox 529 577 632 607; x_wconf 79' lang='lat' dir='ltr'>septem</span> <span class='ocrx_word' id='word_1_94' title='bbox 650 572 713 603; x_wconf 81' lang='lat' dir='ltr'>fuit,</span> <span class='ocrx_word' id='word_1_95' title='bbox 733 572 856 599; x_wconf 87' lang='lat' dir='ltr'>homines</span> 
     </span>
     <span class='ocr_line' id='line_1_13' title="bbox 56 610 856 645; baseline 0 -9"><span class='ocrx_word' id='word_1_96' title='bbox 56 610 212 637; x_wconf 84' lang='lat' dir='ltr'>existimare</span> <span class='ocrx_word' id='word_1_97' title='bbox 222 614 352 644; x_wconf 84' lang='lat' dir='ltr'>oportere,</span> <span class='ocrx_word' id='word_1_98' title='bbox 365 610 455 636; x_wconf 91' lang='lat' dir='ltr'>omnia</span> <span class='ocrx_word' id='word_1_99' title='bbox 467 619 535 645; x_wconf 90' lang='lat' dir='ltr'>quae</span> <span class='ocrx_word' id='word_1_100' title='bbox 547 615 728 639; x_wconf 74' lang='lat' dir='ltr'>cernerentur,</span> <span class='ocrx_word' id='word_1_101' title='bbox 744 610 856 636; x_wconf 88' lang='lat' dir='ltr'>deorum</span> 
     </span>
     <span class='ocr_line' id='line_1_14' title="bbox 56 646 856 682; baseline -0.001 -8"><span class='ocrx_word' id='word_1_102' title='bbox 56 656 117 674; x_wconf 86' lang='lat' dir='ltr'>esse</span> <span class='ocrx_word' id='word_1_103' title='bbox 128 647 220 682; x_wconf 90' lang='lat' dir='ltr'>plena:</span> <span class='ocrx_word' id='word_1_104' title='bbox 234 646 288 673; x_wconf 86' lang='lat' dir='ltr'>fore</span> <span class='ocrx_word' id='word_1_105' title='bbox 300 647 373 673; x_wconf 88' lang='lat' dir='ltr'>enim</span> <span class='ocrx_word' id='word_1_106' title='bbox 384 656 478 673; x_wconf 89' lang='lat' dir='ltr'>omnes</span> <span class='ocrx_word' id='word_1_107' title='bbox 489 648 625 678; x_wconf 86' lang='lat' dir='ltr'>castiores,</span> <span class='ocrx_word' id='word_1_108' title='bbox 635 647 720 674; x_wconf 88' lang='lat' dir='ltr'>veluti</span> <span class='ocrx_word' id='word_1_109' title='bbox 731 656 816 682; x_wconf 91' lang='lat' dir='ltr'>quum</span> <span class='ocrx_word' id='word_1_110' title='bbox 829 648 856 673; x_wconf 94' lang='lat' dir='ltr'>in</span> 
     </span>
     <span class='ocr_line' id='line_1_15' title="bbox 56 684 856 720; baseline 0 -9"><span class='ocrx_word' id='word_1_111' title='bbox 56 684 127 712; x_wconf 83' lang='lat' dir='ltr'>fanis</span> <span class='ocrx_word' id='word_1_112' title='bbox 143 689 233 711; x_wconf 87' lang='lat' dir='ltr'>essent</span> <span class='ocrx_word' id='word_1_113' title='bbox 251 685 369 710; x_wconf 81' lang='lat' dir='ltr'>maxime</span> <span class='ocrx_word' id='word_1_114' title='bbox 385 684 530 720; x_wconf 76' lang='lat' dir='ltr'>religiosis.</span> <span class='ocrx_word' id='word_1_115' title='bbox 571 685 618 711; x_wconf 89' lang='lat' dir='ltr'>Est</span> <span class='ocrx_word' id='word_1_116' title='bbox 633 686 705 711; x_wconf 90' lang='lat' dir='ltr'>enim</span> <span class='ocrx_word' id='word_1_117' title='bbox 723 685 856 720; x_wconf 86' lang='lat' dir='ltr'>quaedam</span> 
     </span>
     <span class='ocr_line' id='line_1_16' title="bbox 55 722 857 757; baseline -0.001 -8"><span class='ocrx_word' id='word_1_118' title='bbox 55 722 182 757; x_wconf 85' lang='lat' dir='ltr'>opinione</span> <span class='ocrx_word' id='word_1_119' title='bbox 194 722 298 757; x_wconf 83' lang='lat' dir='ltr'>species</span> <span class='ocrx_word' id='word_1_120' title='bbox 309 722 421 748; x_wconf 91' lang='lat' dir='ltr'>deorum</span> <span class='ocrx_word' id='word_1_121' title='bbox 434 723 461 748; x_wconf 93' lang='lat' dir='ltr'>in</span> <span class='ocrx_word' id='word_1_122' title='bbox 473 722 568 752; x_wconf 89' lang='lat' dir='ltr'>oculis,</span> <span class='ocrx_word' id='word_1_123' title='bbox 578 731 630 748; x_wconf 93' lang='lat' dir='ltr'>non</span> <span class='ocrx_word' id='word_1_124' title='bbox 642 722 729 748; x_wconf 89' lang='lat' dir='ltr'>solum</span> <span class='ocrx_word' id='word_1_125' title='bbox 742 723 769 748; x_wconf 89' lang='lat' dir='ltr'>in</span> <span class='ocrx_word' id='word_1_126' title='bbox 781 731 857 748; x_wconf 87' lang='lat' dir='ltr'>men-</span> 
     </span>
     <span class='ocr_line' id='line_1_17' title="bbox 56 759 855 794; baseline -0.001 -8"><span class='ocrx_word' id='word_1_127' title='bbox 56 760 141 786; x_wconf 85' lang='lat' dir='ltr'>tibus.</span> <span class='ocrx_word' id='word_1_128' title='bbox 165 761 206 786; x_wconf 75' lang='lat'>27.</span> <span class='ocrx_word' id='word_1_129' title='bbox 219 759 404 794; x_wconf 89' lang='lat' dir='ltr'>Eamdemque</span> <span class='ocrx_word' id='word_1_130' title='bbox 416 761 545 786; x_wconf 88' lang='lat' dir='ltr'>rationem</span> <span class='ocrx_word' id='word_1_131' title='bbox 557 759 611 785; x_wconf 88' lang='lat' dir='ltr'>luci</span> <span class='ocrx_word' id='word_1_132' title='bbox 623 759 723 786; x_wconf 87' lang='lat' dir='ltr'>habent</span> <span class='ocrx_word' id='word_1_133' title='bbox 734 760 760 785; x_wconf 91' lang='lat' dir='ltr'>in</span> <span class='ocrx_word' id='word_1_134' title='bbox 773 760 855 794; x_wconf 84' lang='lat' dir='ltr'>agris.</span> 
     </span>
     <span class='ocr_line' id='line_1_18' title="bbox 55 796 857 832; baseline -0.001 -9"><span class='ocrx_word' id='word_1_135' title='bbox 55 797 152 832; x_wconf 86' lang='lat' dir='ltr'>Neque</span> <span class='ocrx_word' id='word_1_136' title='bbox 167 805 210 828; x_wconf 87' lang='lat' dir='ltr'>ea,</span> <span class='ocrx_word' id='word_1_137' title='bbox 233 805 302 832; x_wconf 89' lang='lat' dir='ltr'>quae</span> <span class='ocrx_word' id='word_1_138' title='bbox 318 805 332 823; x_wconf 90' lang='lat' dir='ltr'>a</span> <span class='ocrx_word' id='word_1_139' title='bbox 344 797 493 823; x_wconf 88' lang='lat' dir='ltr'>maioribus</span> <span class='ocrx_word' id='word_1_140' title='bbox 504 797 609 831; x_wconf 88' lang='lat' dir='ltr'>prodita</span> <span class='ocrx_word' id='word_1_141' title='bbox 621 802 660 823; x_wconf 89' lang='lat' dir='ltr'>est</span> <span class='ocrx_word' id='word_1_142' title='bbox 671 805 756 831; x_wconf 89' lang='lat' dir='ltr'>quum</span> <span class='ocrx_word' id='word_1_143' title='bbox 769 796 857 823; x_wconf 90' lang='lat' dir='ltr'>domi-</span> 
     </span>
     <span class='ocr_line' id='line_1_19' title="bbox 56 834 855 869; baseline -0.003 -8"><span class='ocrx_word' id='word_1_144' title='bbox 56 835 109 866; x_wconf 91' lang='lat' dir='ltr'>nis,</span> <span class='ocrx_word' id='word_1_145' title='bbox 124 839 181 861; x_wconf 89' lang='lat' dir='ltr'>tum</span> <span class='ocrx_word' id='word_1_146' title='bbox 193 834 313 865; x_wconf 83' lang='lat' dir='ltr'>famulis,</span> <span class='ocrx_word' id='word_1_147' title='bbox 326 835 412 869; x_wconf 90' lang='lat' dir='ltr'>posita</span> <span class='ocrx_word' id='word_1_148' title='bbox 425 835 452 860; x_wconf 94' lang='lat' dir='ltr'>in</span> <span class='ocrx_word' id='word_1_149' title='bbox 465 834 542 860; x_wconf 88' lang='lat' dir='ltr'>fundi</span> <span class='ocrx_word' id='word_1_150' title='bbox 554 834 688 869; x_wconf 90' lang='lat' dir='ltr'>villaeque</span> <span class='ocrx_word' id='word_1_151' title='bbox 700 839 855 868; x_wconf 86' lang='lat' dir='ltr'>conspectu,</span> 
     </span>
     <span class='ocr_line' id='line_1_20' title="bbox 55 871 857 907; baseline -0.001 -9"><span class='ocrx_word' id='word_1_152' title='bbox 55 871 153 907; x_wconf 87' lang='lat' dir='ltr'>religio</span> <span class='ocrx_word' id='word_1_153' title='bbox 168 873 290 903; x_wconf 90' lang='lat' dir='ltr'>Larium,</span> <span class='ocrx_word' id='word_1_154' title='bbox 308 871 475 906; x_wconf 88' lang='lat' dir='ltr'>repudianda</span> <span class='ocrx_word' id='word_1_155' title='bbox 492 876 541 897; x_wconf 88' lang='lat' dir='ltr'>est.</span> <span class='ocrx_word' id='word_1_156' title='bbox 581 872 636 898; x_wconf 87' lang='lat' dir='ltr'>Iam</span> <span class='ocrx_word' id='word_1_157' title='bbox 653 872 721 897; x_wconf 88' lang='lat' dir='ltr'>ritus</span> <span class='ocrx_word' id='word_1_158' title='bbox 739 871 857 897; x_wconf 85' lang='lat' dir='ltr'>familiae</span> 
     </span>
     <span class='ocr_line' id='line_1_21' title="bbox 56 909 858 944; baseline -0.001 -9"><span class='ocrx_word' id='word_1_159' title='bbox 56 914 219 944; x_wconf 88' lang='lat' dir='ltr'>patrumque</span> <span class='ocrx_word' id='word_1_160' title='bbox 230 917 351 940; x_wconf 85' lang='lat' dir='ltr'>servare,</span> <span class='ocrx_word' id='word_1_161' title='bbox 366 909 392 935; x_wconf 91' lang='lat' dir='ltr'>id</span> <span class='ocrx_word' id='word_1_162' title='bbox 405 914 445 935; x_wconf 89' lang='lat' dir='ltr'>est</span> <span class='ocrx_word' id='word_1_163' title='bbox 456 909 594 944; x_wconf 88' lang='lat' dir='ltr'>(quoniam</span> <span class='ocrx_word' id='word_1_164' title='bbox 606 910 752 943; x_wconf 80' lang='lat' dir='ltr'>antiquitas</span> <span class='ocrx_word' id='word_1_165' title='bbox 765 909 858 943; x_wconf 82' lang='lat' dir='ltr'>proxi-</span> 
     </span>
     <span class='ocr_line' id='line_1_22' title="bbox 56 946 857 982; baseline -0.001 -9"><span class='ocrx_word' id='word_1_166' title='bbox 56 955 100 973; x_wconf 88' lang='lat' dir='ltr'>me</span> <span class='ocrx_word' id='word_1_167' title='bbox 116 946 219 973; x_wconf 80' lang='lat' dir='ltr'>aceedit</span> <span class='ocrx_word' id='word_1_168' title='bbox 234 946 267 972; x_wconf 94' lang='lat' dir='ltr'>ad</span> <span class='ocrx_word' id='word_1_169' title='bbox 283 946 357 980; x_wconf 88' lang='lat' dir='ltr'>deos)</span> <span class='ocrx_word' id='word_1_170' title='bbox 372 955 386 973; x_wconf 90' lang='lat' dir='ltr'>a</span> <span class='ocrx_word' id='word_1_171' title='bbox 403 946 456 972; x_wconf 89' lang='lat' dir='ltr'>diis</span> <span class='ocrx_word' id='word_1_172' title='bbox 472 947 550 981; x_wconf 81' lang='lat' dir='ltr'>quasi</span> <span class='ocrx_word' id='word_1_173' title='bbox 563 946 686 972; x_wconf 89' lang='lat' dir='ltr'>traditam</span> <span class='ocrx_word' id='word_1_174' title='bbox 699 946 857 982; x_wconf 77' lang='lat' dir='ltr'>religionem</span> 
     </span>
     <span class='ocr_line' id='line_1_23' title="bbox 57 984 854 1019; baseline -0.001 -8"><span class='ocrx_word' id='word_1_175' title='bbox 57 985 136 1011; x_wconf 84' lang='lat' dir='ltr'>tueri.</span> <span class='ocrx_word' id='word_1_176' title='bbox 177 984 254 1016; x_wconf 88' lang='lat' dir='ltr'>Quod</span> <span class='ocrx_word' id='word_1_177' title='bbox 270 988 359 1010; x_wconf 88' lang='lat' dir='ltr'>autem</span> <span class='ocrx_word' id='word_1_178' title='bbox 370 992 404 1010; x_wconf 84' lang='lat' dir='ltr'>ex</span> <span class='ocrx_word' id='word_1_179' title='bbox 415 984 557 1010; x_wconf 87' lang='lat' dir='ltr'>hominum</span> <span class='ocrx_word' id='word_1_180' title='bbox 567 992 665 1019; x_wconf 78' lang='lat' dir='ltr'>genere</span> <span class='ocrx_word' id='word_1_181' title='bbox 677 989 854 1014; x_wconf 72' lang='lat' dir='ltr'>consecr-³205,</span> 
     </span>
     <span class='ocr_line' id='line_1_24' title="bbox 56 1021 858 1052; baseline -0.001 -4"><span class='ocrx_word' id='word_1_182' title='bbox 56 1022 128 1048; x_wconf 88' lang='lat' dir='ltr'>sieut</span> <span class='ocrx_word' id='word_1_183' title='bbox 148 1021 289 1047; x_wconf 85' lang='lat' dir='ltr'>Herculem</span> <span class='ocrx_word' id='word_1_184' title='bbox 310 1026 335 1048; x_wconf 92' lang='lat' dir='ltr'>et</span> <span class='ocrx_word' id='word_1_185' title='bbox 354 1026 469 1052; x_wconf 86' lang='lat' dir='ltr'>eeteros,</span> <span class='ocrx_word' id='word_1_186' title='bbox 496 1021 548 1047; x_wconf 87' lang='lat' dir='ltr'>coli</span> <span class='ocrx_word' id='word_1_187' title='bbox 575 1022 618 1048; x_wconf 90' lang='lat' dir='ltr'>lex</span> <span class='ocrx_word' id='word_1_188' title='bbox 642 1021 730 1052; x_wconf 89' lang='lat' dir='ltr'>iubet,</span> <span class='ocrx_word' id='word_1_189' title='bbox 757 1021 858 1048; x_wconf 89' lang='lat' dir='ltr'>indicat</span> 
     </span>
     <span class='ocr_line' id='line_1_25' title="bbox 56 1058 857 1093; baseline 0 -8"><span class='ocrx_word' id='word_1_190' title='bbox 56 1059 179 1086; x_wconf 88' lang='lat' dir='ltr'>omnium</span> <span class='ocrx_word' id='word_1_191' title='bbox 190 1058 301 1093; x_wconf 88' lang='lat' dir='ltr'>quidem</span> <span class='ocrx_word' id='word_1_192' title='bbox 313 1060 417 1085; x_wconf 87' lang='lat' dir='ltr'>animos</span> <span class='ocrx_word' id='word_1_193' title='bbox 430 1058 594 1085; x_wconf 87' lang='lat' dir='ltr'>immortales</span> <span class='ocrx_word' id='word_1_194' title='bbox 605 1067 674 1090; x_wconf 88' lang='lat' dir='ltr'>esse,</span> <span class='ocrx_word' id='word_1_195' title='bbox 688 1058 735 1085; x_wconf 89' lang='lat' dir='ltr'>sed</span> <span class='ocrx_word' id='word_1_196' title='bbox 748 1058 857 1085; x_wconf 79' lang='lat' dir='ltr'>fortium</span> 
     </span>
     <span class='ocr_line' id='line_1_26' title="bbox 56 1096 856 1131; baseline -0.001 -8"><span class='ocrx_word' id='word_1_197' title='bbox 56 1096 244 1131; x_wconf 88' lang='lat' dir='ltr'>bonorumque</span> <span class='ocrx_word' id='word_1_198' title='bbox 265 1096 384 1123; x_wconf 83' lang='lat' dir='ltr'>divinos.</span> <span class='ocrx_word' id='word_1_199' title='bbox 425 1098 467 1123; x_wconf 67' lang='lat'>⁶28.</span> <span class='ocrx_word' id='word_1_200' title='bbox 489 1096 558 1122; x_wconf 90' lang='lat' dir='ltr'>Bene</span> <span class='ocrx_word' id='word_1_201' title='bbox 579 1105 655 1127; x_wconf 89' lang='lat' dir='ltr'>vero,</span> <span class='ocrx_word' id='word_1_202' title='bbox 677 1096 750 1131; x_wconf 93' lang='lat' dir='ltr'>quod</span> <span class='ocrx_word' id='word_1_203' title='bbox 770 1097 856 1127; x_wconf 87' lang='lat' dir='ltr'>Mens,</span> 
     </span>
     <span class='ocr_line' id='line_1_27' title="bbox 55 1134 858 1169; baseline 0 -9"><span class='ocrx_word' id='word_1_204' title='bbox 55 1134 158 1165; x_wconf 86' lang='lat' dir='ltr'>Pietas,</span> <span class='ocrx_word' id='word_1_205' title='bbox 183 1134 289 1164; x_wconf 79' lang='lat' dir='ltr'>Virtus,</span> <span class='ocrx_word' id='word_1_206' title='bbox 318 1134 398 1160; x_wconf 83' lang='lat' dir='ltr'>Fides</span> <span class='ocrx_word' id='word_1_207' title='bbox 422 1139 594 1160; x_wconf 87' lang='lat' dir='ltr'>consecratur</span> <span class='ocrx_word' id='word_1_208' title='bbox 613 1142 709 1160; x_wconf 91' lang='lat' dir='ltr'>manu:</span> <span class='ocrx_word' id='word_1_209' title='bbox 742 1142 858 1169; x_wconf 87' lang='lat' dir='ltr'>quarum</span> 
     </span>
     <span class='ocr_line' id='line_1_28' title="bbox 57 1171 858 1206; baseline -0.004 -7"><span class='ocrx_word' id='word_1_210' title='bbox 57 1172 180 1199; x_wconf 89' lang='lat' dir='ltr'>omnium</span> <span class='ocrx_word' id='word_1_211' title='bbox 192 1172 290 1198; x_wconf 86' lang='lat' dir='ltr'>Romae</span> <span class='ocrx_word' id='word_1_212' title='bbox 301 1171 422 1198; x_wconf 88' lang='lat' dir='ltr'>dedicata</span> <span class='ocrx_word' id='word_1_213' title='bbox 436 1171 544 1206; x_wconf 88' lang='lat' dir='ltr'>publice</span> <span class='ocrx_word' id='word_1_214' title='bbox 555 1171 653 1206; x_wconf 86' lang='lat' dir='ltr'>templa</span> <span class='ocrx_word' id='word_1_215' title='bbox 665 1175 742 1202; x_wconf 88' lang='lat' dir='ltr'>sunt,</span> <span class='ocrx_word' id='word_1_216' title='bbox 757 1175 798 1202; x_wconf 89' lang='lat' dir='ltr'>ut,</span> <span class='ocrx_word' id='word_1_217' title='bbox 812 1171 858 1197; x_wconf 84' lang='lat' dir='ltr'>illa</span> 
     </span>
     <span class='ocr_line' id='line_1_29' title="bbox 57 1209 858 1244; baseline -0.001 -9"><span class='ocrx_word' id='word_1_218' title='bbox 57 1210 105 1244; x_wconf 89' lang='lat' dir='ltr'>qui</span> <span class='ocrx_word' id='word_1_219' title='bbox 117 1209 242 1240; x_wconf 82' lang='lat' dir='ltr'>habeant,</span> <span class='ocrx_word' id='word_1_220' title='bbox 256 1209 365 1244; x_wconf 89' lang='lat' dir='ltr'>(habent</span> <span class='ocrx_word' id='word_1_221' title='bbox 377 1216 465 1235; x_wconf 90' lang='lat' dir='ltr'>autem</span> <span class='ocrx_word' id='word_1_222' title='bbox 477 1217 571 1235; x_wconf 87' lang='lat' dir='ltr'>omnes</span> <span class='ocrx_word' id='word_1_223' title='bbox 583 1209 657 1243; x_wconf 80' lang='lat' dir='ltr'>boni)</span> <span class='ocrx_word' id='word_1_224' title='bbox 669 1209 733 1235; x_wconf 90' lang='lat' dir='ltr'>deos</span> <span class='ocrx_word' id='word_1_225' title='bbox 745 1209 819 1243; x_wconf 86' lang='lat' dir='ltr'>ipsos</span> <span class='ocrx_word' id='word_1_226' title='bbox 830 1209 858 1234; x_wconf 92' lang='lat' dir='ltr'>in</span> 
     </span>
     <span class='ocr_line' id='line_1_30' title="bbox 57 1246 856 1281; baseline -0.003 -7"><span class='ocrx_word' id='word_1_227' title='bbox 57 1247 157 1274; x_wconf 83' lang='lat' dir='ltr'>animis</span> <span class='ocrx_word' id='word_1_228' title='bbox 172 1247 230 1273; x_wconf 88' lang='lat' dir='ltr'>suis</span> <span class='ocrx_word' id='word_1_229' title='bbox 246 1246 388 1273; x_wconf 90' lang='lat' dir='ltr'>collocatos</span> <span class='ocrx_word' id='word_1_230' title='bbox 404 1250 507 1281; x_wconf 86' lang='lat' dir='ltr'>putent.</span> <span class='ocrx_word' id='word_1_231' title='bbox 548 1247 615 1273; x_wconf 88' lang='lat' dir='ltr'>Nam</span> <span class='ocrx_word' id='word_1_232' title='bbox 632 1246 701 1272; x_wconf 90' lang='lat' dir='ltr'>illud</span> <span class='ocrx_word' id='word_1_233' title='bbox 717 1247 856 1277; x_wconf 83' lang='lat' dir='ltr'>vitiosum,</span> 
     </span>
     <span class='ocr_line' id='line_1_31' title="bbox 57 1283 858 1319; baseline -0.001 -9"><span class='ocrx_word' id='word_1_234' title='bbox 57 1284 170 1311; x_wconf 82' lang='lat' dir='ltr'>Athenis</span> <span class='ocrx_word' id='word_1_235' title='bbox 191 1283 278 1319; x_wconf 91' lang='lat' dir='ltr'>quod,</span> <span class='ocrx_word' id='word_1_236' title='bbox 300 1284 412 1319; x_wconf 74' lang='lat' dir='ltr'>Cylonio</span> <span class='ocrx_word' id='word_1_237' title='bbox 432 1283 533 1310; x_wconf 89' lang='lat' dir='ltr'>scelere</span> <span class='ocrx_word' id='word_1_238' title='bbox 553 1284 674 1318; x_wconf 86' lang='lat' dir='ltr'>expiato,</span> <span class='ocrx_word' id='word_1_239' title='bbox 696 1283 858 1318; x_wconf 89' lang='lat' dir='ltr'>Epimenide</span> 
     </span>
     <span class='ocr_line' id='line_1_32' title="bbox 57 1321 859 1353; baseline -0.001 -5"><span class='ocrx_word' id='word_1_240' title='bbox 57 1322 134 1349; x_wconf 86' lang='lat' dir='ltr'>Crete</span> <span class='ocrx_word' id='word_1_241' title='bbox 149 1321 293 1353; x_wconf 83' lang='lat' dir='ltr'>suadente,</span> <span class='ocrx_word' id='word_1_242' title='bbox 319 1322 440 1348; x_wconf 80' lang='lat' dir='ltr'>fecerunt</span> <span class='ocrx_word' id='word_1_243' title='bbox 453 1321 637 1348; x_wconf 86' lang='lat' dir='ltr'>Contumeliae</span> <span class='ocrx_word' id='word_1_244' title='bbox 653 1321 745 1347; x_wconf 85' lang='lat' dir='ltr'>sanum</span> <span class='ocrx_word' id='word_1_245' title='bbox 764 1326 790 1347; x_wconf 89' lang='lat' dir='ltr'>et</span> <span class='ocrx_word' id='word_1_246' title='bbox 806 1322 859 1347; x_wconf 88' lang='lat' dir='ltr'>lm-</span> 
     </span>
     <span class='ocr_line' id='line_1_33' title="bbox 57 1358 859 1394; baseline -0.001 -9"><span class='ocrx_word' id='word_1_247' title='bbox 57 1358 212 1394; x_wconf 87' lang='lat' dir='ltr'>pudentiae.</span> <span class='ocrx_word' id='word_1_248' title='bbox 253 1359 372 1386; x_wconf 83' lang='lat' dir='ltr'>Virtutes</span> <span class='ocrx_word' id='word_1_249' title='bbox 387 1360 474 1390; x_wconf 87' lang='lat' dir='ltr'>enim,</span> <span class='ocrx_word' id='word_1_250' title='bbox 497 1367 549 1386; x_wconf 91' lang='lat' dir='ltr'>non</span> <span class='ocrx_word' id='word_1_251' title='bbox 566 1359 631 1385; x_wconf 88' lang='lat' dir='ltr'>vitia</span> <span class='ocrx_word' id='word_1_252' title='bbox 644 1367 800 1385; x_wconf 88' lang='lat' dir='ltr'>consecrare</span> <span class='ocrx_word' id='word_1_253' title='bbox 811 1358 859 1384; x_wconf 88' lang='lat' dir='ltr'>de-</span> 
     </span>
     <span class='ocr_line' id='line_1_34' title="bbox 57 1396 856 1431; baseline -0.003 -7"><span class='ocrx_word' id='word_1_254' title='bbox 57 1402 107 1424; x_wconf 87' lang='lat' dir='ltr'>cet.</span> <span class='ocrx_word' id='word_1_255' title='bbox 128 1397 243 1431; x_wconf 82' lang='lat' dir='ltr'>Araque,</span> <span class='ocrx_word' id='word_1_256' title='bbox 257 1405 326 1431; x_wconf 87' lang='lat' dir='ltr'>quae</span> <span class='ocrx_word' id='word_1_257' title='bbox 338 1397 523 1423; x_wconf 80' lang='lat' dir='ltr'>vetustissima</span> <span class='ocrx_word' id='word_1_258' title='bbox 535 1401 575 1423; x_wconf 91' lang='lat' dir='ltr'>est</span> <span class='ocrx_word' id='word_1_259' title='bbox 586 1397 613 1422; x_wconf 93' lang='lat' dir='ltr'>in</span> <span class='ocrx_word' id='word_1_260' title='bbox 626 1396 733 1427; x_wconf 88' lang='lat' dir='ltr'>Palatio,</span> <span class='ocrx_word' id='word_1_261' title='bbox 748 1396 856 1422; x_wconf 88' lang='lat' dir='ltr'>Febris:</span> 
     </span>
     <span class='ocr_line' id='line_1_35' title="bbox 57 1434 857 1469; baseline 0 -9"><span class='ocrx_word' id='word_1_262' title='bbox 57 1439 83 1461; x_wconf 87' lang='lat' dir='ltr'>et</span> <span class='ocrx_word' id='word_1_263' title='bbox 94 1434 174 1461; x_wconf 88' lang='lat' dir='ltr'>altera</span> <span class='ocrx_word' id='word_1_264' title='bbox 181 1434 323 1469; x_wconf 88' lang='lat' dir='ltr'>Esquiliis,</span> <span class='ocrx_word' id='word_1_265' title='bbox 331 1434 414 1460; x_wconf 87' lang='lat' dir='ltr'>Malae</span> <span class='ocrx_word' id='word_1_266' title='bbox 422 1435 563 1465; x_wconf 88' lang='lat' dir='ltr'>Fortunae,</span> <span class='ocrx_word' id='word_1_267' title='bbox 572 1434 755 1469; x_wconf 88' lang='lat' dir='ltr'>detestataque</span> <span class='ocrx_word' id='word_1_268' title='bbox 766 1434 857 1460; x_wconf 85' lang='lat' dir='ltr'>omnia</span> 
     </span>
     <span class='ocr_line' id='line_1_36' title="bbox 57 1471 860 1507; baseline -0.001 -9"><span class='ocrx_word' id='word_1_269' title='bbox 57 1472 191 1498; x_wconf 87' lang='lat' dir='ltr'>eiusmodi</span> <span class='ocrx_word' id='word_1_270' title='bbox 203 1472 370 1506; x_wconf 85' lang='lat' dir='ltr'>repudianda</span> <span class='ocrx_word' id='word_1_271' title='bbox 384 1477 457 1498; x_wconf 86' lang='lat' dir='ltr'>sunt.</span> <span class='ocrx_word' id='word_1_272' title='bbox 498 1471 575 1504; x_wconf 87' lang='lat' dir='ltr'>Quod</span> <span class='ocrx_word' id='word_1_273' title='bbox 591 1473 615 1498; x_wconf 83' lang='lat' dir='ltr'>si</span> <span class='ocrx_word' id='word_1_274' title='bbox 631 1471 755 1507; x_wconf 75' lang='lat' dir='ltr'>fingenda</span> <span class='ocrx_word' id='word_1_275' title='bbox 772 1472 860 1498; x_wconf 91' lang='lat' dir='ltr'>nomi-</span> 
     </span>
     <span class='ocr_line' id='line_1_37' title="bbox 58 1508 860 1546; baseline -0.001 -10"><span class='ocrx_word' id='word_1_276' title='bbox 58 1518 100 1540; x_wconf 87' lang='lat' dir='ltr'>na,</span> <span class='ocrx_word' id='word_1_277' title='bbox 114 1510 271 1544; x_wconf 85' lang='lat' dir='ltr'>Vicaepotae</span> <span class='ocrx_word' id='word_1_278' title='bbox 283 1510 372 1544; x_wconf 89' lang='lat' dir='ltr'>potius</span> <span class='ocrx_word' id='word_1_279' title='bbox 386 1508 534 1546; x_wconf 85' lang='lat' dir='ltr'>[vincendi]</span> <span class='ocrx_word' id='word_1_280' title='bbox 548 1514 627 1544; x_wconf 88' lang='lat' dir='ltr'>atque</span> <span class='ocrx_word' id='word_1_281' title='bbox 640 1508 784 1545; x_wconf 82' lang='lat' dir='ltr'>[potiundi]</span> <span class='ocrx_word' id='word_1_282' title='bbox 801 1509 860 1535; x_wconf 89' lang='lat' dir='ltr'>Sta-</span> 
     </span>
     <span class='ocr_line' id='line_1_38' title="bbox 58 1545 857 1583; baseline -0.001 -10"><span class='ocrx_word' id='word_1_283' title='bbox 58 1547 117 1574; x_wconf 77' lang='lat' dir='ltr'>tae*</span> <span class='ocrx_word' id='word_1_284' title='bbox 135 1545 243 1583; x_wconf 86' lang='lat' dir='ltr'>[standi]</span> <span class='ocrx_word' id='word_1_285' title='bbox 263 1548 479 1582; x_wconf 85' lang='lat' dir='ltr'>cognominaque</span> <span class='ocrx_word' id='word_1_286' title='bbox 495 1547 607 1573; x_wconf 86' lang='lat' dir='ltr'>Statoris</span> <span class='ocrx_word' id='word_1_287' title='bbox 622 1552 647 1573; x_wconf 89' lang='lat' dir='ltr'>et</span> <span class='ocrx_word' id='word_1_288' title='bbox 664 1547 760 1573; x_wconf 87' lang='lat' dir='ltr'>Invicti</span> <span class='ocrx_word' id='word_1_289' title='bbox 772 1547 857 1573; x_wconf 86' lang='lat' dir='ltr'>lovis:</span> 
     </span>
     <span class='ocr_line' id='line_1_39' title="bbox 58 1584 857 1619; baseline -0.001 -8"><span class='ocrx_word' id='word_1_290' title='bbox 58 1593 203 1619; x_wconf 87' lang='lat' dir='ltr'>rerumque</span> <span class='ocrx_word' id='word_1_291' title='bbox 219 1585 430 1619; x_wconf 85' lang='lat' dir='ltr'>expetendarum</span> <span class='ocrx_word' id='word_1_292' title='bbox 450 1585 572 1615; x_wconf 91' lang='lat' dir='ltr'>nomina,</span> <span class='ocrx_word' id='word_1_293' title='bbox 598 1584 711 1615; x_wconf 88' lang='lat' dir='ltr'>Salutis,</span> <span class='ocrx_word' id='word_1_294' title='bbox 735 1585 857 1615; x_wconf 81' lang='lat' dir='ltr'>Honoris,</span> 
     </span>
     <span class='ocr_line' id='line_1_40' title="bbox 57 1621 860 1657; baseline 0 -9"><span class='ocrx_word' id='word_1_295' title='bbox 57 1621 133 1657; x_wconf 88' lang='lat' dir='ltr'>Opis,</span> <span class='ocrx_word' id='word_1_296' title='bbox 142 1623 287 1648; x_wconf 87' lang='lat' dir='ltr'>Victoriae:</span> <span class='ocrx_word' id='word_1_297' title='bbox 303 1623 487 1657; x_wconf 82' lang='lat' dir='ltr'>quoniamque</span> <span class='ocrx_word' id='word_1_298' title='bbox 498 1623 697 1656; x_wconf 84' lang='lat' dir='ltr'>exspectatione</span> <span class='ocrx_word' id='word_1_299' title='bbox 710 1630 799 1648; x_wconf 86' lang='lat' dir='ltr'>rerum</span> <span class='ocrx_word' id='word_1_300' title='bbox 811 1621 860 1648; x_wconf 89' lang='lat' dir='ltr'>bo-</span> 
     </span>
     <span class='ocr_line' id='line_1_41' title="bbox 58 1658 859 1695; baseline -0.001 -9"><span class='ocrx_word' id='word_1_301' title='bbox 58 1668 154 1686; x_wconf 89' lang='lat' dir='ltr'>narum</span> <span class='ocrx_word' id='word_1_302' title='bbox 168 1660 281 1695; x_wconf 81' lang='lat' dir='ltr'>erigitur</span> <span class='ocrx_word' id='word_1_303' title='bbox 296 1660 418 1691; x_wconf 88' lang='lat' dir='ltr'>animus,</span> <span class='ocrx_word' id='word_1_304' title='bbox 441 1664 511 1686; x_wconf 90' lang='lat' dir='ltr'>recte</span> <span class='ocrx_word' id='word_1_305' title='bbox 527 1660 607 1686; x_wconf 88' lang='lat' dir='ltr'>etiam</span> <span class='ocrx_word' id='word_1_306' title='bbox 625 1659 693 1694; x_wconf 88' lang='lat' dir='ltr'>Spes</span> <span class='ocrx_word' id='word_1_307' title='bbox 709 1668 722 1685; x_wconf 90' lang='lat' dir='ltr'>a</span> <span class='ocrx_word' id='word_1_308' title='bbox 739 1658 859 1686; x_wconf 85' lang='lat' dir='ltr'>Calatino</span> 
     </span>
     <span class='ocr_line' id='line_1_42' title="bbox 58 1696 859 1732; baseline -0.001 -8"><span class='ocrx_word' id='word_1_309' title='bbox 58 1701 211 1724; x_wconf 84' lang='lat' dir='ltr'>consecrata</span> <span class='ocrx_word' id='word_1_310' title='bbox 221 1702 275 1723; x_wconf 85' lang='lat' dir='ltr'>est:</span> <span class='ocrx_word' id='word_1_311' title='bbox 298 1698 469 1732; x_wconf 85' lang='lat' dir='ltr'>Fortunaque</span> <span class='ocrx_word' id='word_1_312' title='bbox 481 1698 516 1724; x_wconf 85' lang='lat' dir='ltr'>sit</span> <span class='ocrx_word' id='word_1_313' title='bbox 528 1697 569 1723; x_wconf 91' lang='lat' dir='ltr'>vel</span> <span class='ocrx_word' id='word_1_314' title='bbox 582 1697 699 1723; x_wconf 83' lang='lat' dir='ltr'>Huiusce</span> <span class='ocrx_word' id='word_1_315' title='bbox 710 1696 779 1728; x_wconf 88' lang='lat' dir='ltr'>diei,</span> <span class='ocrx_word' id='word_1_316' title='bbox 797 1705 859 1723; x_wconf 89' lang='lat' dir='ltr'>nam</span> 
     </span>
     <span class='ocr_line' id='line_1_43' title="bbox 59 1734 860 1769; baseline -0.001 -8"><span class='ocrx_word' id='word_1_317' title='bbox 59 1734 130 1762; x_wconf 88' lang='lat' dir='ltr'>valet</span> <span class='ocrx_word' id='word_1_318' title='bbox 140 1735 168 1761; x_wconf 88' lang='lat' dir='ltr'>in</span> <span class='ocrx_word' id='word_1_319' title='bbox 182 1743 276 1761; x_wconf 89' lang='lat' dir='ltr'>omnes</span> <span class='ocrx_word' id='word_1_320' title='bbox 291 1734 363 1765; x_wconf 89' lang='lat' dir='ltr'>dies,</span> <span class='ocrx_word' id='word_1_321' title='bbox 382 1735 424 1761; x_wconf 89' lang='lat' dir='ltr'>vel</span> <span class='ocrx_word' id='word_1_322' title='bbox 438 1735 609 1769; x_wconf 81' lang='lat' dir='ltr'>Respiciens,</span> <span class='ocrx_word' id='word_1_323' title='bbox 628 1734 661 1760; x_wconf 91' lang='lat' dir='ltr'>ad</span> <span class='ocrx_word' id='word_1_324' title='bbox 676 1742 754 1769; x_wconf 93' lang='lat' dir='ltr'>opem</span> <span class='ocrx_word' id='word_1_325' title='bbox 771 1734 860 1760; x_wconf 76' lang='lat' dir='ltr'>seren-</span> 
     </span>
    </p>
   </div>
   <div class='ocr_carea' id='block_1_5' title="bbox 58 1771 889 1807">
    <p class='ocr_par' dir='ltr' id='par_1_5' title="bbox 58 1771 889 1807">
     <span class='ocr_line' id='line_1_44' title="bbox 58 1771 889 1807; baseline 0.001 -9"><span class='ocrx_word' id='word_1_326' title='bbox 58 1772 134 1804; x_wconf 75' lang='lat' dir='ltr'>dam:</span> <span class='ocrx_word' id='word_1_327' title='bbox 152 1771 194 1799; x_wconf 88' lang='lat' dir='ltr'>vel</span> <span class='ocrx_word' id='word_1_328' title='bbox 208 1773 286 1803; x_wconf 87' lang='lat' dir='ltr'>Fors,</span> <span class='ocrx_word' id='word_1_329' title='bbox 300 1773 327 1799; x_wconf 89' lang='lat' dir='ltr'>in</span> <span class='ocrx_word' id='word_1_330' title='bbox 339 1781 393 1807; x_wconf 92' lang='lat' dir='ltr'>quo</span> <span class='ocrx_word' id='word_1_331' title='bbox 406 1773 500 1799; x_wconf 87' lang='lat' dir='ltr'>incerti</span> <span class='ocrx_word' id='word_1_332' title='bbox 512 1780 591 1798; x_wconf 89' lang='lat' dir='ltr'>casus</span> <span class='ocrx_word' id='word_1_333' title='bbox 603 1772 791 1807; x_wconf 75' lang='lat' dir='ltr'>significantur</span> <span class='ocrx_word' id='word_1_334' title='bbox 803 1780 860 1798; x_wconf 87' lang='lat' dir='ltr'>ma·</span> <span class='ocrx_word' id='word_1_335' title='bbox 881 1771 889 1800; x_wconf 71' lang='grc' dir='ltr'>ζ’</span> 
     </span>
    </p>
   </div>
   <div class='ocr_carea' id='block_1_6' title="bbox 682 1809 821 1836">
    <p class='ocr_par' dir='ltr' id='par_1_6' title="bbox 682 1809 821 1836">
     <span class='ocr_line' id='line_1_45' title="bbox 682 1809 821 1836; baseline -0.007 0"><span class='ocrx_word' id='word_1_336' title='bbox 682 1809 821 1836; x_wconf 72' lang='lat' dir='ltr'>Tuni“**</span> 
     </span>
    </p>
   </div>
   <div class='ocr_carea' id='block_1_7' title="bbox 57 1809 862 2327">
    <p class='ocr_par' dir='ltr' id='par_1_7' title="bbox 57 1809 642 1882">
     <span class='ocr_line' id='line_1_46' title="bbox 57 1809 642 1846; baseline 0 -10"><span class='ocrx_word' id='word_1_337' title='bbox 57 1810 109 1846; x_wconf 84' lang='lat' dir='ltr'>gis,</span> <span class='ocrx_word' id='word_1_338' title='bbox 123 1809 166 1837; x_wconf 85' lang='lat' dir='ltr'>vel</span> <span class='ocrx_word' id='word_1_339' title='bbox 176 1810 339 1846; x_wconf 83' lang='lat' dir='ltr'>Primigenia</span> <span class='ocrx_word' id='word_1_340' title='bbox 350 1819 363 1836; x_wconf 91' lang='lat' dir='ltr'>a</span> <span class='ocrx_word' id='word_1_341' title='bbox 375 1809 522 1846; x_wconf 83' lang='lat' dir='ltr'>gignendo,</span> <span class='ocrx_word' id='word_1_342' title='bbox 536 1809 642 1836; x_wconf 89' lang='lat' dir='ltr'>Comes.</span> 
     </span>
     <span class='ocr_line' id='line_1_47' title="bbox 324 1848 593 1882; baseline 0 -9"><span class='ocrx_word' id='word_1_343' title='bbox 324 1848 432 1881; x_wconf 80' lang='lat' dir='ltr'>(Desunt</span> <span class='ocrx_word' id='word_1_344' title='bbox 446 1848 593 1882; x_wconf 81' lang='lat' dir='ltr'>nonnulla.)</span> 
     </span>
    </p>

    <p class='ocr_par' dir='ltr' id='par_1_8' title="bbox 58 1884 862 2327">
     <span class='ocr_line' id='line_1_48' title="bbox 113 1884 860 1919; baseline -0.001 -8"><span class='ocrx_word' id='word_1_345' title='bbox 113 1884 174 1911; x_wconf 81' lang='lat' dir='ltr'>xit.</span> <span class='ocrx_word' id='word_1_346' title='bbox 195 1885 238 1911; x_wconf 73' lang='lat'>29.</span> <span class='ocrx_word' id='word_1_347' title='bbox 259 1885 398 1911; x_wconf 76' lang='lat' dir='ltr'>Feriarum</span> <span class='ocrx_word' id='word_1_348' title='bbox 415 1884 599 1919; x_wconf 85' lang='lat' dir='ltr'>festorumque</span> <span class='ocrx_word' id='word_1_349' title='bbox 619 1884 725 1911; x_wconf 90' lang='lat' dir='ltr'>dierum</span> <span class='ocrx_word' id='word_1_350' title='bbox 750 1885 817 1911; x_wconf 92' lang='lat' dir='ltr'>ratio</span> <span class='ocrx_word' id='word_1_351' title='bbox 832 1885 860 1910; x_wconf 94' lang='lat' dir='ltr'>in</span> 
     </span>
     <span class='ocr_line' id='line_1_49' title="bbox 60 1921 861 1957; baseline -0.001 -8"><span class='ocrx_word' id='word_1_352' title='bbox 60 1922 154 1949; x_wconf 89' lang='lat' dir='ltr'>liberis</span> <span class='ocrx_word' id='word_1_353' title='bbox 173 1923 322 1956; x_wconf 85' lang='lat' dir='ltr'>requietem</span> <span class='ocrx_word' id='word_1_354' title='bbox 339 1921 418 1948; x_wconf 87' lang='lat' dir='ltr'>habet</span> <span class='ocrx_word' id='word_1_355' title='bbox 434 1921 522 1948; x_wconf 88' lang='lat' dir='ltr'>litium</span> <span class='ocrx_word' id='word_1_356' title='bbox 541 1927 567 1948; x_wconf 88' lang='lat' dir='ltr'>et</span> <span class='ocrx_word' id='word_1_357' title='bbox 578 1923 743 1957; x_wconf 88' lang='lat' dir='ltr'>iurgiorum,</span> <span class='ocrx_word' id='word_1_358' title='bbox 764 1923 792 1948; x_wconf 92' lang='lat' dir='ltr'>in</span> <span class='ocrx_word' id='word_1_359' title='bbox 805 1930 861 1948; x_wconf 91' lang='lat' dir='ltr'>ser-</span> 
     </span>
     <span class='ocr_line' id='line_1_50' title="bbox 59 1959 862 1994; baseline -0.001 -8"><span class='ocrx_word' id='word_1_360' title='bbox 59 1960 101 1986; x_wconf 84' lang='lat' dir='ltr'>vis</span> <span class='ocrx_word' id='word_1_361' title='bbox 115 1967 227 1994; x_wconf 86' lang='lat' dir='ltr'>operum</span> <span class='ocrx_word' id='word_1_362' title='bbox 244 1964 269 1986; x_wconf 88' lang='lat' dir='ltr'>et</span> <span class='ocrx_word' id='word_1_363' title='bbox 281 1959 416 1985; x_wconf 87' lang='lat' dir='ltr'>laborum:</span> <span class='ocrx_word' id='word_1_364' title='bbox 430 1967 498 1994; x_wconf 87' lang='lat' dir='ltr'>quas</span> <span class='ocrx_word' id='word_1_365' title='bbox 510 1960 672 1994; x_wconf 85' lang='lat' dir='ltr'>compositor</span> <span class='ocrx_word' id='word_1_366' title='bbox 683 1961 745 1986; x_wconf 86' lang='lat' dir='ltr'>anni</span> <span class='ocrx_word' id='word_1_367' title='bbox 756 1959 862 1986; x_wconf 84' lang='lat' dir='ltr'>confer-</span> 
     </span>
     <span class='ocr_line' id='line_1_51' title="bbox 59 1996 861 2031; baseline -0.002 -7"><span class='ocrx_word' id='word_1_368' title='bbox 59 2005 88 2024; x_wconf 84' lang='lat' dir='ltr'>re</span> <span class='ocrx_word' id='word_1_369' title='bbox 102 1997 183 2024; x_wconf 91' lang='lat' dir='ltr'>debet</span> <span class='ocrx_word' id='word_1_370' title='bbox 198 1996 231 2023; x_wconf 89' lang='lat' dir='ltr'>ad</span> <span class='ocrx_word' id='word_1_371' title='bbox 243 1996 433 2031; x_wconf 82' lang='lat' dir='ltr'>perlectionem</span> <span class='ocrx_word' id='word_1_372' title='bbox 445 2005 557 2030; x_wconf 89' lang='lat' dir='ltr'>operum</span> <span class='ocrx_word' id='word_1_373' title='bbox 570 1997 743 2023; x_wconf 82' lang='lat' dir='ltr'>rusticorum.</span> <span class='ocrx_word' id='word_1_374' title='bbox 783 1996 861 2028; x_wconf 86' lang='lat' dir='ltr'>Quod</span> 
     </span>
     <span class='ocr_line' id='line_1_52' title="bbox 59 2033 862 2070; baseline -0.002 -9"><span class='ocrx_word' id='word_1_375' title='bbox 59 2040 180 2070; x_wconf 89' lang='lat' dir='ltr'>tempus,</span> <span class='ocrx_word' id='word_1_376' title='bbox 202 2039 230 2061; x_wconf 88' lang='lat' dir='ltr'>ut</span> <span class='ocrx_word' id='word_1_377' title='bbox 246 2034 440 2060; x_wconf 78' lang='lat' dir='ltr'>sacrificiorum</span> <span class='ocrx_word' id='word_1_378' title='bbox 457 2033 601 2060; x_wconf 88' lang='lat' dir='ltr'>libamenta</span> <span class='ocrx_word' id='word_1_379' title='bbox 619 2039 762 2060; x_wconf 86' lang='lat' dir='ltr'>serventur</span> <span class='ocrx_word' id='word_1_380' title='bbox 777 2033 862 2060; x_wconf 84' lang='lat' dir='ltr'>setus-</span> 
     </span>
     <span class='ocr_line' id='line_1_53' title="bbox 58 2070 862 2107; baseline -0.002 -8"><span class='ocrx_word' id='word_1_381' title='bbox 58 2081 112 2107; x_wconf 90' lang='lat' dir='ltr'>que</span> <span class='ocrx_word' id='word_1_382' title='bbox 124 2080 266 2107; x_wconf 87' lang='lat' dir='ltr'>pecorum,</span> <span class='ocrx_word' id='word_1_383' title='bbox 283 2080 353 2106; x_wconf 90' lang='lat' dir='ltr'>quae</span> <span class='ocrx_word' id='word_1_384' title='bbox 369 2071 438 2097; x_wconf 81' lang='lat' dir='ltr'>dicta</span> <span class='ocrx_word' id='word_1_385' title='bbox 454 2072 480 2097; x_wconf 94' lang='lat' dir='ltr'>in</span> <span class='ocrx_word' id='word_1_386' title='bbox 495 2071 552 2106; x_wconf 86' lang='lat' dir='ltr'>lege</span> <span class='ocrx_word' id='word_1_387' title='bbox 563 2076 639 2101; x_wconf 81' lang='lat' dir='ltr'>sunt,</span> <span class='ocrx_word' id='word_1_388' title='bbox 657 2070 802 2106; x_wconf 79' lang='lat' dir='ltr'>diligenter</span> <span class='ocrx_word' id='word_1_389' title='bbox 814 2071 862 2097; x_wconf 88' lang='lat' dir='ltr'>ba-</span> 
     </span>
     <span class='ocr_line' id='line_1_54' title="bbox 59 2109 481 2136; baseline -0.005 0"><span class='ocrx_word' id='word_1_390' title='bbox 59 2109 147 2136; x_wconf 88' lang='lat' dir='ltr'>benda</span> <span class='ocrx_word' id='word_1_391' title='bbox 163 2110 230 2136; x_wconf 88' lang='lat' dir='ltr'>ratio</span> <span class='ocrx_word' id='word_1_392' title='bbox 245 2109 419 2136; x_wconf 83' lang='lat' dir='ltr'>intercalandi</span> <span class='ocrx_word' id='word_1_393' title='bbox 432 2114 481 2135; x_wconf 88' lang='lat' dir='ltr'>est.</span> 
     </span>
     <span class='ocr_line' id='line_1_55' title="bbox 59 2145 862 2182; baseline -0.002 -9"><span class='ocrx_word' id='word_1_394' title='bbox 59 2156 73 2174; x_wconf 91' lang='lat' dir='ltr'>a</span> <span class='ocrx_word' id='word_1_395' title='bbox 88 2148 175 2173; x_wconf 85' lang='lat' dir='ltr'>Numa</span> <span class='ocrx_word' id='word_1_396' title='bbox 191 2147 370 2182; x_wconf 85' lang='lat' dir='ltr'>posteriorum</span> <span class='ocrx_word' id='word_1_397' title='bbox 388 2146 545 2181; x_wconf 79' lang='lat' dir='ltr'>pontificum</span> <span class='ocrx_word' id='word_1_398' title='bbox 561 2145 725 2181; x_wconf 75' lang='lat' dir='ltr'>negligentia</span> <span class='ocrx_word' id='word_1_399' title='bbox 742 2145 862 2172; x_wconf 84' lang='lat' dir='ltr'>dissolu—</span> 
     </span>
     <span class='ocr_line' id='line_1_56' title="bbox 59 2183 861 2218; baseline -0.004 -7"><span class='ocrx_word' id='word_1_400' title='bbox 59 2189 116 2212; x_wconf 87' lang='lat' dir='ltr'>tum</span> <span class='ocrx_word' id='word_1_401' title='bbox 129 2189 178 2211; x_wconf 84' lang='lat' dir='ltr'>est.</span> <span class='ocrx_word' id='word_1_402' title='bbox 220 2185 274 2210; x_wconf 82' lang='lat' dir='ltr'>lam</span> <span class='ocrx_word' id='word_1_403' title='bbox 290 2183 358 2210; x_wconf 93' lang='lat' dir='ltr'>illud</span> <span class='ocrx_word' id='word_1_404' title='bbox 374 2192 408 2210; x_wconf 81' lang='lat' dir='ltr'>ex</span> <span class='ocrx_word' id='word_1_405' title='bbox 424 2184 554 2210; x_wconf 81' lang='lat' dir='ltr'>institutis</span> <span class='ocrx_word' id='word_1_406' title='bbox 570 2184 726 2218; x_wconf 77' lang='lat' dir='ltr'>pontificum</span> <span class='ocrx_word' id='word_1_407' title='bbox 743 2188 768 2209; x_wconf 90' lang='lat' dir='ltr'>et</span> <span class='ocrx_word' id='word_1_408' title='bbox 780 2183 861 2209; x_wconf 89' lang='lat' dir='ltr'>baru-</span> 
     </span>
     <span class='ocr_line' id='line_1_57' title="bbox 58 2220 862 2257; baseline -0.004 -8"><span class='ocrx_word' id='word_1_409' title='bbox 58 2223 167 2257; x_wconf 85' lang='lat' dir='ltr'>spicum</span> <span class='ocrx_word' id='word_1_410' title='bbox 179 2230 231 2248; x_wconf 90' lang='lat' dir='ltr'>non</span> <span class='ocrx_word' id='word_1_411' title='bbox 244 2221 404 2248; x_wconf 87' lang='lat' dir='ltr'>mutandum</span> <span class='ocrx_word' id='word_1_412' title='bbox 416 2226 469 2252; x_wconf 78' lang='lat' dir='ltr'>est,</span> <span class='ocrx_word' id='word_1_413' title='bbox 493 2221 596 2255; x_wconf 88' lang='lat' dir='ltr'>quibus</span> <span class='ocrx_word' id='word_1_414' title='bbox 609 2221 704 2247; x_wconf 85' lang='lat' dir='ltr'>hostiis</span> <span class='ocrx_word' id='word_1_415' title='bbox 717 2220 862 2247; x_wconf 88' lang='lat' dir='ltr'>immolan-</span> 
     </span>
     <span class='ocr_line' id='line_1_58' title="bbox 59 2257 860 2294; baseline -0.002 -8"><span class='ocrx_word' id='word_1_416' title='bbox 59 2260 126 2287; x_wconf 92' lang='lat' dir='ltr'>dum</span> <span class='ocrx_word' id='word_1_417' title='bbox 137 2259 237 2294; x_wconf 90' lang='lat' dir='ltr'>cuique</span> <span class='ocrx_word' id='word_1_418' title='bbox 249 2259 313 2289; x_wconf 87' lang='lat' dir='ltr'>deo,</span> <span class='ocrx_word' id='word_1_419' title='bbox 331 2259 375 2285; x_wconf 87' lang='lat' dir='ltr'>cui</span> <span class='ocrx_word' id='word_1_420' title='bbox 388 2258 550 2289; x_wconf 82' lang='lat' dir='ltr'>maioribus,</span> <span class='ocrx_word' id='word_1_421' title='bbox 567 2258 612 2284; x_wconf 90' lang='lat' dir='ltr'>cui</span> <span class='ocrx_word' id='word_1_422' title='bbox 625 2257 799 2288; x_wconf 86' lang='lat' dir='ltr'>lactentibus,</span> <span class='ocrx_word' id='word_1_423' title='bbox 816 2258 860 2284; x_wconf 85' lang='lat' dir='ltr'>cui</span> 
     </span>
     <span class='ocr_line' id='line_1_59' title="bbox 59 2295 858 2327; baseline -0.004 -3"><span class='ocrx_word' id='word_1_424' title='bbox 59 2297 191 2327; x_wconf 82' lang='lat' dir='ltr'>maribus,</span> <span class='ocrx_word' id='word_1_425' title='bbox 204 2297 248 2323; x_wconf 84' lang='lat' dir='ltr'>cui</span> <span class='ocrx_word' id='word_1_426' title='bbox 261 2296 380 2322; x_wconf 84' lang='lat' dir='ltr'>seminis.</span> <span class='ocrx_word' id='word_1_427' title='bbox 398 2296 490 2322; x_wconf 85' lang='lat' dir='ltr'>Plures</span> <span class='ocrx_word' id='word_1_428' title='bbox 502 2300 591 2322; x_wconf 90' lang='lat' dir='ltr'>autem</span> <span class='ocrx_word' id='word_1_429' title='bbox 603 2295 714 2321; x_wconf 90' lang='lat' dir='ltr'>deorum</span> <span class='ocrx_word' id='word_1_430' title='bbox 725 2296 858 2325; x_wconf 88' lang='lat' dir='ltr'>omnium,</span> 
     </span>
    </p>
   </div>
   <div class='ocr_carea' id='block_1_8' title="bbox 59 2332 883 2371">
    <p class='ocr_par' dir='ltr' id='par_1_9' title="bbox 59 2332 883 2371">
     <span class='ocr_line' id='line_1_60' title="bbox 59 2332 883 2371; baseline -0.005 -9"><span class='ocrx_word' id='word_1_431' title='bbox 59 2334 162 2371; x_wconf 82' lang='lat' dir='ltr'>singuli</span> <span class='ocrx_word' id='word_1_432' title='bbox 174 2333 344 2370; x_wconf 85' lang='lat' dir='ltr'>singulorum</span> <span class='ocrx_word' id='word_1_433' title='bbox 357 2333 508 2360; x_wconf 82' lang='lat' dir='ltr'>sacerdotes</span> <span class='ocrx_word' id='word_1_434' title='bbox 519 2338 545 2359; x_wconf 92' lang='lat' dir='ltr'>et</span> <span class='ocrx_word' id='word_1_435' title='bbox 556 2332 738 2368; x_wconf 89' lang='lat' dir='ltr'>respondendi</span> <span class='ocrx_word' id='word_1_436' title='bbox 754 2333 820 2359; x_wconf 86' lang='lat' dir='ltr'>iuris</span> <span class='ocrx_word' id='word_1_437' title='bbox 835 2337 861 2359; x_wconf 88' lang='lat' dir='ltr'>ct</span> <span class='ocrx_word' id='word_1_438' title='bbox 882 2354 883 2362; x_wconf 75' lang='lat'>,</span> 
     </span>
    </p>
   </div>
   <div class='ocr_carea' id='block_1_9' title="bbox 59 2369 862 2445">
    <p class='ocr_par' dir='ltr' id='par_1_10' title="bbox 59 2369 862 2445">
     <span class='ocr_line' id='line_1_61' title="bbox 59 2369 862 2406; baseline -0.004 -7"><span class='ocrx_word' id='word_1_439' title='bbox 59 2371 271 2399; x_wconf 80' lang='lat' dir='ltr'>confitendarum</span> <span class='ocrx_word' id='word_1_440' title='bbox 284 2370 445 2406; x_wconf 74' lang='lat' dir='ltr'>religionum</span> <span class='ocrx_word' id='word_1_441' title='bbox 460 2369 612 2397; x_wconf 79' lang='lat' dir='ltr'>facultatem</span> <span class='ocrx_word' id='word_1_442' title='bbox 619 2370 741 2397; x_wconf 85' lang='lat' dir='ltr'>ass&#39;erunt.</span> <span class='ocrx_word' id='word_1_443' title='bbox 756 2370 862 2402; x_wconf 80' lang='lat' dir='ltr'>Quum-</span> 
     </span>
     <span class='ocr_line' id='line_1_62' title="bbox 59 2408 861 2445; baseline -0.005 -8"><span class='ocrx_word' id='word_1_444' title='bbox 59 2418 114 2445; x_wconf 89' lang='lat' dir='ltr'>que</span> <span class='ocrx_word' id='word_1_445' title='bbox 124 2410 204 2436; x_wconf 81' lang='lat' dir='ltr'>Vesta</span> <span class='ocrx_word' id='word_1_446' title='bbox 235 2409 314 2444; x_wconf 87' lang='lat' dir='ltr'>quasi</span> <span class='ocrx_word' id='word_1_447' title='bbox 331 2408 418 2435; x_wconf 82' lang='lat' dir='ltr'>focum</span> <span class='ocrx_word' id='word_1_448' title='bbox 432 2408 525 2439; x_wconf 82' lang='lat' dir='ltr'>Urbis,</span> <span class='ocrx_word' id='word_1_449' title='bbox 540 2412 569 2434; x_wconf 90' lang='lat' dir='ltr'>ut</span> <span class='ocrx_word' id='word_1_450' title='bbox 580 2408 682 2434; x_wconf 82' lang='lat' dir='ltr'>Graeco</span> <span class='ocrx_word' id='word_1_451' title='bbox 698 2408 805 2433; x_wconf 90' lang='lat' dir='ltr'>nomine</span> <span class='ocrx_word' id='word_1_452' title='bbox 821 2412 861 2433; x_wconf 79' lang='lat' dir='ltr'>est</span> 
     </span>
    </p>
   </div>
   <div class='ocr_carea' id='block_1_10' title="bbox 59 2482 890 2517">
    <p class='ocr_par' dir='ltr' id='par_1_11' title="bbox 59 2482 890 2517">
     <span class='ocr_line' id='line_1_63' title="bbox 59 2482 890 2517; baseline -0.006 -5"><span class='ocrx_word' id='word_1_453' title='bbox 59 2489 117 2512; x_wconf 86' lang='lat' dir='ltr'>tum</span> <span class='ocrx_word' id='word_1_454' title='bbox 138 2492 235 2511; x_wconf 90' lang='lat' dir='ltr'>nomen</span> <span class='ocrx_word' id='word_1_455' title='bbox 252 2484 385 2517; x_wconf 81' lang='lat' dir='ltr'>tenemus)</span> <span class='ocrx_word' id='word_1_456' title='bbox 399 2482 540 2517; x_wconf 85' lang='lat' dir='ltr'>complexa</span> <span class='ocrx_word' id='word_1_457' title='bbox 555 2483 601 2511; x_wconf 76' lang='lat' dir='ltr'>sit:</span> <span class='ocrx_word' id='word_1_458' title='bbox 619 2482 644 2508; x_wconf 83' lang='lat' dir='ltr'>ei</span> <span class='ocrx_word' id='word_1_459' title='bbox 661 2482 788 2508; x_wconf 81' lang='lat' dir='ltr'>colendae</span> <span class='ocrx_word' id='word_1_460' title='bbox 804 2483 861 2508; x_wconf 88' lang='lat' dir='ltr'>vir·-</span> <span class='ocrx_word' id='word_1_461' title='bbox 889 2483 890 2487; x_wconf 77' lang='grc'>’</span> 
     </span>
    </p>
   </div>
   <div class='ocr_carea' id='block_1_11' title="bbox 59 2519 859 2706">
    <p class='ocr_par' dir='ltr' id='par_1_12' title="bbox 59 2519 859 2631">
     <span class='ocr_line' id='line_1_64' title="bbox 59 2519 859 2558; baseline -0.004 -10"><span class='ocrx_word' id='word_1_462' title='bbox 59 2522 138 2558; x_wconf 85' lang='lat' dir='ltr'>gines</span> <span class='ocrx_word' id='word_1_463' title='bbox 153 2522 286 2556; x_wconf 80' lang='lat' dir='ltr'>praesint,</span> <span class='ocrx_word' id='word_1_464' title='bbox 310 2526 339 2547; x_wconf 89' lang='lat' dir='ltr'>ut</span> <span class='ocrx_word' id='word_1_465' title='bbox 356 2519 521 2555; x_wconf 80' lang='lat' dir='ltr'>advigiletur</span> <span class='ocrx_word' id='word_1_466' title='bbox 537 2519 644 2545; x_wconf 80' lang='lat' dir='ltr'>facilius</span> <span class='ocrx_word' id='word_1_467' title='bbox 659 2519 692 2545; x_wconf 80' lang='lat' dir='ltr'>ad</span> <span class='ocrx_word' id='word_1_468' title='bbox 708 2519 859 2545; x_wconf 75' lang='lat' dir='ltr'>custodiam</span> 
     </span>
     <span class='ocr_line' id='line_1_65' title="bbox 59 2556 859 2595; baseline -0.005 -9"><span class='ocrx_word' id='word_1_469' title='bbox 59 2559 142 2595; x_wconf 87' lang='lat' dir='ltr'>ignis,</span> <span class='ocrx_word' id='word_1_470' title='bbox 154 2558 557 2586; x_wconf 80' lang='lat' dir='ltr'>etsentiantmulieresanatura</span> <span class='ocrx_word' id='word_1_471' title='bbox 570 2556 859 2583; x_wconf 81' lang='lat' dir='ltr'>feminarumomnium</span> 
     </span>
     <span class='ocr_line' id='line_1_66' title="bbox 59 2597 286 2631; baseline -0.004 -8"><span class='ocrx_word' id='word_1_472' title='bbox 59 2597 209 2624; x_wconf 81' lang='lat' dir='ltr'>castitatem</span> <span class='ocrx_word' id='word_1_473' title='bbox 221 2597 286 2631; x_wconf 89' lang='lat' dir='ltr'>peti.</span> 
     </span>
    </p>

    <p class='ocr_par' dir='ltr' id='par_1_13' title="bbox 60 2630 858 2706">
     <span class='ocr_line' id='line_1_67' title="bbox 115 2630 858 2668; baseline -0.005 -8"><span class='ocrx_word' id='word_1_474' title='bbox 115 2635 156 2661; x_wconf 87' lang='lat'>30.</span> <span class='ocrx_word' id='word_1_475' title='bbox 177 2633 254 2666; x_wconf 86' lang='lat' dir='ltr'>Quod</span> <span class='ocrx_word' id='word_1_476' title='bbox 266 2634 390 2668; x_wconf 87' lang='lat' dir='ltr'>sequitur</span> <span class='ocrx_word' id='word_1_477' title='bbox 401 2641 477 2661; x_wconf 87' lang='lat' dir='ltr'>vero,</span> <span class='ocrx_word' id='word_1_478' title='bbox 492 2641 543 2658; x_wconf 92' lang='lat' dir='ltr'>non</span> <span class='ocrx_word' id='word_1_479' title='bbox 555 2631 642 2658; x_wconf 90' lang='lat' dir='ltr'>solum</span> <span class='ocrx_word' id='word_1_480' title='bbox 655 2631 687 2657; x_wconf 83' lang='lat' dir='ltr'>ad</span> <span class='ocrx_word' id='word_1_481' title='bbox 700 2630 858 2665; x_wconf 75' lang='lat' dir='ltr'>religionem</span> 
     </span>
     <span class='ocr_line' id='line_1_68' title="bbox 60 2669 858 2706; baseline -0.005 -8"><span class='ocrx_word' id='word_1_482' title='bbox 60 2671 184 2706; x_wconf 86' lang='lat' dir='ltr'>pertinet,</span> <span class='ocrx_word' id='word_1_483' title='bbox 197 2670 245 2697; x_wconf 88' lang='lat' dir='ltr'>scd</span> <span class='ocrx_word' id='word_1_484' title='bbox 256 2671 337 2697; x_wconf 82' lang='lat' dir='ltr'>etiam</span> <span class='ocrx_word' id='word_1_485' title='bbox 349 2670 383 2697; x_wconf 90' lang='lat' dir='ltr'>ad</span> <span class='ocrx_word' id='word_1_486' title='bbox 393 2670 511 2697; x_wconf 88' lang='lat' dir='ltr'>civitatis</span> <span class='ocrx_word' id='word_1_487' title='bbox 522 2674 631 2700; x_wconf 86' lang='lat' dir='ltr'>statum,</span> <span class='ocrx_word' id='word_1_488' title='bbox 641 2674 670 2696; x_wconf 92' lang='lat' dir='ltr'>ut</span> <span class='ocrx_word' id='word_1_489' title='bbox 679 2669 738 2696; x_wconf 83' lang='lat' dir='ltr'>siue</span> <span class='ocrx_word' id='word_1_490' title='bbox 750 2669 802 2699; x_wconf 84' lang='lat' dir='ltr'>his,</span> <span class='ocrx_word' id='word_1_491' title='bbox 811 2669 858 2704; x_wconf 88' lang='lat' dir='ltr'>qui</span> 
     </span>
    </p>
   </div>
   <div class='ocr_carea' id='block_1_12' title="bbox 882 211 892 1875">
    <p class='ocr_par' dir='ltr' id='par_1_14' title="bbox 882 211 892 1875">
     <span class='ocr_line' id='line_1_69' title="bbox 882 211 892 1875; baseline 0 0"><span class='ocrx_word' id='word_1_492' title='bbox 882 211 892 1875; x_wconf 95' lang='lat' dir='ltr'> </span> 
     </span>
    </p>
   </div>
   <div class='ocr_carea' id='block_1_13' title="bbox 875 212 885 1878">
    <p class='ocr_par' dir='ltr' id='par_1_15' title="bbox 875 212 885 1878">
     <span class='ocr_line' id='line_1_70' title="bbox 875 212 885 1878; baseline 0 0"><span class='ocrx_word' id='word_1_493' title='bbox 875 212 885 1878; x_wconf 95' lang='lat' dir='ltr'> </span> 
     </span>
    </p>
   </div>
   <div class='ocr_carea' id='block_1_14' title="bbox 521 2108 884 2143">
    <p class='ocr_par' dir='ltr' id='par_1_16' title="bbox 521 2108 884 2143">
     <span class='ocr_line' id='line_1_71' title="bbox 521 2108 884 2143; baseline 0.003 -10"><span class='ocrx_word' id='word_1_494' title='bbox 521 2108 598 2140; x_wconf 79' lang='lat' dir='ltr'>Quod</span> <span class='ocrx_word' id='word_1_495' title='bbox 610 2109 763 2134; x_wconf 87' lang='lat' dir='ltr'>institutum</span> <span class='ocrx_word' id='word_1_496' title='bbox 777 2109 861 2143; x_wconf 86' lang='lat' dir='ltr'>perite</span> <span class='ocrx_word' id='word_1_497' title='bbox 882 2116 884 2128; x_wconf 71' lang='lat'><em>³</em></span> 
     </span>
    </p>
   </div>
   <div class='ocr_carea' id='block_1_15' title="bbox 1639 131 1704 156">
    <p class='ocr_par' dir='ltr' id='par_1_17' title="bbox 1639 131 1704 156">
     <span class='ocr_line' id='line_1_72' title="bbox 1639 131 1704 156; baseline 0.015 -1"><span class='ocrx_word' id='word_1_498' title='bbox 1639 131 1704 156; x_wconf 73' lang='lat'>⁴213</span> 
     </span>
    </p>
   </div>
   <div class='ocr_carea' id='block_1_16' title="bbox 906 199 1713 1882">
    <p class='ocr_par' dir='ltr' id='par_1_18' title="bbox 906 199 1713 1882">
     <span class='ocr_line' id='line_1_73' title="bbox 906 199 1705 236; baseline 0.001 -11"><span class='ocrx_word' id='word_1_499' title='bbox 906 199 989 225; x_wconf 89' lang='lat' dir='ltr'>sacris</span> <span class='ocrx_word' id='word_1_500' title='bbox 1001 199 1110 234; x_wconf 89' lang='lat' dir='ltr'>publice</span> <span class='ocrx_word' id='word_1_501' title='bbox 1121 201 1253 234; x_wconf 84' lang='lat' dir='ltr'>praesint,</span> <span class='ocrx_word' id='word_1_502' title='bbox 1277 199 1400 236; x_wconf 88' lang='lat' dir='ltr'>religioni</span> <span class='ocrx_word' id='word_1_503' title='bbox 1416 200 1535 235; x_wconf 76' lang='lat' dir='ltr'>privatae</span> <span class='ocrx_word' id='word_1_504' title='bbox 1551 199 1705 227; x_wconf 77' lang='lat' dir='ltr'>satisfacere</span> 
     </span>
     <span class='ocr_line' id='line_1_74' title="bbox 906 237 1705 272; baseline 0 -9"><span class='ocrx_word' id='word_1_505' title='bbox 906 245 958 263; x_wconf 91' lang='lat' dir='ltr'>non</span> <span class='ocrx_word' id='word_1_506' title='bbox 970 238 1083 271; x_wconf 89' lang='lat' dir='ltr'>possint.</span> <span class='ocrx_word' id='word_1_507' title='bbox 1118 237 1240 263; x_wconf 78' lang='lat' dir='ltr'>Continet</span> <span class='ocrx_word' id='word_1_508' title='bbox 1251 238 1323 263; x_wconf 91' lang='lat' dir='ltr'>enim</span> <span class='ocrx_word' id='word_1_509' title='bbox 1336 237 1542 272; x_wconf 85' lang='lat' dir='ltr'>rempublicam,</span> <span class='ocrx_word' id='word_1_510' title='bbox 1555 238 1669 264; x_wconf 88' lang='lat' dir='ltr'>consilio</span> <span class='ocrx_word' id='word_1_511' title='bbox 1679 242 1705 264; x_wconf 87' lang='lat' dir='ltr'>et</span> 
     </span>
     <span class='ocr_line' id='line_1_75' title="bbox 907 275 1703 311; baseline 0.001 -11"><span class='ocrx_word' id='word_1_512' title='bbox 907 275 1061 300; x_wconf 88' lang='lat' dir='ltr'>auctoritate</span> <span class='ocrx_word' id='word_1_513' title='bbox 1085 275 1255 309; x_wconf 84' lang='lat' dir='ltr'>optimatium</span> <span class='ocrx_word' id='word_1_514' title='bbox 1280 283 1387 309; x_wconf 89' lang='lat' dir='ltr'>semper</span> <span class='ocrx_word' id='word_1_515' title='bbox 1411 275 1542 309; x_wconf 90' lang='lat' dir='ltr'>populum</span> <span class='ocrx_word' id='word_1_516' title='bbox 1571 275 1703 311; x_wconf 82' lang='lat' dir='ltr'>indigere.</span> 
     </span>
     <span class='ocr_line' id='line_1_76' title="bbox 907 312 1706 348; baseline 0.001 -11"><span class='ocrx_word' id='word_1_517' title='bbox 907 312 1109 346; x_wconf 88' lang='lat' dir='ltr'>Descriptioque</span> <span class='ocrx_word' id='word_1_518' title='bbox 1121 312 1289 338; x_wconf 89' lang='lat' dir='ltr'>sacerdotum</span> <span class='ocrx_word' id='word_1_519' title='bbox 1303 312 1408 338; x_wconf 88' lang='lat' dir='ltr'>nullum</span> <span class='ocrx_word' id='word_1_520' title='bbox 1421 313 1506 338; x_wconf 88' lang='lat' dir='ltr'>iustae</span> <span class='ocrx_word' id='word_1_521' title='bbox 1513 312 1706 348; x_wconf 84' lang='lat' dir='ltr'>religionisge-</span> 
     </span>
     <span class='ocr_line' id='line_1_77' title="bbox 908 349 1706 384; baseline 0.003 -10"><span class='ocrx_word' id='word_1_522' title='bbox 908 357 959 374; x_wconf 90' lang='lat' dir='ltr'>nus</span> <span class='ocrx_word' id='word_1_523' title='bbox 970 349 1166 383; x_wconf 85' lang='lat' dir='ltr'>praetermittit.</span> <span class='ocrx_word' id='word_1_524' title='bbox 1207 350 1273 375; x_wconf 74' lang='lat' dir='ltr'>Nam</span> <span class='ocrx_word' id='word_1_525' title='bbox 1290 354 1353 376; x_wconf 87' lang='lat' dir='ltr'>sunt</span> <span class='ocrx_word' id='word_1_526' title='bbox 1368 349 1400 375; x_wconf 88' lang='lat' dir='ltr'>ad</span> <span class='ocrx_word' id='word_1_527' title='bbox 1417 349 1562 384; x_wconf 90' lang='lat' dir='ltr'>placandos</span> <span class='ocrx_word' id='word_1_528' title='bbox 1577 350 1642 376; x_wconf 89' lang='lat' dir='ltr'>deos</span> <span class='ocrx_word' id='word_1_529' title='bbox 1659 350 1706 376; x_wconf 90' lang='lat' dir='ltr'>alii</span> 
     </span>
     <span class='ocr_line' id='line_1_78' title="bbox 907 386 1707 420; baseline 0.003 -9"><span class='ocrx_word' id='word_1_530' title='bbox 907 386 1059 416; x_wconf 84' lang='lat' dir='ltr'>constituti,</span> <span class='ocrx_word' id='word_1_531' title='bbox 1077 387 1125 420; x_wconf 89' lang='lat' dir='ltr'>qui</span> <span class='ocrx_word' id='word_1_532' title='bbox 1140 387 1222 412; x_wconf 84' lang='lat' dir='ltr'>sacris</span> <span class='ocrx_word' id='word_1_533' title='bbox 1235 387 1352 420; x_wconf 87' lang='lat' dir='ltr'>praesint</span> <span class='ocrx_word' id='word_1_534' title='bbox 1363 386 1555 413; x_wconf 83' lang='lat' dir='ltr'>sollemnibus:</span> <span class='ocrx_word' id='word_1_535' title='bbox 1579 387 1611 413; x_wconf 92' lang='lat' dir='ltr'>ad</span> <span class='ocrx_word' id='word_1_536' title='bbox 1623 388 1707 414; x_wconf 89' lang='lat' dir='ltr'>inter-</span> 
     </span>
     <span class='ocr_line' id='line_1_79' title="bbox 908 423 1706 459; baseline 0.004 -11"><span class='ocrx_word' id='word_1_537' title='bbox 908 423 1035 457; x_wconf 85' lang='lat' dir='ltr'>pretanda</span> <span class='ocrx_word' id='word_1_538' title='bbox 1053 423 1098 449; x_wconf 90' lang='lat' dir='ltr'>alii</span> <span class='ocrx_word' id='word_1_539' title='bbox 1115 423 1249 457; x_wconf 83' lang='lat' dir='ltr'>praedicta</span> <span class='ocrx_word' id='word_1_540' title='bbox 1267 429 1371 450; x_wconf 83' lang='lat' dir='ltr'>vatum:</span> <span class='ocrx_word' id='word_1_541' title='bbox 1391 433 1478 459; x_wconf 84' lang='lat' dir='ltr'>neque</span> <span class='ocrx_word' id='word_1_542' title='bbox 1495 424 1654 455; x_wconf 87' lang='lat' dir='ltr'>multorum,</span> <span class='ocrx_word' id='word_1_543' title='bbox 1673 433 1706 451; x_wconf 92' lang='lat' dir='ltr'>ne</span> 
     </span>
     <span class='ocr_line' id='line_1_80' title="bbox 908 460 1707 496; baseline 0.004 -11"><span class='ocrx_word' id='word_1_544' title='bbox 908 465 978 486; x_wconf 84' lang='lat' dir='ltr'>esset</span> <span class='ocrx_word' id='word_1_545' title='bbox 990 460 1139 491; x_wconf 72' lang='lat' dir='ltr'>inlinitum,</span> <span class='ocrx_word' id='word_1_546' title='bbox 1159 470 1245 495; x_wconf 89' lang='lat' dir='ltr'>neque</span> <span class='ocrx_word' id='word_1_547' title='bbox 1259 466 1286 487; x_wconf 88' lang='lat' dir='ltr'>ut</span> <span class='ocrx_word' id='word_1_548' title='bbox 1297 470 1326 487; x_wconf 84' lang='lat' dir='ltr'>ea</span> <span class='ocrx_word' id='word_1_549' title='bbox 1342 462 1411 496; x_wconf 77' lang='lat' dir='ltr'>ipsa,</span> <span class='ocrx_word' id='word_1_550' title='bbox 1431 470 1500 496; x_wconf 86' lang='lat' dir='ltr'>quae</span> <span class='ocrx_word' id='word_1_551' title='bbox 1516 467 1640 496; x_wconf 83' lang='lat' dir='ltr'>suscepta</span> <span class='ocrx_word' id='word_1_552' title='bbox 1655 470 1707 496; x_wconf 92' lang='lat' dir='ltr'>pu-</span> 
     </span>
     <span class='ocr_line' id='line_1_81' title="bbox 908 497 1705 534; baseline 0.003 -11"><span class='ocrx_word' id='word_1_553' title='bbox 908 497 978 523; x_wconf 88' lang='lat' dir='ltr'>blice</span> <span class='ocrx_word' id='word_1_554' title='bbox 994 503 1096 528; x_wconf 86' lang='lat' dir='ltr'>essent,</span> <span class='ocrx_word' id='word_1_555' title='bbox 1116 499 1260 532; x_wconf 85' lang='lat' dir='ltr'>quisquam</span> <span class='ocrx_word' id='word_1_556' title='bbox 1279 503 1352 524; x_wconf 78' lang='lat' dir='ltr'>extra</span> <span class='ocrx_word' id='word_1_557' title='bbox 1364 498 1510 534; x_wconf 81' lang='lat' dir='ltr'>collegium</span> <span class='ocrx_word' id='word_1_558' title='bbox 1524 504 1622 525; x_wconf 86' lang='lat' dir='ltr'>nosset.</span> <span class='ocrx_word' id='word_1_559' title='bbox 1663 501 1705 525; x_wconf 81' lang='grc'>31.</span> 
     </span>
     <span class='ocr_line' id='line_1_82' title="bbox 908 535 1706 570; baseline 0.003 -10"><span class='ocrx_word' id='word_1_560' title='bbox 908 535 1057 561; x_wconf 86' lang='lat' dir='ltr'>Maximum</span> <span class='ocrx_word' id='word_1_561' title='bbox 1065 540 1153 561; x_wconf 90' lang='lat' dir='ltr'>autem</span> <span class='ocrx_word' id='word_1_562' title='bbox 1165 540 1189 562; x_wconf 91' lang='lat' dir='ltr'>et</span> <span class='ocrx_word' id='word_1_563' title='bbox 1200 537 1462 570; x_wconf 77' lang='lat' dir='ltr'>praestantissimum</span> <span class='ocrx_word' id='word_1_564' title='bbox 1475 537 1501 562; x_wconf 89' lang='lat' dir='ltr'>in</span> <span class='ocrx_word' id='word_1_565' title='bbox 1514 536 1651 570; x_wconf 89' lang='lat' dir='ltr'>republica</span> <span class='ocrx_word' id='word_1_566' title='bbox 1665 537 1706 562; x_wconf 90' lang='lat' dir='ltr'>ius</span> 
     </span>
     <span class='ocr_line' id='line_1_83' title="bbox 908 574 1707 608; baseline 0.003 -11"><span class='ocrx_word' id='word_1_567' title='bbox 908 577 947 598; x_wconf 89' lang='lat' dir='ltr'>est</span> <span class='ocrx_word' id='word_1_568' title='bbox 968 580 1102 607; x_wconf 83' lang='lat' dir='ltr'>augurum</span> <span class='ocrx_word' id='word_1_569' title='bbox 1126 581 1187 598; x_wconf 89' lang='lat' dir='ltr'>eum</span> <span class='ocrx_word' id='word_1_570' title='bbox 1211 574 1365 599; x_wconf 86' lang='lat' dir='ltr'>auctoritate</span> <span class='ocrx_word' id='word_1_571' title='bbox 1388 575 1572 600; x_wconf 84' lang='lat' dir='ltr'>coniunctum.</span> <span class='ocrx_word' id='word_1_572' title='bbox 1614 574 1707 608; x_wconf 73' lang='lat' dir='ltr'>Neque</span> 
     </span>
     <span class='ocr_line' id='line_1_84' title="bbox 908 609 1707 646; baseline 0.003 -11"><span class='ocrx_word' id='word_1_573' title='bbox 908 618 971 635; x_wconf 88' lang='lat' dir='ltr'>vero</span> <span class='ocrx_word' id='word_1_574' title='bbox 984 609 1113 644; x_wconf 89' lang='lat' dir='ltr'>hoc,quia</span> <span class='ocrx_word' id='word_1_575' title='bbox 1125 619 1185 636; x_wconf 89' lang='lat' dir='ltr'>sum</span> <span class='ocrx_word' id='word_1_576' title='bbox 1198 611 1255 644; x_wconf 91' lang='lat' dir='ltr'>ipse</span> <span class='ocrx_word' id='word_1_577' title='bbox 1268 619 1362 646; x_wconf 86' lang='lat' dir='ltr'>augur,</span> <span class='ocrx_word' id='word_1_578' title='bbox 1376 611 1411 636; x_wconf 87' lang='lat' dir='ltr'>ita</span> <span class='ocrx_word' id='word_1_579' title='bbox 1422 611 1517 641; x_wconf 85' lang='lat' dir='ltr'>sentio,</span> <span class='ocrx_word' id='word_1_580' title='bbox 1534 611 1580 636; x_wconf 81' lang='lat' dir='ltr'>sed</span> <span class='ocrx_word' id='word_1_581' title='bbox 1592 612 1655 645; x_wconf 86' lang='lat' dir='ltr'>quia</span> <span class='ocrx_word' id='word_1_582' title='bbox 1667 611 1707 637; x_wconf 89' lang='lat' dir='ltr'>sic</span> 
     </span>
     <span class='ocr_line' id='line_1_85' title="bbox 909 647 1706 679; baseline 0.003 -7"><span class='ocrx_word' id='word_1_583' title='bbox 909 647 1063 673; x_wconf 81' lang='lat' dir='ltr'>existimare</span> <span class='ocrx_word' id='word_1_584' title='bbox 1076 656 1123 673; x_wconf 89' lang='lat' dir='ltr'>nos</span> <span class='ocrx_word' id='word_1_585' title='bbox 1134 652 1173 674; x_wconf 90' lang='lat' dir='ltr'>est</span> <span class='ocrx_word' id='word_1_586' title='bbox 1185 656 1304 673; x_wconf 87' lang='lat' dir='ltr'>necesse.</span> <span class='ocrx_word' id='word_1_587' title='bbox 1345 647 1415 679; x_wconf 82' lang='lat' dir='ltr'>Quid</span> <span class='ocrx_word' id='word_1_588' title='bbox 1427 649 1499 674; x_wconf 89' lang='lat' dir='ltr'>enim</span> <span class='ocrx_word' id='word_1_589' title='bbox 1513 649 1599 674; x_wconf 86' lang='lat' dir='ltr'>maius</span> <span class='ocrx_word' id='word_1_590' title='bbox 1611 653 1663 675; x_wconf 87' lang='lat' dir='ltr'>est.</span> <span class='ocrx_word' id='word_1_591' title='bbox 1682 649 1706 674; x_wconf 83' lang='lat' dir='ltr'>si</span> 
     </span>
     <span class='ocr_line' id='line_1_86' title="bbox 908 684 1708 720; baseline 0.001 -10"><span class='ocrx_word' id='word_1_592' title='bbox 908 684 941 710; x_wconf 87' lang='lat' dir='ltr'>de</span> <span class='ocrx_word' id='word_1_593' title='bbox 954 685 1011 710; x_wconf 87' lang='lat' dir='ltr'>iure</span> <span class='ocrx_word' id='word_1_594' title='bbox 1022 685 1188 719; x_wconf 84' lang='lat' dir='ltr'>quaerimus,</span> <span class='ocrx_word' id='word_1_595' title='bbox 1202 694 1283 719; x_wconf 89' lang='lat' dir='ltr'>quam</span> <span class='ocrx_word' id='word_1_596' title='bbox 1296 694 1372 719; x_wconf 88' lang='lat' dir='ltr'>posse</span> <span class='ocrx_word' id='word_1_597' title='bbox 1385 694 1398 710; x_wconf 89' lang='lat' dir='ltr'>a</span> <span class='ocrx_word' id='word_1_598' title='bbox 1412 686 1526 711; x_wconf 85' lang='lat' dir='ltr'>summis</span> <span class='ocrx_word' id='word_1_599' title='bbox 1538 687 1659 720; x_wconf 76' lang='lat' dir='ltr'>imperiis</span> <span class='ocrx_word' id='word_1_600' title='bbox 1682 691 1708 712; x_wconf 87' lang='lat' dir='ltr'>et</span> 
     </span>
     <span class='ocr_line' id='line_1_87' title="bbox 909 722 1708 756; baseline 0.001 -9"><span class='ocrx_word' id='word_1_601' title='bbox 909 722 1024 747; x_wconf 86' lang='lat' dir='ltr'>summis</span> <span class='ocrx_word' id='word_1_602' title='bbox 1036 722 1212 756; x_wconf 83' lang='lat' dir='ltr'>potestatibus</span> <span class='ocrx_word' id='word_1_603' title='bbox 1223 724 1376 748; x_wconf 87' lang='lat' dir='ltr'>comitiatus</span> <span class='ocrx_word' id='word_1_604' title='bbox 1388 727 1412 748; x_wconf 90' lang='lat' dir='ltr'>et</span> <span class='ocrx_word' id='word_1_605' title='bbox 1423 723 1550 753; x_wconf 84' lang='lat' dir='ltr'>concilia,</span> <span class='ocrx_word' id='word_1_606' title='bbox 1571 722 1611 748; x_wconf 77' lang='lat' dir='ltr'>vel</span> <span class='ocrx_word' id='word_1_607' title='bbox 1629 723 1708 749; x_wconf 88' lang='lat' dir='ltr'>insti—</span> 
     </span>
     <span class='ocr_line' id='line_1_88' title="bbox 909 759 1703 795; baseline 0.001 -11"><span class='ocrx_word' id='word_1_608' title='bbox 909 763 965 785; x_wconf 88' lang='lat' dir='ltr'>tuta</span> <span class='ocrx_word' id='word_1_609' title='bbox 978 759 1126 788; x_wconf 85' lang='lat' dir='ltr'>dimittere,</span> <span class='ocrx_word' id='word_1_610' title='bbox 1145 760 1186 785; x_wconf 87' lang='lat' dir='ltr'>vel</span> <span class='ocrx_word' id='word_1_611' title='bbox 1204 760 1294 786; x_wconf 89' lang='lat' dir='ltr'>habita</span> <span class='ocrx_word' id='word_1_612' title='bbox 1311 760 1480 786; x_wconf 65' lang='lat' dir='ltr'>rescindere?</span> <span class='ocrx_word' id='word_1_613' title='bbox 1500 760 1571 791; x_wconf 88' lang='lat' dir='ltr'>Quid</span> <span class='ocrx_word' id='word_1_614' title='bbox 1582 761 1703 795; x_wconf 84' lang='lat' dir='ltr'>gravius,</span> 
     </span>
     <span class='ocr_line' id='line_1_89' title="bbox 909 797 1708 832; baseline 0.001 -10"><span class='ocrx_word' id='word_1_615' title='bbox 909 804 991 830; x_wconf 84' lang='lat' dir='ltr'>quam</span> <span class='ocrx_word' id='word_1_616' title='bbox 1007 805 1062 822; x_wconf 91' lang='lat' dir='ltr'>rem</span> <span class='ocrx_word' id='word_1_617' title='bbox 1079 802 1231 831; x_wconf 84' lang='lat' dir='ltr'>susceptam</span> <span class='ocrx_word' id='word_1_618' title='bbox 1248 797 1353 828; x_wconf 85' lang='lat' dir='ltr'>dirimi,</span> <span class='ocrx_word' id='word_1_619' title='bbox 1376 798 1399 823; x_wconf 90' lang='lat' dir='ltr'>si</span> <span class='ocrx_word' id='word_1_620' title='bbox 1416 806 1486 823; x_wconf 89' lang='lat' dir='ltr'>unus</span> <span class='ocrx_word' id='word_1_621' title='bbox 1501 806 1587 832; x_wconf 79' lang='lat' dir='ltr'>augur</span> <span class='ocrx_word' id='word_1_622' title='bbox 1602 799 1654 823; x_wconf 73' lang='lat' dir='ltr'>(ilio</span> <span class='ocrx_word' id='word_1_623' title='bbox 1667 800 1708 823; x_wconf 75' lang='lat' dir='ltr'>die</span> 
     </span>
     <span class='ocr_line' id='line_1_90' title="bbox 909 833 1705 869; baseline 0.001 -10"><span class='ocrx_word' id='word_1_624' title='bbox 909 833 1026 859; x_wconf 68' lang='lat' dir='ltr'>dixerit?</span> <span class='ocrx_word' id='word_1_625' title='bbox 1046 834 1113 868; x_wconf 93' lang='lat' dir='ltr'>quid</span> <span class='ocrx_word' id='word_1_626' title='bbox 1125 834 1352 869; x_wconf 65' lang='lat' dir='ltr'>magnificentius,</span> <span class='ocrx_word' id='word_1_627' title='bbox 1368 843 1449 868; x_wconf 90' lang='lat' dir='ltr'>quam</span> <span class='ocrx_word' id='word_1_628' title='bbox 1462 843 1540 868; x_wconf 87' lang='lat' dir='ltr'>posse</span> <span class='ocrx_word' id='word_1_629' title='bbox 1552 834 1705 865; x_wconf 86' lang='lat' dir='ltr'>decernere,</span> 
     </span>
     <span class='ocr_line' id='line_1_91' title="bbox 910 871 1706 906; baseline 0.001 -10"><span class='ocrx_word' id='word_1_630' title='bbox 910 875 939 897; x_wconf 85' lang='lat' dir='ltr'>ut</span> <span class='ocrx_word' id='word_1_631' title='bbox 951 872 1108 906; x_wconf 84' lang='lat' dir='ltr'>magistratu</span> <span class='ocrx_word' id='word_1_632' title='bbox 1120 881 1148 897; x_wconf 88' lang='lat' dir='ltr'>se</span> <span class='ocrx_word' id='word_1_633' title='bbox 1160 871 1285 898; x_wconf 83' lang='lat' dir='ltr'>abdicent</span> <span class='ocrx_word' id='word_1_634' title='bbox 1296 871 1438 897; x_wconf 65' lang='lat' dir='ltr'>consules?</span> <span class='ocrx_word' id='word_1_635' title='bbox 1457 871 1524 906; x_wconf 85' lang='lat' dir='ltr'>quid</span> <span class='ocrx_word' id='word_1_636' title='bbox 1542 871 1706 906; x_wconf 82' lang='lat' dir='ltr'>religiosius,</span> 
     </span>
     <span class='ocr_line' id='line_1_92' title="bbox 910 908 1710 943; baseline 0.001 -9"><span class='ocrx_word' id='word_1_637' title='bbox 910 917 991 943; x_wconf 88' lang='lat' dir='ltr'>quam</span> <span class='ocrx_word' id='word_1_638' title='bbox 1003 917 1065 934; x_wconf 90' lang='lat' dir='ltr'>cum</span> <span class='ocrx_word' id='word_1_639' title='bbox 1080 908 1193 943; x_wconf 91' lang='lat' dir='ltr'>populo,</span> <span class='ocrx_word' id='word_1_640' title='bbox 1207 918 1269 935; x_wconf 86' lang='lat' dir='ltr'>cum</span> <span class='ocrx_word' id='word_1_641' title='bbox 1282 909 1360 943; x_wconf 90' lang='lat' dir='ltr'>plebe</span> <span class='ocrx_word' id='word_1_642' title='bbox 1371 909 1468 943; x_wconf 85' lang='lat' dir='ltr'>agendi</span> <span class='ocrx_word' id='word_1_643' title='bbox 1480 910 1522 934; x_wconf 91' lang='lat' dir='ltr'>ius</span> <span class='ocrx_word' id='word_1_644' title='bbox 1534 914 1578 935; x_wconf 86' lang='lat' dir='ltr'>aut</span> <span class='ocrx_word' id='word_1_645' title='bbox 1589 909 1652 935; x_wconf 87' lang='lat' dir='ltr'>dare</span> <span class='ocrx_word' id='word_1_646' title='bbox 1663 914 1710 936; x_wconf 83' lang='lat' dir='ltr'>aut</span> 
     </span>
     <span class='ocr_line' id='line_1_93' title="bbox 911 945 1710 981; baseline 0.001 -10"><span class='ocrx_word' id='word_1_647' title='bbox 911 954 962 972; x_wconf 88' lang='lat' dir='ltr'>non</span> <span class='ocrx_word' id='word_1_648' title='bbox 974 945 1056 972; x_wconf 71' lang='lat' dir='ltr'>dare‘?</span> <span class='ocrx_word' id='word_1_649' title='bbox 1066 945 1151 980; x_wconf 79' lang='lat' dir='ltr'>quid‘?</span> <span class='ocrx_word' id='word_1_650' title='bbox 1163 946 1258 981; x_wconf 83' lang='lat' dir='ltr'>legem,</span> <span class='ocrx_word' id='word_1_651' title='bbox 1268 947 1291 972; x_wconf 87' lang='lat' dir='ltr'>si</span> <span class='ocrx_word' id='word_1_652' title='bbox 1304 955 1355 972; x_wconf 88' lang='lat' dir='ltr'>non</span> <span class='ocrx_word' id='word_1_653' title='bbox 1369 947 1426 972; x_wconf 87' lang='lat' dir='ltr'>iure</span> <span class='ocrx_word' id='word_1_654' title='bbox 1438 951 1526 981; x_wconf 85' lang='lat' dir='ltr'>rogata</span> <span class='ocrx_word' id='word_1_655' title='bbox 1539 951 1586 976; x_wconf 85' lang='lat' dir='ltr'>est,</span> <span class='ocrx_word' id='word_1_656' title='bbox 1601 946 1710 973; x_wconf 70' lang='lat' dir='ltr'>tollere?</span> 
     </span>
     <span class='ocr_line' id='line_1_94' title="bbox 910 983 1710 1018; baseline 0 -9"><span class='ocrx_word' id='word_1_657' title='bbox 910 988 939 1009; x_wconf 93' lang='lat' dir='ltr'>ut</span> <span class='ocrx_word' id='word_1_658' title='bbox 951 983 1047 1009; x_wconf 87' lang='lat' dir='ltr'>Titiam</span> <span class='ocrx_word' id='word_1_659' title='bbox 1060 983 1165 1009; x_wconf 85' lang='lat' dir='ltr'>decreto</span> <span class='ocrx_word' id='word_1_660' title='bbox 1179 984 1300 1018; x_wconf 79' lang='lat' dir='ltr'>collegii:</span> <span class='ocrx_word' id='word_1_661' title='bbox 1319 989 1347 1009; x_wconf 90' lang='lat' dir='ltr'>ut</span> <span class='ocrx_word' id='word_1_662' title='bbox 1360 984 1463 1013; x_wconf 79' lang='lat' dir='ltr'>Livias,</span> <span class='ocrx_word' id='word_1_663' title='bbox 1481 984 1593 1010; x_wconf 87' lang='lat' dir='ltr'>consilio</span> <span class='ocrx_word' id='word_1_664' title='bbox 1605 983 1710 1018; x_wconf 86' lang='lat' dir='ltr'>Philip-</span> 
     </span>
     <span class='ocr_line' id='line_1_95' title="bbox 910 1020 1710 1056; baseline 0 -10"><span class='ocrx_word' id='word_1_665' title='bbox 910 1021 947 1055; x_wconf 86' lang='lat' dir='ltr'>pi,</span> <span class='ocrx_word' id='word_1_666' title='bbox 961 1020 1081 1047; x_wconf 85' lang='lat' dir='ltr'>consulis</span> <span class='ocrx_word' id='word_1_667' title='bbox 1092 1026 1117 1047; x_wconf 89' lang='lat' dir='ltr'>et</span> <span class='ocrx_word' id='word_1_668' title='bbox 1128 1022 1252 1056; x_wconf 87' lang='lat' dir='ltr'>auguris:</span> <span class='ocrx_word' id='word_1_669' title='bbox 1270 1020 1338 1047; x_wconf 87' lang='lat' dir='ltr'>nibil</span> <span class='ocrx_word' id='word_1_670' title='bbox 1350 1021 1432 1051; x_wconf 86' lang='lat' dir='ltr'>domi,</span> <span class='ocrx_word' id='word_1_671' title='bbox 1447 1021 1515 1047; x_wconf 81' lang='lat' dir='ltr'>niliil</span> <span class='ocrx_word' id='word_1_672' title='bbox 1528 1021 1648 1051; x_wconf 86' lang='lat' dir='ltr'>militiae,</span> <span class='ocrx_word' id='word_1_673' title='bbox 1663 1029 1710 1055; x_wconf 87' lang='lat' dir='ltr'>per</span> 
     </span>
     <span class='ocr_line' id='line_1_96' title="bbox 910 1059 1711 1094; baseline 0 -10"><span class='ocrx_word' id='word_1_674' title='bbox 910 1059 1083 1094; x_wconf 84' lang='lat' dir='ltr'>magistratus</span> <span class='ocrx_word' id='word_1_675' title='bbox 1093 1063 1209 1094; x_wconf 83' lang='lat' dir='ltr'>gestum,</span> <span class='ocrx_word' id='word_1_676' title='bbox 1222 1059 1281 1085; x_wconf 90' lang='lat' dir='ltr'>sine</span> <span class='ocrx_word' id='word_1_677' title='bbox 1293 1067 1384 1085; x_wconf 89' lang='lat' dir='ltr'>corum</span> <span class='ocrx_word' id='word_1_678' title='bbox 1397 1059 1550 1085; x_wconf 87' lang='lat' dir='ltr'>auctoritate</span> <span class='ocrx_word' id='word_1_679' title='bbox 1563 1067 1640 1093; x_wconf 88' lang='lat' dir='ltr'>posse</span> <span class='ocrx_word' id='word_1_680' title='bbox 1651 1059 1711 1084; x_wconf 89' lang='lat' dir='ltr'>cui-</span> 
     </span>
     <span class='ocr_line' id='line_1_97' title="bbox 910 1095 1710 1131; baseline 0 -9"><span class='ocrx_word' id='word_1_681' title='bbox 910 1105 991 1130; x_wconf 88' lang='lat' dir='ltr'>quam</span> <span class='ocrx_word' id='word_1_682' title='bbox 1008 1095 1135 1130; x_wconf 74' lang='lat' dir='ltr'>probari?</span> <span class='ocrx_word' id='word_1_683' title='bbox 1163 1095 1234 1122; x_wconf 84' lang='lat' dir='ltr'>XIlI.</span> <span class='ocrx_word' id='word_1_684' title='bbox 1256 1098 1297 1122; x_wconf 74' lang='lat'>32.</span> <span class='ocrx_word' id='word_1_685' title='bbox 1318 1096 1386 1122; x_wconf 78' lang='grc' dir='ltr'>Αττ.</span> <span class='ocrx_word' id='word_1_686' title='bbox 1410 1097 1479 1131; x_wconf 71' lang='lat' dir='ltr'>Age,</span> <span class='ocrx_word' id='word_1_687' title='bbox 1498 1097 1550 1122; x_wconf 84' lang='lat' dir='ltr'>iam</span> <span class='ocrx_word' id='word_1_688' title='bbox 1567 1097 1616 1122; x_wconf 88' lang='lat' dir='ltr'>ista</span> <span class='ocrx_word' id='word_1_689' title='bbox 1630 1095 1710 1122; x_wconf 71' lang='lat' dir='ltr'>video</span> 
     </span>
     <span class='ocr_line' id='line_1_98' title="bbox 911 1133 1711 1169; baseline 0 -10"><span class='ocrx_word' id='word_1_690' title='bbox 911 1133 1047 1168; x_wconf 81' lang='lat' dir='ltr'>fateorque</span> <span class='ocrx_word' id='word_1_691' title='bbox 1059 1142 1118 1159; x_wconf 87' lang='lat' dir='ltr'>esse</span> <span class='ocrx_word' id='word_1_692' title='bbox 1129 1142 1240 1169; x_wconf 85' lang='lat' dir='ltr'>magna:</span> <span class='ocrx_word' id='word_1_693' title='bbox 1264 1133 1311 1159; x_wconf 86' lang='lat' dir='ltr'>sed</span> <span class='ocrx_word' id='word_1_694' title='bbox 1328 1135 1406 1160; x_wconf 90' lang='lat' dir='ltr'>estin</span> <span class='ocrx_word' id='word_1_695' title='bbox 1418 1133 1532 1169; x_wconf 84' lang='lat' dir='ltr'>collegio</span> <span class='ocrx_word' id='word_1_696' title='bbox 1543 1138 1631 1159; x_wconf 63' lang='lat' dir='ltr'>vestro</span> <span class='ocrx_word' id='word_1_697' title='bbox 1644 1134 1711 1159; x_wconf 88' lang='lat' dir='ltr'>inter</span> 
     </span>
     <span class='ocr_line' id='line_1_99' title="bbox 911 1170 1711 1206; baseline 0 -10"><span class='ocrx_word' id='word_1_698' title='bbox 911 1170 1066 1197; x_wconf 85' lang='lat' dir='ltr'>Marcellum</span> <span class='ocrx_word' id='word_1_699' title='bbox 1079 1175 1104 1197; x_wconf 88' lang='lat' dir='ltr'>et</span> <span class='ocrx_word' id='word_1_700' title='bbox 1114 1171 1233 1205; x_wconf 77' lang='lat' dir='ltr'>Appium</span> <span class='ocrx_word' id='word_1_701' title='bbox 1243 1192 1248 1202; x_wconf 92' lang='lat'>,</span> <span class='ocrx_word' id='word_1_702' title='bbox 1265 1172 1382 1205; x_wconf 84' lang='lat' dir='ltr'>optimos</span> <span class='ocrx_word' id='word_1_703' title='bbox 1397 1180 1526 1206; x_wconf 82' lang='lat' dir='ltr'>augures,</span> <span class='ocrx_word' id='word_1_704' title='bbox 1545 1180 1641 1206; x_wconf 85' lang='lat' dir='ltr'>magna</span> <span class='ocrx_word' id='word_1_705' title='bbox 1653 1170 1711 1196; x_wconf 88' lang='lat' dir='ltr'>dis-</span> 
     </span>
     <span class='ocr_line' id='line_1_100' title="bbox 911 1208 1711 1243; baseline 0 -9"><span class='ocrx_word' id='word_1_706' title='bbox 911 1209 1014 1234; x_wconf 84' lang='lat' dir='ltr'>sensio:</span> <span class='ocrx_word' id='word_1_707' title='bbox 1035 1217 1096 1234; x_wconf 89' lang='lat' dir='ltr'>nam</span> <span class='ocrx_word' id='word_1_708' title='bbox 1113 1217 1204 1234; x_wconf 90' lang='lat' dir='ltr'>eorum</span> <span class='ocrx_word' id='word_1_709' title='bbox 1221 1217 1270 1243; x_wconf 87' lang='lat' dir='ltr'>ego</span> <span class='ocrx_word' id='word_1_710' title='bbox 1282 1209 1308 1234; x_wconf 92' lang='lat' dir='ltr'>in</span> <span class='ocrx_word' id='word_1_711' title='bbox 1322 1208 1404 1234; x_wconf 85' lang='lat' dir='ltr'>libros</span> <span class='ocrx_word' id='word_1_712' title='bbox 1417 1208 1515 1234; x_wconf 90' lang='lat' dir='ltr'>incidi:</span> <span class='ocrx_word' id='word_1_713' title='bbox 1537 1217 1624 1243; x_wconf 89' lang='lat' dir='ltr'>quum</span> <span class='ocrx_word' id='word_1_714' title='bbox 1634 1208 1711 1234; x_wconf 87' lang='lat' dir='ltr'>alteri</span> 
     </span>
     <span class='ocr_line' id='line_1_101' title="bbox 911 1245 1711 1280; baseline 0 -9"><span class='ocrx_word' id='word_1_715' title='bbox 911 1245 1026 1280; x_wconf 89' lang='lat' dir='ltr'>placeat,</span> <span class='ocrx_word' id='word_1_716' title='bbox 1050 1246 1170 1280; x_wconf 81' lang='lat' dir='ltr'>auspicia</span> <span class='ocrx_word' id='word_1_717' title='bbox 1192 1247 1242 1272; x_wconf 89' lang='lat' dir='ltr'>ista</span> <span class='ocrx_word' id='word_1_718' title='bbox 1263 1246 1296 1271; x_wconf 89' lang='lat' dir='ltr'>ad</span> <span class='ocrx_word' id='word_1_719' title='bbox 1311 1245 1453 1272; x_wconf 87' lang='lat' dir='ltr'>utilitatem</span> <span class='ocrx_word' id='word_1_720' title='bbox 1469 1254 1528 1271; x_wconf 82' lang='lat' dir='ltr'>esse</span> <span class='ocrx_word' id='word_1_721' title='bbox 1545 1245 1711 1279; x_wconf 85' lang='lat' dir='ltr'>reipublicae</span> 
     </span>
     <span class='ocr_line' id='line_1_102' title="bbox 910 1283 1712 1318; baseline -0.001 -9"><span class='ocrx_word' id='word_1_722' title='bbox 910 1284 1072 1318; x_wconf 86' lang='lat' dir='ltr'>composita:</span> <span class='ocrx_word' id='word_1_723' title='bbox 1096 1283 1172 1309; x_wconf 86' lang='lat' dir='ltr'>alteri</span> <span class='ocrx_word' id='word_1_724' title='bbox 1188 1283 1333 1317; x_wconf 89' lang='lat' dir='ltr'>disciplina</span> <span class='ocrx_word' id='word_1_725' title='bbox 1346 1288 1432 1309; x_wconf 77' lang='lat' dir='ltr'>vestra</span> <span class='ocrx_word' id='word_1_726' title='bbox 1444 1284 1522 1318; x_wconf 85' lang='lat' dir='ltr'>quasi</span> <span class='ocrx_word' id='word_1_727' title='bbox 1534 1283 1656 1309; x_wconf 84' lang='lat' dir='ltr'>divinare</span> <span class='ocrx_word' id='word_1_728' title='bbox 1669 1283 1712 1309; x_wconf 77' lang='lat' dir='ltr'>vi-</span> 
     </span>
     <span class='ocr_line' id='line_1_103' title="bbox 911 1320 1711 1355; baseline 0 -9"><span class='ocrx_word' id='word_1_729' title='bbox 911 1321 1006 1347; x_wconf 88' lang='lat' dir='ltr'>deatur</span> <span class='ocrx_word' id='word_1_730' title='bbox 1017 1330 1126 1355; x_wconf 85' lang='lat' dir='ltr'>prorsus</span> <span class='ocrx_word' id='word_1_731' title='bbox 1138 1330 1226 1355; x_wconf 86' lang='lat' dir='ltr'>posse.</span> <span class='ocrx_word' id='word_1_732' title='bbox 1250 1321 1302 1346; x_wconf 89' lang='lat' dir='ltr'>llac</span> <span class='ocrx_word' id='word_1_733' title='bbox 1315 1325 1341 1347; x_wconf 94' lang='lat' dir='ltr'>tu</span> <span class='ocrx_word' id='word_1_734' title='bbox 1354 1321 1387 1346; x_wconf 91' lang='lat' dir='ltr'>de</span> <span class='ocrx_word' id='word_1_735' title='bbox 1399 1329 1434 1351; x_wconf 92' lang='lat' dir='ltr'>re,</span> <span class='ocrx_word' id='word_1_736' title='bbox 1449 1329 1556 1355; x_wconf 89' lang='lat' dir='ltr'>quaero,</span> <span class='ocrx_word' id='word_1_737' title='bbox 1570 1320 1637 1354; x_wconf 87' lang='lat' dir='ltr'>quid</span> <span class='ocrx_word' id='word_1_738' title='bbox 1649 1328 1711 1346; x_wconf 85' lang='lat' dir='ltr'>sen-</span> 
     </span>
     <span class='ocr_line' id='line_1_104' title="bbox 911 1357 1712 1393; baseline -0.001 -9"><span class='ocrx_word' id='word_1_739' title='bbox 911 1359 971 1384; x_wconf 85' lang='lat' dir='ltr'>tias.</span> <span class='ocrx_word' id='word_1_740' title='bbox 1013 1359 1046 1384; x_wconf 82' lang='lat' dir='ltr'>M.</span> <span class='ocrx_word' id='word_1_741' title='bbox 1062 1357 1170 1393; x_wconf 82' lang='lat' dir='ltr'>Egone‘?</span> <span class='ocrx_word' id='word_1_742' title='bbox 1188 1359 1398 1386; x_wconf 84' lang='lat' dir='ltr'>Divinationem.</span> <span class='ocrx_word' id='word_1_743' title='bbox 1415 1367 1497 1393; x_wconf 87' lang='lat' dir='ltr'>quam</span> <span class='ocrx_word' id='word_1_744' title='bbox 1514 1358 1609 1383; x_wconf 81' lang='lat' dir='ltr'>Graeci</span> <span class='ocrx_word' id='word_1_745' title='bbox 1620 1368 1712 1391; x_wconf 60' lang='lat' dir='ltr'>imru-</span> 
     </span>
     <span class='ocr_line' id='line_1_105' title="bbox 911 1395 1712 1430; baseline -0.002 -8"><span class='ocrx_word' id='word_1_746' title='bbox 911 1396 956 1429; x_wconf 75' lang='grc' dir='ltr'>κήν</span> <span class='ocrx_word' id='word_1_747' title='bbox 968 1395 1116 1430; x_wconf 86' lang='lat' dir='ltr'>appellant,</span> <span class='ocrx_word' id='word_1_748' title='bbox 1134 1404 1193 1422; x_wconf 90' lang='lat' dir='ltr'>esse</span> <span class='ocrx_word' id='word_1_749' title='bbox 1207 1404 1316 1426; x_wconf 89' lang='lat' dir='ltr'>censeo,</span> <span class='ocrx_word' id='word_1_750' title='bbox 1338 1400 1363 1421; x_wconf 88' lang='lat' dir='ltr'>et</span> <span class='ocrx_word' id='word_1_751' title='bbox 1376 1396 1458 1421; x_wconf 84' lang='lat' dir='ltr'>buius</span> <span class='ocrx_word' id='word_1_752' title='bbox 1471 1395 1538 1421; x_wconf 87' lang='lat' dir='ltr'>lianc</span> <span class='ocrx_word' id='word_1_753' title='bbox 1551 1396 1636 1429; x_wconf 83' lang='lat' dir='ltr'>ipsam</span> <span class='ocrx_word' id='word_1_754' title='bbox 1650 1404 1712 1429; x_wconf 85' lang='lat' dir='ltr'>par-</span> 
     </span>
     <span class='ocr_line' id='line_1_106' title="bbox 912 1432 1710 1468; baseline -0.003 -9"><span class='ocrx_word' id='word_1_755' title='bbox 912 1438 978 1463; x_wconf 93' lang='lat' dir='ltr'>tem,</span> <span class='ocrx_word' id='word_1_756' title='bbox 1002 1442 1071 1468; x_wconf 87' lang='lat' dir='ltr'>quae</span> <span class='ocrx_word' id='word_1_757' title='bbox 1087 1438 1126 1459; x_wconf 86' lang='lat' dir='ltr'>est</span> <span class='ocrx_word' id='word_1_758' title='bbox 1141 1434 1167 1459; x_wconf 88' lang='lat' dir='ltr'>in</span> <span class='ocrx_word' id='word_1_759' title='bbox 1179 1434 1276 1459; x_wconf 78' lang='lat' dir='ltr'>avibus</span> <span class='ocrx_word' id='word_1_760' title='bbox 1288 1434 1438 1467; x_wconf 86' lang='lat' dir='ltr'>ceterisque</span> <span class='ocrx_word' id='word_1_761' title='bbox 1450 1433 1537 1468; x_wconf 82' lang='lat' dir='ltr'>signis</span> <span class='ocrx_word' id='word_1_762' title='bbox 1549 1432 1710 1466; x_wconf 87' lang='lat' dir='ltr'>disciplinae</span> 
     </span>
     <span class='ocr_line' id='line_1_107' title="bbox 912 1470 1709 1506; baseline -0.003 -9"><span class='ocrx_word' id='word_1_763' title='bbox 912 1476 1029 1503; x_wconf 68' lang='lat' dir='ltr'>nostrae:</span> <span class='ocrx_word' id='word_1_764' title='bbox 1043 1470 1130 1506; x_wconf 89' lang='lat' dir='ltr'>quod,</span> <span class='ocrx_word' id='word_1_765' title='bbox 1143 1480 1228 1506; x_wconf 91' lang='lat' dir='ltr'>quum</span> <span class='ocrx_word' id='word_1_766' title='bbox 1240 1479 1362 1497; x_wconf 89' lang='lat' dir='ltr'>summos</span> <span class='ocrx_word' id='word_1_767' title='bbox 1373 1470 1437 1496; x_wconf 89' lang='lat' dir='ltr'>deos</span> <span class='ocrx_word' id='word_1_768' title='bbox 1449 1479 1507 1496; x_wconf 86' lang='lat' dir='ltr'>esse</span> <span class='ocrx_word' id='word_1_769' title='bbox 1519 1470 1709 1499; x_wconf 80' lang='lat' dir='ltr'>concedamus,</span> 
     </span>
     <span class='ocr_line' id='line_1_108' title="bbox 911 1507 1711 1543; baseline -0.003 -9"><span class='ocrx_word' id='word_1_770' title='bbox 911 1517 1058 1543; x_wconf 88' lang='lat' dir='ltr'>eorumque</span> <span class='ocrx_word' id='word_1_771' title='bbox 1070 1513 1158 1535; x_wconf 87' lang='lat' dir='ltr'>mente</span> <span class='ocrx_word' id='word_1_772' title='bbox 1171 1508 1303 1534; x_wconf 90' lang='lat' dir='ltr'>mundum</span> <span class='ocrx_word' id='word_1_773' title='bbox 1316 1509 1381 1543; x_wconf 85' lang='lat' dir='ltr'>regi,</span> <span class='ocrx_word' id='word_1_774' title='bbox 1391 1507 1577 1534; x_wconf 88' lang='lat' dir='ltr'>etcorumdem</span> <span class='ocrx_word' id='word_1_775' title='bbox 1586 1508 1711 1541; x_wconf 85' lang='lat' dir='ltr'>benigni-</span> 
     </span>
     <span class='ocr_line' id='line_1_109' title="bbox 911 1545 1711 1581; baseline -0.003 -9"><span class='ocrx_word' id='word_1_776' title='bbox 911 1551 991 1572; x_wconf 86' lang='lat' dir='ltr'>tatem</span> <span class='ocrx_word' id='word_1_777' title='bbox 1004 1546 1145 1572; x_wconf 89' lang='lat' dir='ltr'>hominum</span> <span class='ocrx_word' id='word_1_778' title='bbox 1155 1545 1295 1572; x_wconf 82' lang='lat' dir='ltr'>consulere</span> <span class='ocrx_word' id='word_1_779' title='bbox 1306 1547 1408 1581; x_wconf 81' lang='lat' dir='ltr'>generi,</span> <span class='ocrx_word' id='word_1_780' title='bbox 1417 1550 1441 1571; x_wconf 92' lang='lat' dir='ltr'>et</span> <span class='ocrx_word' id='word_1_781' title='bbox 1454 1554 1531 1579; x_wconf 85' lang='lat' dir='ltr'>posse</span> <span class='ocrx_word' id='word_1_782' title='bbox 1543 1545 1621 1570; x_wconf 85' lang='lat' dir='ltr'>nobis</span> <span class='ocrx_word' id='word_1_783' title='bbox 1632 1545 1711 1579; x_wconf 77' lang='lat' dir='ltr'>signa</span> 
     </span>
     <span class='ocr_line' id='line_1_110' title="bbox 912 1582 1712 1610; baseline -0.003 -1"><span class='ocrx_word' id='word_1_784' title='bbox 912 1592 1001 1610; x_wconf 90' lang='lat' dir='ltr'>rerum</span> <span class='ocrx_word' id='word_1_785' title='bbox 1015 1583 1164 1610; x_wconf 80' lang='lat' dir='ltr'>suturarum</span> <span class='ocrx_word' id='word_1_786' title='bbox 1178 1583 1331 1610; x_wconf 79' lang='lat' dir='ltr'>ostendere:</span> <span class='ocrx_word' id='word_1_787' title='bbox 1351 1592 1402 1609; x_wconf 88' lang='lat' dir='ltr'>non</span> <span class='ocrx_word' id='word_1_788' title='bbox 1420 1583 1498 1608; x_wconf 75' lang='lat' dir='ltr'>video</span> <span class='ocrx_word' id='word_1_789' title='bbox 1509 1591 1557 1608; x_wconf 90' lang='lat' dir='ltr'>cur</span> <span class='ocrx_word' id='word_1_790' title='bbox 1568 1591 1626 1608; x_wconf 88' lang='lat' dir='ltr'>esse</span> <span class='ocrx_word' id='word_1_791' title='bbox 1638 1582 1712 1608; x_wconf 82' lang='lat' dir='ltr'>divi-</span> 
     </span>
     <span class='ocr_line' id='line_1_111' title="bbox 913 1620 1711 1657; baseline -0.003 -10"><span class='ocrx_word' id='word_1_792' title='bbox 913 1622 1047 1647; x_wconf 84' lang='lat' dir='ltr'>nationem</span> <span class='ocrx_word' id='word_1_793' title='bbox 1061 1630 1166 1657; x_wconf 84' lang='lat' dir='ltr'>negem.</span> <span class='ocrx_word' id='word_1_794' title='bbox 1201 1623 1242 1647; x_wconf 82' lang='grc'>33.</span> <span class='ocrx_word' id='word_1_795' title='bbox 1259 1622 1328 1647; x_wconf 85' lang='lat' dir='ltr'>Sunt</span> <span class='ocrx_word' id='word_1_796' title='bbox 1339 1626 1428 1647; x_wconf 90' lang='lat' dir='ltr'>autem</span> <span class='ocrx_word' id='word_1_797' title='bbox 1441 1629 1479 1650; x_wconf 87' lang='lat' dir='ltr'>ea,</span> <span class='ocrx_word' id='word_1_798' title='bbox 1496 1628 1564 1655; x_wconf 88' lang='lat' dir='ltr'>quae</span> <span class='ocrx_word' id='word_1_799' title='bbox 1577 1620 1664 1654; x_wconf 87' lang='lat' dir='ltr'>posui,</span> <span class='ocrx_word' id='word_1_800' title='bbox 1678 1627 1711 1646; x_wconf 83' lang='lat' dir='ltr'>ex</span> 
     </span>
     <span class='ocr_line' id='line_1_112' title="bbox 911 1657 1711 1693; baseline -0.003 -9"><span class='ocrx_word' id='word_1_801' title='bbox 911 1659 1013 1693; x_wconf 89' lang='lat' dir='ltr'>quibus</span> <span class='ocrx_word' id='word_1_802' title='bbox 1026 1659 1066 1688; x_wconf 94' lang='lat' dir='ltr'>id,</span> <span class='ocrx_word' id='word_1_803' title='bbox 1084 1659 1156 1693; x_wconf 89' lang='lat' dir='ltr'>quod</span> <span class='ocrx_word' id='word_1_804' title='bbox 1173 1658 1314 1688; x_wconf 84' lang='lat' dir='ltr'>volumus,</span> <span class='ocrx_word' id='word_1_805' title='bbox 1332 1658 1448 1684; x_wconf 78' lang='lat' dir='ltr'>eflicitur</span> <span class='ocrx_word' id='word_1_806' title='bbox 1461 1663 1487 1684; x_wconf 87' lang='lat' dir='ltr'>et</span> <span class='ocrx_word' id='word_1_807' title='bbox 1501 1658 1615 1693; x_wconf 82' lang='lat' dir='ltr'>cogitur.</span> <span class='ocrx_word' id='word_1_808' title='bbox 1657 1657 1711 1683; x_wconf 87' lang='lat' dir='ltr'>lam</span> 
     </span>
     <span class='ocr_line' id='line_1_113' title="bbox 912 1694 1712 1731; baseline -0.003 -9"><span class='ocrx_word' id='word_1_809' title='bbox 912 1706 975 1722; x_wconf 82' lang='lat' dir='ltr'>vero</span> <span class='ocrx_word' id='word_1_810' title='bbox 982 1696 1177 1731; x_wconf 86' lang='lat' dir='ltr'>permultorum</span> <span class='ocrx_word' id='word_1_811' title='bbox 1185 1695 1402 1730; x_wconf 83' lang='lat' dir='ltr'>exemplorumet</span> <span class='ocrx_word' id='word_1_812' title='bbox 1414 1701 1501 1722; x_wconf 86' lang='lat' dir='ltr'>nostra</span> <span class='ocrx_word' id='word_1_813' title='bbox 1513 1700 1552 1721; x_wconf 85' lang='lat' dir='ltr'>est</span> <span class='ocrx_word' id='word_1_814' title='bbox 1565 1694 1642 1729; x_wconf 85' lang='lat' dir='ltr'>plena</span> <span class='ocrx_word' id='word_1_815' title='bbox 1655 1703 1712 1720; x_wconf 84' lang='lat' dir='ltr'>res-</span> 
     </span>
     <span class='ocr_line' id='line_1_114' title="bbox 911 1732 1711 1769; baseline -0.003 -9"><span class='ocrx_word' id='word_1_816' title='bbox 911 1733 1035 1768; x_wconf 84' lang='lat' dir='ltr'>publica,</span> <span class='ocrx_word' id='word_1_817' title='bbox 1053 1739 1078 1760; x_wconf 89' lang='lat' dir='ltr'>et</span> <span class='ocrx_word' id='word_1_818' title='bbox 1089 1735 1180 1760; x_wconf 85' lang='lat' dir='ltr'>omnia</span> <span class='ocrx_word' id='word_1_819' title='bbox 1193 1742 1287 1769; x_wconf 76' lang='lat' dir='ltr'>regna,</span> <span class='ocrx_word' id='word_1_820' title='bbox 1301 1742 1448 1768; x_wconf 87' lang='lat' dir='ltr'>omnesque</span> <span class='ocrx_word' id='word_1_821' title='bbox 1461 1732 1568 1767; x_wconf 80' lang='lat' dir='ltr'>populi,</span> <span class='ocrx_word' id='word_1_822' title='bbox 1585 1737 1711 1758; x_wconf 77' lang='lat' dir='ltr'>cunetae-</span> 
     </span>
     <span class='ocr_line' id='line_1_115' title="bbox 912 1769 1712 1807; baseline -0.004 -9"><span class='ocrx_word' id='word_1_823' title='bbox 912 1780 964 1806; x_wconf 87' lang='lat' dir='ltr'>que</span> <span class='ocrx_word' id='word_1_824' title='bbox 980 1777 1088 1807; x_wconf 86' lang='lat' dir='ltr'>gentes,</span> <span class='ocrx_word' id='word_1_825' title='bbox 1107 1780 1241 1807; x_wconf 84' lang='lat' dir='ltr'>augurum</span> <span class='ocrx_word' id='word_1_826' title='bbox 1259 1771 1403 1806; x_wconf 84' lang='lat' dir='ltr'>praedietis</span> <span class='ocrx_word' id='word_1_827' title='bbox 1420 1770 1502 1796; x_wconf 87' lang='lat' dir='ltr'>multa</span> <span class='ocrx_word' id='word_1_828' title='bbox 1518 1769 1712 1796; x_wconf 71' lang='lat' dir='ltr'>incredibiliter</span> 
     </span>
     <span class='ocr_line' id='line_1_116' title="bbox 913 1807 1712 1844; baseline -0.004 -9"><span class='ocrx_word' id='word_1_829' title='bbox 913 1818 975 1835; x_wconf 89' lang='lat' dir='ltr'>vera</span> <span class='ocrx_word' id='word_1_830' title='bbox 987 1809 1134 1835; x_wconf 81' lang='lat' dir='ltr'>cecidisse:</span> <span class='ocrx_word' id='word_1_831' title='bbox 1159 1818 1246 1843; x_wconf 90' lang='lat' dir='ltr'>neque</span> <span class='ocrx_word' id='word_1_832' title='bbox 1258 1809 1329 1835; x_wconf 90' lang='lat' dir='ltr'>enim</span> <span class='ocrx_word' id='word_1_833' title='bbox 1341 1808 1454 1844; x_wconf 64' lang='lat' dir='ltr'>Polyidi,</span> <span class='ocrx_word' id='word_1_834' title='bbox 1469 1816 1555 1842; x_wconf 84' lang='lat' dir='ltr'>neque</span> <span class='ocrx_word' id='word_1_835' title='bbox 1567 1807 1712 1841; x_wconf 75' lang='lat' dir='ltr'>Melampo-</span> 
     </span>
     <span class='ocr_line' id='line_1_117' title="bbox 913 1844 1713 1882; baseline -0.004 -10"><span class='ocrx_word' id='word_1_836' title='bbox 913 1846 968 1877; x_wconf 90' lang='lat' dir='ltr'>dis,</span> <span class='ocrx_word' id='word_1_837' title='bbox 982 1856 1068 1882; x_wconf 89' lang='lat' dir='ltr'>neque</span> <span class='ocrx_word' id='word_1_838' title='bbox 1079 1847 1178 1881; x_wconf 81' lang='lat' dir='ltr'>Mopsi,</span> <span class='ocrx_word' id='word_1_839' title='bbox 1193 1855 1279 1881; x_wconf 86' lang='lat' dir='ltr'>neque</span> <span class='ocrx_word' id='word_1_840' title='bbox 1292 1846 1463 1880; x_wconf 75' lang='lat' dir='ltr'>Amphiarai,</span> <span class='ocrx_word' id='word_1_841' title='bbox 1483 1854 1568 1879; x_wconf 83' lang='lat' dir='ltr'>neque</span> <span class='ocrx_word' id='word_1_842' title='bbox 1581 1844 1713 1870; x_wconf 67' lang='lat' dir='ltr'>Calchan-</span> 
     </span>
    </p>
   </div>
   <div class='ocr_carea' id='block_1_17' title="bbox 882 1883 1712 1919">
    <p class='ocr_par' dir='ltr' id='par_1_19' title="bbox 882 1883 1712 1919">
     <span class='ocr_line' id='line_1_118' title="bbox 882 1883 1712 1919; baseline -0.004 -9"><span class='ocrx_word' id='word_1_843' title='bbox 882 1898 891 1912; x_wconf 67' lang='grc'>,1</span> <span class='ocrx_word' id='word_1_844' title='bbox 913 1885 956 1912; x_wconf 80' lang='lat' dir='ltr'>tis.</span> <span class='ocrx_word' id='word_1_845' title='bbox 973 1893 1060 1919; x_wconf 83' lang='lat' dir='ltr'>neque</span> <span class='ocrx_word' id='word_1_846' title='bbox 1073 1884 1164 1910; x_wconf 88' lang='lat' dir='ltr'>lieleni</span> <span class='ocrx_word' id='word_1_847' title='bbox 1177 1889 1278 1910; x_wconf 85' lang='lat' dir='ltr'>tantum</span> <span class='ocrx_word' id='word_1_848' title='bbox 1292 1892 1387 1909; x_wconf 88' lang='lat' dir='ltr'>nomen</span> <span class='ocrx_word' id='word_1_849' title='bbox 1401 1883 1505 1912; x_wconf 85' lang='lat' dir='ltr'>suisset,</span> <span class='ocrx_word' id='word_1_850' title='bbox 1520 1891 1606 1916; x_wconf 81' lang='lat' dir='ltr'>neque</span> <span class='ocrx_word' id='word_1_851' title='bbox 1619 1887 1654 1908; x_wconf 87' lang='lat' dir='ltr'>tot</span> <span class='ocrx_word' id='word_1_852' title='bbox 1665 1890 1712 1907; x_wconf 82' lang='lat' dir='ltr'>ua-</span> 
     </span>
    </p>
   </div>
   <div class='ocr_carea' id='block_1_18' title="bbox 883 211 893 2348">
    <p class='ocr_par' dir='ltr' id='par_1_20' title="bbox 883 211 893 2348">
     <span class='ocr_line' id='line_1_119' title="bbox 883 211 893 2348; baseline 0 0"><span class='ocrx_word' id='word_1_853' title='bbox 883 211 893 2348; x_wconf 95' lang='lat' dir='ltr'> </span> 
     </span>
    </p>
   </div>
   <div class='ocr_carea' id='block_1_19' title="bbox 881 2052 886 2675">
    <p class='ocr_par' dir='ltr' id='par_1_21' title="bbox 881 2052 886 2675">
     <span class='ocr_line' id='line_1_120' title="bbox 881 2052 886 2675; baseline 0 0"><span class='ocrx_word' id='word_1_854' title='bbox 881 2052 886 2675; x_wconf 95' lang='lat' dir='ltr'> </span> 
     </span>
    </p>
   </div>
   <div class='ocr_carea' id='block_1_20' title="bbox 913 1919 1712 1955">
    <p class='ocr_par' dir='ltr' id='par_1_22' title="bbox 913 1919 1712 1955">
     <span class='ocr_line' id='line_1_121' title="bbox 913 1919 1712 1955; baseline -0.004 -7"><span class='ocrx_word' id='word_1_855' title='bbox 913 1923 999 1948; x_wconf 85' lang='lat' dir='ltr'>tiones</span> <span class='ocrx_word' id='word_1_856' title='bbox 1012 1922 1038 1948; x_wconf 89' lang='lat' dir='ltr'>id</span> <span class='ocrx_word' id='word_1_857' title='bbox 1051 1921 1083 1948; x_wconf 91' lang='lat' dir='ltr'>ad</span> <span class='ocrx_word' id='word_1_858' title='bbox 1097 1922 1145 1948; x_wconf 86' lang='lat' dir='ltr'>boe</span> <span class='ocrx_word' id='word_1_859' title='bbox 1157 1927 1263 1955; x_wconf 83' lang='lat' dir='ltr'>tempus</span> <span class='ocrx_word' id='word_1_860' title='bbox 1276 1922 1449 1947; x_wconf 77' lang='lat' dir='ltr'>retinuissent</span> <span class='ocrx_word' id='word_1_861' title='bbox 1458 1941 1463 1951; x_wconf 84' lang='lat'>,</span> <span class='ocrx_word' id='word_1_862' title='bbox 1481 1920 1597 1946; x_wconf 74' lang='lat' dir='ltr'>Arabum</span> <span class='ocrx_word' id='word_1_863' title='bbox 1607 1940 1612 1949; x_wconf 83' lang='lat'>,</span> <span class='ocrx_word' id='word_1_864' title='bbox 1627 1919 1712 1954; x_wconf 72' lang='lat' dir='ltr'>Pbry-</span> 
     </span>
    </p>
   </div>
   <div class='ocr_carea' id='block_1_21' title="bbox 890 1957 1712 1995">
    <p class='ocr_par' dir='ltr' id='par_1_23' title="bbox 890 1957 1712 1995">
     <span class='ocr_line' id='line_1_122' title="bbox 890 1957 1712 1995; baseline -0.006 -9"><span class='ocrx_word' id='word_1_865' title='bbox 890 1971 891 1974; x_wconf 67' lang='grc'>’</span> <span class='ocrx_word' id='word_1_866' title='bbox 912 1968 988 1995; x_wconf 82' lang='lat' dir='ltr'>gum,</span> <span class='ocrx_word' id='word_1_867' title='bbox 998 1960 1162 1995; x_wconf 68' lang='lat' dir='ltr'>Lyeaouum,</span> <span class='ocrx_word' id='word_1_868' title='bbox 1176 1959 1301 1988; x_wconf 76' lang='lat' dir='ltr'>Cilicum,</span> <span class='ocrx_word' id='word_1_869' title='bbox 1311 1959 1482 1993; x_wconf 82' lang='lat' dir='ltr'>maximeque</span> <span class='ocrx_word' id='word_1_870' title='bbox 1495 1957 1656 1984; x_wconf 80' lang='lat' dir='ltr'>l‘isidaruui.</span> <span class='ocrx_word' id='word_1_871' title='bbox 1671 1957 1712 1982; x_wconf 89' lang='lat' dir='ltr'>ui-</span> 
     </span>
    </p>
   </div>
   <div class='ocr_carea' id='block_1_22' title="bbox 913 1994 1713 2180">
    <p class='ocr_par' dir='ltr' id='par_1_24' title="bbox 913 1994 1713 2180">
     <span class='ocr_line' id='line_1_123' title="bbox 913 1994 1713 2023; baseline -0.005 0"><span class='ocrx_word' id='word_1_872' title='bbox 913 1997 936 2023; x_wconf 89' lang='lat' dir='ltr'>si</span> <span class='ocrx_word' id='word_1_873' title='bbox 948 2002 1067 2023; x_wconf 83' lang='lat' dir='ltr'>vetustas</span> <span class='ocrx_word' id='word_1_874' title='bbox 1083 2006 1112 2023; x_wconf 86' lang='lat' dir='ltr'>ea</span> <span class='ocrx_word' id='word_1_875' title='bbox 1127 2002 1197 2023; x_wconf 88' lang='lat' dir='ltr'>certa</span> <span class='ocrx_word' id='word_1_876' title='bbox 1212 2005 1271 2022; x_wconf 86' lang='lat' dir='ltr'>esse</span> <span class='ocrx_word' id='word_1_877' title='bbox 1286 1996 1431 2022; x_wconf 79' lang='lat' dir='ltr'>docuisset.</span> <span class='ocrx_word' id='word_1_878' title='bbox 1474 1996 1526 2021; x_wconf 75' lang='lat' dir='ltr'>Nec</span> <span class='ocrx_word' id='word_1_879' title='bbox 1539 2004 1601 2020; x_wconf 75' lang='lat' dir='ltr'>vero</span> <span class='ocrx_word' id='word_1_880' title='bbox 1614 1994 1713 2020; x_wconf 78' lang='lat' dir='ltr'>Romu-</span> 
     </span>
     <span class='ocr_line' id='line_1_124' title="bbox 914 2031 1711 2069; baseline -0.004 -9"><span class='ocrx_word' id='word_1_881' title='bbox 914 2033 956 2060; x_wconf 88' lang='lat' dir='ltr'>lus</span> <span class='ocrx_word' id='word_1_882' title='bbox 973 2039 1061 2061; x_wconf 86' lang='lat' dir='ltr'>noster</span> <span class='ocrx_word' id='word_1_883' title='bbox 1076 2035 1214 2069; x_wconf 73' lang='lat' dir='ltr'>auspicato</span> <span class='ocrx_word' id='word_1_884' title='bbox 1231 2034 1327 2060; x_wconf 83' lang='lat' dir='ltr'>Urbem</span> <span class='ocrx_word' id='word_1_885' title='bbox 1345 2032 1524 2061; x_wconf 80' lang='lat' dir='ltr'>condidisset,</span> <span class='ocrx_word' id='word_1_886' title='bbox 1544 2040 1630 2066; x_wconf 79' lang='lat' dir='ltr'>neque</span> <span class='ocrx_word' id='word_1_887' title='bbox 1647 2031 1711 2057; x_wconf 72' lang='lat' dir='ltr'>Attii</span> 
     </span>
     <span class='ocr_line' id='line_1_125' title="bbox 914 2069 1711 2099; baseline -0.004 -2"><span class='ocrx_word' id='word_1_888' title='bbox 914 2072 993 2097; x_wconf 86' lang='lat' dir='ltr'>Navii</span> <span class='ocrx_word' id='word_1_889' title='bbox 1005 2080 1101 2098; x_wconf 88' lang='lat' dir='ltr'>nomen</span> <span class='ocrx_word' id='word_1_890' title='bbox 1115 2072 1242 2097; x_wconf 88' lang='lat' dir='ltr'>memoria</span> <span class='ocrx_word' id='word_1_891' title='bbox 1255 2070 1357 2097; x_wconf 77' lang='lat' dir='ltr'>floreret</span> <span class='ocrx_word' id='word_1_892' title='bbox 1370 2076 1420 2097; x_wconf 89' lang='lat' dir='ltr'>tam</span> <span class='ocrx_word' id='word_1_893' title='bbox 1432 2070 1494 2099; x_wconf 90' lang='lat' dir='ltr'>diu,</span> <span class='ocrx_word' id='word_1_894' title='bbox 1513 2071 1564 2095; x_wconf 77' lang='lat' dir='ltr'>uisi</span> <span class='ocrx_word' id='word_1_895' title='bbox 1581 2069 1608 2095; x_wconf 89' lang='grc'>111</span> <span class='ocrx_word' id='word_1_896' title='bbox 1618 2077 1711 2094; x_wconf 79' lang='lat' dir='ltr'>munes</span> 
     </span>
     <span class='ocr_line' id='line_1_126' title="bbox 915 2106 1711 2135; baseline -0.005 -1"><span class='ocrx_word' id='word_1_897' title='bbox 915 2108 998 2135; x_wconf 87' lang='lat' dir='ltr'>multa</span> <span class='ocrx_word' id='word_1_898' title='bbox 1014 2108 1046 2134; x_wconf 84' lang='lat' dir='ltr'>ad</span> <span class='ocrx_word' id='word_1_899' title='bbox 1064 2109 1202 2135; x_wconf 78' lang='lat' dir='ltr'>veritatem</span> <span class='ocrx_word' id='word_1_900' title='bbox 1218 2108 1388 2134; x_wconf 83' lang='lat' dir='ltr'>admirabilia</span> <span class='ocrx_word' id='word_1_901' title='bbox 1409 2108 1551 2134; x_wconf 69' lang='lat' dir='ltr'>dixissent.</span> <span class='ocrx_word' id='word_1_902' title='bbox 1593 2106 1643 2131; x_wconf 74' lang='lat' dir='ltr'>Sed</span> <span class='ocrx_word' id='word_1_903' title='bbox 1660 2106 1711 2131; x_wconf 89' lang='grc'><strong>1111-</strong></span> 
     </span>
     <span class='ocr_line' id='line_1_127' title="bbox 914 2145 1710 2180; baseline -0.004 -9"><span class='ocrx_word' id='word_1_904' title='bbox 914 2146 990 2172; x_wconf 90' lang='lat' dir='ltr'>bium</span> <span class='ocrx_word' id='word_1_905' title='bbox 1007 2155 1057 2172; x_wconf 89' lang='lat' dir='ltr'>non</span> <span class='ocrx_word' id='word_1_906' title='bbox 1073 2151 1125 2176; x_wconf 88' lang='lat' dir='ltr'>est,</span> <span class='ocrx_word' id='word_1_907' title='bbox 1149 2146 1216 2180; x_wconf 89' lang='lat' dir='ltr'>quin</span> <span class='ocrx_word' id='word_1_908' title='bbox 1236 2146 1301 2171; x_wconf 83' lang='lat' dir='ltr'>baec</span> <span class='ocrx_word' id='word_1_909' title='bbox 1316 2145 1460 2179; x_wconf 77' lang='lat' dir='ltr'>disciplina</span> <span class='ocrx_word' id='word_1_910' title='bbox 1477 2150 1501 2170; x_wconf 88' lang='lat' dir='ltr'>et</span> <span class='ocrx_word' id='word_1_911' title='bbox 1519 2154 1561 2170; x_wconf 78' lang='lat' dir='ltr'>ars</span> <span class='ocrx_word' id='word_1_912' title='bbox 1577 2151 1710 2177; x_wconf 77' lang='lat' dir='ltr'>augurum</span> 
     </span>
    </p>
   </div>
   <div class='ocr_carea' id='block_1_23' title="bbox 913 2182 1711 2217">
    <p class='ocr_par' dir='ltr' id='par_1_25' title="bbox 913 2182 1711 2217">
     <span class='ocr_line' id='line_1_128' title="bbox 913 2182 1711 2217; baseline -0.005 -8"><span class='ocrx_word' id='word_1_913' title='bbox 913 2184 1053 2209; x_wconf 78' lang='lat' dir='ltr'>evanuerit</span> <span class='ocrx_word' id='word_1_914' title='bbox 1066 2183 1118 2208; x_wconf 88' lang='lat' dir='ltr'>iam</span> <span class='ocrx_word' id='word_1_915' title='bbox 1133 2188 1158 2209; x_wconf 89' lang='lat' dir='ltr'>et</span> <span class='ocrx_word' id='word_1_916' title='bbox 1169 2187 1298 2209; x_wconf 75' lang='lat' dir='ltr'>vetustate</span> <span class='ocrx_word' id='word_1_917' title='bbox 1309 2188 1334 2208; x_wconf 89' lang='lat' dir='ltr'>et</span> <span class='ocrx_word' id='word_1_918' title='bbox 1346 2182 1519 2217; x_wconf 75' lang='lat' dir='ltr'>negligentia.</span> <span class='ocrx_word' id='word_1_919' title='bbox 1563 2182 1652 2214; x_wconf 75' lang='lat' dir='ltr'>ltaque</span> <span class='ocrx_word' id='word_1_920' title='bbox 1665 2188 1711 2205; x_wconf 88' lang='lat' dir='ltr'>ne-</span> 
     </span>
    </p>
   </div>
   <div class='ocr_carea' id='block_1_24' title="bbox 890 2220 1710 2292">
    <p class='ocr_par' dir='ltr' id='par_1_26' title="bbox 890 2220 1710 2292">
     <span class='ocr_line' id='line_1_129' title="bbox 890 2220 1710 2257; baseline -0.005 -11"><span class='ocrx_word' id='word_1_921' title='bbox 890 2224 891 2257; x_wconf 59' lang='lat'>]</span> <span class='ocrx_word' id='word_1_922' title='bbox 913 2229 965 2255; x_wconf 87' lang='lat' dir='ltr'>que</span> <span class='ocrx_word' id='word_1_923' title='bbox 979 2220 1016 2246; x_wconf 91' lang='lat' dir='ltr'>illi</span> <span class='ocrx_word' id='word_1_924' title='bbox 1029 2221 1172 2249; x_wconf 83' lang='lat' dir='ltr'>assentior,</span> <span class='ocrx_word' id='word_1_925' title='bbox 1191 2221 1238 2254; x_wconf 84' lang='lat' dir='ltr'>qui</span> <span class='ocrx_word' id='word_1_926' title='bbox 1254 2220 1320 2245; x_wconf 83' lang='lat' dir='ltr'>lianc</span> <span class='ocrx_word' id='word_1_927' title='bbox 1336 2220 1476 2245; x_wconf 81' lang='lat' dir='ltr'>scientiam</span> <span class='ocrx_word' id='word_1_928' title='bbox 1492 2224 1569 2251; x_wconf 71' lang='lat' dir='ltr'>negat</span> <span class='ocrx_word' id='word_1_929' title='bbox 1582 2225 1710 2251; x_wconf 78' lang='lat' dir='ltr'>umquam</span> 
     </span>
     <span class='ocr_line' id='line_1_130' title="bbox 890 2256 1710 2292; baseline -0.006 -8"><span class='ocrx_word' id='word_1_930' title='bbox 890 2261 891 2266; x_wconf 62' lang='lat'>¹</span> <span class='ocrx_word' id='word_1_931' title='bbox 914 2259 940 2284; x_wconf 90' lang='grc'>111</span> <span class='ocrx_word' id='word_1_932' title='bbox 957 2263 1046 2284; x_wconf 82' lang='lat' dir='ltr'>nostro</span> <span class='ocrx_word' id='word_1_933' title='bbox 1060 2257 1174 2292; x_wconf 74' lang='lat' dir='ltr'>collegio</span> <span class='ocrx_word' id='word_1_934' title='bbox 1190 2256 1286 2285; x_wconf 72' lang='lat' dir='ltr'>fuisse:</span> <span class='ocrx_word' id='word_1_935' title='bbox 1311 2265 1398 2291; x_wconf 85' lang='lat' dir='ltr'>neque</span> <span class='ocrx_word' id='word_1_936' title='bbox 1419 2256 1472 2284; x_wconf 86' lang='grc'><strong>1111,</strong></span> <span class='ocrx_word' id='word_1_937' title='bbox 1494 2257 1541 2290; x_wconf 87' lang='lat' dir='ltr'>qui</span> <span class='ocrx_word' id='word_1_938' title='bbox 1558 2264 1615 2280; x_wconf 77' lang='lat' dir='ltr'>esse</span> <span class='ocrx_word' id='word_1_939' title='bbox 1630 2256 1710 2280; x_wconf 80' lang='lat' dir='ltr'>etiam</span> 
     </span>
    </p>
   </div>
   <div class='ocr_carea' id='block_1_25' title="bbox 913 2291 1710 2367">
    <p class='ocr_par' dir='ltr' id='par_1_27' title="bbox 913 2291 1710 2367">
     <span class='ocr_line' id='line_1_131' title="bbox 915 2291 1710 2329; baseline -0.006 -8"><span class='ocrx_word' id='word_1_940' title='bbox 915 2304 985 2321; x_wconf 83' lang='lat' dir='ltr'>nune</span> <span class='ocrx_word' id='word_1_941' title='bbox 1002 2300 1088 2329; x_wconf 86' lang='lat' dir='ltr'>putnt;</span> <span class='ocrx_word' id='word_1_942' title='bbox 1112 2303 1180 2329; x_wconf 83' lang='lat' dir='ltr'>quae</span> <span class='ocrx_word' id='word_1_943' title='bbox 1200 2294 1267 2319; x_wconf 88' lang='grc'><strong>1111111</strong></span> <span class='ocrx_word' id='word_1_944' title='bbox 1285 2294 1391 2319; x_wconf 77' lang='lat' dir='ltr'>videtur</span> <span class='ocrx_word' id='word_1_945' title='bbox 1406 2293 1477 2328; x_wconf 84' lang='lat' dir='ltr'>apud</span> <span class='ocrx_word' id='word_1_946' title='bbox 1495 2294 1607 2318; x_wconf 75' lang='lat' dir='ltr'>maiores</span> <span class='ocrx_word' id='word_1_947' title='bbox 1627 2291 1710 2317; x_wconf 77' lang='lat' dir='ltr'>fuisso</span> 
     </span>
     <span class='ocr_line' id='line_1_132' title="bbox 913 2331 1708 2367; baseline -0.005 -9"><span class='ocrx_word' id='word_1_948' title='bbox 913 2332 1071 2367; x_wconf 80' lang='lat' dir='ltr'>dupliciter,</span> <span class='ocrx_word' id='word_1_949' title='bbox 1095 2336 1123 2358; x_wconf 89' lang='lat' dir='ltr'>ut</span> <span class='ocrx_word' id='word_1_950' title='bbox 1139 2331 1171 2357; x_wconf 89' lang='lat' dir='ltr'>ad</span> <span class='ocrx_word' id='word_1_951' title='bbox 1192 2331 1356 2366; x_wconf 70' lang='lat' dir='ltr'>reipublicae</span> <span class='ocrx_word' id='word_1_952' title='bbox 1372 2336 1478 2365; x_wconf 88' lang='lat' dir='ltr'>tempus</span> <span class='ocrx_word' id='word_1_953' title='bbox 1496 2337 1708 2363; x_wconf 79' lang='lat' dir='ltr'>imniiumquum,</span> 
     </span>
    </p>
   </div>
   <div class='ocr_carea' id='block_1_26' title="bbox 59 2367 1710 2482">
    <p class='ocr_par' dir='ltr' id='par_1_28' title="bbox 59 2367 1710 2482">
     <span class='ocr_line' id='line_1_133' title="bbox 890 2367 1708 2403; baseline -0.004 -8"><span class='ocrx_word' id='word_1_954' title='bbox 890 2370 891 2374; x_wconf 73' lang='grc'>’</span> <span class='ocrx_word' id='word_1_955' title='bbox 913 2369 945 2395; x_wconf 91' lang='lat' dir='ltr'>ad</span> <span class='ocrx_word' id='word_1_956' title='bbox 958 2369 1054 2403; x_wconf 76' lang='lat' dir='ltr'>agendi</span> <span class='ocrx_word' id='word_1_957' title='bbox 1066 2369 1210 2395; x_wconf 79' lang='lat' dir='ltr'>consilium</span> <span class='ocrx_word' id='word_1_958' title='bbox 1225 2369 1383 2402; x_wconf 81' lang='lat' dir='ltr'>saepissime</span> <span class='ocrx_word' id='word_1_959' title='bbox 1396 2369 1548 2402; x_wconf 81' lang='lat' dir='ltr'>pertineret.</span> <span class='ocrx_word' id='word_1_960' title='bbox 1581 2367 1623 2392; x_wconf 67' lang='lat'>1³6.</span> <span class='ocrx_word' id='word_1_961' title='bbox 1642 2367 1708 2392; x_wconf 67' lang='lat' dir='ltr'>Art.</span> 
     </span>
     <span class='ocr_line' id='line_1_134' title="bbox 890 2403 1710 2440; baseline -0.005 -7"><span class='ocrx_word' id='word_1_962' title='bbox 890 2403 891 2416; x_wconf 67' lang='lat'>³</span> <span class='ocrx_word' id='word_1_963' title='bbox 913 2407 1007 2437; x_wconf 80' lang='lat' dir='ltr'>Credo,</span> <span class='ocrx_word' id='word_1_964' title='bbox 1022 2406 1119 2433; x_wconf 80' lang='lat' dir='ltr'>hercle.</span> <span class='ocrx_word' id='word_1_965' title='bbox 1134 2407 1167 2432; x_wconf 88' lang='lat' dir='ltr'>ita</span> <span class='ocrx_word' id='word_1_966' title='bbox 1180 2415 1251 2433; x_wconf 64' lang='lat' dir='ltr'>esse.</span> <span class='ocrx_word' id='word_1_967' title='bbox 1267 2407 1365 2440; x_wconf 78' lang='lat' dir='ltr'>istique</span> <span class='ocrx_word' id='word_1_968' title='bbox 1378 2406 1471 2431; x_wconf 80' lang='lat' dir='ltr'>rationi</span> <span class='ocrx_word' id='word_1_969' title='bbox 1484 2404 1654 2439; x_wconf 75' lang='lat' dir='ltr'>potissimum</span> <span class='ocrx_word' id='word_1_970' title='bbox 1666 2412 1710 2430; x_wconf 84' lang='lat' dir='ltr'>us-</span> 
     </span>
     <span class='ocr_line' id='line_1_135' title="bbox 59 2445 891 2482; baseline -0.005 -8"><span class='ocrx_word' id='word_1_971' title='bbox 59 2446 193 2482; x_wconf 81' lang='lat' dir='ltr'>appellata</span> <span class='ocrx_word' id='word_1_972' title='bbox 209 2446 291 2482; x_wconf 90' lang='lat' dir='ltr'>(quod</span> <span class='ocrx_word' id='word_1_973' title='bbox 308 2455 356 2472; x_wconf 91' lang='lat' dir='ltr'>nos</span> <span class='ocrx_word' id='word_1_974' title='bbox 372 2454 453 2481; x_wconf 89' lang='lat' dir='ltr'>prope</span> <span class='ocrx_word' id='word_1_975' title='bbox 470 2445 542 2471; x_wconf 88' lang='lat' dir='ltr'>idem</span> <span class='ocrx_word' id='word_1_976' title='bbox 554 2445 687 2472; x_wconf 83' lang='lat' dir='ltr'>Graecum</span> <span class='ocrx_word' id='word_1_977' title='bbox 703 2446 861 2479; x_wconf 84' lang='lat' dir='ltr'>interpreta-</span> <span class='ocrx_word' id='word_1_978' title='bbox 889 2474 891 2480; x_wconf 29' lang='lat' dir='ltr'>y</span> 
     </span>
    </p>
   </div>
   <div class='ocr_carea' id='block_1_27' title="bbox 912 2443 1710 2704">
    <p class='ocr_par' dir='ltr' id='par_1_29' title="bbox 913 2443 1314 2470">
     <span class='ocr_line' id='line_1_136' title="bbox 913 2443 1314 2470; baseline -0.005 0"><span class='ocrx_word' id='word_1_979' title='bbox 913 2445 1022 2470; x_wconf 74' lang='lat' dir='ltr'>sentior.</span> <span class='ocrx_word' id='word_1_980' title='bbox 1063 2444 1114 2469; x_wconf 74' lang='lat' dir='ltr'>Sed</span> <span class='ocrx_word' id='word_1_981' title='bbox 1127 2443 1207 2469; x_wconf 76' lang='lat' dir='ltr'>reddi·</span> <span class='ocrx_word' id='word_1_982' title='bbox 1218 2449 1314 2469; x_wconf 76' lang='lat' dir='ltr'>cett-i&#39;u.</span> 
     </span>
    </p>

    <p class='ocr_par' dir='ltr' id='par_1_30' title="bbox 912 2477 1710 2704">
     <span class='ocr_line' id='line_1_137' title="bbox 969 2477 1709 2513; baseline -0.005 -6"><span class='ocrx_word' id='word_1_983' title='bbox 969 2481 1038 2508; x_wconf 77' lang='lat' dir='ltr'>XIV.</span> <span class='ocrx_word' id='word_1_984' title='bbox 1062 2481 1096 2507; x_wconf 83' lang='lat' dir='ltr'>M.</span> <span class='ocrx_word' id='word_1_985' title='bbox 1118 2481 1236 2507; x_wconf 81' lang='lat' dir='ltr'>lieddatu</span> <span class='ocrx_word' id='word_1_986' title='bbox 1254 2490 1315 2506; x_wconf 74' lang='lat' dir='ltr'>vero</span> <span class='ocrx_word' id='word_1_987' title='bbox 1327 2485 1365 2507; x_wconf 74' lang='lat' dir='ltr'>et,</span> <span class='ocrx_word' id='word_1_988' title='bbox 1384 2480 1406 2505; x_wconf 78' lang='lat' dir='ltr'>si</span> <span class='ocrx_word' id='word_1_989' title='bbox 1420 2484 1518 2513; x_wconf 75' lang='lat' dir='ltr'>potem.</span> <span class='ocrx_word' id='word_1_990' title='bbox 1533 2478 1618 2504; x_wconf 65' lang='lat' dir='ltr'>brevi.</span> <span class='ocrx_word' id='word_1_991' title='bbox 1660 2477 1709 2504; x_wconf 79' lang='lat' dir='ltr'>Se-</span> 
     </span>
     <span class='ocr_line' id='line_1_138' title="bbox 912 2515 1710 2554; baseline -0.005 -9"><span class='ocrx_word' id='word_1_992' title='bbox 912 2519 1005 2554; x_wconf 86' lang='lat' dir='ltr'>quitur</span> <span class='ocrx_word' id='word_1_993' title='bbox 1020 2520 1092 2545; x_wconf 82' lang='lat' dir='ltr'>enim</span> <span class='ocrx_word' id='word_1_994' title='bbox 1109 2518 1141 2544; x_wconf 82' lang='lat' dir='ltr'>de</span> <span class='ocrx_word' id='word_1_995' title='bbox 1159 2519 1216 2544; x_wconf 79' lang='lat' dir='ltr'>iure</span> <span class='ocrx_word' id='word_1_996' title='bbox 1233 2517 1310 2543; x_wconf 82' lang='lat' dir='ltr'>beili:</span> <span class='ocrx_word' id='word_1_997' title='bbox 1335 2518 1359 2543; x_wconf 90' lang='lat' dir='ltr'>in</span> <span class='ocrx_word' id='word_1_998' title='bbox 1375 2526 1429 2551; x_wconf 80' lang='lat' dir='ltr'>quo</span> <span class='ocrx_word' id='word_1_999' title='bbox 1443 2522 1468 2541; x_wconf 83' lang='lat' dir='ltr'>et</span> <span class='ocrx_word' id='word_1_1000' title='bbox 1480 2515 1654 2550; x_wconf 70' lang='lat' dir='ltr'>suscipiendo</span> <span class='ocrx_word' id='word_1_1001' title='bbox 1684 2520 1710 2542; x_wconf 84' lang='lat' dir='ltr'>et</span> 
     </span>
     <span class='ocr_line' id='line_1_139' title="bbox 912 2553 1707 2590; baseline -0.005 -8"><span class='ocrx_word' id='word_1_1002' title='bbox 912 2555 1030 2590; x_wconf 74' lang='lat' dir='ltr'>gerendo</span> <span class='ocrx_word' id='word_1_1003' title='bbox 1059 2561 1084 2582; x_wconf 83' lang='lat' dir='ltr'>et</span> <span class='ocrx_word' id='word_1_1004' title='bbox 1099 2555 1258 2589; x_wconf 74' lang='lat' dir='ltr'>deponendo</span> <span class='ocrx_word' id='word_1_1005' title='bbox 1290 2555 1331 2580; x_wconf 88' lang='lat' dir='ltr'>ius</span> <span class='ocrx_word' id='word_1_1006' title='bbox 1343 2554 1491 2588; x_wconf 87' lang='lat' dir='ltr'>plurimum</span> <span class='ocrx_word' id='word_1_1007' title='bbox 1503 2553 1571 2579; x_wconf 75' lang='lat' dir='ltr'>valet</span> <span class='ocrx_word' id='word_1_1008' title='bbox 1588 2558 1612 2579; x_wconf 88' lang='lat' dir='ltr'>et</span> <span class='ocrx_word' id='word_1_1009' title='bbox 1627 2553 1707 2579; x_wconf 80' lang='lat' dir='ltr'>tides:</span> 
     </span>
     <span class='ocr_line' id='line_1_140' title="bbox 915 2590 1710 2628; baseline -0.004 -9"><span class='ocrx_word' id='word_1_1010' title='bbox 915 2595 1064 2628; x_wconf 85' lang='lat' dir='ltr'>horumque</span> <span class='ocrx_word' id='word_1_1011' title='bbox 1081 2598 1109 2619; x_wconf 84' lang='lat' dir='ltr'>ut</span> <span class='ocrx_word' id='word_1_1012' title='bbox 1125 2592 1227 2627; x_wconf 75' lang='lat' dir='ltr'>publici</span> <span class='ocrx_word' id='word_1_1013' title='bbox 1247 2593 1403 2626; x_wconf 75' lang='lat' dir='ltr'>interpretes</span> <span class='ocrx_word' id='word_1_1014' title='bbox 1419 2596 1521 2617; x_wconf 73' lang='lat' dir='ltr'>esseut.</span> <span class='ocrx_word' id='word_1_1015' title='bbox 1544 2590 1601 2624; x_wconf 76' lang='lat' dir='ltr'>lege</span> <span class='ocrx_word' id='word_1_1016' title='bbox 1616 2591 1710 2616; x_wconf 68' lang='lat' dir='ltr'>sanxi-</span> 
     </span>
     <span class='ocr_line' id='line_1_141' title="bbox 915 2627 1709 2663; baseline -0.006 -6"><span class='ocrx_word' id='word_1_1017' title='bbox 915 2639 985 2657; x_wconf 77' lang='lat' dir='ltr'>mus.</span> <span class='ocrx_word' id='word_1_1018' title='bbox 1018 2631 1070 2656; x_wconf 85' lang='lat' dir='ltr'>lam</span> <span class='ocrx_word' id='word_1_1019' title='bbox 1082 2630 1115 2656; x_wconf 84' lang='lat' dir='ltr'>de</span> <span class='ocrx_word' id='word_1_1020' title='bbox 1127 2630 1299 2663; x_wconf 68' lang='lat' dir='ltr'>haruspicum</span> <span class='ocrx_word' id='word_1_1021' title='bbox 1313 2629 1450 2661; x_wconf 66' lang='lat' dir='ltr'>religione,</span> <span class='ocrx_word' id='word_1_1022' title='bbox 1464 2627 1496 2654; x_wconf 82' lang='grc'><strong>111·</strong></span> <span class='ocrx_word' id='word_1_1023' title='bbox 1508 2628 1709 2662; x_wconf 71' lang='lat' dir='ltr'>expiationibus</span> 
     </span>
     <span class='ocr_line' id='line_1_142' title="bbox 913 2665 1708 2704; baseline -0.006 -9"><span class='ocrx_word' id='word_1_1024' title='bbox 913 2674 939 2695; x_wconf 85' lang='lat' dir='ltr'>et</span> <span class='ocrx_word' id='word_1_1025' title='bbox 953 2667 1188 2704; x_wconf 78' lang='lat' dir='ltr'>procurationibus</span> <span class='ocrx_word' id='word_1_1026' title='bbox 1204 2667 1269 2693; x_wconf 80' lang='lat' dir='ltr'>satis</span> <span class='ocrx_word' id='word_1_1027' title='bbox 1280 2675 1416 2701; x_wconf 81' lang='lat' dir='ltr'>superque</span> <span class='ocrx_word' id='word_1_1028' title='bbox 1430 2667 1455 2692; x_wconf 90' lang='grc'>111</span> <span class='ocrx_word' id='word_1_1029' title='bbox 1468 2666 1523 2700; x_wconf 70' lang='lat' dir='ltr'>ipsa</span> <span class='ocrx_word' id='word_1_1030' title='bbox 1538 2665 1594 2701; x_wconf 75' lang='lat' dir='ltr'>lege</span> <span class='ocrx_word' id='word_1_1031' title='bbox 1606 2665 1708 2692; x_wconf 73' lang='lat' dir='ltr'>dietum</span> 
     </span>
    </p>
   </div>
  </div>
 </body>
</html>
