1941 3052
229 151 289 176 0368

226 220 303 246 laude
316 221 467 246 viveremus
478 225 502 246 et
515 219 627 245 libenter
638 227 814 249 moreremur,
832 222 889 246 suis
903 224 928 246 et
940 228 1016 255 prae·
1036 221 1038 230 '

225 259 310 292 replis
323 263 347 283 ot
362 257 492 291 exemplis
508 261 577 282 lazito
587 265 666 290 opere
679 256 848 283 laborarunt?
887 258 926 283 to.
950 257 1015 283 Mihi
1036 267 1038 296 ¹7

226 300 295 321 certe
313 295 379 320 nihil
398 294 501 319 videtur
517 294 623 319 evenire
639 302 715 327 [mx-ie
736 295 852 328 gratius,
875 303 974 329 (pium,
993 295 1015 320 si

225 448 248 469 ct
260 443 359 468 amicos
373 446 400 467 ut
412 449 569 475 pervenero,
587 446 686 476 quanto
700 450 778 476 opere
792 443 919 469 laetabor!
942 443 1015 475 Quae

227 479 367 505 iucundior
382 478 536 508 collocutio,
559 480 606 513 qui
624 480 731 505 suavior
749 479 788 505 vel
801 488 961 514 congressus
974 479 1014 505 vel

224 515 399 550 complexus?
427 515 449 541 O
470 516 550 541 vitam
574 524 634 542 vere
655 518 768 545 vitalem,
794 522 822 543 ut
843 518 879 543 ait
901 517 1013 547 Ennius,

223 553 349 579 omnibus
366 552 442 578 bonis
457 561 486 579 nc
501 553 608 588 gaudiis
623 552 866 580 circumfluentem:
889 554 936 580 sed
953 554 1016 580 bea·
1043 555 1045 588 ζ

225 597 276 617 tam
284 591 362 616 etiam
371 594 490 619 mortem,
499 598 567 625 quae
579 590 610 616 ad
624 590 806 617 beatissimam
819 592 900 617 vitam
912 591 1014 617 aditum

223 629 332 663 aperiat.
374 627 413 653 Me
423 627 548 661 quidem,
565 628 614 654 etsi
625 627 714 654 dolore
728 628 898 655 veliementer
909 628 1016 663 percul-

223 674 282 691 sum
296 669 320 690 ct
331 663 473 694 amictum,
492 665 534 690 his
549 669 635 691 tamen
648 665 756 692 monitis
766 670 791 692 et
802 667 950 700 praeceptis
963 674 1014 692 non

223 701 391 728 mediocriter
402 701 511 728 allevari
523 703 617 728 sentio.
659 704 699 729 hl.
717 703 806 738 ltaque
819 704 951 729 neminem
964 712 1015 738 pu-

224 745 248 765 to
260 739 327 769 sore,
341 747 421 773 quem
435 747 485 765 non
497 740 624 769 rationes,
638 748 651 765 a
664 739 741 766 nobis
753 745 805 767 tam
816 740 935 767 studiose
947 749 961 766 e
972 749 1015 766 sa-

223 777 343 811 pientum
360 775 435 802 libris
451 775 591 808 collectae,
610 777 702 804 iuvent
718 785 747 803 ac
763 777 907 804 delectent:
929 786 1014 812 eoque

222 814 318 849 magis,
331 822 385 848 quo
398 813 511 840 leviores
522 818 600 840 erunt
610 813 724 840 aliorum
735 815 852 845 dolores,
866 823 946 850 quam
959 815 1012 845 hic,

221 860 275 885 quo
287 859 334 877 nos
346 855 416 877 tanto
426 859 505 885 opere
518 852 605 878 vexati
617 860 722 878 sumuS.
764 853 830 879 Nam
847 853 870 878 si
887 861 972 882 amor,
990 853 1013 878 si

222 889 306 923 pietas
319 887 398 918 filiae,
410 888 434 914 si
447 889 541 919 virtus,
554 889 577 915 si
591 890 718 924 gravitas,
731 890 754 916 si
766 891 922 919 constantia,
935 890 958 915 si
969 898 1013 915 ce-

222 931 289 955 tera,
305 933 374 960 quae
387 925 432 951 vix
445 925 470 951 in
483 925 591 952 feminis
602 927 730 961 spectari,
747 927 846 953 nedum
859 927 958 962 requiri
970 935 1014 953 so-

221 961 485 992 lent,consideranda
496 964 564 990 sint:
579 968 648 990 tanta
662 963 1013 999 factaiactura,gravissime

221 999 310 1026 dolere
331 999 486 1026 debuimus.
527 1000 579 1027 Sed
602 1001 690 1027 vincat
709 1001 827 1028 dolorem
852 1001 1010 1028 consolatio:
1033 1035 1035 1038 Ι

221 1045 269 1063 nec
282 1037 348 1067 iam,
365 1037 432 1071 quid
446 1038 630 1068 amiserimus,
648 1037 709 1069 sed,
727 1043 860 1073 quatenus
875 1038 1012 1065 mortalem
1033 1044 1035 1055 ¹

221 1074 303 1100 filiam
317 1074 408 1109 lugere
419 1074 519 1105 deceat,
533 1076 692 1111 cogitemus.
734 1077 786 1102 lloc
797 1085 844 1103 nos
856 1077 883 1102 in
896 1084 1013 1102 maerore
1033 1074 1034 1079 ¹

220 1116 322 1138 nostro:
345 1111 417 1146 quod
428 1116 497 1138 certe
510 1111 583 1139 fortis
594 1117 634 1139 est
644 1113 757 1147 aegroti,
777 1122 828 1140 non
844 1113 931 1140 solum
943 1114 1013 1140 acci-

220 1157 296 1183 pere,
319 1148 366 1174 sed
380 1149 460 1175 ctiam
472 1150 613 1184 exquirere
626 1150 797 1176 medicinam.
838 1151 884 1177 XI.
907 1152 947 1177 42.
969 1151 1010 1180 At,

219 1186 242 1212 si
253 1186 316 1220 quis
327 1186 385 1215 erit,
394 1194 475 1220 quem
485 1186 561 1212 dolor
571 1196 584 1213 a
597 1188 696 1213 ratione
708 1188 841 1218 averterit,
850 1188 894 1214 cui
906 1197 957 1214 non
969 1196 1013 1213 sa-

220 1223 253 1249 tis
265 1222 340 1249 firma
353 1222 494 1249 videantur
505 1232 548 1253 ea,
565 1232 634 1259 quae
645 1225 698 1250 iam
709 1224 780 1251 dicta
791 1230 866 1252 sunt:
890 1226 913 1251 is
924 1234 952 1251 se
965 1225 1013 1251 ho-

219 1261 319 1286 minem
335 1268 393 1285 esse
412 1261 576 1293 meminerit;
598 1261 666 1287 nihil
682 1266 771 1288 autem
787 1262 933 1289 humanius
953 1270 1012 1289 esse

220 1302 311 1327 morte,
320 1301 357 1326 ut,
373 1297 396 1323 si
409 1306 479 1324 mors
491 1298 525 1324 ab
536 1299 594 1333 ipso
605 1298 699 1325 divelli
711 1304 791 1334 atque
802 1299 899 1326 auferri
911 1304 1009 1335 posset,

218 1335 271 1360 diis
287 1335 394 1369 propior
409 1334 550 1362 habendus
568 1341 651 1367 esset,
673 1345 755 1371 quam
771 1337 941 1368 hominibus,
964 1345 1011 1363 nec

218 1372 291 1398 omni
303 1380 336 1398 ex
350 1376 423 1406 parte
439 1372 556 1398 hominis
573 1381 669 1400 nomen
686 1375 739 1408 ipsi
754 1379 925 1410 congrueret,
947 1375 1011 1410 quia

217 1409 354 1435 communi
369 1413 395 1435 et
409 1410 553 1444 praecipua
570 1410 687 1437 hominis
697 1411 849 1438 conditione
860 1420 912 1438 non
924 1417 1012 1438 utere-

218 1451 269 1472 tur.
300 1446 436 1473 Praeterea
448 1446 566 1473 lacrimis
578 1447 646 1474 nihil
657 1448 758 1483 profici,
772 1457 840 1483 quae
851 1450 874 1475 si
885 1449 952 1484 quid
963 1449 1012 1475 ad-

217 1484 331 1510 iumenti
342 1483 433 1510 afferre
445 1489 565 1518 possent,
583 1494 635 1512 non
651 1485 739 1512 solum
751 1486 941 1517 effundendae,
963 1486 1011 1513 sed

216 1520 336 1547 studiose
347 1521 545 1556 conquirendae
557 1522 722 1550 viderentur.
748 1523 806 1550 xil.
823 1525 863 1550 43.
879 1524 1008 1559 Denique,

216 1566 267 1584 non
279 1557 367 1584 solum
383 1558 496 1590 iniuste,
517 1559 565 1585 sed
580 1561 660 1586 etiam
677 1561 833 1596 turpissime
849 1569 940 1597 agere,
963 1562 1010 1596 qui

217 1595 359 1621 immodice
375 1594 472 1622 doleat.

216 1632 351 1667 siquidem
363 1631 437 1659 dolor
449 1633 552 1660 homini
564 1643 577 1660 a
592 1640 685 1661 natura
702 1636 799 1662 insitus
815 1641 868 1666 est,
887 1635 1010 1671 nihilque

217 1669 298 1696 habet
309 1668 445 1696 infamiae.
480 1671 630 1706 Turpitudo
641 1676 729 1699 autem
742 1672 842 1700 idcirco
855 1674 1011 1708 vituperan-

215 1706 262 1737 da,
284 1706 356 1741 quod
371 1707 476 1743 aliquid
491 1716 598 1744 semper
612 1709 769 1736 indecorum
783 1711 914 1740 continet,
931 1710 1010 1745 culpa

215 1748 389 1771 contractum.
430 1746 463 1772 At
472 1747 561 1772 omnis
572 1746 735 1773 immodicus
746 1747 822 1774 dolor
833 1748 919 1782 turpis
930 1753 970 1774 est
985 1753 1011 1774 et

215 1789 229 1806 a
241 1781 298 1807 viro
308 1781 426 1808 alienus:
449 1783 684 1818 quandoquidem,
698 1789 727 1810 ut
738 1784 882 1811 immodice
893 1789 1011 1819 praeter-

214 1826 268 1853 que
282 1819 411 1845 rationem
427 1819 531 1851 doleas,
553 1826 647 1856 sponte
662 1820 757 1848 efficis.
797 1822 839 1848 Ex
857 1830 911 1857 quo
931 1822 1009 1857 culpa

214 1856 346 1882 exoritur:
369 1865 438 1891 quae
455 1857 558 1884 homini
574 1859 692 1885 maxime
707 1858 834 1894 fugienda
846 1859 1009 1894 vitandaque

214 1897 266 1923 est.
290 1901 323 1919 ne
338 1894 546 1929 cogitationibus
562 1895 744 1927 mollissimis,
765 1895 860 1930 quales
874 1896 1009 1923 interdum

214 1929 317 1964 perdite
330 1935 449 1957 amantes
461 1933 599 1966 suscipere
615 1932 714 1964 solent,
737 1933 853 1959 nimium
868 1933 1010 1967 perturbe-
1036 1955 1038 1959 .

214 1975 275 1993 mur
286 1971 312 1993 et
322 1967 517 1995 effeminemur.
558 1970 599 1996 44.
620 1968 691 2001 Quin
707 1971 797 2004 potius
807 1978 855 1996 nos
867 1970 900 1996 ad
912 1971 1010 1997 Home-

214 2004 267 2030 rica
279 2010 418 2039 praecepta
429 2005 589 2032 referamus:

253 2040 334 2068 Corde
342 2051 389 2075 aye
399 2045 436 2068 sis
448 2044 530 2075 firmo,
544 2052 590 2070 nec
600 2048 623 2069 te
632 2045 749 2070 submitte
758 2045 856 2070 dolori:

250 2087 359 2112 namque
369 2081 470 2113 aliquid
479 2083 586 2113 gyrat-ius
594 2083 716 2114 peiusque
725 2083 867 2115 aliquando
878 2083 969 2108 tulisti.

214 2115 298 2142 Nemo
308 2115 434 2143 videlicet
445 2125 556 2143 suorum
568 2117 662 2144 funera
672 2119 822 2153 experitur,
840 2119 884 2145 cui
897 2128 948 2146 non
960 2119 1009 2146 ad-

214 2161 291 2179 versa
302 2153 385 2179 multa
396 2158 472 2180 antea
483 2155 655 2190 contigerint;
669 2155 705 2181 ita
717 2156 799 2182 variis
809 2156 884 2182 omni
894 2164 927 2183 ex
934 2161 1008 2191 parte

213 2190 391 2217 incommodis
407 2191 524 2218 humana
536 2196 630 2218 natura
640 2192 820 2219 concluditur.
860 2193 914 2220 Cur
925 2194 1008 2229 igitur

211 2228 343 2262 graviora,
357 2227 399 2254 vel
411 2233 481 2254 certe
492 2237 576 2264 aeque
587 2230 679 2265 gravia
692 2229 793 2257 sortiter
801 2239 908 2265 passus,
921 2239 1007 2266 quum

212 2265 331 2291 maxime
344 2265 503 2292 occalluisse
518 2271 544 2293 et
558 2266 591 2293 ad
602 2266 720 2293 dolorem
733 2276 834 2294 novum
844 2268 1007 2295 obduruisse

211 2301 333 2333 deberet,
356 2301 521 2337 despondeat
531 2305 666 2335 animum,
685 2313 768 2339 seque
780 2306 893 2331 maerori
905 2305 1007 2332 tradat‘?

211 2338 288 2370 Quod
303 2340 382 2366 etiam
398 2340 530 2367 iniustum
551 2349 623 2372 esse,
645 2341 736 2376 paullo
756 2347 816 2368 ante
836 2342 1004 2369 dicebamus.

211 2375 309 2403 Natura
321 2377 393 2403 enim
404 2386 514 2404 usuram
526 2378 605 2404 nobis
616 2379 686 2405 vitae
699 2378 787 2410 dedit,
805 2384 942 2414 tamquam
958 2388 1007 2415 pe-

211 2414 315 2440 cuniae.
329 2413 401 2440 nulla
413 2415 552 2449 praefinita
563 2415 616 2442 die.
638 2415 715 2448 Quod
726 2417 760 2447 si,
772 2425 858 2451 quum
869 2416 943 2448 libet,
956 2426 1005 2443 sua

211 2451 314 2484 repetit,
327 2459 356 2477 ea
367 2452 520 2478 conditione
531 2453 708 2484 commodata,
723 2457 754 2479 ut
764 2454 928 2480 restituenda
939 2455 1002 2485 sint,

1036 303 1037 311 1

227 341 296 358 mor«
312 332 412 357 inlitum
429 330 460 356 ad
477 330 526 355 alin
545 330 598 355 loru
615 330 766 364 patefac-int,
785 331 816 356 ail
832 340 877 356 eos
890 333 979 357 venire
991 337 1016 357 et
1036 288 1045 367 pl

225 378 284 395 rum
299 369 331 394 iis
342 376 486 402 esst—,quos
496 372 521 393 et
533 368 648 394 maxime
660 367 754 396 dilexi,
768 373 792 394 et
805 377 951 403 numquam
964 378 1015 394 non
1044 376 1045 397 1

225 406 336 440 diligere
348 414 377 431 nc
390 404 497 430 laudare
509 413 629 438 possum.
652 404 690 430 Ad
705 414 776 431 meos
788 410 876 431 autem
886 410 911 432 et
922 405 1015 432 affines
1044 429 1045 433 ,

513 1597 663 1632 Τυφηυάο
678 1606 750 1624 emm
766 1607 842 1633 μειοῖ
854 1598 1007 1625 eSldOlm-e-
1031 1621 1033 1650 l
1062 1641 1146 1663 totum
1163 1636 1212 1663 hoc
1227 1637 1262 1662 ita
1279 1636 1337 1663 leve
1351 1641 1404 1667 est,
1425 1637 1515 1671 qualia
1531 1641 1595 1663 sunt
1609 1645 1653 1667 ea,
1676 1645 1745 1671 quae
1756 1641 1856 1671 puncto

1043 407 1045 421 l

1043 435 1045 448 l

1042 459 1045 471 l

1043 489 1045 503 1

1043 520 1045 529 “
1067 526 1093 543 re
1105 518 1266 552 caritateque
1278 518 1409 551 provenit.

211 2494 259 2512 cur
273 2488 430 2515 accusatur‘.>
449 2493 508 2521 aut,
530 2498 579 2516 cur
596 2499 647 2516 non
667 2491 756 2524 potius
777 2495 886 2517 naturae
904 2492 1004 2526 gratias

210 2523 282 2558 agiS,
295 2525 380 2558 quod,
394 2534 479 2561 quum
490 2527 570 2553 citius
581 2527 726 2562 potuisset,
743 2527 845 2554 tardius
857 2529 1002 2562 repetierit,

209 2568 305 2594 quam,
322 2562 394 2595 quod
405 2563 550 2598 aliquando
560 2565 708 2599 repetierit,
725 2565 825 2591 iniusta
839 2565 947 2600 querela
961 2566 1005 2592 in-

210 2597 349 2632 sequeris?
369 2600 409 2626 45.
425 2600 532 2627 Certum
543 2606 583 2628 est
593 2602 675 2633 enim,
689 2610 742 2628 non
753 2601 893 2629 habitandi
904 2601 1001 2634 locum,

209 2634 257 2660 sed
267 2636 450 2663 commorandi
464 2637 649 2665 deversorium
662 2638 741 2665 nobis
754 2647 814 2666 esse
828 2647 1001 2666 concessum:

210 2679 224 2697 e
234 2679 288 2707 quo
298 2680 383 2707 quum
396 2673 543 2709 migramus
551 2695 557 2706 ,
576 2675 677 2703 alacres
693 2681 830 2712 tamquam
841 2685 875 2704 ex
886 2676 1003 2713 hospitio

787 151 845 176 283,
878 149 912 175 M.
944 150 974 176 Τ,
1009 149 1284 176 ClCERONlS

1069 221 1236 246 miseriarum
1253 225 1332 255 aujue
1349 220 1577 248 incommodorum
1593 221 1751 256 plenissimo
1765 223 1857 257 egredi

1067 257 1210 287 debemus,
1227 266 1256 283 ae
1269 257 1413 283 laetissimo
1424 259 1513 284 animo
1523 258 1556 284 ad
1568 258 1683 285 suturam
1698 262 1777 286 vitam
1791 266 1858 286 tam-

1067 303 1147 329 quam
1170 294 1202 320 ad
1224 296 1334 329 patriam
1355 295 1469 321 evolare.
1509 295 1585 327 Quod
1602 297 1734 331 sapientes
1751 306 1777 323 re
1800 306 1856 331 ipsa

1068 333 1231 366 praestitisse
1252 337 1441 358 memorantur.
1487 332 1604 359 Profecto
1626 335 1712 363 enim,
1744 335 1767 360 ni
1790 333 1857 368 quid

1067 374 1115 398 ent,
1128 369 1198 403 quod
1212 370 1354 395 morientes
1365 369 1508 403 perturbet,
1525 375 1570 395 aut
1582 371 1751 397 morientium
1764 371 1858 397 aflines

1069 406 1162 431 liabent
1174 405 1310 435 sollicitos,
1321 406 1346 432 id
1355 411 1436 432 totum
1449 412 1493 432 aut
1503 416 1536 433 ex
1549 407 1613 433 falsa
1625 408 1741 442 quadam
1752 409 1858 443 opinio-

1069 452 1100 469 ne
1111 444 1207 473 oritur,
1220 443 1291 478 quod
1305 444 1373 469 vitae
1386 443 1466 470 huius
1479 453 1557 470 usum
1570 445 1652 471 nimis
1667 445 1759 471 utilem
1773 454 1802 471 ac
1815 447 1857 471 iu-

1066 479 1184 506 cundum
1195 480 1364 510 arbitremur,
1373 486 1417 507 aut
1427 489 1461 508 ex
1473 482 1556 507 nimio
1568 482 1593 508 in
1601 483 1857 517 nosmetipsos-mo-

1450 518 1502 544 Sed
1513 519 1666 553 opinionem
1680 519 1762 547 illam.
1775 529 1856 554 quam
1878 542 1885 552 ,

1067 556 1181 581 rationes
1192 554 1257 580 adeo
1269 556 1359 580 lirmae
1369 555 1532 585 convellunt,
1543 555 1656 582 litu-nter
1666 556 1798 591 deponere
1810 557 1857 582 de-

1067 592 1175 624 l›emus;
1198 592 1231 618 ab
1247 592 1294 618 hoc
1307 600 1368 618 vero
1379 601 1467 619 amore
1482 594 1566 619 nimio
1582 598 1652 619 tanto
1668 594 1796 620 libentius
1810 594 1857 619 ab·

1068 629 1182 658 horrere,
1198 634 1297 664 quanto
1310 629 1476 656 indecentius
1487 635 1535 659 est,
1544 631 1614 656 vitae
1626 639 1735 657 munere
1746 630 1857 665 periun-

1066 671 1121 692 ctos
1138 666 1206 692 velle
1219 667 1298 692 etiam
1318 667 1343 692 in
1361 668 1413 693 vita
1429 667 1483 693 diis
1500 668 1592 693 invitis
1610 669 1767 694 commorari
1783 677 1856 694 com-

1067 712 1229 738 munemque
1240 704 1371 733 omnium.
1384 705 1503 739 quiante
1515 713 1562 730 nos
1574 713 1587 730 e
1600 706 1651 731 vita
1663 705 1855 734 discesserunt,

1066 741 1244 767 conditionem
1257 749 1391 768 recusare:
1405 741 1515 768 demum
1524 747 1592 768 tanta
1605 750 1663 767 esse
1677 742 1787 768 mollitie
1799 748 1856 768 tan-

1066 783 1144 813 taque
1157 778 1335 813 impudentia,
1358 784 1386 805 ut
1402 787 1433 805 ne
1450 780 1476 805 in
1494 784 1575 805 morte
1591 779 1701 814 quidem
1715 780 1856 806 confirme-

1066 824 1126 841 mur
1141 824 1170 841 nc
1186 816 1386 850 resipiscamus
1426 816 1492 842 xiil.
1515 818 1555 842 46.
1576 816 1652 848 Quod
1669 817 1692 842 si
1707 822 1856 843 nosimrum

1065 858 1175 879 mortem
1187 852 1323 882 dolemus,
1345 855 1494 888 cogitemus
1508 853 1666 888 aliquando,
1687 854 1855 880 moriendum

1066 891 1132 924 ipsis
1144 890 1242 916 fuisse:
1265 895 1375 916 mortem
1387 896 1475 917 autem
1489 892 1615 917 incertam
1627 899 1695 921 esse,
1709 892 1795 918 necin
1808 891 1856 917 ho-

1065 928 1146 953 minis
1157 928 1266 953 arbitrio
1277 928 1403 962 positam.
1426 928 1473 954 sed
1488 937 1502 954 e
1518 928 1628 954 deorum
1644 928 1778 955 voluntate
1790 937 1856 963 pen-

1064 964 1140 991 dere:
1163 973 1231 999 quos
1244 972 1305 991 vero
1318 964 1455 1000 lugemus,
1477 974 1522 992 eos
1537 974 1646 1000 quoque
1659 974 1770 992 suorum
1786 974 1856 991 mor-

1065 1006 1116 1028 tem
1129 1002 1229 1028 vidisse
1241 1007 1424 1037 patienterque
1439 1004 1547 1028 tulisse.-
1570 1002 1683 1037 ideoque
1701 1011 1750 1029 suo
1764 1011 1857 1029 exem-

1065 1039 1122 1074 plo,
1139 1039 1205 1074 quid
1218 1047 1265 1065 nos
1277 1038 1362 1066 facere
1377 1040 1472 1069 velint,
1491 1041 1657 1074 praecipere:
1680 1040 1812 1075 denique,
1829 1040 1855 1066 id

1064 1077 1136 1111 quod
1152 1076 1184 1102 ad
1199 1076 1391 1103 consolandum
1407 1077 1555 1103 maximum
1566 1086 1595 1103 ac
1608 1077 1793 1103 firmissimum
1805 1082 1854 1107 est,

1065 1122 1116 1140 non
1131 1122 1175 1140 eos
1192 1113 1268 1139 nobis
1285 1115 1391 1148 penitus
1407 1119 1511 1148 ereptos
1525 1122 1583 1140 esse
1595 1122 1643 1140 nec
1654 1123 1763 1149 prorsus
1774 1115 1856 1140 amis-

1064 1150 1172 1181 sos,sed
1184 1150 1216 1176 ad
1229 1151 1398 1185 praefinitum
1412 1156 1518 1186 tempus
1529 1161 1542 1178 a
1554 1152 1651 1177 nostris
1661 1151 1857 1178 oculisnostra-

1032 1185 1034 1191 '
1063 1197 1116 1223 que
1126 1188 1320 1214 consuetudine
1332 1194 1455 1215 remotos.
1488 1190 1528 1215 47.
1541 1189 1641 1224 Itaque.
1653 1197 1738 1223 quum
1749 1189 1782 1215 ad
1793 1197 1856 1215 eum

1064 1226 1133 1251 vitae
1140 1225 1382 1260 terminum,quem
1399 1231 1490 1252 natura
1502 1227 1683 1261 praescripsit,
1692 1235 1739 1252 nos
1747 1234 1856 1262 quoque

1064 1264 1280 1297 pervenerimus,
1297 1264 1386 1289 statim
1398 1272 1490 1290 eorum
1501 1263 1723 1290 consuetudinem
1735 1269 1856 1299 regusta-

1064 1300 1154 1326 bimus
1170 1305 1194 1326 et
1204 1300 1236 1326 ad
1248 1301 1438 1327 suavissimam
1451 1300 1493 1327 vel
1504 1300 1726 1327 consuetudinem
1738 1301 1779 1327 vel
1791 1310 1856 1328 con-

1064 1339 1165 1364 victum
1178 1337 1338 1364 redibimus.
1360 1338 1470 1365 Mortem
1482 1339 1540 1365 suis
1551 1338 1673 1364 acerbam
1685 1347 1856 1373 amaramque

1063 1375 1090 1401 in
1103 1374 1240 1401 moriendo
1251 1383 1319 1406 esse,
1328 1375 1450 1402 nonnulli
1461 1376 1624 1405 existimant,
1641 1381 1720 1410 atque
1732 1376 1792 1402 ideo
1803 1375 1856 1402 for-

1063 1418 1131 1439 tasse
1142 1412 1345 1447 perturbantun
1359 1413 1431 1448 quod
1443 1421 1485 1439 me
1495 1412 1738 1448 quidem.sublatis
1749 1413 1857 1449 gravio·
1871 1412 1876 1416 '

1063 1450 1138 1476 ribus
1148 1449 1256 1476 dolendi
1267 1450 1380 1480 caussis.
1388 1458 1456 1485 quas
1467 1451 1520 1476 iam
1531 1451 1664 1484 superiori
1674 1450 1857 1485 disputatione

1063 1487 1215 1518 reiecimus,
1229 1487 1341 1513 minime
1352 1489 1436 1523 angit.
1470 1488 1529 1522 lpse
1539 1488 1611 1514 enim
1623 1486 1760 1514 discessus
1771 1488 1855 1514 animi

1062 1533 1075 1551 a
1085 1533 1194 1559 corpore
1206 1524 1249 1550 vel
1260 1533 1322 1550 cum
1337 1525 1424 1555 nullo,
1440 1525 1482 1551 vel
1496 1529 1566 1551 certe
1577 1533 1638 1551 cum
1651 1525 1756 1551 modico
1765 1524 1856 1551 dolore

1063 1562 1103 1592 fit,
1125 1567 1150 1588 et
1166 1561 1300 1588 interdum
1315 1562 1374 1588 sine
1389 1570 1485 1589 sensu:
1506 1570 1708 1597 nonnumquam
1720 1562 1813 1591 etiam.
1830 1562 1854 1588 si

1062 1604 1130 1625 recte
1141 1599 1272 1634 sapimus,
1285 1608 1348 1625 cum
1359 1599 1504 1634 voluptate.
1539 1601 1580 1625 48.
1599 1599 1651 1626 Sed
1662 1599 1798 1634 quidquid
1809 1599 1853 1629 sit,

1063 1674 1190 1708 temporis
1211 1673 1287 1700 fiunt.
1327 1674 1396 1705 Nec,
1418 1674 1442 1700 si
1458 1682 1529 1700 mors
1546 1673 1638 1709 paullo
1654 1673 1758 1709 longior
1772 1673 1855 1700 alicui

1061 1712 1210 1746 contingat,
1231 1710 1430 1746 desperandum
1446 1717 1487 1738 est
1505 1711 1538 1737 de
1557 1711 1669 1737 deorum
1690 1716 1856 1745 naturaeque

1061 1748 1240 1783 benignitate,
1261 1749 1328 1783 quin
1344 1756 1375 1775 eo
1389 1756 1498 1783 quoque
1513 1753 1631 1782 tempore
1642 1752 1828 1782 properantem
1840 1755 1855 1774 e

1062 1786 1115 1812 vita
1135 1785 1273 1811 discedere
1293 1784 1400 1812 foveant
1413 1790 1493 1820 atque
1508 1785 1633 1812 allevent.
1673 1784 1757 1811 Cuius
1773 1785 1811 1811 rei
1826 1785 1854 1811 in

1061 1822 1238 1849 morientibus
1253 1823 1412 1857 saepissime
1426 1823 1503 1858 signa
1518 1823 1630 1848 minime
1644 1821 1727 1848 dubia
1739 1830 1855 1848 cernun-

1060 1864 1116 1886 tur:
1139 1867 1238 1894 quum,
1252 1859 1326 1886 velut
1336 1868 1350 1885 e
1361 1868 1455 1886 somno
1466 1860 1560 1890 exciti,
1573 1868 1628 1894 quo
1637 1864 1755 1894 tempore
1766 1864 1854 1885 extre-

1061 1905 1135 1923 mum
1149 1897 1275 1931 spiritum
1292 1896 1391 1923 edituri
1406 1902 1482 1926 sunt.
1505 1898 1540 1923 ita
1554 1896 1702 1932 gaudentes
1717 1901 1743 1923 et
1753 1895 1854 1922 alacres

1060 1935 1204 1969 aspiciunt,
1218 1939 1245 1960 ut
1259 1933 1437 1960 libentissime
1448 1933 1552 1960 iudices
1563 1941 1577 1960 e
1589 1934 1642 1960 vita
1653 1933 1797 1968 proficisci.
1810 1934 1852 1960 49.

1059 1971 1238 2003 Quamobrem
1245 1979 1278 1997 ne
1290 1971 1354 1997 haee
1364 1971 1476 2007 quidem
1487 1971 1571 1997 ullam
1581 1979 1695 2006 aequam
1705 1970 1804 1997 doloris
1813 1970 1854 1997 af—

1061 2008 1127 2034 ferre
1148 2016 1272 2034 caussam
1292 2013 1417 2043 possuntg
1440 2009 1487 2043 qui
1501 2013 1572 2035 certe
1589 2007 1808 2043 comprimendus
1823 2016 1854 2034 ac

1061 2045 1224 2072 minuendus
1235 2050 1288 2076 est,
1305 2045 1392 2081 quod,
1409 2046 1489 2072 etiam
1500 2047 1524 2072 si
1535 2045 1618 2075 nolis,
1635 2050 1753 2080 tempore
1764 2049 1852 2072 tamen

1060 2084 1118 2118 ipso
1129 2087 1289 2110 extenuatur
1299 2088 1325 2109 et
1334 2083 1483 2109 evanescit:
1499 2091 1561 2114 non,
1569 2082 1642 2118 quod
1655 2081 1794 2109 minuendi
1804 2082 1853 2109 do-

1060 2119 1123 2147 loris
1134 2120 1213 2146 visin
1225 2121 1282 2155 ipsa
1293 2120 1337 2147 die
1348 2121 1434 2155 posita
1445 2121 1493 2151 sit,
1511 2119 1558 2146 sed
1573 2119 1645 2155 quod
1660 2128 1727 2146 usus
1738 2120 1797 2154 ipse
1807 2127 1853 2146 oo-

1058 2158 1206 2193 gitatioque
1217 2157 1339 2184 diuturni
1349 2158 1477 2192 temporis
1487 2157 1588 2187 doceat,
1597 2156 1730 2183 nihilesse
1742 2157 1769 2183 in
1781 2165 1853 2183 mor-

1059 2200 1083 2221 te
1096 2193 1169 2224 mali,
1182 2193 1297 2230 ideoque
1309 2194 1404 2221 leviter
1414 2200 1440 2221 et
1450 2196 1581 2229 patienter
1591 2193 1738 2220 ferendam.

1113 2231 1184 2258 XIV.
1205 2233 1247 2258 50.
1269 2231 1322 2258 Sed
1334 2237 1410 2267 turpe
1421 2232 1590 2267 stultumque
1599 2236 1640 2258 est
1650 2231 1767 2263 homini,
1780 2237 1851 2259 tanta

1058 2273 1166 2304 tamque
1173 2269 1246 2295 varia
1254 2277 1343 2295 rerum
1353 2270 1504 2305 cognitione
1515 2270 1654 2299 instructo.
1663 2277 1715 2295 non
1727 2278 1740 2295 a
1751 2278 1781 2296 se
1792 2270 1851 2304 ipso

1057 2306 1146 2340 potius
1158 2311 1360 2341 mature‚quam
1371 2315 1430 2332 sero
1440 2306 1474 2332 ab
1485 2315 1537 2333 usu
1547 2311 1573 2332 et
1583 2307 1741 2342 cogitatione
1750 2306 1850 2333 doloris

1057 2343 1174 2369 remedia
1189 2348 1357 2378 exspectare:
1379 2352 1449 2379 quae
1464 2348 1517 2370 tam
1533 2343 1608 2370 firma
1623 2349 1701 2374 sunt,
1721 2348 1751 2370 ut
1763 2344 1850 2370 nemi-

1057 2388 1118 2406 nem
1129 2380 1184 2406 fore
1195 2386 1298 2415 putem,
1306 2389 1386 2415 quem
1394 2389 1446 2407 non
1456 2381 1629 2407 vehementer
1639 2388 1691 2407 non
1703 2381 1796 2407 iuvent
1806 2389 1850 2407 so-

1057 2417 1123 2448 lum,
1138 2417 1185 2443 sed
1196 2418 1276 2444 etiam
1288 2422 1470 2453 permoveant.
1509 2418 1578 2444 Mihi
1589 2426 1652 2443 vero
1662 2426 1694 2444 eo
1704 2418 1790 2453 magis
1801 2426 1849 2444 ne-

1055 2455 1170 2481 cessaria
1181 2454 1297 2486 suerunt,
1306 2463 1360 2490 quo
1371 2455 1477 2489 turpius
1488 2456 1579 2481 visum
1589 2458 1668 2485 esset,
1681 2462 1732 2485 me,
1745 2455 1793 2489 qui
1804 2463 1850 2481 eo-

1055 2497 1125 2518 teros
1141 2493 1358 2519 constantissime
1373 2492 1525 2519 consolatus
1535 2500 1622 2518 essem
1630 2512 1636 2522 ‚
1651 2492 1679 2518 in
1689 2500 1748 2518 meo
1758 2491 1849 2518 dolore

1055 2529 1154 2555 iacere:
1177 2538 1283 2564 voxque
1293 2528 1339 2556 illa
1350 2529 1487 2560 exaudiri,
1504 2534 1530 2555 et
1543 2528 1653 2556 fortasse
1663 2536 1716 2555 non
1727 2529 1850 2555 immeri-

1054 2571 1089 2597 to,
1102 2566 1242 2601 potuisset,
1254 2567 1361 2593 Hicct'ne
1370 2568 1414 2592 tue
1424 2566 1525 2597 Cicero,

1107 2618 1145 2623 —
1156 2606 1229 2630 cuius
1239 2606 1269 2630 ob
1279 2612 1307 2630 os
1319 2604 1396 2630 Graiu·
1405 2606 1452 2630 om
1461 2604 1622 2630 obvertebant
1631 2603 1694 2628 sua!

1053 2639 1106 2666 Sed
1126 2649 1174 2667 nos
1194 2640 1365 2676 philosophia
1381 2640 1511 2667 adversus
1525 2647 1618 2666 omnes
1633 2638 1676 2665 vel
1696 2644 1846 2675 temporum

1054 2677 1096 2704 vel
1113 2677 1234 2704 fortunae
1248 2677 1291 2705 vel
1308 2683 1417 2705 naturae
1435 2676 1549 2704 insidias
1568 2676 1700 2704 munivit:
1721 2685 1790 2713 quae
1809 2677 1847 2704 ita
