1941 3052
247 171 277 195 ⁴0
826 171 849 194 ti.
887 170 919 194 tt.
955 170 983 195 T.

247 238 345 265 Deinde
359 239 381 265 si
396 239 547 264 constitutio
561 242 585 264 et
600 239 657 272 ipsiu
671 243 695 264 ct
707 247 766 272 parit
777 239 835 264 vius
846 239 981 274 quaelibet
994 240 1035 265 in-

246 277 370 303 tontionis
388 276 510 310 depulsio
528 280 575 306 cst,
596 284 664 310 quim
679 277 831 302 intentionis
846 275 968 310 ‹lt-pulsio
983 286 1033 302 non

246 318 294 344 est,
311 322 339 339 ea
355 323 401 340 mec.
415 313 567 339 constitutio
583 322 628 338 ncc-
644 322 703 347 pars
717 314 914 339 conmutationis
928 318 976 338 cst.
1003 314 1034 339 Λῑ

246 352 277 380 ni,
294 359 362 385 quat*
377 351 529 377 intentionis
543 350 664 383 tlt-pulsio
680 359 729 375 non
745 355 829 379 usuca
845 359 892 375 ιιι-ιτ
906 351 1035 375 constitu-

246 388 281 413 tio
301 397 347 414 nec
367 397 427 422 pars
445 388 640 413 coristitutiouis
660 392 706 416 cst,
728 387 916 412 ‹lcinunstratio
930 392 954 412 ct
968 387 1035 413 dcli-

247 425 345 452 horatio
361 434 445 459 neque
459 424 620 452 constitutio,
638 433 684 449 ιιι-ι·
699 433 758 457 pars
773 425 970 449 conmutationis
984 429 1032 450 cst.

247 462 274 487 Si
295 462 375 496 igitur
393 462 552 490 constitutio,
573 465 596 485 ‹·t
613 461 668 494 ipsa
684 465 707 485 ct
723 470 783 494 pars
797 462 864 489 cius.
882 462 1034 487 intentionis

246 500 369 532 depulsio
383 504 435 528 cst,
464 498 617 523 ‹lt-libcratio
632 502 655 522 ct
670 497 858 523 ‹lvrnonstratio
874 507 958 532 nequo
972 507 1034 524 con-

247 537 357 567 stitutio,
375 545 460 570 iit-qno
475 544 534 569 pars
548 535 744 560 constitutionis
759 539 807 560 cst.
846 535 931 561 l'lacct
946 540 1033 562 unu-m

246 575 311 609 ipsi,
337 573 550 598 constitutitmcm
576 571 728 597 intentionis
751 581 810 597 csse
833 572 1032 606 ‹lt-pulsioncin3

248 612 347 646 placcat
362 611 442 642 igitur
455 613 555 643 oportet
570 608 819 635 ‹lcnionstrationem
831 615 856 635 ct
866 610 1035 635 ‹trinu—ratio-

248 658 306 675 nem
323 656 372 673 non
387 655 445 671 esse
459 646 682 676 constitutioni-m,
693 655 739 671 ncc
754 651 853 680 partem
868 647 1035 673 constitutio-
1056 655 1057 658 ’

248 687 298 712 nis.
321 685 406 718 Atque
421 684 468 709 lioc
483 683 573 708 codem
590 683 735 715 urgebitur,
748 684 804 709 siv(-
818 685 1033 710 constitutionem

248 723 359 757 primam
378 729 487 746 caussae
505 721 664 745 accusatoris
683 721 907 747 confirmationem
927 722 1032 752 dixerit,

246 761 303 785 sive
326 758 472 784 defensoris
495 757 606 792 primam
631 758 856 791 ‹lt-precationem,
890 767 949 784 nam
973 768 1034 784 cum

247 796 338 822 cadem
352 796 439 821 onmia
455 794 619 820 incommoda
634 800 789 829 sequentur.

304 835 344 859 tt.
369 832 466 858 Deinde
479 832 664 858 coniecturalis
678 841 772 857 caussa
788 842 838 858 non
854 836 939 867 potest
953 832 1033 858 simul

247 880 280 897 cx
301 870 392 896 eadem
416 873 496 904 parte,
521 868 612 894 codem
636 869 661 894 in
684 878 780 902 ,arctiore
798 874 822 896 ct
848 869 1034 895 coniecturalis
1056 872 1057 879 ¹

247 916 304 934 esse
322 912 347 933 ct
365 907 509 933 definitiva.
544 906 645 931 Rursus
665 915 711 932 nec
729 907 864 933 definitiva
879 916 972 933 caussa
988 915 1035 941 po-
1056 910 1065 918 '¹

247 949 297 971 test
311 944 391 971 simul
410 953 443 970 ex
460 943 550 969 eadem
566 948 646 977 parte,
663 943 753 969 eodem
770 945 796 970 in
810 953 914 979 genere,
931 948 955 970 et
970 944 1035 970 deti-

247 983 330 1008 nitiva
352 990 410 1007 esse
432 985 455 1006 et
479 980 608 1006 tralativa.

247 1020 282 1045 tio
301 1028 348 1045 nec
366 1028 426 1053 pars
447 1018 641 1043 constitutionis
661 1023 745 1052 potest
763 1018 843 1044 simul
859 1023 883 1044 et
897 1027 972 1044 suam
989 1019 1036 1044 lia-

248 1057 308 1082 bere
326 1060 351 1082 et
369 1055 478 1081 alterius
496 1055 522 1081 in
537 1063 564 1080 se
579 1055 632 1081 vim
647 1056 794 1087 continere;
823 1056 882 1082 idco
896 1056 968 1090 quod
983 1065 1035 1081 una
1057 1063 1058 1067 ¹

247 1102 369 1128 quaeque
387 1102 420 1119 ex
438 1101 466 1118 se
484 1097 508 1118 et
526 1100 559 1118 ex
573 1101 621 1118 sua
636 1097 728 1118 natura
742 1093 900 1127 simpliciter
913 1093 1036 1119 conside·
1057 1107 1065 1122 ,κ

247 1135 331 1163 ratur,
358 1129 436 1156 altera
451 1134 595 1164 assumpta,
613 1139 740 1156 mnnerus
754 1131 973 1157 constitutionum
985 1130 1036 1156 du-

246 1168 368 1203 plicatur,
385 1176 435 1194 non
451 1167 491 1193 vis
505 1167 701 1193 constitutionis
716 1172 836 1203 augetur.
858 1168 891 1194 At
905 1167 1036 1194 delibera-

246 1206 299 1232 tiva
317 1213 411 1231 caussa
429 1203 509 1230 simul
528 1213 561 1230 ex
579 1204 670 1231 eadem
689 1209 770 1239 parte,
788 1205 880 1231 eodem
896 1205 924 1231 in
938 1213 1035 1240 genere

246 1248 271 1269 et
285 1241 488 1269 coniecturalem
503 1246 528 1267 et
541 1242 691 1277 generalem
710 1246 735 1268 et
755 1242 919 1269 definitivam
939 1247 963 1268 et
983 1247 1036 1269 tra-

247 1280 353 1306 lativam
368 1279 434 1306 solet
448 1279 544 1305 habere
553 1280 778 1310 constitutionem,
787 1284 811 1306 et
821 1288 901 1306 unam
913 1279 1036 1314 aliquan-

245 1317 278 1344 do
292 1322 318 1344 et
331 1317 421 1352 plures
436 1325 647 1351 nonnumquam.
680 1317 750 1352 Ergo
764 1318 822 1352 ipsa
837 1326 923 1352 neque
936 1318 1036 1344 consti-

246 1355 312 1381 tutio
326 1359 430 1385 est,nec
444 1363 504 1389 pars
518 1355 725 1380 constitutionis.
741 1354 813 1381 Idem
828 1355 854 1381 in
869 1355 1035 1381 demonstra—

245 1393 315 1419 tione
325 1392 391 1418 solet
402 1400 453 1418 usu
465 1392 564 1418 venire.
577 1392 679 1418 Genera
689 1392 781 1427 igitur,
794 1397 822 1418 ut
833 1397 892 1418 ante
904 1392 1032 1423 diximus,

245 1429 310 1456 haec
332 1438 487 1455 caussarum
511 1429 629 1463 putanda
651 1433 722 1460 sunt,
748 1438 800 1456 non
819 1434 906 1464 partes
921 1429 1035 1455 alicuius

244 1467 450 1493 constitutionis.
485 1466 530 1492 XI.
550 1467 620 1493 Haec
638 1475 700 1502 ergo
713 1467 876 1498 constitutio,
892 1475 973 1501 quam
987 1475 1035 1501 ge-

245 1503 359 1530 neralem
374 1504 551 1534 nominamus,
569 1508 655 1538 partes
670 1503 745 1529 nobis
760 1503 866 1530 videtur
875 1503 942 1530 duas
953 1504 1036 1530 habe-

244 1549 280 1572 re,
296 1540 472 1567 iuridicialem
487 1545 512 1566 et
526 1540 694 1576 negotialem.
716 1540 876 1566 Iuridicialis
887 1541 970 1572 est,in
981 1550 1034 1576 qua

244 1579 322 1613 aequi
340 1582 365 1604 et
382 1578 469 1613 iniqui
487 1582 588 1609 natura,
609 1583 654 1604 aut
672 1578 782 1612 praemii
797 1583 843 1604 aut
857 1586 956 1613 poenae
970 1579 1034 1605 ratio

243 1616 393 1650 quaeritur,
410 1615 557 1651 negotialis,
574 1616 601 1641 in
615 1624 676 1650 qua,
693 1615 759 1650 quid
773 1616 840 1642 iuris
850 1624 884 1642 ex
893 1615 966 1642 civili
978 1624 1036 1642 mo-

244 1662 271 1679 re
285 1657 310 1679 et
323 1653 454 1687 aequitate
468 1653 510 1683 sit,
526 1652 721 1685 consideratur,
737 1653 781 1678 cui
796 1652 948 1688 diligentiae
959 1661 1036 1687 prae—

243 1698 302 1716 esse
320 1689 391 1724 apud
409 1698 457 1716 nos
474 1689 657 1716 iurisconsulti
672 1690 867 1716 existimantur.
885 1691 925 1716 45.
941 1690 979 1717 Ac
993 1691 1035 1716 iu-

243 1727 371 1754 ridicialis
385 1726 494 1761 quidem
508 1727 567 1761 ipsa
581 1727 609 1753 in
622 1726 689 1753 duas
703 1726 874 1753 distribuitur
883 1731 979 1761 partes,
988 1727 1036 1754 ab-
1056 1742 1057 1748 ι

244 1764 358 1791 solutam
372 1768 397 1790 et
411 1765 614 1798 assumptivam.
646 1764 774 1790 Absoluta
789 1769 837 1795 est,
852 1773 920 1799 quae
934 1765 993 1799 ipsa
1006 1765 1034 1791 in

243 1810 272 1828 se
285 1801 401 1828 continet
418 1801 484 1827 iuris
499 1805 524 1827 et
537 1801 649 1827 iniuriae
663 1802 860 1835 quaestionem,
889 1803 1035 1836 assumpti-

244 1848 285 1868 va,
305 1847 373 1874 quae
392 1839 449 1873 ipsa
467 1847 501 1864 ex
517 1847 546 1864 se
560 1838 626 1864 nihil
642 1838 711 1864 firmi
725 1838 769 1865 dat
783 1838 815 1864 ad
829 1839 1032 1871 recusationem,

245 1876 308 1903 foris
322 1880 410 1902 autem
425 1875 528 1911 aliquid
541 1875 704 1902 defensionis
718 1876 840 1902 assumit.
866 1876 932 1902 Eius
946 1881 1034 1910 partes

243 1918 306 1940 sunt
328 1917 461 1948 quattuor,
487 1913 631 1944 concessio,
656 1913 766 1940 remotio
788 1913 917 1944 criminis,
943 1913 1034 1940 relatio

243 1951 371 1982 criminis,
387 1950 557 1985 comparatio.
589 1950 729 1977 Concessio
743 1955 791 1981 est,
807 1958 893 1985 quum
907 1958 968 1976 reus
982 1959 1034 1977 non

242 1988 271 2014 id
284 1988 357 2023 quod
371 1987 469 2014 factum
483 1992 523 2014 est
533 1986 660 2019 defendit,
672 1987 719 2013 sed
733 1991 762 2013 ut
775 1988 929 2023 ignoscatur
941 1992 1036 2022 postu-

244 2025 289 2051 lat.
323 2025 391 2051 Haec
408 2025 437 2051 in
450 2024 517 2050 duas
535 2029 624 2059 partes
641 2024 780 2056 dividitur,
801 2025 986 2060 purgationem
1009 2030 1035 2051 et
1062 2028 1063 2035 ¹

243 2062 464 2097 deprecationem.
495 2062 620 2097 Purgatio
634 2066 682 2092 est,
698 2070 784 2096 quum
800 2061 898 2088 factum
912 2062 1035 2088 concedi—

243 2104 295 2131 tur,
311 2099 390 2133 culpa
404 2103 564 2125 removetur.
583 2099 652 2125 Haec
665 2103 752 2133 partes
766 2098 846 2125 habet
861 2099 1035 2133 tres,impru-

243 2136 369 2167 dentiam,
385 2145 487 2167 casum,
503 2136 698 2162 necessitatem.
719 2136 872 2170 Deprecatio
886 2140 934 2167 est,
947 2145 1034 2171 quum
1062 2130 1063 2164 i

1054 2169 1064 2210 v,
1084 2173 1158 2204 ratio,
1174 2181 1242 2208 quae
1255 2173 1391 2203 iudicatio,
1406 2171 1479 2207 quod
1492 2172 1689 2198 firmamentum
1702 2179 1811 2197 caussae
1822 2171 1871 2203 sit;

243 2178 269 2200 et
282 2181 406 2208 peccasse
423 2177 448 2199 et
466 2172 587 2199 consulto
600 2181 724 2207 peccasse
739 2181 800 2199 reus
814 2181 842 2199 se
855 2173 996 2200 confitetur
1009 2180 1034 2200 et

242 2216 340 2242 tamen,
361 2214 391 2236 ut
407 2210 568 2245 ignoscatur,
589 2209 720 2244 postulat,
742 2210 815 2244 quod
827 2219 913 2246 genus
927 2219 1034 2245 perraro

243 2251 330 2283 potest
352 2247 479 2274 accidere.
510 2247 629 2273 Remotio
643 2247 763 2273 criminis
777 2251 825 2278 est,
842 2255 927 2282 quum
941 2247 969 2274 id
982 2248 1034 2274 cri-

242 2293 313 2316 men,
329 2284 401 2320 quod
414 2283 535 2314 insertur,
551 2284 584 2310 ab
598 2292 626 2310 se
640 2288 665 2310 et
679 2284 712 2310 ab
725 2292 774 2310 sua
787 2283 867 2318 culpa
880 2285 907 2310 vi
921 2289 945 2310 et
959 2289 1035 2319 pote-

243 2326 309 2348 state
326 2322 354 2348 in
373 2321 455 2348 alium
469 2329 530 2347 reus
549 2329 684 2347 removere
697 2326 815 2347 conatur.
849 2321 879 2347 Id
892 2320 1034 2356 dupliciter

243 2360 299 2385 lieri
313 2360 417 2394 poterit,
433 2359 456 2384 si
471 2362 516 2384 aut
529 2366 624 2384 caussa
637 2363 683 2384 aut
696 2357 796 2384 sactum
809 2358 837 2384 in
851 2357 933 2384 alium
948 2363 1035 2385 trans·
1062 2369 1063 2390 i

245 2396 350 2422 seretur.
385 2395 486 2422 Caussa
504 2394 669 2426 transfertur,
688 2403 774 2430 quum
792 2394 878 2421 aliena
895 2395 993 2421 dicitur
1007 2397 1034 2422 η’

243 2438 268 2459 et
282 2437 409 2467 potestate
432 2432 545 2465 factum3
574 2432 672 2458 factum
689 2437 786 2463 autem,
806 2440 891 2466 quum
906 2432 975 2458 alins
988 2437 1034 2458 aut

244 2470 369 2496 debuisse
383 2474 428 2496 aut
442 2470 561 2504 potuisse
576 2469 661 2495 facere
674 2469 782 2495 dicitur.
797 2468 898 2495 Relatio
912 2470 1033 2496 criminis
1062 2480 1063 2496 1

243 2511 291 2538 est,
307 2515 393 2541 quum
406 2506 465 2533 ideo
478 2507 536 2533 iure
550 2506 648 2533 factum
663 2506 769 2535 dicitur.
781 2505 854 2541 quod
865 2505 963 2541 aliquis
974 2511 1034 2533 ante
1055 2525 1063 2532 v.

1054 2544 1063 2565 :1
1083 2542 1206 2577 exemplo
1219 2543 1411 2569 consistamus:
1439 2541 1545 2568 Orestes
1562 2542 1586 2567 si
1603 2545 1741 2568 accusetur
1754 2541 1871 2567 matrici-

242 2544 341 2570 iniuria
361 2542 514 2570 lacessierit.
549 2543 715 2578 Comparatio
733 2548 782 2574 est,
798 2552 883 2577 quum
897 2543 971 2569 aliud
985 2543 1034 2570 ali-

243 2580 316 2615 quod
338 2579 451 2606 alicuius
475 2580 573 2606 factum
596 2585 698 2606 rectum
716 2585 761 2606 aut
775 2579 841 2606 utile
853 2580 1030 2612 contenditur,

243 2617 315 2652 qnod
329 2622 358 2643 ut
372 2617 454 2648 tieret,
469 2617 545 2648 illud,
561 2617 634 2652 quod
644 2617 772 2653 arguitur,
784 2617 882 2643 dicitur
893 2625 950 2643 esse
960 2626 1034 2644 com-

244 2663 368 2680 missum.

300 2693 339 2718 16.
363 2692 392 2718 In
419 2696 513 2726 quarta
540 2692 741 2722 constitutione,
774 2699 855 2726 quam
883 2690 1032 2718 tralativam

1020 169 1295 196 CICERONIS

1062 242 1064 267 ἱ
1087 240 1331 269 nomiiiariius,i·ius
1340 240 1536 266 constitutionis
1546 241 1873 276 estcontrovemia.quum
1907 252 1910 260 Α

1086 282 1130 302 aut
1152 286 1232 311 (μη-η]
1256 282 1300 302 aut
1318 277 1428 311 quicum
1447 282 1491 302 aut
1508 277 1641 312 quomodo
1659 282 1703 302 aut
1721 277 1792 312 apud
1805 287 1874 313 quo·
1905 279 1912 285 “

1062 315 1065 338 l
1086 318 1129 339 aut
1143 323 1197 348 quo
1212 315 1268 339 iure
1282 319 1326 340 aut
1340 323 1394 348 quo
1408 319 1524 349 tempore
1538 323 1614 349 ageri:
1627 319 1753 349 oporteat,
1769 316 1875 349 quaeri·
1909 342 1911 347 ,

1087 356 1137 379 tur,
1159 355 1203 376 aut
1221 351 1329 377 omnino
1347 351 1448 386 aliquid
1467 351 1499 377 de
1516 352 1721 378 commutatione
1739 357 1783 377 aut
1802 353 1876 378 infin

1063 405 1065 424 .‘
1087 388 1200 413 manont-
1215 389 1325 414 actionis
1339 389 1435 423 agitur.
1458 388 1542 414 liuius
1556 389 1753 415 constitutionis
1767 389 1876 416 Iit-rma·
1906 407 1909 417 v

1086 433 1162 457 goras
1177 425 1297 451 inventor
1311 434 1369 451 case
1383 425 1558 455 existimatur,
1575 435 1625 452 non
1640 435 1693 460 quo
1708 435 1758 452 non
1770 427 1810 452 usi
1823 427 1875 453 sint
1909 423 1913 453 ⁴.

1086 471 1115 486 ca
1132 467 1231 487 vett-ren
1245 467 1360 488 oratores
1375 471 1452 496 sat-pe
1463 462 1549 492 multi,
1559 462 1605 489 sed
1617 464 1679 497 quia
1692 472 1742 488 non
1755 462 1874 489 animad-

1088 504 1221 525 verterunt
1239 500 1302 525 artis
1321 500 1462 534 scriptores
1481 508 1538 525 cam
1557 500 1720 534 superiores,
1742 509 1790 526 nce
1804 505 1876 526 rctu-
1907 515 1911 522 x

1088 536 1173 561 lerunt
1193 537 1218 562 in
1238 546 1379 562 numerum
1398 537 1627 563 constitutionum.

1087 573 1135 598 linc
1159 574 1292 599 invi-utam
1313 574 1388 599 multi
1409 574 1642 608 reprehenderunt,
1665 582 1733 608 quos
1752 583 1802 600 nou
1822 579 1874 601 tam

1087 611 1264 645 imprudentia
1285 611 1338 637 salli
1359 616 1494 645 putamus,
1510 613 1561 636 (res
1575 612 1645 637 enim
1661 612 1800 646 perspicua
1814 612 1876 645 cah)

1085 656 1165 681 qnam
1185 648 1284 674 invidia
1304 654 1382 683 atquc
1400 648 1587 674 olitrcctationc
1605 649 1720 683 quadam
1740 648 1873 683 impediri.

1087 685 1141 710 xn.
1162 685 1193 710 Et
1211 686 1412 712 constitutioni-x
1426 685 1534 720 quidem
1549 691 1573 711 ct
1587 694 1677 711 earum
1693 690 1779 720 partes
1793 694 1876 720 expo-

1086 722 1204 753 suinms;
1221 722 1342 756 exempla
1358 727 1445 748 antem
1459 724 1592 757 cuiusque
1605 724 1710 755 gem-ris
1725 727 1787 749 tunc
1802 732 1876 750 com-

1087 759 1192 785 modius
1206 760 1351 793 exfmsituri
1368 760 1497 789 videmur.
1514 769 1598 795 quum
1614 761 1639 786 in
1655 769 1738 786 unum
1749 760 1875 795 quodque
1909 775 1912 783 ‹

1056 821 1057 827 ,
1085 805 1176 822 eorum
1195 801 1412 831 argumentorum
1431 798 1532 831 copiam
1548 797 1681 823 doluimus.
1714 798 1779 823 Nam
1794 806 1875 832 argu-

1056 833 1058 862 !
1087 833 1220 859 mentandi
1236 834 1300 859 ratio
1314 833 1455 859 dilucidior
1466 835 1523 863 crit,
1535 843 1619 868 quum
1631 839 1655 860 et
1667 834 1698 860 ad
1709 843 1795 869 genus
1806 839 1830 860 et
1842 834 1875 861 ad

643 981 674 1006 Et
694 982 803 1007 omnino
818 981 890 1007 nulla
905 982 1036 1007 constitu-
1056 982 1065 995 ‘¹

1086 870 1239 904 exemplum
1254 879 1364 896 caussae
1378 871 1466 896 statim
1482 872 1575 905 poterit
1590 872 1790 898 accommodari.
1902 898 1911 908 ὦ

1143 908 1182 933 47.
1208 907 1402 934 Constitutione
1423 916 1533 933 caussae
1557 913 1665 942 reperta,
1686 909 1775 934 statim
1791 908 1876 943 placet
1900 911 1910 931 -'

1085 945 1260 975 considerare,
1279 949 1367 971 utrum
1382 953 1475 971 caussa
1490 946 1523 971 sit
1537 945 1661 979 simplex,
1677 954 1709 971 an
1725 946 1826 972 iuncta:
1850 950 1876 972 et

1086 983 1108 1007 si
1133 982 1221 1008 iuncta
1245 983 1302 1011 erit.
1327 986 1418 1008 utrum
1436 983 1470 1008 sit
1488 990 1521 1008 ex
1535 982 1658 1016 pluribus
1671 983 1875 1017 quaestionibus

1087 1020 1184 1049 iuncta,
1200 1028 1232 1045 an
1247 1027 1280 1045 ex
1293 1018 1382 1054 aliqua
1392 1020 1594 1054 comparatione.
1616 1019 1736 1054 Simplex
1750 1025 1876 1055 est,quae
1900 1030 1911 1056 .;

1087 1056 1235 1082 absolutam
1249 1057 1277 1082 in
1291 1065 1319 1082 se
1333 1057 1448 1083 continet
1461 1065 1539 1083 unam
1553 1058 1746 1092 quaestionem,
1759 1057 1808 1084 hoc
1819 1066 1876 1084 mo·
1899 1054 1904 1079 ζ

1087 1093 1133 1120 do:
1150 1093 1294 1120 Corinthiis
1308 1093 1409 1120 bellum
1424 1094 1582 1124 indicamus,
1599 1103 1630 1120 an
1646 1094 1716 1121 non‘?
1729 1094 1875 1121 Coniuncta

1086 1139 1119 1157 ex
1134 1130 1258 1165 pluribus
1273 1131 1485 1165 quaestionibus,
1502 1132 1528 1157 in
1542 1140 1594 1166 qua
1610 1131 1685 1166 plura
1699 1136 1872 1166 quaeruntur,

1057 1169 1065 1197 ,l
1087 1168 1136 1194 hoc
1151 1172 1238 1202 pacto:
1262 1168 1355 1194 Utrum
1370 1168 1501 1203 Karthago
1515 1168 1643 1199 diruatur,
1659 1178 1692 1195 an
1707 1168 1876 1204 Karthagini·
1906 1174 1911 1188 ἓν

1087 1243 1229 1277 paratione,
1246 1243 1272 1268 in
1287 1251 1340 1277 qua
1354 1251 1401 1278 per
1413 1243 1616 1273 contentionem,
1627 1248 1715 1269 utrum
1725 1243 1822 1278 potius,
1830 1247 1876 1269 aut
1907 1263 1911 1267 .

1085 1280 1152 1314 quid
1176 1280 1347 1314 potissimum
1370 1280 1412 1310 sit,
1438 1281 1583 1315 quaeritur,
1608 1280 1641 1306 ad
1660 1280 1731 1306 hunc
1749 1280 1872 1306 modum:
1901 1287 1910 1315 Ἰ·

1086 1317 1179 1343 Utrum
1202 1318 1336 1344 exercitus
1358 1317 1385 1343 in
1408 1317 1587 1343 Macedoniam
1610 1322 1700 1344 contra
1718 1317 1874 1352 Philippum
1907 1331 1909 1334 ·

1086 1355 1214 1386 mittatur,
1234 1355 1282 1389 qui
1300 1355 1380 1381 sociis
1396 1355 1430 1380 sit
1444 1354 1552 1385 auxilio,
1569 1363 1601 1380 an
1616 1359 1735 1381 teneatur
1748 1355 1775 1381 in
1790 1353 1872 1385 Italia,
1900 1367 1912 1386 ,ς

1086 1396 1114 1418 ut
1137 1400 1218 1426 quam
1241 1392 1373 1418 maximae
1395 1396 1484 1418 contra
1500 1391 1674 1418 Hannibalem
1697 1392 1787 1426 copiae
1810 1392 1872 1418 sint.
1906 1399 1912 1413 ἑ

1085 1429 1184 1455 Deinde
1198 1428 1421 1455 considerandum
1435 1433 1482 1459 est,
1499 1430 1526 1455 in
1541 1429 1640 1455 ratione
1651 1438 1683 1455 an
1694 1429 1721 1455 in
1732 1429 1830 1464 scripto
1841 1429 1876 1455 sit

1056 1470 1063 1491 l.
1085 1467 1274 1492 controversia.
1308 1467 1375 1493 Nam
1393 1466 1486 1500 scripti
1503 1467 1681 1492 controversia
1699 1470 1739 1492 est
1752 1474 1790 1497 ea,
1806 1474 1875 1501 quae

1056 1509 1057 1520 ¹
1086 1512 1119 1530 ex
1132 1504 1285 1538 scriptionis
1298 1512 1394 1539 genere
1408 1504 1534 1530 nascitur.
1556 1503 1625 1530 xm.
1647 1503 1713 1530 Eius
1726 1508 1815 1530 autem
1827 1511 1875 1539 ge-

1086 1550 1156 1572 nera,
1172 1549 1241 1576 quae
1254 1545 1317 1567 sunt
1330 1546 1450 1575 separata
1463 1549 1478 1567 a
1494 1540 1739 1571 constitutionibus,
1754 1541 1876 1575 quinque
1900 1558 1910 1568 .

1085 1582 1157 1604 sunt.
1188 1579 1256 1605 Nam
1269 1586 1354 1613 quum
1368 1578 1449 1604 verba
1462 1578 1520 1612 ipsa
1533 1577 1657 1604 videntur
1669 1586 1731 1604 cum
1745 1578 1876 1604 sententia

1085 1616 1222 1650 scriptoris
1236 1615 1375 1646 dissidere,
1392 1620 1449 1641 tum
1463 1615 1531 1641 inter
1544 1623 1572 1641 se
1586 1615 1654 1641 duae
1668 1614 1740 1650 leges
1754 1619 1799 1640 aut
1813 1614 1875 1649 plu-

1056 1639 1064 1697 Ῑζ
1085 1661 1127 1679 res
1145 1653 1303 1687 discrepare,
1323 1657 1381 1678 tum
1398 1652 1435 1683 id,
1455 1651 1528 1688 quod
1541 1653 1671 1687 scriptum
1685 1656 1733 1682 cst,
1749 1651 1816 1678 duas
1829 1656 1875 1678 aut
1906 1663 1911 1673 ·

1056 1693 1063 1714 ὓ
1085 1689 1176 1724 plures
1191 1699 1232 1716 res
1245 1689 1409 1725 significare;
1425 1694 1482 1716 tum
1496 1698 1530 1715 ex
1543 1697 1581 1720 eo,
1597 1689 1669 1724 quod
1683 1689 1812 1724 scriptum
1823 1693 1872 1720 est,
1906 1706 1910 1711 -

1056 1721 1063 1732 ¹¹
1085 1726 1159 1753 aliud
1172 1735 1289 1762 quoque,
1304 1727 1378 1761 quod
1391 1735 1443 1753 non
1457 1727 1587 1761 scriptum
1601 1731 1649 1757 est,
1665 1726 1793 1758 inveniri3
1817 1730 1874 1752 tum

1056 1762 1063 1801 'g
1085 1765 1127 1790 w's
1141 1765 1225 1796 verbi,
1241 1765 1319 1799 quasi
1334 1765 1361 1790 in
1371 1764 1507 1791 definitiva
1517 1764 1714 1795 constitutione,
1723 1763 1751 1789 in
1761 1771 1815 1798 quo
1826 1771 1875 1798 po-

1056 1807 1063 1838 „
1085 1802 1135 1828 sita
1152 1802 1196 1832 sit,
1216 1802 1318 1836 quaeri.
1352 1800 1439 1833 Quare
1457 1801 1575 1836 primum
1588 1809 1674 1837 genus
1687 1800 1720 1827 de
1737 1801 1836 1835 scripto
1849 1804 1875 1826 et

1055 1839 1063 1876 ἵ]
1085 1839 1228 1871 sententia;
1254 1838 1403 1865 secundum
1421 1847 1456 1864 ex
1467 1839 1606 1864 contrariis
1623 1837 1743 1874 legibus3
1765 1838 1874 1864 tertium

1062 1881 1063 1884 ’
1085 1876 1258 1911 ambiguum;
1278 1880 1404 1910 quartum
1417 1875 1645 1907 ratiocinativum3
1668 1875 1794 1910 quintum
1809 1873 1875 1900 defi-

1085 1913 1200 1939 nitivum
1226 1913 1406 1939 nominamus.
1438 1914 1479 1938 ⁴8.
1505 1912 1581 1939 Ratio
1603 1917 1643 1938 est
1665 1916 1763 1943 autem,
1787 1919 1873 1946 quum

1062 1947 1063 1981 J
1083 1951 1172 1976 omnis
1185 1950 1306 1985 quaestio
1321 1958 1373 1976 non
1386 1950 1415 1976 in
1428 1950 1580 1985 scriptione,
1596 1949 1644 1976 sed
1656 1950 1684 1976 in
1695 1948 1785 1984 aliqua
1794 1957 1874 1984 argu-

1062 1984 1063 2024 i
1084 1987 1244 2014 mentatione
1257 1987 1388 2014 consistit.

1139 2025 1176 2050 Ac
1199 2029 1266 2056 tum,
1291 2024 1457 2051 considerato
1479 2032 1576 2059 genere
1598 2031 1708 2050 caussae
1725 2027 1751 2049 et
1768 2022 1874 2058 cognita

1055 2082 1063 2099 W
1084 2061 1282 2093 constitutione,
1297 2070 1393 2096 quum,
1408 2061 1559 2095 simplexne
1572 2069 1606 2086 an
1619 2060 1760 2086 coniuncta
1772 2060 1816 2090 sit,
1831 2059 1874 2086 in-

1062 2117 1063 2121 .
1084 2098 1219 2125 tellexeris
1233 2103 1266 2129 et,
1283 2099 1375 2133 scripti
1389 2107 1422 2124 an
1432 2098 1541 2124 rationis
1552 2097 1646 2123 habeat
1656 2097 1871 2128 controversiam,

1084 2135 1199 2169 videris;
1214 2135 1342 2170 deinceps
1355 2136 1405 2162 erit
1418 2134 1574 2165 fidendum,
1586 2142 1654 2169 quae
1667 2134 1885 2169 quaestio,quae·
1896 2168 1897 2171 Ἴ

1062 2233 1063 2238 ,
1083 2218 1153 2245 quae
1175 2210 1264 2236 omnia
1286 2218 1301 2236 a
1323 2209 1510 2236 eonstitutione
1537 2208 1736 2243 proficiscantur
1759 2211 1871 2242 oportet.

1062 2242 1063 2286 l
1084 2247 1209 2279 Quaestio
1230 2251 1270 2273 est
1283 2255 1322 2278 ea,
1347 2255 1416 2281 quae
1435 2254 1469 2272 ex
1485 2245 1650 2272 conflictione
1663 2253 1818 2271 caussarum
1830 2245 1874 2281 gi—

1062 2290 1063 2321 t
1083 2284 1175 2320 guitur
1187 2284 1375 2314 controversia,
1387 2283 1436 2309 hoc
1451 2283 1542 2309 modo:
1557 2283 1616 2309 Non
1628 2283 1686 2308 iure
1700 2281 1799 2314 fecisti;
1813 2282 1873 2308 iure

1062 2327 1063 2343 t
1084 2321 1144 2347 feci.
1179 2320 1340 2347 Caussarum
1361 2325 1451 2346 autem
1469 2320 1534 2347 haec
1554 2324 1594 2346 est
1615 2317 1754 2350 conflictio,
1777 2319 1872 2354 inqua

1061 2346 1063 2368 ¹
1083 2358 1238 2384 constitutio
1251 2362 1362 2384 constat.
1395 2357 1437 2383 Ex
1454 2366 1483 2383 ea
1497 2357 1579 2393 igitur
1591 2356 1709 2382 nascitur
1721 2360 1873 2382 controver-

1055 2402 1063 2425 ,η
1083 2395 1132 2426 sia,
1151 2403 1234 2429 quam
1251 2395 1435 2429 quaestionem
1453 2394 1577 2424 dicimus,
1596 2393 1646 2420 hoc
1659 2392 1751 2420 modo:
1778 2393 1872 2420 Iurene
1890 2391 1895 2395 '

1055 2426 1063 2467 l}
1085 2431 1193 2458 fecerit‘?
1212 2432 1287 2458 Ratio
1301 2436 1341 2458 est
1354 2440 1392 2463 ea,
1409 2439 1478 2466 quae
1490 2431 1606 2457 continet
1619 2438 1750 2461 caussam,
1765 2437 1834 2465 quae
1847 2429 1872 2456 si
1888 2445 1894 2464 5

1084 2468 1188 2495 sublata
1202 2469 1246 2499 sit,
1263 2468 1331 2495 nihil
1344 2469 1372 2495 in
1387 2477 1481 2494 caussa
1491 2467 1684 2494 controversiae
1694 2463 1868 2502 relinquetur,
1894 2486 1897 2493 .

1083 2505 1133 2532 hoc
1156 2505 1243 2537 modo,
1272 2510 1301 2532 ut
1314 2505 1427 2532 docendi
1439 2513 1533 2531 caussa
1549 2505 1577 2530 in
1594 2503 1664 2530 facili
1677 2508 1702 2530 et
1715 2503 1870 2540 pervulgato
1893 2516 1898 2542 ,⁴

1083 2579 1130 2610 dii,
1146 2580 1199 2606 nisi
1213 2579 1263 2606 hoc
1275 2579 1359 2606 dicat:
1375 2580 1433 2605 Iure
1446 2578 1510 2610 teci3
1526 2578 1571 2604 illa
1584 2578 1656 2604 enim
1669 2582 1770 2612 patrem
1779 2585 1868 2604 meum

1082 2616 1228 2643 occiderat:
1260 2625 1313 2643 non
1334 2616 1414 2642 habet
1438 2615 1630 2642 defensionem.
1665 2614 1731 2651 [Qua
1754 2613 1867 2646 sublata.

1083 2654 1171 2680 omnis
1192 2662 1300 2689 quoque
1315 2653 1493 2680 oontroversia
1510 2651 1615 2679 sublata
1631 2650 1687 2688 sit.]
1719 2651 1789 2687 Ergo
1810 2651 1869 2677 eius
1891 2655 1894 2675 1

1083 2699 1193 2718 caussae
1206 2691 1271 2717 ratio
1285 2696 1333 2722 est,
1349 2689 1422 2725 quod
1434 2689 1481 2716 illa
1494 2689 1721 2725 Agamemnonem
1732 2687 1867 2715 occiderit.
1891 2686 1894 2692 ’

1662 537 1721 563 Post
1741 542 1827 563 autem
1842 537 1876 564 ab
1902 532 1911 550 ‘⁶

1087 1205 1197 1231 ensibus
1212 1205 1345 1237 reddatur,
1362 1214 1394 1232 au
1409 1214 1438 1232 eo
1452 1205 1554 1232 colonia
1567 1205 1723 1232 deducatur.
1749 1206 1790 1232 Ex
1802 1214 1876 1232 com·
