1941 3052
205 152 255 177 554
779 151 820 175 50.
856 149 890 174 M.

925 149 955 174 T.
989 148 1265 175 CICERONIS

208 223 335 254 llogntus,
359 221 500 250 invitatus,
523 225 641 261 coactus,
665 220 703 261 lm.
720 218 803 261 multa
820 218 852 245 ad
869 220 949 244 iatum
967 218 999 244 de
1021 220 1031 260 Ἰ
1051 219 1158 244 Gabinii
1175 219 1277 244 scelus:
1301 227 1387 253 neque
1403 219 1428 245 id
1443 220 1554 246 occulte.
1597 221 1660 246 Nam
1678 220 1768 255 paullo
1785 227 1843 247 ante

208 260 256 285 isto
268 259 384 293 scripsit,
394 263 422 284 ut
431 266 523 284 omnes
536 258 650 283 hominis
659 256 889 286 lihitlines,01nnia
897 261 998 290 stupra,

205 297 294 322 omniu
315 304 455 321 coenarum
476 303 571 327 genera
595 293 849 328 conviviorumque,
869 293 999 319 adulteria

206 334 322 368 «lenique
333 334 401 362 eius,
414 331 613 357 delicatissimis
627 331 749 356 versibus
762 331 933 364 expresserit.
955 332 998 356 Ἡ.

207 372 233 396 ln
244 370 353 404 quibus,
368 370 390 395 si
401 370 464 403 quis
476 368 546 398 velit,
562 368 645 402 possit
657 368 734 393 istius
749 372 884 402 tamquam
901 369 927 394 in
939 377 1001 403 spe—

205 407 266 433 culo
277 408 356 433 vitam
372 406 482 432 intueri:
504 414 536 431 eit
548 405 648 439 quihus
661 404 752 434 multa,
767 414 780 430 a
793 405 886 430 multis
900 405 963 431 lecta
976 411 1001 431 et

206 445 304 473 audita,
327 444 472 472 recitarem,
497 442 547 468 nisi
570 450 682 471 vererer,
701 450 732 467 nc
749 442 797 468 hoc
814 443 903 476 ipsum
914 451 1000 478 genus
1022 469 1023 478 ἵ

205 481 339 510 orationis,
361 489 414 515 quo
430 488 501 505 nunc
512 484 579 509 utor,
593 479 625 505 nb
638 479 718 505 huius
731 479 779 505 loci
793 488 864 505 more
876 480 1002 506 abhorre·
1022 510 1023 515 ¹

206 523 256 544 rot:
288 522 313 543 ct
328 517 410 543 simul
422 516 454 542 de
467 517 534 550 ipso,
547 517 595 551 qui
605 517 722 550 scripsit,
736 516 838 542 detrahi
851 517 918 543 nolo.
949 517 1000 549 Qui
1022 525 1023 529 ¹

205 556 227 581 si
250 554 344 581 fuisset
364 555 391 580 in
412 553 547 588 discipulo
561 553 740 588 comparando
761 554 870 580 meliore
885 554 998 584 fortuna,

207 592 316 618 fortasse
337 592 466 617 austerior
481 596 506 617 et
520 592 626 625 gravior
639 600 699 617 esso
711 591 855 625 potuisset:
879 592 925 618 sed
938 601 1000 618 cum

205 638 283 655 casus
303 629 330 655 in
347 629 413 654 hanc
428 628 650 655 consuetudinem
663 628 797 655 scribendi
811 629 926 659 induxit,
941 630 1001 664 phi-

207 666 316 701 losopho
337 665 414 692 valde
439 666 590 701 indignam:
613 666 748 700 siquidem
770 666 953 701 philosophia,
973 671 1001 693 ut

206 703 296 733 fertur,
314 703 420 729 virtutis
430 704 546 729 continet
557 707 582 729 et
591 703 671 729 officii
684 708 709 729 et
721 703 787 729 hene
800 704 907 730 vivendi
919 704 1001 730 disci-

207 741 320 775 plinam:
343 749 424 776 quam
440 741 487 775 qui
504 740 654 775 profitetur,
667 741 855 774 gravissimam
872 741 937 768 mihi
954 750 1001 767 su-

205 779 304 804 stinere
324 786 464 812 personam
476 778 591 804 videtur.
613 779 655 805 72.
674 778 726 804 Sed
739 778 809 804 idem
821 787 899 805 casus
911 779 998 809 illum,

206 816 343 850 ignarum,
366 815 432 850 quid
448 815 627 849 profiteretur,
654 824 739 850 quum
760 824 788 841 se
810 816 1000 851 philosophum

205 861 263 878 esse
279 853 390 883 diceret,
417 853 494 879 istius
519 853 719 887 impurissimae
730 854 1002 889 atqueintemperan-

206 891 323 916 tissimae
336 889 447 924 pecudis
458 898 540 916 coeno
554 895 580 916 ct
594 890 720 916 sordibus
735 891 897 925 inquinavit.

259 926 311 959 Qui
328 927 406 954 modo
421 936 506 962 quum
519 936 560 953 res
571 932 660 961 gestas
670 927 825 954 consulatus
838 929 889 954 mei
901 928 1002 954 collau·-

205 963 308 991 dasset:
338 964 417 999 (quae
441 964 551 999 quidem
577 965 692 991 laudatio
713 965 830 991 hominis
851 966 1000 1000 turpissimi

206 1002 334 1036 mihiipsi
347 1007 401 1028 crat
413 1010 495 1036 paene
508 1002 619 1037 turpisz)
630 1011 681 1029 non
694 1002 738 1028 illa
751 1002 807 1033 tibi,
821 1003 917 1038 inquit,
931 1004 1002 1029 invi-

205 1039 248 1065 dia
269 1039 368 1070 nocuit,
381 1039 428 1065 sed
444 1048 538 1066 versus
555 1040 604 1066 tui.
620 1055 657 1060 —
676 1040 762 1066 Nimis
774 1049 869 1075 magna
883 1049 964 1075 poena
978 1046 1001 1067 te

205 1077 314 1103 consule
334 1077 476 1103 constituta
497 1081 536 1103 est
556 1078 614 1103 sive
630 1077 699 1103 malo
715 1082 816 1112 poetae,
833 1079 891 1103 sive
908 1078 999 1104 libero.

205 1114 341 1149 Scripsisti
352 1114 438 1140 enim:
460 1123 576 1140 cenna-r
590 1123 668 1140 Anuli
682 1124 785 1141 rome.
797 1130 833 1135 —-
844 1115 914 1147 Quid
927 1115 1003 1141 tum‘?
1022 1109 1024 1122 ³

205 1151 273 1177 Haec
290 1160 332 1177 res
345 1151 392 1177 tibi
405 1150 501 1178 fluctus
516 1151 575 1178 illos
587 1152 721 1178 excitavit.
762 1151 795 1178 At
806 1152 854 1178 hoc
867 1161 1001 1187 nusquam

205 1189 299 1223 opinor
319 1189 448 1223 scriptum
465 1188 549 1215 fuisse
563 1189 590 1215 in
607 1189 652 1215 illo
663 1189 758 1224 elogio,
771 1190 843 1224 quod
857 1194 880 1216 te
891 1190 1001 1216 consule
1022 1203 1024 1214 ÷

206 1226 232 1252 in
248 1225 372 1261 sepulcro
386 1226 550 1261 reipublicae
566 1226 681 1252 incisum
696 1231 744 1257 est,
769 1236 884 1253 veniris
898 1235 1002 1254 tuum-

204 1272 261 1294 ris,
287 1273 332 1293 ur,
358 1272 434 1293 ouon
456 1264 491 1290 M.
512 1263 625 1290 thsno
642 1273 757 1291 veusuu
777 1273 917 1291 asceam:
942 1264 998 1296 sed,

204 1300 278 1335 quod
292 1300 442 1327 vindicarit.

258 1337 348 1364 XXX.
359 1339 402 1364 73.
419 1339 516 1364 Verum
533 1342 630 1368 tamen,
642 1338 769 1372 quoniam
781 1342 805 1364 te
820 1347 871 1365 non
887 1338 1002 1365 Aristar-

204 1375 295 1405 chum,
313 1375 360 1401 sed
371 1374 503 1401 Phalarim
518 1376 722 1411 grammaticum
736 1375 875 1407 habemus,
889 1377 937 1411 qui
949 1385 1000 1403 non
1022 1374 1024 1398 ’ἶ

205 1417 295 1439 notam
316 1420 434 1447 apponas
449 1412 482 1439 ad
498 1412 599 1438 malum
612 1421 729 1443 versum,
743 1413 791 1439 sed
803 1418 906 1448 poetam
919 1414 1000 1440 armis

204 1458 378 1484 persequare:
395 1450 464 1476 scire
474 1449 638 1484 cupio,quid
650 1449 756 1476 tandem
767 1450 818 1476 isto
829 1451 855 1476 in
868 1459 948 1477 versu
960 1460 1002 1477 re—
1022 1467 1024 1474 ›

204 1486 369 1521 prehendas:
396 1496 510 1513 CEDANT
532 1496 611 1513 anua
628 1496 731 1514 τοῦΑε.
772 1487 844 1513 Tuae
858 1487 941 1518 dicis,
959 1489 1003 1514 in-

204 1525 276 1558 quit,
298 1528 373 1559 togae
399 1533 538 1551 summum
562 1524 749 1559 imperatorem
768 1533 828 1551 esse
847 1533 999 1552 cessurum.

204 1561 275 1593 Quid
295 1570 366 1588 nunc
387 1565 425 1592 te,
443 1562 525 1592 asine,
545 1560 645 1587 litteras
661 1561 790 1588 doceam?
809 1562 867 1589 Non
881 1571 950 1597 opus
961 1568 1002 1589 est

204 1598 303 1630 verbis,
320 1599 367 1625 sed
379 1598 505 1625 fustibus.
545 1599 602 1625 Non
614 1599 670 1625 dixi
683 1599 751 1625 hanc
763 1603 862 1634 togam,
875 1608 927 1634 qua
939 1608 999 1626 sum

204 1636 331 1668 amictus;
354 1644 404 1662 nec
415 1644 496 1667 arma,
505 1640 612 1662 scutum
624 1640 649 1662 et
659 1636 780 1671 gladium
793 1637 874 1662 unius
886 1637 1002 1672 impera-

204 1674 282 1700 toris:
304 1673 362 1704 sed,
374 1673 447 1708 quod
459 1674 532 1708 pacis
546 1676 587 1699 est
601 1673 707 1709 insigne
721 1677 747 1699 et
761 1674 807 1699 otii
823 1678 892 1709 toga,
909 1679 1000 1700 contra

204 1715 292 1737 autem
307 1719 378 1737 arma
395 1710 528 1737 tumultus
539 1714 619 1745 atque
631 1710 708 1741 belli,
726 1715 864 1745 poetarum
879 1719 950 1737 more
963 1711 1002 1738 lo-

204 1752 292 1778 cutus,
317 1748 365 1774 hoc
386 1747 501 1783 intelligi
521 1747 604 1778 volui,
622 1747 724 1774 bellum
741 1756 771 1774 ac
783 1747 929 1774 tumultum
941 1749 1000 1783 paci

205 1789 285 1820 atque
299 1785 352 1811 otio
362 1793 563 1811 concessurum.
593 1785 636 1811 74.
649 1784 751 1816 Quaere
762 1793 796 1811 ex
807 1784 931 1811 familiari
944 1789 997 1816 tuo,

205 1821 305 1848 Graeco
315 1821 362 1848 illo
373 1826 463 1856 poeta:
495 1821 618 1857 probabit
627 1830 713 1857 genus
725 1822 815 1856 ipsum
830 1826 855 1848 et
865 1827 997 1858 agnoscet,

205 1867 292 1894 neque
304 1863 328 1885 te
343 1858 409 1885 nihil
421 1867 514 1894 sapere
525 1859 675 1885 mirabitur.
714 1859 785 1885 Atia
797 1858 879 1886 altero
890 1859 945 1891 illo,
958 1861 1001 1886 in-

204 1896 272 1931 quit,
286 1896 392 1922 haeres:
414 1905 568 1923 concerni·
585 1904 702 1922 tannes
719 1905 818 1923 nuni.
849 1897 933 1923 Immo
945 1905 1001 1923 me-

205 1933 321 1964 hercule,
341 1933 425 1959 habeo
439 1933 488 1959 tibi
499 1934 620 1968 gratiam.
661 1933 800 1959 Haererem
812 1934 893 1965 enim,
907 1935 959 1960 nisi
971 1939 999 1961 tu

205 1979 248 1997 me
267 1970 433 2005 expedisses.
474 1971 540 1996 Nam
561 1979 646 2005 quum
666 1975 695 1996 tu
710 1970 823 1997 timidus
839 1979 870 1998 ac
885 1976 999 1998 tremens

205 2008 259 2034 tuis
279 2008 336 2042 ipse
356 2007 533 2034 furacissimis
553 2008 679 2033 manibus
695 2007 838 2034 detractam
854 2017 868 2034 e
882 2010 1000 2035 cruentis

206 2044 324 2071 fascibus
341 2044 458 2071 lauream
474 2045 507 2071 ad
519 2049 621 2079 portam
636 2045 804 2080 Esquilinam
816 2045 946 2077 abiecisti,
958 2047 1001 2073 in·
1022 2063 1023 2078 ;

205 2082 308 2113 dicasti,
331 2090 382 2108 non
403 2081 481 2108 modo
495 2081 692 2117 amplissimae,
715 2082 762 2108 sed
778 2083 856 2109 etiam
873 2084 998 2110 minimae

206 2119 278 2146 laudi
300 2119 417 2146 lauream
437 2120 612 2146 concessisse.
653 2120 741 2154 Atque
762 2119 811 2146 ista
832 2121 932 2147 ratione
952 2121 1001 2148 hoc

204 2161 292 2183 tamen
312 2156 436 2191 intelligi,
458 2156 593 2188 scelerate,
615 2157 665 2187 vis,
685 2157 842 2191 Pompeium
860 2158 1000 2184 inimicum

205 2194 272 2220 mihi
291 2194 343 2220 isto
363 2202 443 2220 versu
464 2202 523 2220 esse
539 2193 652 2220 factum:
675 2198 713 2225 ut,
731 2195 754 2220 si
767 2203 862 2221 versus
874 2195 941 2222 mihi
954 2205 1001 2222 no-

205 2231 297 2262 cuerit,
310 2231 343 2257 ab
353 2239 393 2262 eo,
405 2239 487 2266 quem
498 2232 522 2257 is
533 2240 628 2258 versus
639 2231 785 2263 offenderit,
800 2232 923 2259 videatur
934 2234 1000 2259 mihi

206 2268 337 2302 pernicies
359 2277 418 2294 esse
433 2270 563 2303 quaesita.
593 2270 636 2295 75.
657 2268 757 2295 Omitto
768 2269 836 2295 nihil
847 2270 930 2296 istum
941 2279 1002 2297 ver-

204 2314 265 2332 sum
287 2306 449 2340 pertinuisse
464 2305 497 2332 ad
512 2305 604 2332 illum:
635 2314 688 2333 non
700 2305 784 2332 fuisse
796 2315 895 2338 meum,
909 2316 999 2342 quem,

204 2347 336 2377 quantum
359 2344 517 2378 potuissem,
541 2343 634 2370 multis
653 2351 734 2378 saepe
753 2344 920 2371 orationibus
935 2345 1002 2371 seri-

205 2381 311 2415 ptisque
321 2380 498 2412 decorassem,
512 2380 584 2407 hunc
594 2389 648 2407 uno
659 2380 758 2407 violare
772 2389 863 2407 versu.
903 2381 956 2408 Sed
967 2383 1003 2409 sit

204 2416 330 2443 offensus.
370 2418 468 2449 Primo,
481 2426 568 2444 nonne
582 2418 766 2453 compensabit
779 2427 842 2444 cum
853 2427 907 2445 uno
918 2420 1003 2446 versi-

205 2453 266 2480 culo
280 2458 318 2480 tot
332 2463 391 2481 mea
410 2455 547 2481 volumina
564 2455 675 2482 laudum
691 2455 821 2482 suarum‘?
840 2455 916 2488 Quod
928 2457 950 2482 si
961 2461 1002 2483 est

205 2496 362 2523 commotus,
370 2491 403 2518 ad
414 2493 603 2526 perniciemne,
612 2501 664 2519 non
675 2492 763 2518 dicam
774 2493 941 2525 amicissimi,
949 2502 1001 2520 non

205 2528 241 2553 ita
255 2527 289 2553 de
304 2537 352 2554 sua
364 2528 441 2555 laude
451 2531 548 2561 meriti,
561 2539 614 2556 non
625 2530 660 2556 ita
671 2529 705 2555 de
715 2529 861 2563 republica,
875 2539 926 2557 non
938 2539 1002 2557 con-

205 2563 313 2595 sularis,
327 2573 378 2591 non
390 2567 527 2597 senatoris,
541 2576 593 2594 non
603 2567 681 2597 civis,
695 2575 747 2593 non
760 2566 851 2593 liberi:
873 2568 902 2594 in
913 2568 1001 2594 homi-

206 2601 248 2627 nis
259 2606 339 2635 caput
349 2601 394 2627 ille
405 2607 458 2628 tam
469 2603 586 2631 crudelis
597 2608 705 2639 propter
716 2612 825 2630 versum
837 2603 951 2631 fuisset?

262 2638 362 2664 xxxl.
385 2639 424 2664 Tu
440 2640 519 2674 quid,
541 2645 570 2667 tu
585 2641 657 2676 apud
672 2649 754 2676 quos,
768 2644 796 2667 tu
807 2640 840 2666 de
851 2649 905 2676 quo
915 2642 998 2673 dicas,

206 2674 352 2711 intelligis?
371 2675 560 2711 Complecteris
572 2678 755 2713 amplissimos
765 2678 836 2704 viros
848 2678 880 2704 ad
887 2683 964 2706 tuum
975 2683 1001 2706 et

1051 256 1143 282 dixisti
1160 265 1201 281 me
1216 265 1277 282 curn
1295 257 1327 282 iis
1342 255 1495 291 confligere,
1511 267 1578 292 qum
1589 257 1767 292 despicerem:
1792 267 1843 284 non

1051 294 1180 327 attingere
1191 302 1245 323 eos,
1258 293 1304 327 qui
1318 293 1380 328 plus
1390 299 1507 328 possent,
1523 295 1624 329 quibus
1636 296 1717 321 iratus
1728 304 1786 321 esse
1797 294 1845 320 de-

1052 331 1152 356 berem.
1192 331 1310 361 Quorum
1331 331 1440 365 quidem
1462 331 1533 366 (quia
1553 333 1624 358 enim
1641 341 1692 358 non
1709 332 1843 367 intelligit.

1051 376 1119 402 quos
1135 367 1236 401 dicas?)
1254 376 1419 402 quamquam
1432 377 1483 394 non
1494 373 1533 394 est
1545 377 1595 395 una
1607 378 1701 395 caussa
1712 371 1843 399 omniurn,

1053 409 1139 430 tamen
1156 410 1195 430 est
1206 406 1326 431 omnium
1339 405 1405 430 mihi
1418 405 1536 439 probata.
1564 407 1607 432 76.
1620 406 1661 432 Mo
1672 407 1719 433 Cn.
1734 407 1846 441 Pompe-

1054 443 1108 472 ius,
1133 441 1226 468 multis
1241 442 1435 468 obsistentibus
1450 443 1508 468 eius
1524 451 1585 478 erga
1602 452 1643 469 me
1662 444 1751 470 studio
1766 449 1846 478 atque

1053 479 1148 509 amori,
1171 487 1279 513 semper
1293 479 1400 510 dilexit,
1418 488 1524 514 semper
1539 489 1586 506 sua
1605 481 1790 507 coniunctione
1804 481 1847 507 di-

1051 516 1214 551 gnissimum
1232 516 1372 546 iudicavit,
1390 525 1496 551 semper
1511 526 1562 543 non
1579 517 1657 543 modo
1674 517 1844 548 incolumem,

1052 553 1099 579 sed
1121 555 1199 579 etiam
1223 554 1421 588 amplissimum
1443 559 1522 589 atque
1544 555 1746 581 ornatissimum
1762 555 1847 581 voluit

1053 599 1121 617 csse.
1163 591 1269 617 Vestrae
1286 591 1406 622 fraudes,
1425 597 1542 618 vestrum
1558 592 1660 622 scelus,
1679 596 1780 618 vestrae
1795 593 1847 618 cri·

1053 629 1212 654 minutiones
1233 628 1391 655 insidiarum
1414 637 1546 659 mearum,
1564 629 1638 655 illius
1655 629 1844 663 periculorum,

1053 665 1152 692 nefarie
1167 666 1256 696 fictae,
1269 666 1351 692 simul
1368 675 1473 697 eorum,
1491 667 1537 702 qui
1547 687 1553 696 ,
1567 666 1753 692 familiaritatis
1766 665 1848 693 licen-

1053 704 1101 734 tiu,
1119 712 1228 729 suorum
1241 704 1501 738 improbissimorum
1514 712 1668 730 sermonum
1679 703 1846 730 domicilium

1052 741 1079 766 in
1101 741 1212 767 auribus
1233 742 1305 772 eius,
1324 741 1444 775 impulsu
1462 746 1562 771 vestro,
1578 741 1787 772 collocaverunt,
1801 749 1848 767 ve-

1053 783 1121 804 strae
1136 778 1297 813 cupiditates
1313 779 1511 813 provinciarum
1527 778 1682 808 effecerunt,
1701 783 1730 804 ut
1740 786 1790 814 ego
1799 786 1848 804 ex-

1052 815 1187 846 cluderer,
1205 824 1365 850 omnesque,
1382 816 1429 850 qui
1446 824 1500 846 me,
1517 817 1564 851 qui
1577 816 1650 842 illius
1660 816 1786 851 gloriam,
1798 816 1847 851 qui

1053 853 1246 887 rempublicam
1265 853 1366 879 salvam
1382 862 1441 878 esse
1457 853 1613 888 cupiebant,
1631 861 1753 879 sermone
1768 857 1848 888 atque

1052 890 1125 916 aditu
1138 891 1351 925 prohiberentur.
1373 891 1416 916 77.
1429 890 1534 922 Quibus
1545 891 1626 917 rebus
1637 895 1677 916 est
1688 890 1846 926 perfectum,

1053 932 1082 953 ut
1098 927 1137 954 illi
1154 928 1231 962 plane
1247 937 1296 954 suo
1311 933 1380 954 stare
1395 928 1495 954 iudicio
1511 937 1561 954 non
1575 928 1672 958 liceret,
1685 936 1771 963 quum
1782 927 1847 954 certi

1053 965 1176 991 homines
1188 974 1238 991 non
1251 965 1371 992 studium
1383 966 1460 991 eiusa
1474 973 1516 991 me
1530 965 1698 996 alienassent,
1711 965 1758 991 sed
1769 965 1849 992 auxi-

1054 1002 1119 1028 lium
1131 1003 1317 1029 retardassent.
1354 1003 1445 1029 Nonne
1456 1003 1488 1029 ad
1501 1008 1524 1029 te
1537 1003 1566 1029 L.
1580 1002 1718 1033 Lentulus,
1730 1003 1847 1037 quitum

1053 1044 1107 1066 erat
1123 1045 1240 1074 praetor,
1260 1049 1310 1066 non
1326 1040 1357 1072 Q.
1375 1040 1477 1075 Sanga,
1492 1049 1543 1066 non
1556 1041 1585 1066 L.
1599 1040 1749 1075 Torquatus
1763 1045 1846 1074 pater,

1053 1086 1104 1103 non
1121 1078 1156 1103 M.
1175 1077 1304 1104 Lucullus
1316 1077 1406 1104 veuit‘?
1421 1078 1468 1112 qui
1479 1086 1572 1104 omnes
1583 1077 1616 1103 ad
1630 1085 1701 1108 eum,
1715 1077 1849 1112 multique

1053 1114 1177 1141 mortales
1187 1119 1290 1141 oratum
1302 1115 1328 1141 in
1336 1115 1469 1141 Albanum
1475 1115 1661 1150 obsecratumq
1667 1123 1699 1141 ue
1710 1120 1846 1144 venerant,

1053 1157 1083 1178 ut
1099 1161 1130 1178 ne
1142 1160 1214 1178 meas
1226 1151 1345 1179 fortunas
1355 1152 1497 1182 desereret,
1511 1160 1572 1178 curn
1588 1152 1751 1187 reipublicae
1762 1151 1848 1178 salute

1053 1190 1218 1216 coniunctas.
1257 1189 1330 1221 Quos
1347 1189 1391 1215 ille
1407 1190 1439 1216 ad
1456 1194 1481 1216 te
1495 1194 1521 1216 et
1534 1189 1565 1215 ad
1579 1194 1654 1216 tuum
1666 1189 1794 1225 collegam
1807 1197 1849 1215 re-

1054 1227 1135 1257 misit,
1145 1231 1174 1253 ut
1183 1235 1306 1253 caussam
1314 1227 1450 1261 publicam
1461 1227 1643 1261 susciperetis,
1652 1226 1718 1253 utad
1724 1231 1846 1252 senatum

1053 1263 1199 1290 referretis:
1222 1272 1251 1290 se
1270 1269 1359 1291 contra
1381 1269 1511 1291 armatum
1534 1264 1672 1290 tribunum
1688 1263 1776 1298 plebis
1789 1264 1848 1290 siue

1052 1301 1164 1328 consilio
1180 1301 1288 1336 publico
1303 1301 1437 1328 decertare
1453 1301 1536 1333 nolle,
1558 1301 1716 1327 consulibus
1727 1309 1760 1327 ex
1771 1309 1849 1327 sena-

1054 1339 1220 1365 tusconsulto
1231 1338 1424 1374 rempublicam
1431 1339 1648 1369 defendentibus,
1657 1347 1763 1364 sear-ma
1773 1346 1849 1365 sum-

1053 1381 1172 1411 pturum.
1193 1377 1237 1402 78.
1249 1376 1363 1411 Ecquid,
1376 1376 1480 1407 infelix,
1493 1376 1648 1406 recordaris,
1661 1375 1727 1411 quid
1739 1383 1850 1410 respon·

1052 1413 1143 1440 deris‘?
1163 1414 1192 1440 In
1203 1422 1258 1448 quo
1268 1413 1308 1439 illi
1319 1422 1412 1440 omnes
1423 1413 1543 1448 quidem,
1558 1413 1605 1440 sed
1612 1413 1762 1448 Torquatus
1773 1420 1848 1447 prae-

1053 1456 1091 1476 ter
1101 1455 1201 1477 ceteros
1214 1450 1317 1477 furebat
1327 1452 1493 1477 contumacia
1506 1451 1626 1485 responsi
1639 1451 1685 1480 tui,
1695 1455 1778 1476 tenen
1789 1457 1850 1476 esse

1052 1493 1104 1514 tam
1117 1488 1220 1518 fortem,
1236 1497 1318 1523 quam
1333 1489 1391 1523 ipse
1404 1486 1574 1524 [Torquatus]
1588 1489 1614 1514 in
1625 1487 1765 1514 consulatu
1781 1486 1849 1513 fuis-

1051 1530 1100 1556 set,
1114 1529 1159 1551 aut
1169 1533 1232 1561 ego,
1255 1525 1322 1551 nihil
1334 1534 1402 1560 opus
1413 1533 1473 1551 esse
1482 1525 1574 1556 armis,
1587 1524 1654 1552 nihil
1665 1524 1846 1551 contentione:

1053 1571 1094 1588 me
1110 1570 1189 1597 posse
1203 1563 1300 1588 iterum
1317 1562 1511 1597 rempublicam
1523 1570 1642 1593 servare,
1655 1562 1679 1588 si
1689 1561 1847 1592 cessissem:

1052 1599 1183 1625 infinitam
1197 1599 1304 1626 caedem
1321 1599 1389 1630 fore,
1408 1600 1431 1625 si
1447 1600 1619 1631 restitissem;
1641 1599 1739 1625 deinde
1753 1598 1787 1625 ad
1801 1606 1850 1625 ex-

1052 1641 1167 1663 tremum
1193 1644 1280 1671 neque
1305 1645 1333 1662 se
1354 1644 1441 1671 neque
1460 1645 1589 1672 generum
1611 1644 1699 1671 neque
1719 1635 1848 1671 collegam

1052 1682 1132 1699 suum
1156 1673 1263 1699 tribuno
1283 1673 1372 1708 plebis
1392 1673 1559 1700 defuturum.
1599 1673 1647 1699 Hic
1659 1677 1696 1703 tu,
1719 1673 1805 1699 hostis
1819 1681 1850 1698 ac

1052 1710 1183 1746 proditor.
1201 1710 1261 1736 aliis
1274 1719 1315 1736 me
1326 1710 1514 1741 inimiciorem,
1527 1719 1608 1745 quam
1621 1710 1669 1736 tibi
1680 1709 1778 1736 debere
1788 1718 1849 1736 esse

1051 1747 1138 1774 dicis‘?
1170 1747 1283 1773 XXXll.
1309 1748 1352 1774 79.
1372 1747 1429 1782 Ego
1447 1747 1475 1774 C.
1492 1747 1631 1774 Caesarem
1649 1755 1699 1773 non
1711 1746 1803 1773 eadem
1815 1746 1848 1772 de

1052 1784 1189 1820 republica
1205 1785 1338 1815 sensisse,
1355 1793 1424 1819 quac
1441 1793 1496 1815 me,
1510 1785 1578 1811 scio:
1601 1784 1648 1810 sed
1661 1789 1762 1815 tamen,
1775 1783 1848 1818 quod

1052 1823 1104 1848 iam
1120 1822 1153 1848 de
1169 1831 1212 1852 eo,
1227 1822 1268 1848 his
1280 1821 1462 1853 audientibus,
1475 1830 1555 1856 saepe
1564 1821 1630 1852 dixi,
1643 1830 1686 1848 me
1697 1821 1743 1847 ille
1754 1822 1797 1847 sui
1809 1826 1850 1847 to-

1052 1860 1105 1886 tius
1120 1859 1289 1890 consulatus,
1307 1867 1454 1894 eorumque
1473 1859 1618 1889 honorum,
1635 1867 1703 1893 quos
1714 1867 1775 1884 cum
1787 1866 1850 1893 pro-

1052 1897 1133 1924 ximis
1148 1897 1370 1927 communicavit,
1384 1897 1487 1923 socium
1503 1905 1562 1922 esse
1574 1896 1671 1928 voluit3
1689 1894 1794 1927 detulit,
1806 1896 1849 1922 in-

1052 1935 1154 1965 vitavit,
1168 1935 1281 1970 rogavit.
1303 1934 1360 1960 Non
1372 1942 1432 1960 sum
1445 1942 1494 1969 ego
1504 1938 1611 1968 propter
1621 1932 1849 1959 nimiamsortasse

1051 1972 1214 1998 constantiae
1233 1971 1407 2006 cupiditatem
1427 1971 1559 1997 adductus
1579 1970 1612 1997 ad
1631 1978 1769 2002 caussam;
1796 1978 1849 1997 non

1053 2008 1234 2044 postulabam,
1252 2013 1282 2035 ut
1293 2009 1316 2035 ei
1327 2009 1484 2034 carissimus
1495 2016 1596 2039 essem,
1609 2008 1687 2034 cuius
1698 2015 1748 2043 ego
1758 2015 1791 2033 ne
1801 2007 1850 2033 be-

1053 2047 1154 2073 neficiis
1165 2046 1277 2081 quidem
1288 2046 1447 2072 sententiam
1459 2044 1734 2072 meamtradidissem.
1755 2043 1849 2071 Addu-

1052 2088 1092 2110 cta
1102 2092 1145 2110 res
1156 2084 1183 2109 in
1201 2088 1333 2110 certamen
1346 2087 1370 2109 te
1384 2082 1494 2113 consuk
1505 2082 1658 2117 putabatur,
1671 2086 1850 2116 utrum,quae

1052 2121 1189 2156 superiore
1204 2129 1273 2147 anno
1287 2120 1333 2147 ille
1347 2121 1489 2156 gessisset,
1507 2124 1657 2149 manerent,
1670 2127 1703 2145 an
1715 2118 1850 2145 rescinde-

1053 2163 1154 2185 rentur.
1185 2157 1256 2190 Quid
1269 2157 1362 2192 loquar
1373 2157 1468 2192 plura?
1488 2157 1516 2184 Si
1529 2161 1631 2183 tantum
1641 2155 1688 2182 ille
1697 2157 1726 2182 in
1736 2164 1779 2182 me
1789 2164 1849 2182 esse

1053 2204 1106 2222 uno
1121 2195 1223 2222 roboris
1239 2200 1264 2221 et
1279 2195 1387 2221 virtutis
1403 2196 1521 2230 putavit,
1538 2199 1569 2220 ut
1583 2202 1626 2224 ea,
1639 2201 1708 2228 quae
1718 2193 1778 2228 ipse
1786 2201 1851 2229 ges-

1053 2238 1131 2264 serat,
1145 2232 1323 2263 conciderent,
1337 2233 1360 2258 si
1371 2240 1422 2268 ego
1432 2232 1606 2258 restitissem:
1619 2239 1668 2257 cur
1677 2231 1761 2256 einon
1772 2230 1850 2266 igno-

1053 2279 1134 2301 scam,
1147 2270 1170 2296 si
1182 2270 1334 2304 anteposuit
1342 2278 1419 2295 suarn
1426 2269 1541 2295 salutem
1552 2267 1645 2295 meae?
1658 2267 1761 2293 80.Sed
1772 2275 1848 2302 prae-

1053 2308 1127 2334 terita
1143 2307 1246 2333 omitto.
1276 2307 1318 2333 Me
1330 2311 1360 2333 ut
1369 2306 1418 2333 Cn.
1430 2306 1574 2341 Pompeius
1585 2304 1710 2332 omnibus
1721 2305 1779 2330 suis
1790 2309 1849 2330 stu-

1052 2345 1119 2375 diis,
1137 2343 1288 2375 laboribus,
1306 2344 1376 2370 vitae
1391 2343 1519 2379 periculis
1529 2342 1685 2377 complexus
1699 2345 1749 2372 est,
1761 2349 1848 2376 quum

1053 2382 1200 2416 municipia
1216 2390 1264 2416 pro
1279 2389 1321 2407 me
1336 2381 1433 2411 adiret,
1447 2380 1537 2406 ltaliae
1548 2379 1626 2405 fidem
1638 2379 1801 2413 imploraret,
1816 2378 1847 2405 P.

1053 2418 1166 2445 Lentulo
1180 2418 1299 2449 consuli,
1316 2418 1416 2444 auctori
1431 2417 1526 2444 salutis
1541 2425 1628 2447 meae,
1642 2415 1769 2450 frequens
1779 2416 1849 2442 assi-

1052 2457 1141 2487 deret,
1162 2456 1266 2482 senatui
1281 2455 1440 2482 sententiam
1456 2458 1612 2489 praestaret,
1629 2454 1656 2479 in
1672 2452 1847 2479 concionibus

1053 2502 1104 2520 non
1120 2493 1201 2520 modo
1214 2501 1243 2519 se
1253 2492 1420 2519 defensorem
1429 2491 1525 2518 salutis
1537 2499 1619 2521 meae,
1632 2490 1680 2516 sed
1690 2490 1770 2516 etiam
1781 2498 1848 2524 sup—

1052 2530 1149 2565 plicem
1170 2539 1220 2565 pro
1238 2538 1281 2556 me
1301 2529 1480 2565 profiteretur:
1502 2528 1585 2554 huius
1606 2527 1752 2554 voluntatis
1772 2535 1845 2558 eum,

1051 2576 1133 2602 quem
1148 2567 1264 2594 multum
1280 2575 1360 2602 posse
1370 2565 1548 2601 intelligebat,
1564 2565 1631 2591 mihi
1642 2573 1693 2591 non
1704 2565 1847 2591 inimicum

1052 2613 1112 2631 esse
1126 2608 1264 2640 cognorat,
1281 2604 1384 2630 socium
1399 2603 1453 2629 sibi
1467 2607 1494 2628 et
1503 2602 1651 2629 adiutorem
1663 2602 1692 2629 C.
1706 2602 1846 2628 Caesarem

1051 2642 1185 2668 adiunxit.
1225 2642 1279 2668 Iam
1296 2641 1385 2671 vides,
1399 2648 1442 2666 me
1452 2639 1500 2666 tibi
1513 2648 1565 2666 non
1575 2640 1725 2670 inimicum,
1738 2638 1786 2665 sed
1797 2638 1847 2665 ho-

1051 2683 1119 2705 stem
1127 2699 1134 2711 ,
1154 2679 1218 2710 illis,
1231 2687 1300 2713 quos
1311 2677 1450 2709 describis,
1464 2685 1516 2704 non
1527 2677 1606 2703 modo
1617 2685 1669 2703 non
1678 2677 1786 2708 iratum,
1798 2675 1847 2702 sed
