1941 3052
210 143 257 168 tuo
783 140 824 165 ⁴0.

209 221 255 238 nes
272 220 377 238 numere
393 212 487 237 liberos
504 210 627 243 exigi-ndi
642 218 752 239 (mussa,
775 210 844 235 sicut
859 214 884 234 et
901 213 927 234 tu
945 209 1001 242 ipso

210 258 294 284 nuper
310 254 335 275 ct
351 248 427 274 :nulii
446 249 492 273 viri
507 249 566 273 lumi
584 256 662 281 saepe
678 246 810 276 fecerunt,
828 251 929 271 rectum
945 250 999 276 (τηις

208 287 280 322 quod
291 296 339 319 cun
350 295 400 312 non
413 285 588 319 reprobi-ndo,
602 285 686 309 nnc-ius
702 283 779 309 video
788 283 879 317 queri:
899 287 1002 316 praeto-
1023 303 1025 306 .

210 334 278 354 rem,
297 325 319 349 si
337 323 507 349 hereditatem
525 323 549 347 in
567 321 701 355 pruvincia
718 329 768 346 non
781 320 931 354 reliquerit,
950 328 1000 345 non

209 361 295 387 solnm
310 359 565 393 reprebendendiim,
576 358 756 383 verumetiam
768 357 1000 382 ‹zondvmnumlum

210 400 306 433 pntns'!
320 397 429 422 XXXV.
444 396 509 425 Doti,
524 395 618 429 inquit,
629 395 729 420 Valeria
742 394 881 428 pecuniam
893 402 1000 419 ornnem

209 445 284 461 suzim
305 435 417 460 dixerat.

209 471 369 501 ostenderis,
384 470 456 496 illam
469 470 494 495 in
509 469 588 495 tutela
602 469 686 495 Flacci
699 478 750 495 non
765 468 858 494 [uisse.

208 517 394 543 qiiaei'umquc
405 508 462 533 sine
476 507 525 532 lioc
535 511 642 532 auctore
652 510 693 532 est
703 506 772 532 dicta
787 505 847 535 dos,
865 505 938 531 nulla
950 509 1000 531 est.

209 547 250 572 ⁸7.
264 545 314 571 Sed
327 550 413 570 tamen
427 545 582 574 Lurconem,
595 552 758 578 quamquain
770 552 817 577 pro
828 551 876 568 sua
887 543 1003 577 dignita-

210 589 233 610 ιω
251 583 400 609 moderatus
416 586 456 607 est
470 582 496 607 in
509 581 659 607 testimonio
670 580 783 607 dicendo
793 580 914 612 religioni
926 588 999 610 suae,

210 626 296 646 tamen
308 620 403 645 iratum
417 619 509 645 Flacco
519 627 578 644 esse
590 618 705 644 vidistis.
729 618 820 652 Neque
830 617 901 643 enim
913 616 1003 643 occul-

210 658 274 683 tavit
284 665 406 683 caussam
419 655 570 682 iracundiae
580 664 658 686 suae,
676 664 763 690 neque
778 654 938 681 reticendam
952 662 1002 688 pu-

210 695 283 721 tavit.
323 695 440 725 Questus
455 698 508 724 est,
531 693 656 719 libertum
672 701 752 719 suum
773 692 866 718 Flacco
885 696 1002 726 praetore

209 741 267 758 esse
279 731 444 757 damnatum.
475 730 497 757 Ο
510 730 675 757 conditiones
692 730 802 756 miseras
813 729 1003 755 administran-

208 770 302 795 darum
314 769 453 795 civitatum
465 772 491 794 et
502 768 714 802 provinciarum,
737 767 877 801 inquibus
888 766 1003 801 diligen-

210 808 244 833 tia
256 806 332 841 plena
344 805 512 832 simultatum
524 809 572 836 est,
586 805 747 840 negligentia
759 804 1000 838 vituperationum:

210 844 256 870 ubi
269 843 396 869 severitas
409 842 555 877 periculosa
567 847 616 872 est,
631 841 775 868 liberalitas
788 841 902 876 ingrata:
916 848 1004 866 sermo

210 881 369 907 insidiosus:
382 880 523 906 assentatio
535 880 696 914 perniciosa:
710 878 782 905 frons
793 879 913 904 omnium
926 877 1004 904 fami-

211 918 296 948 liaris,
315 917 460 944 multorum
473 918 578 943 animus
591 917 686 943 iratus:
710 916 862 942 iracundiae
872 915 1002 945 occultae,

207 955 354 982 blanditiae
374 959 492 989 apertae:
525 955 661 980 venientes
686 957 819 988 praetores
837 956 1001 987 exspectant,

210 992 560 1027 praesentibusinserviunt,
569 991 697 1018 abeuntes
709 990 848 1016 deserunt}
862 990 914 1016 Sed
925 990 1004 1016 omit-

210 1036 298 1056 tamus
309 1029 444 1064 querelas,
464 1038 495 1055 nc
511 1034 630 1055 nostrum
645 1028 788 1054 consilium
800 1028 826 1053 in
839 1027 1004 1061 praetermit-

210 1067 297 1094 tendis
310 1067 454 1101 provinciis
467 1066 573 1092 laudare
585 1065 733 1092 videamur.
774 1067 816 1091 88.
831 1065 941 1091 Litteras
954 1065 1004 1090 mi-

210 1105 244 1130 sit
255 1104 287 1130 de
300 1104 389 1130 villico
402 1104 429 1130 Ρ.
443 1104 575 1138 Septimii,
590 1103 707 1129 bominis
717 1103 812 1129 ornati.
832 1102 883 1134 Qui
896 1101 1004 1127 villicus

209 1141 316 1168 caedem
329 1140 436 1167 fecerat:
450 1141 611 1175 Septimium
622 1140 756 1166 ardentem
768 1139 904 1165 iracundia
916 1138 1004 1164 videre

211 1179 344 1214 potuistis.
385 1179 413 1205 In
430 1178 557 1204 Lurconis
573 1178 698 1204 libertum
715 1176 845 1203 iudicium
866 1184 899 1202 ex
919 1176 1005 1202 edicto

209 1216 296 1242 dedit:
311 1215 394 1242 hostis
406 1220 444 1241 est
456 1216 549 1241 Lurco.
590 1215 660 1247 Quid
673 1213 772 1249 igitur?
788 1214 932 1240 Hominum
943 1221 1005 1248 gra—

210 1254 337 1280 tiosorum
349 1252 606 1287 splendidorumque
618 1252 720 1278 libertis
731 1250 850 1277 ruitAsia
861 1249 1005 1277 tradenda?

209 1291 249 1317 An
261 1289 411 1317 simultates
422 1290 510 1316 nescio
521 1298 587 1324 quas
599 1298 660 1315 cum
673 1288 774 1314 libertis
787 1289 882 1314 vestris
894 1287 1004 1314 Flaccus

209 1327 332 1354 exercet‘?
351 1336 384 1353 an
400 1327 476 1353 vobis
488 1327 514 1353 in
527 1327 622 1353 vestris
634 1330 838 1360 vestrorumque
847 1326 951 1351 caussis
962 1333 1005 1351 se-

210 1365 307 1392 veritas
318 1365 378 1391 odio
389 1369 441 1390 est:
464 1364 584 1390 eamdem
597 1363 720 1394 laudatis,
733 1371 818 1398 quum
830 1362 863 1388 de
874 1362 951 1389 nobis
962 1362 1005 1388 iu-

209 1401 322 1428 dicatis?
351 1402 474 1428 XXXVI.
493 1401 525 1428 At
540 1401 589 1428 iste
604 1401 706 1431 Andro,
723 1400 853 1435 spoliatus
870 1399 957 1430 bonis,
975 1403 1004 1425 ut

209 1439 311 1471 dicitis,
339 1439 371 1465 ad
392 1439 537 1465 dicendum
558 1438 740 1465 testimonium
764 1446 816 1464 non
837 1438 918 1463 venit.
960 1438 1002 1462 89.

209 1476 293 1509 Quid,
311 1477 334 1502 si
347 1475 452 1502 veniat‘?
472 1476 618 1502 Decisionis
634 1475 731 1501 arbiter
747 1474 775 1501 C.
789 1474 921 1501 Caecilius
937 1473 1001 1500 suit:

208 1522 263 1549 quo
273 1513 415 1548 splendore
427 1514 480 1540 virl
503 1522 556 1548 qua
568 1513 633 1539 fide!
655 1521 708 1547 qua
719 1511 862 1547 religione!
877 1511 1004 1547 obsigna-

209 1557 248 1578 tor
259 1551 288 1578 C.
301 1550 443 1582 Sextilius,
467 1551 596 1577 Lurconis
606 1550 704 1577 sororis
715 1549 802 1580 filius,
824 1549 903 1576 homo
914 1554 940 1575 et
952 1557 1004 1583 pu-

209 1589 275 1615 dens
291 1593 317 1615 et
332 1592 456 1614 constans
471 1593 496 1614 et
510 1588 610 1623 gravis.
651 1586 680 1613 Si
695 1587 737 1613 vis
753 1591 820 1617 erat,
840 1586 864 1612 si
876 1586 963 1617 fraus,
980 1586 1003 1612 si

210 1630 310 1656 metus,
328 1626 352 1652 si
367 1625 592 1660 circumscriptio:
614 1625 677 1659 quis
693 1624 841 1659 pactionem
853 1623 923 1654 (ieri,
940 1623 1004 1658 quis

210 1663 302 1690 adesse
314 1663 379 1689 istos
389 1662 493 1698 coegit?
511 1662 595 1695 Quid,
613 1662 637 1687 si
652 1662 701 1688 ista
716 1661 804 1687 omnis
815 1661 929 1695 pecunia
940 1660 1004 1686 huic

209 1699 416 1731 adolescentulo,
429 1700 459 1726 L.
472 1699 574 1730 Flacco,
588 1698 690 1725 reddita
700 1697 757 1724 est‘?
772 1698 795 1724 si
807 1696 907 1732 petita?
926 1697 950 1723 si
962 1705 1004 1723 re—

209 1737 302 1764 dacta‘?
313 1738 335 1764 si
347 1746 394 1772 per
404 1737 476 1763 hunc
486 1736 657 1766 Antiochum,
670 1740 810 1770 paternum
823 1735 904 1761 huius
914 1733 1004 1760 adole-

209 1775 309 1801 scentis
320 1774 459 1805 libertum,
477 1775 535 1800 seni
547 1773 587 1800 illi
600 1773 692 1799 Flacco
703 1771 943 1807 probatissimum?
963 1772 1004 1797 vi-

209 1811 339 1838 demurne
359 1820 410 1837 non
433 1810 520 1837 solum
541 1811 665 1837 avaritiae
687 1810 787 1836 crimen
808 1809 934 1845 effugere,
956 1807 1004 1834 sed

210 1849 290 1876 etiam
303 1848 468 1875 liberalitatis
482 1847 588 1874 laudem
599 1847 707 1882 assequi
723 1845 906 1882 singularem?
925 1846 1005 1872 Com-

210 1894 320 1913 munem
332 1886 402 1912 enim
414 1885 600 1916 hereditatem,
617 1892 687 1919 quae
700 1883 845 1919 aequaliter
855 1883 888 1910 ad
899 1888 1005 1909 utrum—

210 1932 263 1959 que
281 1923 338 1958 lego
353 1923 482 1953 venisset,
505 1922 637 1948 concessit
656 1920 831 1952 adolescenti,
853 1921 1004 1956 propinquo

210 1969 273 1987 suo:
291 1959 358 1986 nihil
370 1960 428 1994 ipse
438 1960 524 1995 attigit
534 1959 567 1985 de
578 1958 724 1985 Valerianis
736 1958 822 1985 bonis.
863 1957 940 1990 Quod
951 1962 1005 1984 sta-

210 2002 296 2024 tuerat
308 1997 404 2028 Iacere,
422 1996 553 2023 adductus
566 1996 647 2023 huius
657 1995 773 2031 pudore,
790 2000 815 2021 et
830 2004 883 2022 non
893 1995 1004 2030 amplis-

211 2035 287 2061 simis
298 2034 450 2069 patrimonii
461 2035 558 2068 copiis,
571 2033 598 2060 id
610 2041 661 2060 non
673 2032 761 2060 solum
773 2032 847 2064 t'ecit,
865 2032 912 2059 sed
924 2033 1003 2058 etiam

211 2072 313 2107 prolixe
333 2071 521 2106 cumulateque
540 2070 611 2097 fecit.
651 2070 692 2097 Ex
710 2079 764 2105 quo
784 2069 898 2106 intelligi
914 2070 1002 2101 debet,

210 2118 272 2136 eum
284 2113 373 2135 contra
386 2108 458 2144 leges
469 2109 596 2143 pecunias
607 2116 659 2134 non
670 2108 787 2142 cepisse,
801 2108 848 2142 qui
860 2112 912 2133 tam
925 2107 1005 2134 fuerit

212 2147 238 2173 in
250 2146 394 2173 hereditate
404 2145 570 2172 concedenda
583 2144 710 2171 liberalis.
732 2144 1003 2171 90.AtFalcidianum

210 2184 310 2210 crimen
322 2187 361 2210 est
372 2184 478 2219 ingens.
500 2182 607 2209 Talenta
617 2182 813 2218 quinquaginta
824 2182 951 2209 seFlacco
961 2181 1004 2208 di—

210 2221 246 2247 cit
256 2221 370 2247 dedisse.
391 2220 540 2247 Audiamus
552 2220 697 2246 hominem.
719 2220 777 2246 Non
788 2219 872 2246 adest.
887 2219 1005 2251 Quomo-

210 2258 244 2285 do
259 2258 341 2294 igitur
355 2257 438 2284 dicit‘?
459 2257 606 2292 Epistolam
623 2261 706 2283 mater
721 2257 779 2283 eius
795 2256 894 2291 profert
903 2262 929 2284 et
939 2256 1005 2284 alte-

211 2304 266 2322 ram
282 2304 367 2322 soror:
390 2296 520 2330 scriptum
532 2294 564 2321 ad
574 2303 603 2320 se
613 2294 707 2320 dicunt
716 2302 775 2320 esse
786 2294 819 2320 ab
830 2294 890 2325 illo,
904 2299 1004 2321 tantam

211 2333 351 2367 pecuniam
364 2332 456 2358 Flacco
466 2332 563 2358 datam.
583 2332 653 2367 Ergo
663 2332 695 2362 is,
708 2330 780 2363 cui*,
793 2332 816 2357 si
826 2340 898 2358 aram
910 2337 1004 2358 tenens

210 2370 322 2401 iuraret,
335 2369 452 2396 crederet
462 2377 553 2400 nemo,
567 2377 614 2403 per
625 2368 774 2403 epistolam,
787 2368 860 2403 quod
871 2369 950 2400 volet,
962 2370 1004 2396 in—

211 2407 313 2433 iuratus
330 2405 469 2442 probabit?
488 2406 522 2432 At
535 2407 583 2441 qui
599 2406 652 2432 viri
674 2414 756 2440 quam
768 2414 819 2432 non
831 2407 934 2433 amicus
945 2407 1004 2433 suis

211 2443 330 2470 civibus!
351 2444 399 2478 qui
410 2444 600 2479 patrimonium
611 2443 676 2469 satis
687 2443 789 2470 lautum
797 2464 803 2474 ,
819 2443 892 2478 quod
903 2444 946 2470 hic
957 2452 1005 2470 no-

211 2480 316 2506 biscum
332 2481 459 2507 conficere
474 2481 572 2516 potuit,
590 2480 752 2507 Graecorum
766 2480 898 2507 conviviis
910 2480 1004 2507 maluit

212 2516 352 2551 dissipare.
383 2519 425 2543 91.
446 2517 517 2550 Quid
532 2518 639 2544 attinuit
650 2517 801 2552 relinquere
811 2517 880 2544 hanc
890 2517 1004 2545 urbem?

214 2552 332 2580 libertate
344 2558 396 2580 tam
409 2554 539 2588 praeclara
549 2553 656 2581 carere?
675 2554 748 2581 adire
766 2554 917 2589 periculum
927 2555 1004 2582 navi-

212 2590 313 2626 gandi?
323 2591 400 2625 quasi
412 2591 478 2617 bona
489 2600 609 2618 comesse
619 2592 717 2618 Romae
729 2599 781 2618 non
793 2591 892 2618 liceret.
925 2593 1003 2619 Num:

213 2627 329 2662 denique
341 2627 499 2654 materculae
510 2637 574 2655 suae
585 2628 698 2655 festivus
714 2627 799 2659 fitius,
817 2629 937 2656 aniculae
952 2630 1004 2656 mi-

214 2665 284 2691 nime
295 2664 467 2700 suspiciosae,
480 2671 577 2702 purgat
586 2675 615 2693 se
625 2673 674 2701 per
684 2665 833 2701 epistolam,
847 2671 876 2693 ut
888 2675 946 2693 eam
955 2675 1004 2702 pe-

1030 326 1031 335 *
1053 324 1151 345 emerat
1163 319 1216 345 {bs
1228 319 1368 352 nongentis
1380 318 1510 345 millibus.

459 432 530 458 Nibil
552 433 662 458 istorum
683 431 810 465 explicari
828 435 926 465 potest,
950 430 1000 456 nisi
1024 434 1025 440 ¹

900 468 927 493 si
941 467 1000 498 suit,
1030 471 1032 475 '

1031 517 1032 522 ¹
1055 510 1123 531 terea
1137 504 1290 531 blanditur?
1308 513 1356 531 cur
1370 504 1492 539 epistolis
1507 510 1532 530 et
1547 505 1645 531 sororis
1656 510 1682 531 et
1693 507 1784 532 matri·
1796 506 1848 532 im-

859 138 893 165 M.
924 138 955 164 T.
986 137 1262 165 CICERONIS

1022 211 1031 221 '¹
1052 209 1168 238 cuniam,
1191 216 1306 242 quacum
1323 208 1471 237 traiecerat,
1495 216 1545 234 non
1561 208 1774 243 consumpsisse.
1796 207 1845 235 sed

1055 246 1146 271 Flacco
1165 245 1272 270 dedisse
1294 245 1422 270 videatur.
1463 245 1596 271 XXXVII.
1623 246 1656 272 At
1676 245 1778 272 fructus
1799 245 1844 272 isti

1054 282 1246 308 Trallianorum
1264 281 1380 307 Globulo
1395 287 1512 316 praetore
1538 283 1686 309 venit-rant:
1711 282 1845 309 Falcidius

1551 319 1579 345 Si
1595 320 1639 346 dut
1654 325 1751 346 tantam
1764 328 1846 354 pecu-

1054 357 1124 382 niam
1142 356 1246 385 Flacco,
1269 364 1364 390 nempe
1380 356 1477 382 idcirco
1491 356 1547 386 dat,
1571 361 1600 383 ut
1615 362 1669 383 rata
1684 358 1720 383 nit
1734 358 1845 392 emptio.

1030 417 1031 425 ,
1054 394 1124 420 Emit
1136 394 1217 428 igitur
1228 393 1339 427 aliquid,
1353 392 1424 428 quod
1435 398 1505 419 certe
1516 393 1599 419 multo
1609 394 1695 428 pluris
1706 400 1788 420 esset:
1801 394 1847 420 dat

1054 431 1087 456 de
1104 431 1188 456 lucro:
1208 430 1273 456 nibil
1289 430 1404 456 detrabit
1418 430 1450 456 de
1467 430 1537 456 vivo.
1578 431 1667 457 Minus
1683 432 1764 466 igitur
1779 431 1847 458 lucri

1055 468 1125 494 facit.
1157 470 1199 494 92.
1212 468 1265 493 Cur
1276 467 1408 494 Albanum
1421 467 1510 493 venire
1523 467 1614 494 iubet?
1622 476 1670 494 cur
1681 470 1757 494 matri
1770 477 1848 503 prae-

1055 542 1224 569 becillitatem
1246 541 1412 577 aucupatur?
1432 546 1565 576 postremo
1584 551 1633 568 cur
1652 551 1703 569 non
1720 542 1847 570 audimus

1055 580 1164 614 ipsum?
1183 580 1333 609 ltctinetur,
1349 578 1441 609 credo,
1459 579 1485 605 in
1498 580 1647 613 provincia:
1665 584 1747 606 mater
1758 585 1845 616 negat.

1056 618 1186 646 Venisset,
1202 617 1297 651 inquit,
1311 617 1334 643 si
1346 621 1417 642 esset
1427 616 1624 643 denuntiatum.
1657 617 1698 643 Tu
1707 622 1778 643 certe
1787 625 1848 644 coe-

1054 655 1154 689 gisses,
1172 655 1194 680 si
1213 654 1298 680 ullum
1315 654 1511 680 firmamentum
1525 655 1550 680 in
1564 653 1610 680 illo
1620 658 1685 680 teste
1697 655 1846 689 posuisses.

1054 692 1106 718 Sed
1118 692 1253 718 hominem
1265 691 1298 717 ab
1310 692 1415 727 negotio
1425 691 1556 717 abducere
1568 691 1687 718 noluisti.
1721 692 1848 726 Magnum

1054 734 1108 756 erat
1119 730 1142 755 ei
1153 734 1286 755 certamen
1299 729 1474 763 propositum,
1487 737 1582 764 magna
1593 737 1654 755 cum
1667 728 1774 755 Graecis
1783 737 1849 756 oon-

1055 767 1149 793 tentio:
1171 767 1218 801 qui
1231 771 1332 796 tamen,
1351 767 1495 800 utopinor,
1510 766 1594 792 iacent
1606 766 1678 792 victi.
1719 766 1785 792 Nam
1797 766 1849 793 iste

1055 813 1126 830 unus
1141 808 1221 830 totam
1237 804 1327 830 Asiam
1345 803 1529 838 magnitudine
1545 802 1700 837 poculorum
1717 803 1848 830 bibendo-

1054 850 1107 876 que
1118 842 1263 876 superavit.
1286 840 1338 867 Sed
1353 845 1438 867 tamen
1450 841 1513 875 quis
1524 841 1581 871 tibi,
1590 840 1670 871 Laeli,
1684 840 1717 866 de
1727 840 1849 875 epistolis

1055 880 1114 906 istis
1125 878 1271 905 indicavit?
1290 878 1415 904 Mulieres
1432 882 1528 913 negant
1539 886 1568 904 se
1579 878 1656 904 scire.
1695 878 1763 910 Quis
1773 878 1797 904 is
1807 882 1849 904 est

1056 916 1154 951 igitur?
1166 915 1212 942 Ille
1225 917 1281 950 ipse
1293 916 1386 946 tibi,se
1398 915 1430 941 ad
1443 920 1552 941 matrem
1564 920 1590 941 et
1600 924 1716 941 sororem
1723 915 1849 950 scripsis-

1055 962 1093 984 se,
1105 953 1240 979 narravit‘?
1250 953 1290 979 An
1301 954 1380 979 ctiam
1391 953 1499 987 scripsit
1509 957 1583 979 oratu
1596 951 1659 978 tuo‘?
1687 954 1730 978 93.
1742 954 1776 979 At
1787 960 1850 979 vem

1056 991 1254 1021 M.Aebutium,
1267 990 1513 1016 constantissimum
1525 994 1550 1016 et
1562 990 1788 1024 pudentissimum
1801 989 1850 1017 ho-

1056 1029 1169 1059 minem,
1187 1027 1297 1054 Falcidii
1309 1027 1429 1057 astinem,
1447 1027 1514 1053 nihil
1526 1026 1690 1062 interrogas?
1711 1026 1778 1053 nibil
1790 1027 1850 1053 eius

1055 1074 1196 1099 generum,
1210 1065 1266 1100 pari
1278 1064 1329 1091 Iide
1341 1065 1499 1099 praeditum,
1513 1064 1540 1091 C.
1553 1063 1710 1091 Manilium?
1729 1064 1776 1099 qui
1788 1072 1850 1099 pro-

1032 1122 1033 1132 ,
1056 1103 1122 1129 tecto
1133 1102 1166 1129 de
1177 1107 1246 1128 tanta
1259 1103 1385 1136 pecunia,
1398 1103 1420 1128 si
1432 1107 1502 1128 esset
1512 1101 1584 1131 data,
1599 1101 1664 1128 nibil
1677 1101 1785 1128 audisse
1797 1109 1849 1128 non

1056 1145 1154 1175 posset.
1195 1140 1241 1165 His
1253 1144 1280 1166 tu
1292 1140 1374 1174 igitur
1383 1139 1517 1174 epistolis,
1530 1139 1655 1169 Deciano,
1668 1139 1793 1169 recitatis,
1806 1138 1849 1164 his

1056 1176 1223 1203 mulierculis
1245 1177 1391 1211 productis,
1414 1176 1460 1202 illo
1481 1176 1590 1202 absente
1610 1180 1716 1202 auctore
1732 1175 1847 1206 laudato,

1056 1219 1158 1241 tantum
1179 1219 1203 1241 te
1224 1215 1324 1240 crimen
1345 1214 1518 1248 probaturum
1539 1212 1656 1247 putasti?
1681 1214 1847 1247 praesertim,

1055 1261 1140 1287 quum
1152 1252 1208 1286 ipse
1220 1259 1272 1278 non
1286 1251 1442 1277 deducendo
1454 1250 1615 1281 Falcidium,
1633 1249 1764 1276 iudicium
1780 1249 1850 1276 [eoe-

1056 1290 1105 1320 ris,
1123 1288 1186 1324 plus
1198 1288 1290 1315 salsam
1303 1288 1442 1322 epistolam
1453 1288 1604 1314 habituram
1615 1287 1754 1322 ponderis,
1767 1295 1849 1322 quam

1056 1327 1142 1361 ipsius
1153 1326 1300 1361 praesentis
1313 1326 1398 1351 {ictam
1410 1333 1500 1352 vocem
1511 1330 1537 1351 et
1546 1324 1703 1351 simulatum
1714 1323 1851 1351 dolorem?

1111 1364 1153 1390 94.
1175 1363 1228 1390 Sed
1243 1362 1310 1398 quid
1326 1371 1375 1398 ego
1390 1362 1423 1388 de
1438 1362 1559 1397 epistolis
1570 1361 1679 1388 Falcidii
1695 1366 1742 1388 aut
1751 1361 1784 1388 de
1795 1362 1850 1388 An-

1055 1401 1138 1428 drone
1154 1400 1267 1427 Sextilio
1281 1404 1327 1427 aut
1341 1400 1375 1426 de
1388 1400 1494 1426 Deciani
1514 1408 1597 1426 censu
1619 1398 1721 1426 tamdiu
1741 1399 1850 1434 disputo

1056 1443 1082 1465 et
1092 1437 1252 1473 expostulo?
1270 1437 1303 1464 de
1314 1437 1400 1464 salute
1412 1437 1532 1464 omnium
1544 1441 1679 1468 nostrum,
1692 1436 1725 1463 de
1735 1435 1850 1463 fortunis

1055 1476 1180 1506 civitatis,
1193 1475 1227 1502 de
1238 1483 1344 1501 summa
1355 1474 1469 1509 reipubl.
1481 1473 1572 1501 taceo?
1589 1482 1670 1509 quam
1682 1482 1730 1500 vos
1740 1474 1851 1501 univer—

1055 1522 1112 1540 sam
1124 1513 1151 1539 in
1161 1512 1211 1539 hoc
1221 1512 1321 1539 iudicio
1332 1512 1427 1538 vestris
1439 1512 1559 1538 humeris
1568 1532 1574 1542 ,
1595 1511 1705 1542 vestris,
1727 1511 1848 1546 inquam,

1056 1550 1190 1581 humeris,
1208 1549 1325 1580 iudices,
1341 1549 1491 1576 sustinetis.
1532 1548 1648 1580 Videtis,
1665 1549 1692 1575 in
1707 1557 1761 1583 quo
1775 1552 1850 1574 motu

1055 1592 1206 1622 temporum
1214 1607 1220 1618 ,
1237 1591 1336 1622 quanta
1348 1587 1375 1613 in
1387 1586 1559 1613 conversione
1570 1594 1658 1613 rerum
1670 1594 1700 1612 ac
1710 1585 1851 1620 perturba-

1056 1625 1126 1651 tione
1139 1633 1286 1650 versemur.
1308 1623 1455 1650 XXXVIII.
1468 1622 1558 1655 Quum
1569 1623 1620 1649 alia
1633 1623 1715 1649 multa
1727 1623 1790 1649 certi
1802 1622 1851 1649 ho-

1055 1663 1156 1693 mines,
1179 1666 1235 1688 tum
1251 1661 1301 1687 hoc
1317 1660 1358 1687 vel
1377 1661 1493 1687 maxime
1513 1659 1670 1691 moliuntur,
1694 1664 1725 1686 ut
1746 1664 1851 1686 vestrae

1055 1707 1164 1734 quoque
1187 1703 1303 1728 mentes,
1329 1703 1416 1724 vestra
1440 1697 1553 1728 iudicia,
1578 1702 1682 1723 vestrae
1703 1697 1851 1724 sententiae

1055 1737 1156 1771 optimo
1175 1736 1273 1770 cuique
1289 1734 1478 1762 infestissimae
1492 1739 1571 1769 atque
1586 1734 1789 1761 inimicissimae
1808 1742 1851 1761 re-

1056 1774 1202 1809 periantur.
1243 1772 1340 1799 Gravia
1355 1772 1455 1799 iudicia
1471 1780 1519 1807 pro
1538 1771 1700 1806 reipublicae
1720 1771 1851 1807 dignitate

1056 1810 1140 1837 multa
1155 1810 1188 1837 de
1201 1810 1400 1836 coniuratorum
1416 1808 1515 1835 scelere
1530 1809 1642 1835 fecistis.
1681 1809 1739 1835 Non
1755 1813 1851 1843 putant

1056 1849 1120 1875 satis
1131 1855 1287 1874 conversam
1299 1846 1503 1882 rempublicam,
1517 1847 1569 1873 nisi
1580 1846 1608 1872 in
1620 1845 1740 1873 eamdem
1752 1846 1850 1880 impio-

1056 1894 1115 1912 rum
1126 1893 1238 1920 poenam
1249 1885 1348 1919 optime
1360 1885 1468 1910 meritos
1478 1884 1550 1910 cives
1561 1883 1730 1910 detruserint.
1743 1882 1849 1917 95.0p-

1056 1931 1165 1958 pressus
1176 1926 1216 1948 est
1227 1921 1256 1949 C.
1268 1922 1410 1948 Antonius.
1440 1921 1517 1947 Esto:
1536 1920 1630 1947 habuit
1643 1920 1789 1956 quamdam
1803 1919 1851 1947 ille

1056 1959 1194 1986 infamiam
1206 1967 1298 1985 suam:
1321 1967 1408 1994 neque
1419 1962 1506 1984 tamen
1518 1957 1563 1984 ille
1574 1958 1646 1992 ipse,
1663 1966 1711 1993 pro
1721 1965 1781 1984 meo
1792 1957 1851 1984 iure

1055 1997 1128 2029 dico,
1151 1997 1228 2023 vobis
1239 1996 1375 2023 iudicibus
1386 1995 1528 2022 damnatus
1541 2000 1625 2026 esset,
1647 1995 1725 2021 cuius
1739 1994 1851 2021 damna-

1057 2035 1126 2061 tione
1137 2033 1292 2069 sepulcrum
1304 2034 1333 2060 L.
1347 2032 1484 2064 Catilinae,
1495 2031 1606 2059 floribus
1616 2036 1749 2063 ornatum,
1762 2031 1851 2058 homi-

1057 2081 1122 2098 num
1137 2071 1379 2098 audacissimorum
1395 2079 1424 2096 ac
1439 2070 1646 2096 domesticorum
1657 2069 1776 2096 hostium
1785 2077 1851 2096 con·

1056 2114 1138 2136 ventu
1148 2108 1291 2143 epulisque
1301 2107 1464 2134 celebratum
1480 2112 1534 2134 est:
1556 2107 1626 2133 iusta
1638 2106 1766 2133 Catilinae
1782 2105 1850 2133 facta

1056 2151 1129 2174 sunt.
1155 2147 1232 2173 Nunc
1244 2155 1258 2172 a
1269 2145 1363 2172 Flacco
1373 2144 1480 2171 Lentuli
1491 2153 1591 2179 poenae
1601 2152 1649 2179 per
1659 2152 1707 2170 vos
1717 2148 1850 2178 expetun-

1056 2188 1109 2210 tur.
1149 2182 1235 2216 Quam
1246 2183 1357 2218 potestis
1369 2182 1397 2208 P.
1410 2182 1535 2213 Lentulo,
1550 2181 1598 2216 qui
1610 2189 1657 2208 vos
1668 2181 1695 2207 in
1706 2179 1850 2216 complexu

1057 2220 1202 2248 liberorum
1217 2221 1418 2256 coniugumque
1433 2223 1583 2245 vestrarum
1599 2217 1742 2244 trucidatos
1757 2219 1850 2244 incen-

1055 2258 1099 2285 dio
1109 2258 1209 2293 patriae
1219 2257 1332 2292 sepelire
1342 2261 1452 2283 conatus
1463 2261 1512 2287 est,
1520 2260 1634 2282 mactare
1643 2255 1777 2281 victimam
1786 2263 1850 2291 gra-

1055 2295 1149 2322 tiorem
1157 2316 1164 2326 ,
1181 2304 1262 2330 quam
1273 2295 1298 2321 si
1308 2295 1338 2321 L.
1351 2293 1438 2320 Flacci
1449 2293 1580 2329 sanguine
1590 2292 1666 2319 illius
1678 2291 1809 2318 nefarium
1819 2292 1849 2319 in

1055 2341 1103 2359 nos
1118 2341 1211 2359 omnes
1226 2332 1319 2358 odium
1334 2329 1537 2357 saturaveritis?
1564 2331 1605 2356 96.
1626 2329 1746 2355 Litemus
1765 2329 1849 2365 igitur

1055 2369 1177 2400 Lentulo,
1191 2374 1361 2404 parentemus
1373 2368 1497 2404 Cethego,
1511 2374 1665 2394 revocemus
1676 2366 1787 2393 eiectos:
1805 2366 1850 2393 ni-

1055 2407 1123 2433 miae
1135 2407 1241 2442 pietatis
1252 2411 1277 2433 et
1287 2406 1389 2432 summi
1399 2405 1497 2431 amoris
1507 2404 1535 2431 in
1546 2403 1658 2439 patriam
1669 2403 1789 2430 vicissim
1800 2411 1848 2430 nos

1055 2453 1166 2479 poenas,
1179 2445 1202 2470 si
1214 2445 1250 2470 ita
1261 2442 1359 2478 placet,
1372 2441 1540 2469 sufferamus.
1580 2441 1633 2467 Nos
1644 2441 1698 2467 iam
1708 2440 1742 2466 ab
1751 2439 1849 2467 indici—

1055 2482 1106 2508 bus
1118 2482 1302 2508 nominamur:
1323 2480 1351 2507 in
1361 2488 1410 2506 nos
1420 2479 1531 2505 crimina
1543 2477 1694 2513 finguntur:
1711 2477 1789 2504 nobis
1800 2485 1849 2512 pe-

1055 2518 1138 2544 ricula
1148 2522 1345 2553 comparantur.
1384 2516 1457 2549 Quae
1468 2515 1492 2542 si
1502 2523 1550 2550 per
1559 2514 1625 2541 alios
1635 2519 1752 2550 agerent,
1765 2515 1790 2541 si
1799 2513 1849 2541 de-

1055 2557 1136 2591 nique
1147 2564 1194 2590 per
1205 2554 1299 2590 populi
1308 2562 1406 2581 nomen
1416 2553 1517 2579 civium
1527 2551 1712 2587 imperitorum
1723 2550 1848 2578 multitu—

1054 2592 1146 2619 dinem
1159 2593 1350 2619 concitassent:
1371 2590 1496 2626 aequiore
1509 2590 1599 2616 animo
1613 2588 1681 2615 ferre
1691 2597 1846 2623 possemus.

1054 2629 1124 2656 Illud
1135 2638 1197 2656 vero
1209 2629 1271 2656 ferri
1281 2637 1334 2656 non
1344 2632 1444 2663 potest,
1460 2626 1533 2662 quod
1547 2635 1596 2662 per
1610 2630 1744 2652 senatores
1759 2630 1785 2652 et
1798 2634 1847 2661 per

1054 2668 1158 2703 equites
1168 2667 1301 2694 Romanos
1308 2686 1315 2698 ,
1336 2665 1385 2701 qui
1396 2665 1460 2692 haec
1470 2664 1559 2691 omnia
1569 2672 1618 2700 pro
1628 2662 1714 2691 salute
1724 2663 1846 2690 omnium
