1941 3052
202 148 250 174 240

203 226 244 244 me
257 216 367 244 deorum
383 216 575 251 hominumque
591 216 719 241 nulii-ium
734 213 926 241 coniunxerat?
946 223 992 241 en:

201 255 322 281 accusavi
339 258 430 287 rogatu
446 254 576 279 novini-um
595 258 674 286 ntth
692 252 851 282 nmi‹-0rurn;
876 250 995 277 delectus

202 301 263 318 »iim
277 292 310 317 ab
326 292 448 317 univi-run
465 291 607 324 provincia.
620 290 666 323 qui
678 290 736 314 eius
751 288 807 314 iura
823 287 995 323 fortunaeque

202 328 391 355 defends-rem?
417 327 540 353 Dubitare
553 327 697 360 qnisquam
714 329 812 359 potest.
832 325 898 359 quin
914 324 996 351 lione-

203 367 270 392 snus
289 366 323 391 nit
342 373 432 390 eorum
451 372 557 393 suusne,
583 362 652 397 apud
672 371 740 397 quos
759 366 883 397 quaestor
901 361 993 392 fueris.

202 411 282 438 quam
297 411 368 431 υιιιιι,
380 402 457 426 ruins
471 405 595 435 quaestor
609 399 700 429 fueris,
713 398 855 425 accusare?
879 401 920 424 66.
937 398 996 425 Clu-

203 440 302 466 rissimi
323 439 370 464 viri
391 442 492 463 nostrae
510 437 624 462 civitatis
644 436 808 470 temporibus
825 436 934 470 optimis
948 436 996 462 hoc

203 477 254 502 nihi
279 475 476 510 amplissimum
501 473 766 508 pulclierrimuinque
789 473 935 503 ducebant,
963 473 996 499 ab

204 513 355 548 hospitibus
369 511 568 545 clientibusque
581 511 652 540 stris,
673 510 706 536 ali
720 511 818 536 exteris
833 510 994 541 nationibus,

202 559 271 585 quae
285 551 310 575 in
326 549 467 574 amicitiam
484 548 573 582 populi
586 548 694 574 Romani
705 547 887 582 ditionemque
897 552 994 578 essent,

203 587 314 614 iniurias
341 585 495 620 propulsare
521 593 668 620 eorumque
695 584 813 611 fortunas
843 584 996 611 defendere.

204 624 238 650 M.
256 624 379 649 Catonem
396 622 471 648 illum
487 621 654 657 Sapientem,
674 622 854 648 clarissimum
872 622 957 648 virum
972 625 997 648 ct

204 660 458 696 prudentissimum,
477 668 538 685 cum
554 659 647 685 multis
660 668 754 694 graves
770 659 922 685 inimicitias
936 668 998 694 ges-

203 699 270 724 sisse
285 697 437 732 accepimus
452 702 557 731 propter
568 697 754 731 Hispanorum,
768 696 839 731 apud
853 705 921 731 quos
935 705 997 722 eon-

202 735 244 761 sul
261 734 354 765 fuerat,
370 734 491 760 iniurias.
514 735 556 760 67.
572 734 662 768 Nuper
676 734 724 761 Cn.
737 734 880 760 Domitium
895 734 997 759 scimus

203 773 238 799 M.
254 771 345 798 Silano
362 771 432 798 diem
451 771 553 797 dixisse
571 775 677 806 propter
695 771 775 798 unius
791 771 906 797 hominis
920 771 998 806 Egri—

203 810 296 836 tomari
312 809 413 844 paterni
427 809 505 835 amici
519 813 598 843 atque
613 808 725 843 hospitis
740 808 861 834 iniurias.

258 846 332 873 XXI.
348 847 440 881 Neque
450 846 520 872 enim
534 846 619 881 magis
630 846 732 872 animos
746 845 885 872 hominurn
901 854 997 871 nocen-

203 885 270 911 tium
285 892 326 910 res
341 892 468 918 umquam
485 882 538 909 ulla
556 884 712 913 commovit.
732 892 813 917 quam
833 883 896 909 llaec
915 883 997 909 maio-

203 930 263 948 rum
282 920 447 947 consuetudo
465 920 542 955 longo
560 920 699 947 intervallo
718 920 827 954 repetita
850 929 879 946 ac
902 919 994 947 relata:

203 959 334 985 sociorum
349 958 530 993 querimoniae
544 957 645 983 delatae
659 957 691 983 ad
707 957 840 984 hominem
857 966 907 983 non
928 958 998 983 iner-

203 996 348 1026 tissimum.
365 999 504 1029 susceptae
518 995 551 1020 ab
565 1003 607 1026 eo⁷
623 995 669 1029 qni
686 994 825 1021 videbatur
839 1003 931 1021 eorum
945 994 998 1021 for-

204 1038 282 1060 tunas
297 1033 347 1058 fide
357 1032 549 1068 diligentiaque
560 1040 607 1057 sua
621 1040 698 1066 posse
707 1031 859 1058 defendere.
887 1034 928 1058 68,
944 1032 997 1058 lloe

201 1071 298 1103 timent
310 1070 444 1096 homines:
462 1069 510 1096 hoc
523 1069 652 1095 laborant:
670 1069 718 1095 lioc
729 1069 831 1095 institui
843 1074 922 1104 atque
933 1069 997 1096 adeo

203 1108 356 1134 institutum
371 1106 461 1133 referri
476 1115 505 1132 ac
519 1107 638 1132 renovari
654 1106 764 1133 moleste
779 1106 876 1133 ferunt.
903 1107 998 1133 Putant

204 1144 271 1175 fore.
296 1145 348 1175 uti,
373 1144 395 1170 si
415 1143 552 1178 paullatim
572 1143 636 1170 haec
653 1143 819 1170 consuetudo
840 1152 945 1178 serpere
969 1152 998 1170 ac

204 1181 308 1217 prodire
322 1182 445 1216 coeperit,
458 1190 505 1216 per
519 1181 640 1207 homines
654 1180 858 1208 honestissimos
873 1182 998 1216 virosque

204 1219 377 1250 fortissimos,
398 1227 449 1245 non
467 1218 603 1253 imperitos
622 1217 833 1245 adolescentulos
852 1223 897 1244 aut
911 1218 999 1244 illius-

203 1256 275 1283 modi
289 1255 509 1291 quadruplatores
525 1255 594 1291 leges
605 1255 757 1290 iudiciaque
768 1255 996 1282 administrentur.

204 1295 244 1320 69.
267 1293 351 1320 Cuius
365 1293 566 1320 consuetudinis
581 1297 659 1327 atque
674 1293 788 1319 instituti
808 1297 896 1328 patres
915 1294 996 1319 maio-

204 1339 300 1366 resque
315 1334 417 1357 nostros
432 1339 483 1357 non
498 1330 649 1365 poenitebat
664 1334 734 1361 tum,
753 1339 838 1365 quum
853 1330 882 1356 P.
898 1330 998 1356 Lentu-

204 1367 256 1399 lus,
272 1369 295 1394 is
310 1368 358 1403 qui
372 1368 496 1402 princeps
506 1372 614 1393 senatus
625 1367 684 1398 fuit,
697 1367 837 1394 accusabat
847 1367 890 1394 Μ’.
902 1367 998 1402 Aquil-

205 1405 271 1432 lium
285 1405 465 1440 subscriptore
477 1405 506 1432 C.
517 1404 618 1431 Rutilio
628 1404 710 1431 Rufo:
727 1408 773 1431 aut
786 1413 872 1440 quum
885 1404 914 1430 P.
926 1404 998 1431 Afri-

203 1451 299 1473 canus,
321 1442 400 1469 homo
417 1443 528 1473 virtute,
553 1441 670 1473 fortuna.
694 1441 791 1477 gloria,
816 1442 896 1468 rebus
914 1442 998 1477 gestis

203 1479 397 1514 amplissimus,
410 1483 583 1514 posteaquam
595 1479 637 1505 bis
648 1478 741 1506 consul
756 1483 781 1506 et
794 1487 887 1505 censor
901 1478 995 1510 fuerat¹

204 1517 233 1544 L.
253 1517 354 1544 Cottam
373 1517 400 1543 in
418 1516 549 1543 iudicium
568 1516 686 1543 vocabat.
727 1517 786 1542 Iure
808 1521 866 1543 tum
890 1515 999 1543 florebat

203 1553 296 1590 populi
310 1554 421 1581 Romani
435 1562 545 1581 nomen:
570 1554 627 1580 iure
640 1553 781 1580 auctoritas
795 1553 878 1580 buius
893 1553 998 1588 imperii

203 1592 372 1626 civitatisque
391 1591 514 1617 maiestas
535 1591 625 1627 gravis
643 1591 800 1617 habebatur.
841 1591 925 1617 Nemo
947 1591 999 1617 mi-

203 1628 311 1655 rabatur
328 1629 355 1654 in
369 1628 493 1655 Africano
510 1628 568 1659 illo,
589 1627 662 1663 quod
679 1628 707 1654 in
724 1636 767 1654 me
786 1636 869 1659 nunc,
891 1628 999 1654 homine

204 1666 293 1701 parvis
307 1665 404 1700 opibus
418 1674 447 1692 ac
461 1665 632 1692 facultatibus
645 1665 776 1700 praedito.
798 1664 927 1692 simulant
940 1673 999 1691 sese

204 1703 303 1734 mirari,
316 1711 402 1737 quum
416 1702 526 1729 moleste
540 1701 633 1728 ferant.
654 1703 696 1728 70.
712 1701 783 1734 Quid
796 1702 849 1728 sibi
863 1702 912 1728 iste
925 1701 1000 1728 vult?

204 1744 418 1766 accusatoremne
431 1748 459 1766 se
473 1739 628 1770 existimari,
642 1741 689 1774 qui
699 1744 774 1766 antea
784 1739 926 1766 defendere
936 1747 1000 1766 con-

205 1781 340 1803 sueverat:
365 1785 437 1803 nunc
451 1777 618 1812 praesertim,
634 1785 663 1802 ea
678 1776 729 1802 iam
743 1781 839 1807 aetate,
855 1785 942 1811 quum
956 1784 1000 1802 ae-

205 1814 335 1841 dilitatem
349 1813 438 1849 petat?
450 1814 507 1850 Ego
517 1822 579 1841 vero
592 1814 684 1840 aetatis
699 1822 751 1840 non
765 1813 842 1841 modu
857 1822 939 1845 meae,
951 1813 998 1840 sed
1020 1841 1022 1843 ,

431 148 469 172 48,
492 145 868 172 M.T.‹:1(:t·:1‹0N151N
889 144 1094 176 Q.CAEC1L.
1117 143 1330 171 ntvtNATto.
1352 144 1435 170 CAP.
1457 146 1484 171 2⁴
1509 159 1545 164 —
1564 146 1606 171 22.

1046 214 1131 240 multo
1148 214 1227 240 etiam
1246 214 1392 248 superioris
1413 218 1438 240 et
1461 214 1567 241 lionoris
1590 214 1750 250 amplissimi
1774 221 1839 251 puto

1046 259 1113 280 enne.
1129 255 1154 276 et
1168 259 1291 276 accusare
1306 250 1440 285 improbos
1454 256 1479 278 et
1492 252 1603 278 miserm
1618 251 1839 287 calamitosamque

1047 287 1199 314 defendere.
1238 287 1271 314 Et
1286 286 1402 322 profecto
1415 292 1460 314 aut
1474 288 1522 314 hoc
1537 288 1683 315 remanum
1698 294 1737 316 est
1747 298 1839 325 aegro-

1049 329 1088 350 tae
1106 333 1135 350 ae
1154 333 1234 359 prope
1252 324 1404 359 desperatae
1423 325 1585 360 reipublicae
1603 325 1765 361 iudiciisque
1782 335 1840 353 oot-

1048 362 1133 396 rnptin
1147 371 1176 387 ae
1190 362 1374 388 contaminatis
1389 370 1532 396 paucorum
1548 363 1612 389 vitio
1622 372 1651 388 ac
1663 362 1838 398 turpitudine.

1049 399 1170 424 homines
1184 398 1216 424 ad
1232 398 1320 432 legum
1332 398 1513 425 defensionem
1526 399 1741 435 iudiciorumque
1751 405 1841 427 aucto-

1049 436 1150 461 ritatem
1169 444 1250 470 quam
1270 435 1473 462 honestissimos
1490 440 1516 462 et
1529 436 1712 472 integerrimos
1726 437 1841 472 diligen-

1049 473 1220 507 tissimosque
1235 472 1370 498 accedere:
1387 477 1440 503 aut,
1452 473 1474 498 si
1487 482 1518 499 ne
1534 473 1582 500 hoc
1613 473 1701 500 uidem
1717 474 1842 509 prodesse

1049 510 1156 544 poterit.
1178 509 1294 544 proferto
1314 509 1385 536 nulla
1405 518 1533 545 umquam
1549 483 1678 537 medicina
1693 511 1735 537 liin
1750 516 1786 538 tot
1801 512 1842 538 in-

1047 547 1195 573 commodis
1218 547 1372 582 repcrietur.
1412 548 1455 573 7⁴.
1483 547 1560 573 Nulla
1584 547 1656 573 salus
1680 548 1842 584 reipublicae

1050 585 1133 610 maior
1146 589 1198 614 est.
1214 593 1295 619 quam
1310 593 1368 614 eos.
1383 585 1431 619 qui
1445 583 1557 610 alterum
1571 590 1708 613 accusant.
1725 595 1776 612 non
1791 586 1842 612 mi-

1049 630 1100 647 nus
1113 621 1146 647 de
1162 621 1252 652 laude,
1273 621 1306 647 de
1321 621 1432 651 honore.
1452 621 1485 647 de
1500 621 1568 647 fama
1587 631 1651 653 sua,
1671 631 1752 657 quam
1771 622 1839 653 illos.

1048 659 1095 693 qui
1113 663 1284 689 accusantur,
1307 658 1340 684 de
1358 659 1443 693 capite
1461 667 1490 684 ac
1509 658 1623 685 fortunis
1641 660 1698 685 suis
1717 660 1842 694 pertime-

1049 704 1130 722 scere.
1171 696 1262 731 ltaque
1281 704 1386 731 semper
1405 697 1422 722 ii
1441 695 1646 732 diligentissime
1666 695 1842 723 laboriosissi-

1049 741 1145 768 meque
1164 738 1335 763 accusarunt,
1355 734 1402 768 qui
1421 742 1449 759 se
1464 733 1536 768 ipsos
1550 734 1577 760 in
1592 733 1735 760 discrimen
1749 734 1842 761 existi-

1049 770 1172 797 mationis
1188 771 1276 796 venire
1291 770 1407 796 arbitrati
1422 775 1494 797 sunt.

1104 807 1188 834 xxu.
1204 807 1382 839 Quamobrem
1398 807 1446 834 hoc
1461 812 1583 837 statuere.
1601 806 1712 838 iudices.
1728 807 1839 838 debetis.

1048 844 1080 876 Q.
1100 844 1259 875 Caecilium„
1285 844 1317 871 de
1335 853 1390 880 quo
1408 845 1480 871 nulla
1500 853 1628 879 umquam
1651 845 1741 880 opinio
1763 844 1843 872 fuerit

1049 881 1176 917 nullaque
1195 882 1221 908 in
1241 882 1289 908 hoc
1309 882 1367 916 ipso
1385 882 1484 908 iudicio
1501 883 1663 916 exspectatio
1686 881 1774 908 futura
1796 883 1840 911 sit.

1048 920 1095 954 qui
1111 928 1206 954 neque.
1221 924 1249 945 ut
1263 923 1322 945 ante
1336 919 1472 945 collectam
1488 919 1584 945 famam
1595 924 1741 949 conservet.
1756 927 1842 955 neque

1050 957 1088 983 uti
1103 956 1199 992 reliqui
1214 957 1341 991 temporis
1354 965 1430 991 spem
1444 956 1590 985 confirmet.
1608 955 1718 986 laborat.
1736 965 1787 983 non
1802 957 1843 983 ni-

1049 994 1100 1020 mis
1119 993 1187 1020 hanc
1205 1002 1326 1020 caussam
1345 1002 1450 1025 severe,
1474 1003 1524 1019 non
1544 994 1623 1019 nimis
1637 998 1770 1024 accurate,
1791 1002 1842 1020 non

1050 1031 1130 1057 nimis
1149 1030 1290 1066 diligenter
1308 1035 1440 1057 acturum.
1481 1031 1564 1057 llabet
1577 1031 1649 1057 enim
1669 1030 1750 1061 nihil,
1769 1030 1841 1066 quod

1048 1069 1076 1095 in
1090 1068 1234 1095 offensione
1248 1068 1387 1103 deperdat:
1413 1073 1441 1094 ut
1455 1068 1611 1103 turpissime
1624 1066 1844 1104 flagitiosissime-

1049 1114 1102 1141 que
1120 1105 1252 1136 discedat¹
1273 1105 1339 1132 nihil
1358 1105 1391 1132 de
1405 1105 1463 1131 suis
1478 1105 1612 1131 veteribus
1625 1106 1787 1132 ornamentis
1801 1113 1843 1132 re—

1049 1143 1147 1177 quiret.
1187 1143 1229 1169 72.
1252 1143 1272 1169 Α
1292 1142 1368 1169 nobis
1387 1142 1486 1169 multos
1503 1142 1610 1169 obsides
1629 1142 1708 1168 habet
1726 1142 1843 1177 populus

1049 1181 1193 1211 Romanus,
1202 1188 1269 1215 quos
1284 1185 1313 1206 ut
1323 1179 1470 1206 incolumes
1481 1188 1646 1209 conservare.
1658 1180 1736 1210 tueri,
1747 1179 1843 1206 confir-

1050 1226 1121 1244 mare
1139 1226 1168 1243 ac
1186 1226 1342 1252 recuperare
1361 1218 1508 1252 possimus,
1530 1217 1602 1243 omni
1619 1217 1718 1243 ratione
1735 1217 1784 1243 erit
1802 1216 1844 1243 di-

1049 1254 1214 1281 micandum.
1255 1255 1338 1280 llabet
1352 1254 1491 1284 honorem,
1512 1262 1593 1289 quem
1608 1254 1739 1288 petimus:
1764 1253 1843 1280 babet

1049 1300 1139 1327 spem.
1159 1300 1240 1326 quam
1255 1292 1417 1326 propositam
1433 1291 1509 1318 nobis
1524 1291 1668 1317 habemus:
1694 1290 1772 1317 habet
1786 1292 1844 1318 exi-

1049 1329 1228 1356 stimationem
1247 1329 1332 1355 multo
1349 1328 1458 1359 sudore,
1484 1328 1572 1354 labore
1590 1327 1746 1363 vigiliisque
1763 1328 1844 1355 colle-

1049 1371 1132 1393 ctam:
1158 1370 1200 1397 ut.
1221 1366 1243 1392 si
1258 1366 1284 1392 in
1300 1365 1349 1392 hac
1362 1374 1456 1392 caussa
1471 1370 1592 1392 nostrum
1605 1364 1724 1392 officium
1738 1373 1768 1392 ac
1781 1365 1844 1392 dili—

1048 1403 1164 1439 gentiam
1179 1403 1395 1438 probaverimus,
1411 1403 1488 1434 haec.
1504 1411 1573 1438 quae
1586 1401 1656 1433 dixi,
1672 1403 1784 1429 retinere
1797 1411 1845 1438 per

1049 1440 1179 1476 populum
1194 1441 1343 1467 Romanum
1357 1439 1501 1467 incolumia
1515 1449 1545 1466 ac
1558 1438 1631 1466 salva
1646 1439 1795 1474 possimus:
1820 1440 1844 1467 si

1050 1477 1182 1504 tantulum
1196 1477 1327 1504 offensum
1342 1478 1540 1513 titubatumque
1553 1477 1600 1508 sit.
1617 1481 1645 1503 ut
1655 1485 1694 1508 ea,
1705 1485 1774 1512 quae
1788 1477 1844 1504 sin-

1049 1515 1163 1551 gulatim
1181 1523 1211 1541 ac
1229 1514 1276 1541 diu
1294 1514 1402 1542 collecta
1419 1519 1496 1545 sunt,
1520 1523 1574 1541 uno
1587 1518 1706 1549 tempore
1719 1515 1843 1541 universa

1050 1552 1203 1588 perdamus.
1233 1553 1275 1579 73.
1294 1551 1468 1587 Quapropter.
1485 1551 1596 1582 iudices,
1612 1555 1730 1578 vestrum
1745 1556 1786 1578 est
1797 1551 1844 1578 de-

1050 1590 1139 1625 ligere,
1149 1598 1229 1624 quem
1240 1589 1398 1616 existimetis
1409 1588 1535 1615 facillime
1544 1596 1622 1623 posse
1632 1588 1843 1624 magnitudinem

1049 1635 1159 1653 caussae
1173 1635 1202 1652 ac
1215 1626 1307 1653 iudicii
1323 1626 1455 1652 sustinere
1470 1625 1533 1656 fide,
1549 1625 1701 1661 diligentia.
1721 1625 1841 1657 consilio,

1050 1663 1213 1690 auctoritate.
1241 1663 1293 1690 Vos
1307 1664 1329 1689 si
1345 1663 1410 1690 mihi
1425 1663 1456 1695 Q.
1469 1662 1613 1689 Caecilium
1628 1663 1841 1697 anteposueritis.

1050 1710 1100 1737 ego
1114 1709 1156 1727 me
1169 1700 1298 1736 dignitate
1311 1705 1466 1735 superatum
1481 1708 1533 1726 non
1547 1699 1706 1726 arbitrabor:
1726 1699 1843 1735 populus

1049 1739 1185 1764 Romanus
1203 1746 1235 1764 ne
1259 1743 1311 1764 tam
1335 1738 1486 1768 honestam,
1512 1742 1564 1763 tam
1587 1745 1707 1763 severam
1728 1737 1844 1773 diligen—

1050 1780 1157 1810 temque
1175 1776 1370 1801 accusationem
1392 1783 1478 1809 neque
1501 1774 1577 1800 vobis
1601 1773 1734 1808 placuisse
1757 1783 1844 1810 neque

1050 1812 1137 1839 ordini
1151 1817 1239 1839 vestro
1253 1812 1356 1847 placere
1370 1811 1519 1842 arbitretur.
1536 1810 1682 1846 providete.

908 1904 1130 1918 ὤπασε-

1003 2102 1042 2127 ⁴9.

789 2168 1274 2208 PROOEMIUM·

983 2264 1058 2284 νει

411 2328 885 2359 PRINCIPIUM
939 2327 1222 2358 PRIMAE
1276 2323 1637 2356 ACTIONIS

627 2445 635 2464 ,
718 2405 798 2454 ΙΝ
856 2405 897 2454 C.
954 2403 1323 2454 VERREM.

260 2575 337 2597 ΔΒΕ.
348 2576 498 2599 ΔδΟΟΝΙΙ.
521 2577 588 2599 'Victo
597 2576 696 2598 caeciliu
707 2580 729 2597 et
738 2575 880 2597 accusatione
889 2575 916 2595 ud
927 2582 952 2596 se
960 2575 998 2595 de-

207 2609 266 2636 tnta,
277 2610 368 2636 Cicero,
382 2618 446 2638 quum
456 2611 612 2639 inquisitioni}
622 2614 708 2639 tempus
717 2611 741 2632 in
751 2610 852 2632 stt-itiam
861 2609 999 2638 postulunt

207 2645 256 2666 dien
267 2644 307 2666 CX
315 2661 320 2670 .
336 2648 358 2666 et
371 2653 418 2667 eum
432 2645 479 2667 filiu
494 2646 569 2674 patrui
582 2646 618 2667 nui
627 2645 703 2667 Tullii
712 2649 779 2666 tutam
788 2645 924 2673 provinciam
934 2644 999 2666 euui-

207 2679 286 2706 tondis
295 2679 378 2702 titteris
387 2680 412 2702 in
418 2681 507 2702 Vane-n
518 2684 539 2702 et
547 2680 704 2702 denunti-ndis
714 2680 850 2701 testimoniis
860 2682 1000 2707 peragrasset

1049 2575 1128 2596 diet-us
1143 2575 1172 2600 L,
1187 2573 1240 2601 quia
1253 2573 1356 2601 pedestre
1367 2572 1413 2593 iter
1427 2579 1455 2593 ex
1469 2572 1550 2594 Sicilia
1563 2577 1585 2593 et
1597 2574 1688 2600 propter
1701 2570 1810 2597 fugitivo·
1819 2574 1843 2592 et

1049 2613 1140 2637 propter
1148 2609 1226 2631 Verris
1239 2607 1336 2629 insi-tiu
1349 2607 1474 2632 fluitabat,
1489 2613 1502 2627 ι
1511 2607 1599 2628 Vibone
1612 2605 1712 2628 muniit.
1734 2606 1794 2628 Tum
1806 2612 1842 2627 re-

1049 2648 1115 2672 pente
1124 2643 1252 2669 advenient,
1261 2650 1327 2670 quun
1335 2642 1421 2663 videret
1429 2642 1454 2662 id
1463 2642 1507 2668 egi,
1513 2646 1539 2662 ut
1547 2643 1602 2663 aM'.
1608 2641 1730 2663 Glabrione
1738 2644 1842 2670 praetore

1049 2682 1071 2700 et
1085 2679 1112 2700 at»
1124 2678 1156 2699 iis
1165 2677 1292 2703 iudicibus,
1307 2677 1346 2705 qui
1360 2680 1412 2698 tunc
1426 2681 1499 2702 erut,
1513 2677 1541 2698 ιιί
1555 2676 1622 2698 ulium
1635 2683 1716 2698 mun
1729 2675 1842 2703 aliu-que
