1941 3052
841 155 874 179 tt.
907 155 935 179 T.

192 159 238 182 ἨΞ
768 156 804 180 15.

190 227 216 253 tii
236 235 268 253 cx
287 226 372 252 edicto
391 235 510 261 possen-aa
531 236 580 252 non
596 225 672 250 νήει-Ῥ
691 226 798 259 (ipinor,
816 230 891 250 tuum
907 225 981 250 tei-ti-
1002 235 1012 251 ‘1
1032 225 1192 259 ebulus-utin.

190 265 318 294 111011111111,
334 264 405 299 quod
422 265 446 289 in
462 263 545 288 alu-na
561 272 587 288 r«-
603 263 659 287 low·
673 267 750 291 ‹mm-t,
769 263 793 287 id
810 263 835 287 in
849 266 900 290 tua,
913 270 981 296 quo·
1009 263 1011 292 ξ
1033 267 1079 289 tas.
1106 267 1134 287 ut
1157 270 1213 287 earn
1238 262 1370 288 infirmare
1388 262 1460 288 nulla
1478 273 1518 289 ren
1534 270 1625 298 [10111111.

190 302 259 327 niani
277 306 365 327 contra
381 306 404 326 u·
419 306 465 328 est,
482 300 670 332 gravis-imum
685 299 762 324 «lebet
777 307 844 324 014110.
886 299 980 324 timisti

190 339 255 364 bona
282 339 342 364 Sex.
373 338 498 372 Alpini-ni.
533 337 560 362 l..
590 336 663 361 Sulla
690 336 816 361 ‹lit-tatoris
841 336 978 361 vendente.

189 376 296 402 Suviuni
317 376 362 401 tibi
379 376 404 401 iu
421 375 500 400 buius
516 374 591 399 bonis
606 373 712 398 edidisti
723 373 873 404 Quintium.
904 372 980 398 l'lura

189 422 239 439 non
253 414 321 438 ‹lic-n.
356 413 422 438 (111111
439 420 468 435 eo
483 415 508 436 ιιι
527 410 700 435 voluntariam
715 411 865 435 societatem
880 410 978 439 coibas,

187 450 234 484 qui
258 455 281 475 tc
301 450 325 475 iu
349 448 503 474 hereditaria
519 448 641 473 socictate
657 447 801 477 fraudaratg
824 451 849 472 et
863 455 923 472 eum
940 447 982 472 iu-

187 487 257 513 dicio
278 491 322 512 tuo
344 485 547 519 comprobabas,
571 492 652 518 quem
675 484 818 519 spoliatum
842 483 908 510 sarna
929 483 981 509 for-

190 525 314 557 tunisque
328 523 453 548 omnibus
467 520 646 547 arbitrabare?

243 562 284 586 77.
308 559 463 585 Dissidebam
484 558 644 589 mehercule,
669 558 698 585 C.
719 557 828 593 Aquilli.
846 558 909 584 satis
924 558 981 584 nni·
1002 565 1003 574 ¹

189 607 230 624 mo
250 601 320 623 certo
341 602 366 622 et
383 596 538 622 confirmato
555 604 597 622 1110
616 604 692 630 posse
707 595 733 621 in
750 596 797 621 bac
810 604 903 621 caussa
917 604 980 621 con-

187 636 288 661 sistere.
333 634 376 659 Sic
389 633 551 667 cogitabam:
573 641 657 668 quum
672 637 760 659 contra
775 633 897 658 (licturus
911 637 981 658 esset

187 672 350 702 llortcnsius,
371 675 395 697 ct
414 680 498 705 quum
517 675 587 696 esset
605 674 702 696 attente
720 670 862 696 auditurus
878 669 980 704 l'bilip-

188 718 246 743 pus,
272 708 334 739 sore,
355 709 392 734 uti
413 708 552 743 permultis
572 709 597 734 in
617 708 697 733 rebus
712 708 804 733 timore
820 707 977 741 prolaberer.

187 746 309 772 Dicebam
337 746 399 772 huic
421 745 452 777 Q.
479 746 584 775 Roscio.
608 745 686 771 euius
708 753 780 770 soror
802 749 842 770 est
864 753 925 770 cum
951 744 977 769 l’.

968 152 1241 180 thtiuos'ts

1232 224 1279 250 Est
1301 224 1431 260 quaedam
1451 231 1536 253 tamen
1552 227 1585 253 ita
1601 226 1739 261 perspicua
1754 228 1824 254 veri-

1666 266 1707 290 tss.
1723 265 1762 290 An
1777 273 1823 290 an-

1009 319 1010 324 ,
1032 304 1138 333 tequam
1163 298 1310 333 postulasti,
1337 304 1365 324 ut
1389 300 1455 326 bonu
1474 301 1632 335 mnan-ren,
1653 301 1759 330 misi-ti.
1775 303 1823 336 qui

1008 357 1011 381 1

1001 506 1003 539 l

1001 582 1003 616 l
1009 608 1010 612 ,

1008 693 1010 715 ι

1007 720 1010 744 ι

185 783 302 816 Quintio,
326 791 411 818 quum
434 792 447 808 a
467 792 508 808 me
527 786 625 817 peteret
643 787 667 808 ct
681 790 786 807 summe
800 781 976 810 contenderet,
1001 799 1003 804 .

187 825 215 847 ut
232 829 312 847 suum
336 821 517 855 propinquum
537 819 714 849 defenderem,
738 819 802 844 1111111
823 818 978 853 perdifficile

185 866 243 884 esso
266 863 354 884 contra
374 858 437 884 tales
456 862 570 884 oratores
586 866 635 883 non
652 857 729 882 modo
744 861 841 882 tantam
856 864 977 882 caussam

186 903 314 930 perorare,
339 895 386 921 sed
404 895 511 921 omnino
526 895 637 920 verbum
653 893 736 920 facere
750 894 847 919 conari.
888 894 977 925 Quum

185 932 311 967 cupidius
335 933 456 964 instaret3
492 932 592 958 bomini
618 940 664 965 pro
685 931 799 957 amicitia
820 930 978 957 familiarius

185 969 240 996 dixi
265 970 330 996 1111111
355 969 438 996 videri
462 978 505 995 ore
527 969 673 996 durissimo
691 978 758 999 esse,
779 970 825 1004 qui
842 973 978 1003 praesente

1008 943 1009 947 ¹
1031 940 1098 957 Osa-5.

185 1015 216 1034 eo
238 1012 343 1043 gestum
362 1015 438 1043 agere
451 1011 601 1033 conaretur:
631 1008 676 1042 qui
694 1016 754 1032 vcro
767 1015 828 1032 cum
843 1007 902 1040 ipso
915 1014 979 1031 con-
1000 1026 1002 1036 ,

185 1045 330 1075 tenderent,
358 1053 411 1075 cos,
437 1045 539 1071 etiamsi
558 1044 624 1079 quid
643 1048 717 1070 antea
737 1044 798 1069 recti
813 1048 858 1069 aut
873 1043 978 1069 venusti
1000 1051 1002 1080 ζ

186 1082 282 1108 habere
297 1083 347 1108 visi
361 1082 445 1112 sint',
462 1082 488 1108 id
503 1083 635 1108 amittere:
659 1090 690 1107 ne
704 1081 770 1116 quid
785 1081 850 1107 mibi
862 1081 979 1106 eiusmo-

184 1119 211 1145 di
230 1119 371 1150 accideret,
395 1128 480 1154 quum
503 1124 592 1145 contra
614 1118 691 1145 talem
711 1118 836 1144 artificem
857 1117 978 1143 (licturus

185 1165 280 1188 essem,
307 1166 348 1183 me
368 1166 461 1183 vereri.

502 1156 586 1183 XXV.
606 1157 648 1182 78.
665 1157 731 1181 'sum
748 1156 812 1181 niibi
828 1155 939 1181 Roscius
954 1159 978 1180 et
1000 1167 1001 1171 ι

184 1194 234 1220 alia
256 1193 339 1220 multa
358 1194 531 1220 confirmandi
550 1194 602 1220 11101
620 1202 713 1219 caussa
731 1193 812 1219 dixit:
835 1197 860 1218 et
874 1192 978 1218 mehor-
1000 1215 1001 1230 ἦ

183 1231 252 1262 01110,
269 1232 291 1257 si
315 1231 381 1257 nihil
405 1231 517 1262 diceret,
543 1231 620 1257 tacito
643 1231 702 1265 ipso
724 1230 812 1256 officio
834 1234 859 1255 ct
877 1229 975 1260 studio,

183 1269 254 1304 quod
271 1269 382 1295 babebat
394 1277 454 1303 erga
469 1269 649 1304 propinquum
664 1276 754 1298 suum,
767 1267 892 1302 quemvis
905 1275 978 1292 com-

184 1311 309 1333 moveret.

184 1343 226 1369 lus
239 1343 338 1379 dignus
353 1343 474 1369 videatur
484 1351 550 1372 esse.
564 1343 610 1377 qui
626 1343 652 1368 in
663 1351 740 1368 scena
751 1346 896 1376 spectetur:
920 1345 976 1366 tum

184 1381 224 1407 vir
246 1380 378 1407 eiusmodi
401 1385 449 1411 est,
474 1385 503 1407 ut
521 1380 594 1406 solus
612 1380 711 1415 dignus
730 1379 859 1409 videatur,
880 1379 927 1413 qui
946 1386 976 1404 eo

183 1426 234 1444 non
249 1418 364 1444 accedat.
405 1418 608 1448 Verumtamen,
625 1416 710 1452 quid?
723 1417 759 1447 si,
775 1417 872 1451 inquit,
894 1415 976 1441 babes

182 1455 314 1481 eiusmodi
330 1464 460 1486 caussam,
478 1460 506 1481 ut
521 1455 569 1481 boc
581 1455 627 1480 tibi
643 1454 752 1488 planum
768 1454 801 1479 sit
814 1452 974 1484 laciendum,

182 1493 315 1519 neminem
339 1502 406 1524 esse,
430 1493 477 1527 qui
500 1492 584 1527 possit
602 1491 693 1522 biduo,
713 1495 759 1517 aut
777 1499 915 1517 summum
931 1490 978 1516 tri-

181 1529 243 1561 duo,
260 1530 426 1565 septingenta
437 1529 520 1556 millia
535 1537 663 1564 passuum
679 1528 830 1555 ambulare:
854 1532 976 1554 tamenne

183 1568 290 1597 vereris,
313 1571 341 1593 ut
359 1568 445 1602 possis
465 1567 528 1593 haec
546 1571 635 1593 contra
649 1566 818 1592 Hortensium
833 1564 977 1591 contende-

182 1604 226 1630 re‘l
246 1605 364 1635 Minime,
381 1605 501 1640 inquam.
541 1605 583 1630 79.
600 1603 652 1629 Sed
666 1603 732 1638 quid
747 1603 774 1629 id
789 1602 821 1629 ad
836 1601 910 1628 rem‘?
929 1601 977 1627 Ni-

182 1642 290 1673 mirum,
315 1642 415 1676 inquit,
440 1643 467 1668 in
490 1650 520 1668 eo
538 1649 631 1667 caussa
649 1641 780 1667 consistit.
820 1638 977 1671 Quomodo?

181 1679 260 1705 Docet
273 1687 315 1705 me
329 1679 460 1706 eiusmodi
476 1687 530 1705 rem
545 1682 570 1704 et
584 1678 681 1704 factum
697 1677 777 1703 simul
793 1676 855 1703 Sex.
871 1676 973 1706 Naevii,

181 1716 262 1751 quod,
287 1717 309 1742 si
324 1716 410 1742 solum
427 1715 594 1751 proferretur,
611 1715 675 1741 satis
689 1723 747 1740 esse
761 1714 876 1740 deberet.
899 1712 975 1745 Quod

181 1753 228 1779 abs
243 1757 276 1784 te,
294 1753 322 1780 C.
342 1753 452 1788 Aquilli,
469 1758 494 1779 et
508 1762 520 1779 a
536 1752 620 1783 vobis,
637 1753 684 1787 qui
699 1751 797 1777 adestis
812 1751 838 1777 in
853 1750 972 1781 consilio,

181 1799 289 1825 quaeso,
310 1795 341 1817 ut
358 1790 500 1826 diligenter
519 1790 669 1816 attendatis.
708 1788 828 1815 Profecto
842 1787 976 1823 intellige-

182 1829 224 1859 115,
249 1827 324 1854 illinc
342 1828 374 1854 ab
397 1829 473 1854 initio
491 1827 663 1862 cupiditatem
679 1834 813 1862 pugnasse
827 1829 853 1851 et
867 1825 976 1851 audaci·
1004 1841 1006 1862 ,κ

1005 1876 1006 1884 1
1028 1868 1080 1889 tem
1095 1867 1120 1889 et
1132 1863 1244 1898 gratiam
1259 1870 1320 1888 cum
1335 1862 1425 1896 inopia
1443 1866 1469 1888 et
1483 1862 1593 1888 veritate
1605 1861 1773 1888 contendere.

181 1873 237 1896 am;
266 1865 328 1891 binc
346 1865 482 1891 veritatem
498 1869 523 1891 et
536 1864 675 1900 pudorem,
692 1863 780 1898 quoad
795 1863 917 1898 potuerit,
934 1871 976 1888 re-

181 1903 290 1928 stitisse.
330 1903 399 1928 Bona
418 1902 545 1937 postulas,
566 1906 595 1928 ut
613 1911 646 1928 ex
663 1901 749 1927 edicto
763 1900 898 1935 possidere
913 1899 976 1926 lice-

180 1943 215 1966 at.

180 1976 331 2003 inauditum
357 1976 459 2003 facinus
487 1977 587 2011 ipsius,
611 1977 658 2011 qui
681 1976 709 2002 id
731 1975 878 2006 commisit,
912 1982 975 2000 voce

180 2014 312 2041 convinci.
351 2014 406 2045 Dic,
423 2015 514 2045 Naevi,
530 2014 612 2040 diem.
651 2013 718 2039 Ante
731 2013 757 2039 V.
768 2012 878 2039 Kalend.
894 2012 976 2038 inter-

180 2051 289 2078 cataros.
329 2052 398 2078 Bene
413 2052 480 2087 agis.
516 2051 599 2083 Quam
616 2051 692 2086 longe
706 2054 746 2076 est
760 2050 822 2076 hinc
836 2050 862 2076 in
877 2049 974 2075 saltum

181 2093 300 2115 vestrum
315 2088 502 2115 Gallicanum?
522 2089 613 2119 Naevi,
629 2093 654 2114 te
669 2096 740 2123 rogo.
757 2096 800 2113 nec
816 2086 899 2113 millia
913 2095 975 2121 pas-

180 2135 271 2152 suum.
311 2125 427 2161 Optime.
467 2126 503 2152 De
521 2125 589 2152 saltu
603 2125 728 2152 deiicitur
741 2124 877 2157 Quintius.
917 2123 975 2156 Quo

180 2162 242 2189 die‘?
262 2172 406 2198 possumus
420 2163 469 2189 hoc
482 2172 590 2198 quoque
601 2171 634 2189 ex
648 2167 672 2189 te
683 2161 793 2189 audire?
805 2161 875 2194 Quid
887 2161 975 2187 taces‘?
996 2167 997 2174 ¹

180 2200 231 2232 dic,
247 2201 368 2236 inquam,
384 2200 464 2226 diem.
492 2200 578 2227 Pudet
591 2200 688 2226 dicere.
722 2199 857 2235 Intelligo:
881 2207 973 2225 verum
996 2195 997 2223 l

661 2237 788 2263 Deiicitur
801 2237 834 2262 dc
848 2236 926 2267 saltu,
944 2236 972 2262 C.
996 2246 997 2252 ι

180 2242 205 2264 et
223 2246 281 2264 sero
295 2242 320 2264 et
333 2237 515 2272 nequidquam
531 2237 621 2272 pudet.

181 2274 295 2310 Aquilli,
323 2275 408 2310 pridie
431 2274 542 2301 Kalend.
575 2273 753 2301 intercalares.
804 2273 890 2300 Biduo
915 2277 975 2308 post

180 2317 225 2338 aut
242 2316 272 2338 ut
290 2313 378 2338 statim
393 2312 425 2338 de
439 2312 496 2338 iure
511 2312 608 2347 aliquis
622 2312 777 2342 cucurrerit,
794 2319 845 2337 non
861 2315 914 2337 toto
928 2311 974 2336 tri-

180 2349 233 2376 duo
247 2358 291 2376 nce
306 2349 389 2376 millia
404 2358 534 2384 passuum
548 2349 734 2376 coniiciuntur.
775 2350 816 2374 80.
832 2347 919 2375 Orem
932 2348 975 2374 in-

179 2386 348 2413 credibilem!
371 2395 386 2413 o
408 2386 581 2422 cupiditatem
603 2385 838 2413 inconsideratam!
866 2394 882 2412 o
905 2394 975 2411 nun-

181 2423 246 2449 tium
269 2423 418 2450 volucrem!
440 2423 598 2450 Administri
620 2428 646 2450 et
663 2423 790 2450 satellites
803 2422 865 2449 Sex.
879 2422 974 2448 Naevii

180 2460 261 2486 Roma
284 2465 356 2487 trans
374 2461 455 2496 Alpes
473 2461 501 2488 in
520 2461 679 2488 Secusianos
694 2460 777 2487 biduo
790 2459 912 2486 veniunt.
952 2458 974 2486 Ο

181 2497 315 2523 hominem
334 2497 506 2530 fortunatum,
526 2499 574 2534 qui
593 2497 724 2524 eiusmodi
743 2497 850 2523 nuntios
864 2505 912 2523 seu
926 2504 974 2531 po-

181 2534 233 2559 tius
260 2534 372 2570 Pegasos
399 2535 503 2562 habeat.
548 2535 644 2561 XXVI.
671 2535 720 2561 Hic
746 2542 807 2569 ego,
836 2535 859 2560 si
886 2533 973 2561 Crassi

180 2579 272 2597 omnes
295 2579 355 2597 cum
378 2571 499 2599 Antoniis
522 2573 659 2603 exsistant,
679 2572 764 2602 situ,
788 2571 818 2597 L.
839 2570 971 2605 Philippe,

179 2608 227 2642 qui
254 2608 322 2634 inter
347 2608 407 2635 illos
433 2608 557 2641 florebas,
582 2610 650 2635 hanc
672 2616 796 2635 caussam
818 2607 892 2634 voles
910 2616 972 2634 cum
996 2617 997 2630 ι
1068 2644 1085 2670 d

995 2647 997 2656 ¹
1025 2649 1065 2670 tru
1088 2644 1095 2669 i
1119 2648 1198 2670 vetat.

180 2644 318 2671 Hortensio
343 2645 439 2677 dicere,
463 2650 551 2673 tamen
573 2646 695 2681 superior
715 2646 767 2672 sim
791 2653 899 2671 necesse
922 2649 971 2671 est.

180 2682 238 2708 Non
260 2682 340 2714 enim,
365 2683 590 2718 quemadmodum
615 2683 728 2718 putatis,
751 2682 841 2709 omnia
863 2682 971 2708 suntin

349 1306 463 1337 Etenim,
480 1314 563 1341 quum
579 1305 673 1331 artifex
687 1304 817 1331 eiusmodi
833 1305 875 1334 sit,
893 1308 921 1329 ut
935 1312 978 1329 so-
999 1318 1007 1342 ¹2

255 1939 314 1972 Quo
336 1938 398 1965 die‘?
417 1940 452 1966 Te
475 1941 574 1974 ipsum,
595 1939 686 1969 Naevi,
703 1937 762 1964 volo
775 1937 882 1964 audire:
904 1936 973 1968 volo,
997 1967 999 1974 ,

1028 1983 1133 2001 emero
1154 1982 1316 2000 rum-:ronis
1339 1983 1411 1999 nosti
1434 1983 1456 1999 r.
1476 1982 1588 2004 ουικτιι
1612 1981 1749 1999 possessa
1764 1981 1822 1999 11011

1032 340 1162 364 curari-nt.
1189 340 1217 361 ut
1234 335 1359 361 «lozuinum
1377 336 1410 362 ‹le
1429 346 1477 363 »uo
1495 337 1579 364 l'undo
1592 347 1605 363 ιι
1620 347 1667 363 sua
1683 337 1781 364 familia
1798 338 1823 364 vi

1032 373 1208 398 ‹leniret-etur?
1228 372 1386 399 Utrumlibet
1408 373 1485 409 elige.
1527 375 1644 401 Alterum
1669 375 1825 401 incredibile

1032 415 1084 435 est:
1107 410 1218 435 alterum
1243 409 1386 436 nefarium:
1409 415 1434 436 et
1456 416 1515 437 nntr-
1534 412 1581 438 boc
1599 417 1705 447 tempus
1721 417 1825 438 utrum-

1032 456 1084 481 que
1100 447 1259 472 inauditnm.
1285 447 1455 481 Septingenta
1471 448 1552 474 mittin
1568 458 1696 483 passuum
1713 450 1753 474 vis
1766 456 1825 474 esse

1033 484 1143 509 decursa
1167 483 1266 510 bicluo‘?
1299 485 1353 510 bie.
1383 484 1486 518 Negas?
1518 486 1584 512 Ante
1610 487 1692 521 igitur
1716 486 1822 512 misisti.

1034 521 1110 546 Malo.
1152 521 1179 546 Si
1194 522 1265 546 enini
1281 521 1347 547 illud
1362 521 1476 551 diceres,
1499 523 1619 557 improbe
1634 524 1737 549 mentiri
1750 523 1826 549 vide-

1033 568 1102 584 rere:
1124 567 1208 593 quum
1225 558 1273 584 hoc
1287 559 1428 588 confiteris,
1444 559 1470 585 id
1486 564 1510 585 te
1532 560 1672 586 admisisse
1689 560 1822 590 concedis.

1031 596 1103 630 quod
1128 604 1159 621 ne
1183 595 1321 621 mendacio
1333 596 1443 630 quidem
1459 601 1545 629 tegere
1560 598 1655 632 possis.
1696 597 1748 623 Hoc
1761 606 1825 624 con-

1032 633 1122 659 silium
1146 633 1264 667 Aquillio
1282 638 1306 658 ct
1330 633 1428 659 talibus
1454 630 1517 660 viris
1537 639 1588 660 tam
1611 634 1749 669 cupidum,
1771 639 1824 661 tam

1032 670 1132 700 audax,
1158 675 1210 695 tam
1230 671 1398 696 temerarium
1423 671 1594 705 probabitur?
1619 671 1744 704 82.Quid
1761 671 1826 698 haec

1032 708 1153 737 amentia,
1177 707 1243 742 quid
1270 707 1332 733 baec
1351 707 1491 739 festinatio„
1512 708 1577 744 quid
1598 709 1661 734 haec
1675 709 1825 735 immaturi-

1008 745 1009 755 *
1033 749 1070 769 tas
1085 749 1154 770 tanta
1169 744 1319 779 significat‘?
1333 754 1383 771 non
1399 745 1472 771 vim‘?
1489 755 1539 772 non
1555 745 1664 772 scelus‘?
1684 755 1735 772 non
1747 746 1824 772 latro-

1031 781 1150 807 ciuiuus?
1170 791 1220 807 non
1235 782 1351 816 denique
1364 783 1451 808 omnia
1467 784 1563 817 potius,
1579 792 1659 818 quam
1675 784 1726 812 ius.
1742 791 1824 818 quam

1030 818 1157 848 osticium,
1182 827 1262 854 quam
1288 819 1434 854 pudorem?
1462 820 1543 846 Mittis
1561 821 1666 846 iniussu
1686 821 1823 855 praetoris.

1031 855 1089 887 Quo
1106 856 1236 883 consitio?
1257 857 1395 883 iussurum
1415 856 1536 883 sciebas?
1554 858 1640 892 quid?
1664 866 1749 892 quum
1767 858 1824 883 ius—

1031 894 1122 925 sisset,
1157 899 1213 920 tuin
1245 895 1348 920 mittere
1375 902 1461 920 nonne
1487 894 1608 930 poteras?
1640 894 1823 921 l’ostulaturus

1138 930 1268 963 Quando?
1294 936 1352 966 post
1374 931 1431 957 dies
1450 942 1503 958 ¹11.
1543 933 1645 967 Nempe
1667 933 1689 958 si
1714 937 1737 958 te
1756 931 1823 958 nibil

1032 968 1185 1003 impediret:
1214 969 1235 994 si
1260 969 1382 995 voluntas
1400 969 1491 995 eadem
1511 974 1641 995 maneret:
1669 970 1690 995 si
1707 969 1822 995 valeres:

1031 1006 1147 1041 denique
1161 1006 1183 1032 si
1204 1007 1316 1032 viveres.
1346 1006 1450 1032 Praetor
1464 1007 1595 1037 iussisset,
1611 1007 1712 1041 opinor,
1729 1006 1751 1032 si
1768 1005 1825 1032 vel-

1033 1043 1074 1073 let,
1091 1044 1113 1069 si
1129 1043 1234 1073 valeret,
1256 1043 1278 1069 si
1294 1044 1335 1069 ius
1349 1042 1456 1073 diceret,
1472 1044 1494 1069 si
1511 1052 1588 1070 nemo
1601 1048 1742 1073 recusaret.
1757 1044 1824 1078 quin

1031 1089 1063 1106 cx
1082 1081 1167 1115 ipsius
1185 1080 1289 1106 decreto
1311 1086 1337 1106 et
1354 1081 1493 1107 satisdaret
1515 1085 1540 1107 et
1557 1081 1687 1107 iudicium
1706 1082 1824 1116 accipere

1032 1117 1121 1144 veltet.
1161 1120 1202 1143 83.
1220 1118 1295 1148 Nam,
1313 1126 1358 1152 per
1372 1118 1437 1144 Deos
1451 1118 1622 1148 immortales,
1639 1119 1660 1144 si
1673 1118 1821 1153 Alphenus.

1031 1159 1184 1189 procurator
1203 1155 1231 1181 P.
1246 1155 1357 1187 Quinta,
1379 1155 1426 1182 tibi
1441 1160 1496 1181 tum
1511 1155 1639 1181 satisdare
1653 1160 1678 1181 et
1692 1155 1822 1181 iudicium

1030 1193 1148 1227 accipere
1176 1191 1267 1223 vellet,
1299 1192 1416 1227 denique
1441 1194 1542 1222 omnia,
1571 1201 1639 1227 quae
1663 1192 1821 1227 pustulam,

1031 1229 1115 1255 facere
1129 1229 1266 1259 voluisset,
1287 1229 1352 1264 quid
1367 1229 1477 1265 ageres?
1496 1230 1641 1256 {revocares
1655 1238 1726 1259 eum,
1742 1238 1823 1263 quem

1030 1267 1056 1292 in
1077 1266 1190 1293 Galliam
1215 1265 1344 1292 miseras?
1377 1269 1409 1293 At
1428 1267 1471 1293 1110
1488 1267 1598 1301 quidem
1618 1267 1670 1293 iam
1688 1267 1722 1292 de
1741 1266 1824 1292 fundo

1030 1303 1169 1338 expulsus,
1186 1304 1237 1330 iam
1253 1312 1266 1330 a
1280 1304 1338 1330 suis
1351 1304 1406 1330 Diis
1421 1304 1562 1338 penatibus
1577 1312 1702 1339 praeceps
1712 1304 1821 1334 eiectus.

1030 1342 1081 1367 iam
1096 1341 1177 1376 (quod
1194 1341 1412 1376 indignissimum
1427 1346 1475 1375 est)
1489 1349 1599 1367 suorum
1614 1349 1752 1367 servorum
1767 1349 1825 1367 ma-

1030 1378 1119 1408 nibus,
1135 1379 1230 1404 nuntio
1243 1383 1322 1413 atque
1337 1379 1449 1413 imperio
1463 1383 1516 1409 tuo,
1533 1377 1647 1405 violatus
1661 1382 1739 1404 esset.
1759 1377 1824 1405 Cor-

1030 1416 1128 1451 rigeres
1151 1415 1216 1441 baec
1233 1415 1335 1442 scilicet
1353 1420 1380 1442 tu
1400 1420 1500 1450 postea.
1539 1415 1576 1441 De
1594 1416 1754 1450 cuiusquam
1769 1415 1822 1441 vita

998 1462 1001 1491 ‚'
1029 1453 1116 1479 dicere
1141 1452 1238 1483 audes,
1262 1453 1309 1488 qui
1333 1453 1383 1479 hoc
1400 1452 1528 1479 concedas
1547 1461 1654 1479 necesse
1672 1457 1724 1484 est,
1745 1452 1780 1478 ita
1799 1457 1824 1478 te

1028 1498 1136 1516 caecum
1151 1490 1297 1525 cupiditate
1311 1494 1335 1516 01
1349 1490 1458 1516 avaritia
1473 1489 1566 1520 tuisse,
1583 1494 1619 1521 ut,
1633 1498 1718 1524 quum
1733 1494 1823 1524 postea

1028 1527 1094 1562 quid
1119 1527 1240 1553 futurum
1256 1532 1326 1553 esset
1344 1528 1488 1562 ignorares,
1504 1527 1622 1553 accidere
1636 1532 1724 1553 autem
1740 1526 1823 1553 multa

1028 1569 1145 1600 possent,
1165 1572 1241 1600 spem
1260 1564 1383 1590 maleficii
1407 1564 1554 1599 praesentis
1570 1565 1599 1590 in
1612 1564 1712 1591 incerto
1726 1563 1822 1599 reliqui

1029 1602 1155 1636 temporis
1186 1606 1284 1627 eventu
1309 1600 1470 1628 collocares?
1510 1601 1598 1636 Atque
1624 1601 1688 1628 baec
1713 1600 1824 1636 perinde

1029 1639 1130 1674 loquor,
1146 1639 1224 1673 quasi
1237 1639 1297 1673 ipso
1310 1638 1357 1665 illo
1371 1642 1498 1673 tempore,
1513 1647 1599 1673 quum
1613 1642 1638 1664 te
1653 1639 1825 1673 praetorius·

1028 1677 1107 1702 sisset
1131 1684 1164 1702 ex
1178 1676 1264 1702 edicto
1277 1675 1422 1710 possidere.
1439 1676 1461 1701 si
1479 1676 1506 1702 in
1522 1676 1718 1710 possessionem
1731 1676 1825 1702 misis-

1027 1722 1079 1744 ses,
1099 1713 1225 1739 debueris
1239 1717 1284 1739 aut
1297 1713 1416 1748 potueris
1429 1712 1458 1739 P.
1473 1712 1614 1745 Quintium
1627 1712 1661 1739 de
1674 1713 1824 1748 possessio-

1028 1759 1060 1777 ne
1073 1750 1222 1777 deturbare.

1083 1788 1192 1814 XXVll.
1214 1788 1256 1814 84.
1281 1787 1376 1814 Omnia
1402 1791 1474 1818 sunt,
1494 1787 1524 1814 C.
1544 1786 1655 1822 Aquini.
1675 1786 1820 1818 eiusmodi,

1027 1825 1118 1860 quivis
1137 1830 1166 1851 ut
1184 1824 1332 1860 perspicere
1347 1825 1439 1859 possit,
1454 1825 1482 1851 in
1497 1824 1546 1851 hac
1559 1833 1652 1850 caussa
1666 1824 1825 1873 improbita:

1027 1901 1133 1926 Praetor
1159 1904 1183 1926 te
1196 1899 1423 1935 quemadmodum
1442 1899 1577 1934 possidere
1590 1897 1687 1925 iussit?
1711 1897 1820 1933 Opinor,

1028 1946 1062 1964 ex
1086 1937 1182 1963 edicto.
1222 1936 1335 1971 Sponsio
1357 1944 1426 1971 quae
1443 1937 1470 1963 in
1485 1936 1564 1962 verba
1580 1935 1645 1962 tacta
1659 1934 1717 1962 est?
1740 1944 1767 1962 iu
1787 1944 1823 1962 tx

1027 2021 1101 2038 sisr.
1140 2011 1290 2038 Redeamus
1316 2010 1348 2037 ad
1372 2011 1498 2037 edictum.
1542 2010 1571 2036 Id
1594 2009 1822 2045 quemadmodum

1027 2049 1102 2076 iubet
1123 2048 1279 2084 possidere?
1297 2049 1368 2074 Num
1391 2048 1457 2083 quid
1475 2052 1515 2074 est
1528 2055 1646 2077 caussae,
1663 2047 1693 2073 C.
1708 2046 1819 2082 Aquini,

1027 2087 1103 2122 quin,
1128 2087 1151 2112 si
1175 2086 1252 2122 longe
1274 2085 1350 2111 aliter
1368 2085 1494 2120 possedit,
1514 2093 1595 2120 quam
1610 2089 1713 2119 praetor
1725 2084 1819 2114 edixit.

1027 2125 1076 2150 iste
1091 2131 1124 2150 ex
1137 2123 1224 2149 edicto
1237 2131 1288 2149 non
1302 2123 1458 2158 possederit,
1475 2131 1524 2158 ego
1537 2122 1680 2157 sponsione
1693 2119 1822 2148 vicerim?

1027 2161 1100 2187 Nihil
1114 2161 1216 2196 opinor.
1239 2160 1436 2196 Cognoscamus
1447 2159 1574 2186 edictum.
1595 2167 1643 2189 oui
1662 2167 1697 2185 nx
1714 2166 1821 2184 smero

1027 2207 1084 2225 ιιεο
1106 2207 1134 2224 ix
1157 2206 1373 2224 POSSESStONEu
1396 2205 1554 2223 venenis-r.
1602 2196 1677 2222 Dete
1691 2195 1818 2230 loquitur,

1027 2236 1118 2266 Naevi,
1142 2234 1370 2270 quemadmodum
1394 2239 1423 2260 tu
1448 2238 1536 2269 putas.
1576 2234 1622 2260 Ais
1647 2233 1719 2259 enim
1741 2237 1766 2258 te
1787 2241 1822 2259 ex

1026 2273 1112 2299 edicto
1126 2273 1241 2299 venisse:
1264 2272 1321 2303 tibi,
1336 2271 1403 2307 quid
1417 2270 1506 2302 facias,
1522 2270 1627 2297 definit:
1649 2274 1674 2295 te
1692 2269 1818 2301 instituit,

1027 2310 1075 2336 tibi
1099 2314 1236 2345 praecepta
1260 2309 1314 2335 dat.
1362 2318 1414 2335 sos
1437 2312 1632 2334 ιη’νιυιτπκ
1655 2315 1682 2333 ne
1704 2314 1821 2333 rossus-

1025 2356 1110 2373 SIONE
1137 2355 1205 2372 esst-3
1227 2355 1394 2373 oron-rens.
1442 2344 1593 2377 Quomodo,
1617 2353 1693 2374 ouon
1715 2352 1820 2370 ιιιυει

1027 2393 1119 2410 neers
1146 2392 1311 2410 cusromns
1339 2391 1499 2413 μοι-01111111,
1531 2390 1561 2407 in
1586 2389 1690 2407 1111111111
1715 2389 1820 2408 cus-ro-

1027 2430 1122 2448 nin-r.
1163 2430 1239 2452 ouon
1259 2429 1313 2447 soie
1337 2428 1499 2449 rorsnuur,
1520 2427 1549 2444 in
1570 2427 1707 2445 [1011111111
1725 2427 1759 2444 ar
1772 2426 1820 2444 n-

1027 2467 1139 2485 nucsns
1166 2466 1294 2484 11001111.
1333 2456 1404 2490 Quid
1425 2455 1502 2482 tum?
1542 2464 1691 2486 nomnen,
1718 2455 1816 2490 inquit,

1026 2505 1149 2522 ικνιτυιι
1175 2503 1351 2521 nsrnunsns
1375 2502 1430 2520 izos
1451 2501 1575 2518 ΡιΑεετ.
1623 2492 1694 2518 Ε11111
1714 2492 1816 2526 ipsum,

1025 2533 1072 2567 qui
1095 2532 1236 2559 fraudandi
1254 2539 1348 2558 caussa
1366 2530 1462 2556 latitet:
1489 2538 1550 2556 eum
1564 2530 1664 2564 ipsum,
1680 2537 1762 2564 quem
1775 2529 1820 2555 iu—

996 2579 997 2583 *
1024 2570 1094 2596 dicio
1113 2578 1190 2596 nemo
1203 2569 1342 2596 defendat.-
1363 2575 1424 2594 eum
1438 2568 1538 2601 ipsum.
1554 2567 1601 2601 qui
1615 2574 1678 2592 cum
1690 2565 1818 2592 omnihus

1023 2607 1200 2634 creditoribus
1222 2606 1280 2632 suis
1299 2604 1366 2632 male
1383 2608 1450 2640 agat,
1470 2604 1586 2630 invitum
1603 2603 1637 2630 de
1650 2603 1758 2638 praedio
1770 2603 1819 2629 de-

1238 2644 1280 2669 85.
1304 2641 1482 2668 Proficiscenti
1505 2641 1554 2667 tibi
1575 2641 1602 2667 in
1620 2641 1817 2675 possessionem

1023 2685 1127 2716 praetor
1139 2681 1206 2715 ipse,
1222 2679 1285 2706 Sex.
1301 2678 1392 2710 Naevi,
1408 2677 1495 2713 palam
1509 2677 1588 2704 dicit:
1611 2676 1656 2714 [ita
1670 2677 1814 2713 possideto,
