1941 3052
710 145 1038 172 FRAGMENTA.

53 218 125 246 tortis
145 222 199 249 est,
222 222 252 244 ut
266 217 369 244 nullius
385 218 499 243 iniuriae
520 217 650 251 impetum
674 217 843 243 extimescat:

53 257 86 283 ita
99 256 166 282 lenis
176 260 202 282 et
212 255 319 286 suavis,
338 260 367 281 ut
377 263 470 281 omnes
482 254 638 281 acerbitates
651 253 729 280 facile
741 255 846 289 mitiget

52 302 81 319 ac
92 292 207 319 molliat:
230 293 265 319 ita
275 292 385 318 demum
397 292 473 318 utilis
484 297 509 318 et
520 291 669 322 fructuosa,
686 296 716 317 ut
725 296 806 318 totam
817 299 845 317 se

52 330 84 356 ad
97 330 227 357 humanas
238 329 368 356 utilitates
380 329 569 355 liberalissime
580 329 697 364 porrigat
708 333 787 362 atque
799 337 847 354 ex-

52 367 141 402 plicet.
182 369 223 393 54.
246 368 299 393 Nec
314 375 377 393 vero
392 375 470 393 secus
490 366 578 392 debet.
619 366 692 397 Quae
708 367 780 392 enim
795 366 847 391 hu-

52 413 191 431 manarum
207 405 378 430 miseriarum
394 403 535 430 cumulum
549 404 650 437 optime
664 405 734 430 norit
749 408 774 429 et
784 411 847 429 acu-

52 443 155 469 tissime
166 443 321 477 perspiciat,
335 442 358 467 si
369 450 414 467 eas
425 442 541 476 patiatur
551 449 657 466 manare
670 440 785 476 longius,
800 448 847 466 ne-

51 488 104 515 que
116 479 233 510 homini,
251 487 369 505 maerore
380 478 511 508 confecto,
530 478 642 504 consilio
658 478 847 512 praesidioque

51 525 100 543 suo
111 521 215 551 praesto
226 517 274 543 sit:
300 516 366 551 quid
378 515 424 542 illo
441 515 586 541 miserius?
605 515 672 550 quid
690 516 743 541 vita
760 519 847 541 nostra

51 553 212 580 laboriosius
223 558 268 580 aut
279 553 407 580 taetrius?
420 558 465 579 aut
475 553 542 587 quid
554 553 700 587 prodesset,
709 557 847 586 aspectum

51 600 65 618 a
77 595 170 618 natura
182 591 215 617 ad
226 599 322 625 supera
334 595 452 617 erectum
464 591 614 625 accepisse,
628 595 657 616 ut
668 590 771 616 caelum
784 598 848 615 con-

51 628 188 663 templari,
210 633 240 654 ut
255 628 367 654 deorum
384 629 548 654 maiestatem
564 628 693 662 cogitare,
713 632 758 653 aut
769 636 782 652 a
794 626 847 652 diis

51 665 249 692 immortalibus
261 670 377 692 mentem
393 670 418 691 et
429 666 567 696 rationem,
576 670 605 691 ut
616 665 691 691 utilia
703 672 848 699 eognosce-

51 711 88 734 re,
102 703 212 730 honesta
223 712 237 729 a
250 703 375 737 turpibus
391 711 542 733 secernere,
562 711 647 737 aequa
658 702 796 736 amplecti,
815 701 848 727 ab

50 741 155 775 iniquis
166 741 299 766 abstinere
311 749 462 775 possemus,
479 748 543 766 voce
554 739 671 774 denique
684 741 742 774 ipsa
753 743 778 765 et
789 747 848 764 ora—

51 778 122 804 tione
135 777 197 808 frui,
211 786 280 812 quae
292 777 375 804 nullis
387 777 570 804 animantibus
581 786 706 803 concessa
718 781 766 806 est,
780 785 848 810 qua-

50 823 104 850 que
115 816 210 842 ceteris
221 815 362 845 omnibus,
381 824 449 850 quae
460 815 512 841 sub
523 814 596 841 caelo
607 819 682 845 sunt,
697 815 847 840 viventium

51 853 154 879 naturis
170 852 375 878 antecellimus?
395 853 484 878 inania
501 852 566 878 haec
582 851 669 877 videri
685 855 806 886 possent,
824 851 847 876 si

51 894 104 916 tam
116 890 209 916 multis
221 899 255 916 ex
270 890 383 916 adverso
398 890 516 915 miseriis
530 897 657 923 oppressa
670 889 788 914 hominis
800 897 849 914 na-

51 932 109 954 tura
125 935 212 962 neque
228 935 256 953 se
272 927 305 953 ad
324 926 448 953 caelestia
464 927 580 962 erigere,
604 935 652 952 nec
667 926 746 952 tantis
758 925 845 956 bonis,

50 964 152 999 quibus
163 965 262 990 maiora
274 963 346 990 nulla
362 973 420 990 esse
436 968 593 998 potuerunt,
610 964 650 989 uti
665 968 764 998 posset.
805 964 846 988 52.

52 1001 104 1028 Sed
120 1001 251 1036 profecto,
274 1006 304 1028 ut
319 1006 408 1028 contra
424 1001 590 1036 serpentium
604 1002 678 1027 virus
690 1001 849 1035 pharmaco-

51 1048 111 1065 rum
122 1048 219 1075 genera
231 1038 324 1070 multa,
340 1043 430 1065 contra
442 1039 548 1073 inopiae
560 1038 738 1065 calamitatem
754 1037 849 1064 soller-

51 1077 86 1102 tia
97 1081 123 1103 et
134 1076 280 1107 industria,
296 1081 386 1102 contra
397 1076 574 1110 turpitudinis
587 1075 750 1110 voluptatem
762 1075 849 1110 pudor

50 1119 76 1140 et
86 1114 262 1146 verecundia;
280 1114 319 1139 sic
333 1118 422 1140 contra
435 1113 534 1140 doloris
545 1122 663 1139 morsum
677 1112 848 1148 philosophia

50 1151 128 1178 nobis
149 1151 209 1177 data
230 1155 270 1177 est
285 1150 396 1177 deorum
411 1150 604 1177 immortalium
620 1159 749 1177 concessu
769 1155 848 1185 atque

50 1197 172 1215 munere.
212 1188 299 1220 Quam
315 1193 344 1215 ut
360 1197 437 1214 nemo
454 1189 518 1214 satis
535 1197 582 1222 pro
597 1188 727 1223 dignitate
739 1188 848 1214 laudare

50 1230 139 1261 queat,
148 1226 188 1252 sic
199 1234 279 1261 quam
291 1225 403 1261 plurimi
416 1227 513 1252 mentis
525 1225 755 1260 tranquillitatem,
765 1225 848 1251 animi

50 1263 273 1294 moderationem,
296 1264 323 1289 in
346 1263 497 1297 voluptates
516 1264 675 1297 imperium,
703 1264 729 1289 in
753 1263 847 1289 acerba

49 1302 138 1327 omnia
150 1309 285 1327 summam
296 1300 442 1335 quamdam
455 1301 510 1326 vim
523 1310 552 1327 ac
560 1300 743 1327 fortitudinem
752 1300 848 1326 illiuni

50 1343 185 1373 acceptam
202 1337 316 1364 referant
328 1346 436 1364 necesse
448 1343 498 1364 est.
539 1339 632 1373 Neque
644 1347 692 1364 nos
705 1343 750 1364 aut
762 1339 788 1364 in
800 1346 849 1364 ex-

49 1375 111 1402 silio
122 1376 260 1410 patientes,
269 1376 346 1402 autin
354 1376 486 1402 honorum
497 1384 578 1402 cursu
591 1380 769 1410 temperantes
780 1375 849 1401 suis-

50 1421 155 1444 semus,
171 1418 217 1440 aut
229 1422 300 1439 nunc
312 1415 337 1439 in
351 1418 422 1440 tanto
434 1421 553 1439 maerore
564 1413 700 1448 sapienter
711 1418 736 1440 et
747 1413 848 1440 sortiter

49 1459 231 1481 versaremur,
250 1451 302 1477 nisi
319 1455 376 1481 tuo,
394 1450 566 1485 philosophia
582 1451 682 1485 optima
694 1459 783 1477 rerum
797 1451 848 1477 hu-

49 1497 189 1515 manarum
200 1488 371 1519 moderatrix,
381 1488 521 1515 beneficio.
539 1488 694 1515 XV.53.Tu
707 1497 770 1515 vero
782 1487 848 1514 felix

49 1530 75 1552 et
84 1526 173 1557 beata,
190 1525 279 1552 Tullia
293 1534 365 1555 mea,
384 1526 406 1552 si
419 1526 481 1560 quis
493 1525 542 1552 tibi
555 1526 582 1551 in
594 1530 677 1552 morte
688 1534 785 1552 sensus
797 1530 845 1556 est,

48 1571 118 1598 quae
130 1567 166 1590 tot
177 1564 311 1598 tantisque
323 1564 455 1593 miseriis,
478 1563 581 1598 quibus
596 1564 732 1598 proposita
749 1563 847 1590 fuisses

48 1601 76 1626 in
89 1601 152 1631 vita,
166 1609 217 1626 una
231 1605 314 1626 morte
327 1600 465 1635 perfuncta
477 1609 520 1627 es:
543 1609 556 1626 a
568 1601 758 1635 praesentibus
769 1600 848 1627 malis

48 1637 183 1672 expedita,
197 1637 230 1664 ab
242 1637 463 1672 impendentibus
473 1642 576 1672 erepta.
592 1643 616 1664 et
628 1639 654 1664 in
667 1642 723 1665 tuto
734 1647 764 1664 ac
776 1643 848 1664 tran-

48 1674 134 1710 quillo
145 1675 245 1710 quietis
256 1679 333 1710 portu
345 1675 482 1702 collocata.
515 1675 608 1702 Merito
619 1675 669 1702 tibi
681 1680 793 1702 mortem
806 1677 848 1702 iu-

48 1712 165 1738 cundam
178 1711 262 1738 fuisse
274 1717 365 1747 putem
374 1733 380 1743 ,
398 1721 483 1747 quum
495 1712 537 1739 vel
549 1721 578 1739 ea
592 1713 674 1744 bona,
692 1713 794 1748 quibus
807 1714 848 1740 vi-

48 1750 121 1776 venti
133 1749 186 1776 frui
199 1749 288 1781 licuit,
306 1750 396 1776 animo
411 1754 532 1784 reputas,
552 1750 593 1776 vel
609 1750 692 1781 mala,
709 1759 779 1785 quae
791 1759 848 1777 mo-

48 1787 120 1813 riens
132 1787 236 1818 vitasti,
255 1792 342 1814 mente
358 1796 388 1813 ac
399 1788 559 1822 cogitatione
570 1787 764 1822 complecteris.
804 1789 845 1815 54.

47 1824 104 1860 Ego
115 1828 213 1856 autem,
227 1833 312 1859 quum
325 1829 349 1851 te
362 1824 467 1851 felicem
480 1824 608 1856 iudicem,
622 1834 661 1856 ac,
675 1826 698 1851 si
713 1825 802 1851 dicere
815 1825 848 1851 li-

48 1866 118 1892 ceat,
140 1870 224 1896 paene
239 1861 325 1888 oculis
336 1870 457 1893 cernam,
481 1871 529 1888 cur
540 1866 584 1889 tua
596 1867 679 1889 morte
691 1862 848 1889 excrucier?

48 1899 139 1925 Potius
152 1898 268 1925 laetabor
278 1907 308 1925 ac
319 1899 369 1925 tibi
381 1904 518 1934 tamquam
530 1899 562 1925 de
573 1909 600 1926 re
611 1901 779 1935 optatissima
785 1909 848 1936 gra-

49 1935 164 1963 tulabor.
205 1936 255 1963 Cui
267 1937 320 1962 nisi
334 1936 478 1963 molestum
489 1941 529 1963 est
540 1945 582 1963 me
597 1938 650 1963 iam
661 1942 744 1964 aetate
756 1937 848 1964 conte-

48 1978 121 2000 ctum
137 1974 164 2000 in
181 1977 234 2000 tam
249 1973 403 2008 perturbata
419 1973 558 2008 republica
575 1978 684 2009 tamque
695 1975 794 2002 misero
806 1976 848 2001 vi-

48 2015 89 2038 tae
100 2019 198 2046 genere
210 2010 362 2045 reliquisse,
371 2011 438 2046 quid
450 2012 503 2037 iam
515 2019 596 2046 grave
608 2016 654 2038 aut
664 2012 791 2038 acerbum
804 2020 847 2038 es-

48 2056 77 2074 se
86 2047 189 2083 possit?
209 2049 250 2074 55.
267 2047 320 2074 Sed
332 2048 381 2074 hoc
393 2056 501 2083 quoque
513 2049 613 2075 ratione
626 2049 684 2083 ipsa
696 2049 783 2075 levius
798 2049 848 2076 ali-

48 2089 148 2120 quanto
159 2084 288 2112 efficitur:
308 2094 396 2120 neque
407 2090 435 2112 tu
448 2094 528 2117 nunc,
542 2085 608 2120 quid
619 2094 661 2112 me
674 2085 790 2120 perferre
801 2095 848 2112 ne-

48 2131 122 2149 cesse
133 2123 177 2154 sit,
190 2122 251 2154 sed,
264 2131 346 2158 quam
359 2131 411 2150 non
423 2122 507 2150 multo
518 2128 579 2158 post
590 2128 677 2150 tecum
691 2123 786 2150 iisdem
800 2124 848 2150 ho-

48 2160 91 2186 nis
101 2168 201 2186 usurus
212 2161 264 2186 sim
273 2181 279 2191 ,
296 2159 380 2186 debes
391 2161 517 2196 cogitare.
559 2160 632 2187 Nihil
644 2161 718 2187 enim
727 2160 847 2187 accidere

48 2196 126 2224 valde
137 2206 219 2233 grave
233 2201 321 2232 potest
336 2198 382 2229 iis,
405 2199 453 2232 qui
469 2206 518 2232 spe
533 2199 586 2224 iam
602 2198 752 2233 propinqua
764 2197 847 2225 futuri

48 2234 111 2261 boni
124 2239 277 2261 recreantur
286 2238 312 2261 et
322 2234 440 2262 aluntur.
463 2235 516 2261 Sed
529 2236 628 2266 nescio,
642 2236 690 2270 qui
702 2244 749 2262 nos
761 2240 848 2262 teneat

47 2280 121 2298 error
135 2276 180 2298 aut
196 2271 359 2298 miserabilis
370 2273 502 2308 ignoratio
513 2273 580 2299 veri.
621 2273 679 2299 Non
691 2273 763 2299 enim
776 2277 847 2300 tanto

46 2317 126 2344 opere
138 2309 216 2336 honis
227 2308 405 2341 delectamur,
427 2318 509 2344 quam
521 2310 600 2336 malis
609 2309 766 2346 affligimur.
806 2310 847 2337 Ex

47 2355 101 2382 quo
113 2346 154 2378 fit,
177 2351 207 2373 ut
222 2346 287 2373 hace
302 2347 383 2373 etiam
399 2347 520 2374 nolentes
531 2355 693 2383 augeamus:
717 2348 786 2374 bona
798 2356 847 2373 au-

47 2388 100 2410 tem
109 2404 115 2416 ,
127 2392 196 2419 quae
208 2383 335 2415 fruendo,
353 2384 504 2420 cogitando,
521 2384 665 2420 gaudendo
676 2386 776 2411 maiora
786 2384 847 2411 esti—

46 2429 106 2448 cere
117 2421 266 2456 expediret,
282 2421 362 2448 etiam
373 2421 540 2448 deteramus.-
563 2422 635 2457 quod
651 2427 721 2449 certe
734 2423 845 2448 minime

45 2462 187 2493 oporteret.
228 2459 304 2489 Nam,
318 2459 342 2484 si
353 2459 423 2485 serio
434 2458 573 2493 disputare
585 2459 725 2490 volumus,
738 2468 787 2486 cur
797 2459 846 2486 do-

47 2495 116 2523 lores
127 2504 224 2531 resque
236 2495 362 2522 adversas
377 2495 559 2531 refugiamus,
576 2504 646 2531 quae
661 2496 844 2523 fortitudinem

46 2534 74 2560 in
92 2533 171 2560 nobis
186 2533 303 2569 gignunt
317 2537 344 2559 et
356 2532 497 2560 estieiunt‘?
530 2534 572 2559 56.
594 2533 668 2565 Quae
682 2535 706 2560 si
718 2534 791 2560 nulla
802 2543 846 2560 es-

45 2574 114 2601 sent,
128 2569 202 2597 nulla
214 2569 331 2605 profecto
346 2569 472 2597 fortitudo
486 2575 684 2606 agnosceretur.
709 2571 763 2597 Cur
774 2579 844 2597 mor-

46 2611 99 2634 tem
111 2607 277 2639 horreamus,
285 2616 354 2643 quae
366 2607 475 2634 assidua
486 2608 529 2634 sui
542 2608 679 2639 memoria,
689 2616 736 2635 nos
748 2613 778 2634 ut
789 2617 846 2634 me—

47 2643 125 2671 liores
136 2645 232 2677 simus,
245 2644 388 2672 admonet?
399 2653 447 2671 nec
457 2645 566 2680 patitur,
579 2644 612 2671 nd
623 2653 653 2671 ea
665 2653 713 2672 nos
723 2646 844 2672 animum

46 2681 207 2718 adiungere,
228 2690 297 2719 quae
308 2682 427 2718 aliquam
440 2682 542 2709 nomini
555 2686 644 2710 nostro
657 2681 700 2709 vel
713 2683 845 2719 intempe-

1631 150 1692 175 ⁴349

897 217 998 243 rantiae
1018 216 1060 243 vel
1078 217 1224 243 iniustitiae
1240 221 1328 243 notam
1343 217 1448 252 possint
1467 217 1583 244 inurere.
1623 219 1693 245 Bona

898 262 970 285 vero,
984 259 1008 280 et
1019 263 1058 284 ea,
1073 263 1142 289 quae
1154 254 1300 289 probantur
1312 255 1338 281 in
1351 254 1460 289 vulgus,
1473 263 1521 280 eur
1532 260 1603 281 tanto
1613 264 1693 290 opere

898 291 1073 326 appetamus?
1092 300 1161 326 quae
1176 293 1327 322 consecuti,
1344 291 1478 318 molliores
1492 292 1653 327 plerumque
1665 302 1694 319 ac

898 328 1043 355 deteriores
1058 329 1209 355 evadimus.
1250 329 1320 355 XVI.
1342 330 1384 355 57.
1406 330 1497 363 Itaque
1513 330 1556 356 his
1571 330 1695 365 volupta-

898 371 954 392 tum
964 366 1259 397 lenociniisobruimur,
1269 366 1464 397 ut,discessum
1471 375 1505 392 ex
1517 367 1565 393 hac
1578 368 1630 394 vita
1644 368 1696 393 im-

899 403 1028 437 pendere,
1046 404 1093 429 vix
1103 403 1248 438 aliquando
1260 403 1440 430 recordemur.
1481 403 1621 439 Sapienter
1632 405 1695 439 phi-

900 440 1071 475 losophorum
1084 442 1209 475 princeps
1225 446 1250 467 et
1267 442 1394 476 magister
1404 440 1490 467 Plato:
1513 450 1582 476 quae
1598 450 1694 468 sensus

899 479 1000 512 appetit
1011 483 1056 504 aut
1068 479 1151 508 timet,
1165 478 1232 504 nihil
1245 478 1318 504 aliud
1330 487 1398 509 esse,
1413 487 1494 513 quam
1506 480 1624 505 somnia:
1645 480 1696 505 ita-

899 524 951 550 que
967 516 1075 550 penitus
1091 516 1284 541 contemnenda
1301 524 1369 542 esse.
1410 515 1477 541 Mala
1493 525 1555 542 vero
1567 522 1595 542 ut
1608 518 1694 543 viten-

900 558 950 583 tur,
964 553 997 579 ad
1009 558 1113 579 aeterna
1126 553 1337 587 properandum:
1356 562 1409 588 quo
1425 554 1477 579 nisi
1489 553 1639 589 confugias,
1653 555 1696 580 vi-

900 591 948 616 tari
960 599 1109 625 numquam
1122 599 1209 624 posse.
1237 591 1269 616 At
1281 590 1313 616 ad
1325 595 1429 616 aeterna
1441 599 1473 616 ne
1485 592 1620 625 properari
1632 592 1695 626 qui-

899 627 959 653 dem
972 632 1071 662 potest,
1095 628 1147 653 nisi
1163 633 1246 654 morte
1263 628 1372 654 ianitore
1387 636 1416 653 ac
1427 627 1506 656 duce.
1545 630 1586 654 58.
1609 628 1695 660 Quor-

899 674 959 690 sum
977 664 1059 691 haec‘?
1079 670 1107 691 ut
1123 665 1319 700 intelligamus,
1343 674 1394 691 non
1412 665 1490 691 modo
1509 674 1522 691 a
1541 665 1631 692 dolore
1647 675 1695 692 va-

899 711 990 733 cuam,
1013 703 1147 737 quietam,
1170 707 1362 737 opportunam,
1384 702 1481 729 bonam
1502 703 1620 737 denique
1636 712 1695 729 esse

900 745 1020 770 mortem,
1029 740 1075 765 sed
1083 740 1162 766 etiam
1174 748 1342 766 summorum
1353 744 1431 774 atque
1443 740 1634 766 immortalium
1646 740 1695 767 bo-

901 786 994 803 norum
1018 776 1154 803 liberalem
1177 786 1206 803 ac
1228 777 1374 803 beneficam
1397 778 1557 804 ministram.
1604 779 1695 812 ltaque

899 814 962 840 Cato
974 815 1013 840 sic
1025 823 1038 840 e
1050 815 1103 840 vita
1115 814 1249 845 discessit,
1264 819 1292 840 ut
1304 814 1452 844 laetaretur,
1469 824 1593 841 caussam
1607 824 1635 840 se
1648 824 1696 841 na-

899 856 972 877 ctum
993 860 1051 877 esse
1072 851 1214 878 moriendi.
1256 852 1308 877 Iam
1326 853 1428 878 nemini
1443 852 1558 878 dubium
1573 861 1631 878 esse
1648 861 1696 886 po-

900 890 1033 923 test‚quin
1049 890 1090 915 vir
1100 889 1371 923 prudentissimus,si
1383 898 1431 915 sua
1444 894 1526 916 morte
1539 889 1693 919 laetabatur,

900 931 1011 952 mortem
1027 927 1106 952 etiam
1123 927 1252 961 optimam
1273 935 1331 952 esse
1352 932 1515 962 agnosceret.
1556 928 1598 952 59Δ
1621 927 1696 953 Certe

900 965 971 990 enim
986 965 1011 989 in
1024 972 1050 989 re
1062 972 1197 998 sua,quae
1209 964 1365 998 praesertim
1378 972 1459 990 sensu
1467 965 1639 999 percipiatur,
1649 973 1695 990 ne-

900 1010 943 1027 mo
956 1001 1065 1028 fallitur.
1088 1001 1164 1032 Quod
1175 1001 1348 1035 comprobare
1361 1010 1471 1035 possum
1482 1002 1618 1031 Artabani,
1628 1001 1697 1027 Xer-

901 1039 943 1065 xis
955 1039 1052 1073 patrui,
1066 1039 1118 1064 viri
1129 1039 1334 1073 sapientissimi,
1348 1039 1509 1065 testimonio.
1546 1040 1580 1064 De
1593 1048 1646 1073 quo
1657 1044 1697 1065 est

900 1076 973 1111 apud
985 1076 1159 1106 Herodotum,
1173 1085 1258 1110 quum
1270 1076 1388 1106 Xerxes,
1407 1077 1540 1102 exercitus
1552 1077 1594 1102 sui
1606 1078 1697 1110 copias

901 1122 984 1148 paene
1000 1113 1212 1140 innumerabiles
1228 1118 1288 1140 ante
1306 1122 1334 1139 se
1351 1114 1378 1139 in
1394 1114 1479 1139 aciem
1496 1114 1638 1139 instructas
1656 1114 1697 1139 in—

901 1156 992 1182 tuens,
1015 1151 1213 1177 collacrimatus
1225 1155 1308 1181 esset,
1331 1152 1467 1177 neminem
1479 1156 1559 1177 extet
1574 1150 1697 1176 millibus

900 1188 933 1214 ad
949 1193 1057 1215 centum
1073 1197 1156 1215 annos
1171 1189 1344 1223 superstitem
1360 1187 1495 1219 futurum,
1519 1188 1596 1214 illum
1612 1188 1697 1214 Xerxi

900 1226 1085 1261 respondisse:
1099 1231 1124 1252 at
1136 1231 1188 1252 tam
1200 1225 1284 1252 multa
1295 1231 1371 1256 sunt,
1386 1231 1493 1260 tamque
1508 1226 1614 1256 misera,
1628 1234 1698 1260 quae

900 1264 1022 1290 viventes
1036 1263 1220 1298 perferunt,ut
1235 1272 1312 1289 nemo
1323 1264 1366 1293 sit.
1380 1264 1446 1297 quin
1460 1264 1526 1289 mori
1538 1264 1698 1297 saepissime

899 1302 1004 1336 cupiat:
1027 1310 1112 1336 quum
1129 1300 1278 1327 incidentes
1293 1300 1457 1327 calamitates
1474 1305 1499 1326 et
1515 1300 1600 1326 morbi
1614 1301 1697 1326 vitam

900 1339 965 1365 adeo
976 1339 1132 1373 perturbent
1145 1338 1342 1373 sollicitamque
1355 1338 1485 1368 habeant,
1499 1342 1527 1363 ut
1540 1337 1698 1373 longissima

900 1376 1032 1402 videatur.
1073 1378 1114 1403 60.
1137 1377 1242 1410 Itaque,
1259 1380 1371 1402 mortem
1383 1374 1537 1410 perfugium
1550 1383 1608 1401 esse
1620 1383 1698 1401 aeru-

900 1422 1008 1440 mnosae
1021 1414 1100 1443 vitae,
1114 1413 1238 1440 dubitare
1249 1422 1326 1439 nemo
1338 1417 1432 1447 potest.
1470 1413 1523 1438 Nec
1536 1412 1577 1438 his
1588 1418 1697 1438 conten-

900 1456 943 1478 tus
954 1451 1059 1478 addidit
1069 1451 1148 1477 etiam
1161 1451 1244 1477 illud:
1268 1450 1331 1477 deos
1347 1449 1524 1482 immortales,
1548 1458 1631 1486 quum
1650 1450 1699 1476 ho—

901 1490 1005 1515 minum
1018 1490 1099 1515 vitam
1108 1510 1114 1520 ,
1126 1497 1196 1523 quae
1207 1489 1273 1515 adeo
1285 1489 1382 1515 misera
1394 1489 1442 1519 sit,
1461 1488 1553 1514 multis
1567 1489 1696 1514 bonorum

900 1527 1093 1561 integumentis
1106 1526 1228 1553 velarunt
1242 1531 1267 1552 et
1277 1531 1449 1561 operuerunt.
1459 1525 1554 1552 fecisse
1566 1525 1698 1560 quodam-

900 1564 979 1591 modo
991 1563 1172 1594 invidentias,
1191 1572 1224 1590 ne
1236 1565 1328 1590 mortis
1339 1564 1512 1593 suavitatem,
1536 1568 1634 1598 quanta
1647 1568 1695 1592 est,

900 1602 973 1628 omni
989 1610 1023 1627 ex
1038 1606 1111 1635 parte
1127 1601 1344 1636 degustat-emus.
1385 1601 1579 1635 Amphiaraum
1592 1600 1698 1626 fabulae

901 1643 1007 1665 narrant
1021 1639 1076 1665 tovi
1088 1643 1167 1673 atque
1179 1638 1298 1673 Apollini
1311 1638 1394 1664 fuisse
1410 1639 1596 1667 carissimum.
1610 1646 1698 1672 neque

900 1681 987 1703 tamen
1009 1675 1086 1702 illum
1113 1676 1218 1702 senium
1245 1676 1375 1711 attigisse.
1416 1676 1497 1702 xvu.
1520 1677 1561 1701 et.
1584 1675 1624 1701 Ex
1644 1683 1699 1709 quo

899 1714 966 1749 quid
976 1713 1050 1740 aliud
1062 1714 1159 1739 coniici
1172 1718 1266 1748 potest,
1282 1722 1364 1748 quam
1377 1714 1469 1739 mortis
1481 1712 1643 1739 celeritatem
1655 1711 1700 1738 di-

900 1752 994 1777 vinum
1011 1759 1110 1777 munus
1126 1755 1152 1777 et
1169 1751 1273 1777 lucrum
1285 1759 1344 1777 esse
1356 1749 1523 1777 maximum?
1544 1751 1634 1785 ltaque
1646 1750 1699 1776 sci-

900 1794 956 1816 tum
968 1793 1008 1815 est
1019 1788 1087 1814 illud
1098 1789 1246 1814 comicum:

975 1826 1041 1852 Nam
1052 1829 1125 1859 que'm
1136 1830 1221 1851 tuetur
1229 1829 1306 1859 <itque
1316 1827 1401 1859 diliyit
1412 1827 1481 1854 deus,

973 1865 1072 1890 itwem's
1080 1872 1226 1896 supremum
1236 1865 1324 1888 mortis
1337 1865 1416 1888 intrat
1429 1864 1539 1888 (inuitem.

898 1901 1040 1927 Neminem
1056 1901 1143 1931 enim,
1166 1909 1248 1935 quem
1264 1899 1409 1926 dilexerint
1420 1899 1472 1929 dii,
1491 1900 1629 1934 patiuntur
1639 1906 1699 1924 esse

899 1939 1039 1964 miserum.
1071 1938 1158 1970 Quare
1170 1938 1252 1964 vitam
1264 1938 1313 1968 eis,
1328 1937 1498 1963 miseriarum
1510 1936 1627 1971 plenam,
1640 1935 1699 1961 adi-

900 1980 973 2002 mant
983 1984 1092 2002 necesse
1104 1980 1154 2001 est.
1195 1977 1237 2001 62.
1257 1974 1328 2006 Quid
1343 1979 1432 2001 autem
1444 1975 1598 2009 contingere
1612 1974 1699 1999 homi-

900 2014 927 2039 ni
939 2018 992 2040 tam
1004 2017 1110 2048 gratum
1123 2017 1221 2047 potest,
1243 2012 1315 2046 quod
1331 2021 1391 2038 eum
1408 2020 1504 2046 magno
1515 2020 1594 2046 opere
1606 2012 1632 2037 in
1646 2011 1698 2036 vita

900 2050 1030 2077 retineat?
1045 2050 1184 2084 Voluptas,
1197 2050 1286 2080 eredo,
1299 2058 1380 2084 quam
1393 2058 1426 2075 ex
1438 2049 1553 2075 alicuius
1565 2049 1623 2074 sive
1635 2049 1698 2074 artis

899 2088 957 2113 sive
972 2087 1108 2113 doctrinae
1126 2087 1280 2113 tractatione
1302 2087 1426 2121 percipit.
1467 2086 1499 2113 At
1514 2086 1633 2112 doctrina
1655 2094 1698 2111 :w-

900 2124 1084 2154 mulationem,
1097 2125 1218 2150 omnium
1232 2132 1321 2150 rerum
1334 2123 1566 2152 molestissimam,
1580 2124 1602 2148 si
1615 2131 1698 2157 quae-

900 2162 946 2192 ris,
962 2162 1042 2187 etiam
1055 2160 1184 2192 dolorem,
1198 2161 1275 2195 parit.
1316 2161 1373 2187 Nou
1387 2166 1439 2187 tam
1451 2161 1522 2187 euim
1534 2160 1698 2186 delectamur

899 2198 1002 2233 aliquid
1015 2198 1164 2228 discentes,
1187 2207 1268 2233 quam
1280 2199 1406 2233 angimur
1417 2198 1501 2224 multo
1513 2197 1588 2232 plura
1601 2206 1629 2222 ac
1642 2205 1697 2222 ma·

900 2237 964 2267 iora,
977 2244 1047 2271 quac
1058 2236 1126 2262 scire
1139 2234 1281 2265 vellemus,
1298 2236 1406 2269 penitus
1419 2237 1580 2270 ignorantes.
1622 2235 1697 2260 Artes

899 2281 975 2303 vero,
987 2282 1055 2308 quas
1068 2273 1203 2299 tenuiores
1213 2277 1336 2303 tractant,
1351 2272 1418 2307 quid
1431 2272 1528 2298 habent
1541 2271 1695 2305 voluptatis.

899 2315 944 2337 aut
955 2310 1020 2345 quid
1034 2319 1084 2337 non
1097 2315 1185 2344 potius
1198 2309 1380 2336 molestiarum
1392 2314 1418 2336 et
1430 2309 1574 2335 nuwroris¹.¹
1593 2309 1696 2340 Quanta

901 2349 968 2374 inter
979 2348 1089 2382 eos,qui
1103 2347 1301 2375 illasexereent,
1312 2347 1435 2381 pertidia!
1449 2345 1694 2381 ‹piatituiuodiuni!

898 2390 996 2420 quanta
1014 2384 1130 2411 invidia!
1153 2389 1199 2410 aut
1214 2385 1276 2419 quis
1291 2388 1331 2410 est
1345 2392 1394 2410 sua
1410 2389 1480 2410 sorte
1495 2388 1649 2413 contentus,
1672 2388 1697 2408 et

899 2431 950 2448 non
962 2422 1065 2449 alienae
1076 2422 1134 2448 sive
1147 2421 1308 2450 industriae,
1330 2422 1389 2447 sivo
1407 2421 1526 2447 fortunae
1539 2419 1694 2449 aenutlator,

897 2468 966 2490 osor,
979 2458 1128 2486 detractor?
1153 2461 1194 2484 (53.
1216 2459 1262 2484 Sin
1275 2458 1384 2484 civilem
1397 2459 1478 2484 vitam
1491 2458 1636 2492 quisquam
1649 2465 1696 2491 np-

898 2497 971 2531 petit.
988 2502 1013 2523 et
1025 2498 1051 2523 in
1064 2496 1229 2531 reipublicae
1246 2496 1304 2522 luce
1316 2496 1407 2521 vivere
1418 2494 1562 2529 pult-lirum
1575 2499 1658 2529 putat,
1674 2495 1696 2520 is

897 2543 925 2559 se
937 2535 1034 2569 exigua
1051 2542 1080 2559 ac
1097 2542 1181 2568 paene
1194 2532 1266 2559 nulla
1279 2533 1387 2559 lionoris
1398 2533 1488 2566 specie
1501 2541 1612 2568 magnes
1622 2540 1695 2558 com-

898 2580 990 2606 parare
1000 2571 1165 2597 calamitates
1177 2575 1248 2596 certo
1258 2571 1334 2596 sciat.
1374 2569 1478 2601 Quotus
1493 2570 1565 2596 enim
1577 2570 1695 2604 quisque

896 2613 950 2638 est,
972 2609 1017 2634 cui
1036 2617 1088 2635 non
1108 2607 1217 2642 publiea
1234 2607 1431 2633 administratio
1446 2606 1488 2633 vel
1505 2608 1632 2633 nmeroris
1653 2606 1694 2631 vel

897 2647 1013 2672 iacturae
1029 2651 1131 2672 tantum
1147 2644 1278 2673 attulerit.
1300 2649 1432 2679 quantum
1449 2644 1540 2670 verbis
1560 2644 1695 2679 explicare

896 2683 944 2710 vix
954 2683 1052 2719 queat?
1062 2684 1108 2714 Ac,
1121 2683 1145 2709 si
1157 2682 1190 2709 de
1202 2686 1254 2709 toto
1267 2683 1335 2708 vitae
1348 2690 1429 2709 eursu
1442 2681 1562 2709 iudicare
1574 2690 1636 2709 vere
1649 2689 1694 2707 vo-
