1941 3052
210 148 270 173 0¹:15
768 145 823 169 ⁴23.
861 142 894 168 M.
930 142 959 168 Τ.

205 218 338 244 trimoniis
355 217 451 243 multo-⁴
468 215 534 241 nuile
552 215 602 240 uti;
627 222 675 240 nec
690 213 724 240 oh
739 222 797 240 eum
813 222 934 239 caussam
951 222 996 239 cos

206 255 365 281 laem-livium
379 265 390 278 ,ι
409 253 528 287 putribus
543 251 647 277 nullum
664 251 770 277 butu-re.
811 253 996 285 Quisquamne

207 292 277 318 istud
291 292 567 323 nugashnutqiun-est
580 288 756 314 incohatione
770 289 817 314 istu
829 287 997 314 similitudo?
1016 284 1018 318 Ι

207 330 258 355 Nec
271 330 341 354 vnim
355 327 458 352 tien-uti
473 327 591 351 Deianira
604 334 696 351 noc-ere
710 325 801 356 voluit,
818 334 902 360 quum
918 325 942 351 ei
954 330 996 350 tu-
1016 322 1019 334 '

206 367 291 392 uit-nm
306 365 435 397 ,si-riguini·
447 364 570 389 Centauri
584 363 690 388 tim-tum
703 362 790 388 dedit:
810 372 858 389 nec
870 362 996 397 prodesse

207 403 320 429 Pheras-⁴»
335 402 418 427 insoni
437 401 471 429 is.
489 400 536 434 qui
552 399 642 432 gladio
660 401 790 425 vomit-arn
806 401 865 426 cius
881 400 993 434 aperuit.

204 449 284 474 quim·
302 446 394 464 sanare
411 437 506 463 medici
524 446 574 463 non
592 442 740 471 potuerunt.
782 437 857 463 Multi
872 438 943 463 enim
961 441 994 466 et,
1016 433 1018 458 ἶ

204 485 287 511 quum
299 476 392 501 olii-sse
406 474 516 503 velli-ut,
534 474 691 509 prosuerunt
706 478 744 504 et.
761 483 845 509 quum
859 474 994 509 prodesse,
1016 462 1019 486 l

203 513 355 539 nhl'ucrunt.
389 513 423 538 lta·
437 521 487 537 non
501 512 537 541 lit,
551 520 583 537 ex
595 520 635 541 eo,
648 511 720 546 quod
733 511 819 541 datur,
835 516 862 538 ut
875 511 997 538 voluntas
1017 498 1019 550 l

203 552 271 580 eius,
285 550 331 584 qui
343 549 455 577 dederit,
468 553 604 583 appareat:
620 557 676 578 nec,
690 549 712 574 si
727 549 812 583 is.qui
825 550 936 584 accepit,
951 549 997 574 bc-

205 596 235 614 ue
249 588 339 616 utitur,
355 587 452 612 idcirco
465 587 495 616 is,
509 587 555 620 qui
568 586 651 615 «ledit.
665 587 749 612 amir-e
761 585 845 613 (ledit.
869 587 911 612 7⁴.
924 587 996 618 Quae
1018 590 1019 596 ¹

203 626 274 651 enim
288 624 379 653 libido.
388 623 664 658 ‹placavaritia‚quod
673 623 827 650 [acinusaut
837 623 925 649 scelus
936 632 998 649 sus-

202 663 302 696 cipitur
314 662 365 687 nisi
380 661 493 687 consilio
508 666 596 695 capto,
614 662 726 687 autsiuc
738 662 820 687 animi
834 666 904 687 motu
917 665 942 687 et
953 669 998 687 co-
1017 679 1019 709 >

202 700 338 733 giu-tione.
349 698 374 724 id
387 703 426 724 est
439 699 547 729 ratione,
561 698 715 733 perlicitur‘?
730 699 794 724 Nam
807 699 894 724 omnis
905 699 997 733 opinio

203 737 268 763 ratio
280 741 332 766 cst,
350 735 495 770 etquidem
509 736 576 762 hona
589 736 667 766 ratio,
685 736 708 761 si
722 744 796 766 vera,
816 736 883 762 mala
896 741 993 765 autem.

202 775 225 800 si
243 773 306 799 falsa
318 779 357 799 est
368 774 469 807 opinio.
510 773 560 799 Sed
572 782 585 798 a
597 773 646 799 «leo
659 778 760 799 tantum
774 774 900 799 rationem
915 773 997 800 hahe-

203 820 277 841 mus.
295 810 408 836 simodo
426 810 569 841 habemus,
590 810 686 836 bonam
703 815 790 837 autem
808 811 934 837 rationem
952 816 997 837 aut

203 857 254 875 uon
267 849 363 874 bonam
375 857 388 873 a
402 848 488 874 nohis.
530 848 587 874 Non
603 848 674 873 cnim
684 869 689 878 ,
708 853 735 874 ut
751 849 942 882 patrimonium
956 858 997 874 re-

204 886 343 920 linquitur,
362 886 401 911 sic
414 886 478 911 ratio
490 885 592 911 homini
605 890 643 911 cst
656 885 785 911 beneficio
799 886 910 912 ‹lt-orum
925 885 994 912 data.
1018 904 1019 908 ,

202 923 273 955 Quid
289 923 361 948 enim
378 923 466 957 potius
479 922 634 948 hominibus
645 922 796 952 dedissent,
814 924 836 948 si
854 923 887 949 iis
903 932 996 949 nocere
1018 937 1026 964 π’

204 960 370 993 voluissent?
394 960 542 986 Iniustitiae
553 965 655 990 autem,
673 960 905 994 intemperantiae,
924 961 997 986 timi-

202 997 293 1024 ditatis
304 1006 373 1032 quac
384 998 486 1023 semina
499 1001 600 1026 essent.
613 998 636 1023 si
649 997 691 1023 his
704 998 776 1023 vitiis
789 999 854 1024 ratio
866 1006 916 1024 non
931 998 997 1024 sub-

202 1034 290 1062 esset‘?
329 1035 429 1060 xxix.
452 1034 542 1060 Medea
558 1034 635 1061 modo
653 1039 678 1060 et
693 1035 789 1061 Atreus
804 1043 997 1061 commemora-

203 1073 300 1099 bantur
311 1081 323 1097 a
337 1072 427 1103 nobis,
445 1072 565 1098 heroicae
578 1080 719 1106 personae,
733 1073 797 1098 inita
809 1072 996 1108 subductaque

203 1110 303 1136 ratione
319 1109 418 1135 nefaria
433 1109 532 1135 scelera
549 1109 717 1135 meditantes.
757 1110 800 1135 72.
821 1109 911 1141 Quid?
930 1109 997 1136 levi-
1018 1136 1019 1143 ,

203 1152 268 1173 tates
279 1146 414 1173 comicac‘?
429 1155 558 1181 parumne
569 1155 676 1180 semper
690 1147 716 1172 in
729 1148 828 1172 ratione
841 1146 998 1174 versantur?

203 1185 334 1210 Parumne
348 1183 483 1210 subtiliter
494 1183 613 1218 disputat
625 1183 668 1209 ille
681 1184 706 1210 in
719 1183 868 1210 Eunucho?

241 1222 308 1254 Quid
320 1224 398 1254 milm-
408 1220 523 1254 saciam?
533 1236 568 1240 —
580 1236 616 1240 -

241 1259 365 1287 Exclusit,
380 1263 494 1284 revocat:
507 1257 626 1283 redeam?
636 1258 700 1287 Non,
712 1261 783 1284 sime
794 1260 914 1285 obsecret.

203 1295 248 1322 {lle
263 1304 326 1321 vero
344 1296 369 1321 in
385 1295 555 1331 Synephebis
571 1294 791 1322 Academicorum
813 1304 886 1322 more
907 1300 997 1322 contra

201 1341 371 1359 communem
388 1333 542 1367 opinionem
559 1341 610 1358 non
627 1332 732 1359 dubitat
747 1341 868 1368 pugnare
885 1333 994 1364 ratione,

201 1371 249 1406 qui
260 1373 285 1396 ιἰι
298 1379 384 1396 tunore
393 1379 490 1396 summo
499 1379 647 1403 summaque
658 1372 745 1403 inopia
758 1379 836 1396 suave
846 1379 898 1397 esse
908 1370 983 1401 dicit.

236 1411 366 1440 parentem
376 1409 467 1434 habere
477 1410 594 1436 murum.
609 1409 747 1440 illepidum.
761 1410 787 1433 in
801 1409 893 1435 liberos

237 1447 377 1478 difficilem,
391 1447 434 1478 qui
445 1450 468 1471 le
479 1448 522 1470 ne'c
533 1449 607 1475 aniel,
619 1453 665 1471 nec
675 1447 775 1471 studeat
789 1447 835 1471 tui.

200 1482 242 1508 73.
255 1482 341 1516 Atque
354 1481 417 1508 huic
429 1481 584 1508 incredibili
595 1483 742 1508 sententiae
754 1481 920 1509 ratiunculas
931 1491 998 1518 sug-

199 1520 282 1555 gerit:

237 1556 285 1582 Aut
297 1561 323 1582 ιιι
334 1557 407 1583 illum
417 1558 504 1589 fructu
515 1558 608 1590 sallas:
622 1561 667 1582 aut
676 1565 722 1589 per
733 1558 834 1583 litteras

237 1596 339 1619 avertas
350 1595 455 1626 aliquod
466 1595 568 1619 nomen:
581 1598 626 1619 aut
635 1602 682 1627 pei·
691 1595 817 1619 servolum

235 1633 366 1664 percutias
376 1633 512 1663 pavidum:
525 1634 658 1664 postremo,
670 1640 686 1656 a
696 1634 777 1663 purco'
785 1636 860 1664 pati-e

238 1670 304 1701 quod
314 1671 408 1695 sumas.
421 1672 515 1701 quanto
526 1670 638 1701 dissipas
648 1669 779 1694 libentius!
1018 1667 1021 1694 l

200 1703 328 1740 Idemque
349 1704 455 1731 facilem
470 1710 495 1732 et
511 1704 648 1732 liberalem
671 1710 775 1741 patrem
795 1705 997 1733 incommodum

200 1750 259 1768 esse
271 1743 370 1769 amanti
382 1742 436 1769 filio
447 1742 575 1778 disputat,

237 1788 310 1813 quem
323 1783 402 1814 neque
417 1789 466 1814 quo
479 1785 556 1814 pacto
566 1782 672 1814 fallam,
691 1789 770 1814 neque
785 1782 847 1814 quid
858 1782 916 1807 inde
925 1783 999 1815 ause-

608 1826 675 1848 ram,

237 1862 282 1879 uec
293 1856 364 1887 que'm
376 1855 461 1880 dolum
471 1856 506 1880 ad
516 1863 572 1880 eum
581 1859 627 1881 aut
638 1856 782 1881 mdchinam
794 1856 950 1885 commoliar,

237 1893 290 1916 scio
300 1893 454 1924 quidquam:
467 1894 503 1917 ita
513 1900 597 1917 omnes
608 1895 674 1917 me‘os
683 1893 762 1921 dolos,
775 1893 906 1925 fallacias,

235 1930 391 1961 praestiyias
400 1930 557 1960 praestinxit
568 1931 733 1954 commoditas
741 1931 835 1961 pali-fs.

200 1962 272 1996 Quid
287 1972 350 1999 ergo
367 1965 410 1991 isti
426 1964 500 1991 doli‘?
521 1965 589 2000 quid
608 1964 766 1992 machinae?
788 1965 856 2000 quid
877 1965 998 1992 fallaciae
1020 1994 1021 1998 ,

200 2001 434 2037 praestigiaeque?
452 2010 517 2029 num
533 2003 591 2029 sine
606 2003 706 2029 ratione
721 2011 780 2029 csse
795 2002 957 2037 potuerunt?
976 2003 998 2030 O

200 2038 368 2073 praeclarum
380 2047 481 2066 munus
494 2039 615 2066 deorum!
630 2040 789 2067 utPhormio
800 2041 886 2075 possit
895 2040 995 2072 dicere,
1019 2045 1021 2072 ῑ

239 2075 305 2102 Ce'do
312 2084 409 2103 senem:
423 2079 475 2103 iam
490 2079 617 2104 instructa
631 2082 690 2104 sunt
705 2080 740 2103 mi
754 2080 781 2103 in
797 2079 872 2104 co'rde
890 2080 997 2105 consilia
1019 2082 1020 2088 ¹

606 2117 699 2141 omnia.

200 2149 289 2176 XXX.
310 2150 353 2177 74.
374 2149 426 2177 Sed
442 2159 569 2178 exeamus
588 2159 602 2178 e
618 2151 733 2178 theatro:
757 2152 899 2178 veniamus
914 2153 942 2178 in
958 2151 998 2179 fo-
1018 2159 1020 2178 i

200 2195 270 2213 rum.
311 2186 423 2214 Sessum
438 2189 458 2214 it
473 2193 587 2223 praetor.
627 2188 717 2221 Quid‘?
737 2193 766 2215 ut
781 2189 928 2220 iudicetur,
948 2191 997 2225 qui
1018 2194 1020 2199 ’

200 2224 364 2251 tabularium
380 2225 539 2252 incenderit.
579 2225 656 2259 Quod
676 2225 781 2253 facinus
796 2226 941 2253 occultius!
964 2227 998 2254 At

200 2269 228 2287 se
239 2261 271 2294 Q.
283 2261 391 2293 Sosius,
408 2262 568 2297 splendidus
584 2272 667 2299 eques
679 2264 815 2290 Romanus
830 2272 864 2290 ex
879 2273 942 2300 agro
952 2264 997 2290 Pi-

199 2306 273 2330 ceno,
289 2299 384 2326 fecisse
394 2299 534 2326 consessus
546 2306 595 2327 est.
630 2300 682 2333 Qui
694 2301 907 2336 transscripserit
918 2301 997 2328 tabu—

201 2334 239 2361 las
250 2336 384 2370 publicas.
425 2337 454 2363 Id
465 2346 573 2373 quoque
584 2339 614 2364 L.
627 2338 728 2365 Alenus
744 2338 820 2369 fecit,
836 2347 922 2374 quum
937 2339 997 2365 chi—
1018 2346 1019 2356 ¹

201 2373 363 2407 rographum
380 2373 607 2410 Sex-primorum
628 2376 749 2402 imitatus
768 2380 818 2402 est.
859 2375 931 2408 Quid
947 2376 997 2403 boc
1018 2397 1019 2404 ,

202 2408 308 2436 homine
327 2410 482 2438 sollertius?
501 2412 636 2448 Cognosce
652 2413 718 2439 alias
734 2414 919 2448 quaestione-S,
937 2414 997 2440 auri
1017 2418 1019 2445 ὲ

201 2445 337 2478 Tolosani,
360 2449 552 2476 coniurationis
570 2450 755 2486 Iugurthinae.
796 2450 894 2485 Repete
914 2459 997 2486 supe—

202 2520 356 2560 posteriora,
372 2522 404 2547 de
416 2523 519 2550 incestu
528 2544 534 2554 ‚
548 2526 684 2560 rogatione
696 2524 846 2551 Peducaea:
861 2530 918 2551 tum
930 2525 996 2552 haec

201 2556 370 2597 quotidiana,
383 2559 467 2590 sicae,
481 2562 591 2592 veneni,
605 2561 759 2596 peculatus,
775 2567 996 2590 testamentorum

201 2597 282 2618 etiam
303 2592 360 2629 lege
381 2603 448 2622 nova
467 2599 648 2631 quaestiones.
687 2599 752 2626 Inde
773 2598 818 2625 illa
839 2600 920 2631 actio,
942 2609 995 2627 ors.

201 2638 397 2671 cossrniooua
417 2642 469 2659 τυο
489 2643 603 2662 runnu
624 2645 672 2663 Λιο
691 2645 805 2663 nemu
825 2646 908 2669 sssr.;
932 2637 996 2664 inde

202 2670 238 2692 tot
250 2666 350 2694 iudicia
361 2667 393 2694 de
406 2668 457 2695 fide
469 2670 551 2702 mala,
568 2673 680 2706 tutelae,
697 2673 831 2705 mandati,
847 2682 896 2710 pro
911 2676 993 2706 socio,

1018 1185 1027 1202 ¹,
1049 1187 1138 1209 contra
1158 1183 1239 1209 deum
1262 1183 1323 1209 licet
1341 1183 1479 1219 disputare
1498 1183 1620 1210 liberius.

1018 1633 1027 1660 Ἴ
1050 1636 1150 1657 rentur.

1026 1922 1028 1932 x
1051 1901 1144 1919 nocere
1150 1913 1154 1918 .

994 142 1269 168 utet-:ttosts

1049 212 1175 244 fiduciae,
1194 212 1311 247 reliqua,
1325 221 1393 247 quae
1404 220 1437 240 ex
1447 219 1536 249 empto
1547 220 1591 241 aut
1603 215 1711 242 vendito
1722 219 1767 241 aut
1777 223 1841 242 con-

1047 250 1127 275 ‹tm-10
1138 255 1183 275 aut
1195 250 1278 275 locato
1288 255 1377 276 contra
1390 251 1469 277 tidem
1482 252 1560 281 liunt;
1579 252 1640 279 inde
1652 252 1782 279 iudicium
1791 260 1843 287 pu-

1049 287 1149 313 hlicum
1166 288 1203 313 rei
1220 287 1339 322 privatae
1357 287 1413 319 leg·-
1426 288 1565 316 Plaetoria:
1585 290 1645 315 inde
1660 289 1840 316 everriculum

1050 324 1212 350 malitiarum
1223 325 1354 353 omnium.
1371 324 1501 351 iudicium
1513 326 1617 353 dedolo
1629 327 1710 354 malo:
1723 327 1795 362 quod
1809 326 1840 353 C.

1049 361 1199 396 Aquillius,
1223 361 1363 388 familiaris
1380 367 1480 393 noster,
1503 363 1625 397 protulit;
1647 373 1728 399 quem
1749 364 1841 390 dolum

1050 399 1120 425 idem
1128 398 1264 433 Aquillius
1276 404 1332 425 tum
1345 400 1426 425 teneri
1439 405 1614 435 putat,quum
1626 401 1698 427 aliud
1711 403 1745 428 sit
1756 403 1842 427 simu-

1050 436 1146 465 latum,
1164 436 1237 462 aliud
1255 441 1353 462 actum.
1393 438 1436 463 75.
1459 437 1529 463 nnnc
1547 439 1628 471 igitur
1643 444 1740 465 tantam
1759 448 1773 464 a
1789 439 1842 464 dita

1050 473 1248 499 immortalibus
1258 473 1420 500 arbitramur
1431 471 1564 501 malorum*
1576 481 1721 502 sementem
1733 484 1792 502 esse
1804 475 1842 502 ta—

1048 511 1136 536 ctam?
1149 511 1177 537 Si
1189 511 1261 536 enim
1275 511 1402 537 rationem
1416 511 1571 538 hominibus
1582 512 1621 539 dii
1632 512 1772 543 dederunt.
1786 522 1843 539 ma-

1050 548 1133 574 litiam
1146 548 1291 574 dederunt:
1304 553 1344 574 est
1354 550 1425 575 enim
1439 550 1539 575 malitia
1552 554 1658 576 versuta
1669 555 1694 576 et
1705 549 1785 577 fallu
1796 559 1843 576 no—

1049 585 1126 612 cendi
1139 587 1214 611 ratio.
1256 585 1338 611 lidem
1351 587 1430 612 etiam
1442 586 1480 613 dii
1494 586 1613 613 fraudem
1624 587 1764 615 dederunt.
1779 586 1844 613 tuci-

1049 632 1100 649 nus
1111 628 1266 657 ceteraque,
1283 631 1398 658 quorum
1416 624 1483 650 nihil
1499 633 1546 650 nec
1560 626 1663 660 suscipi
1675 625 1733 651 sine
1744 625 1844 651 rationo

1049 669 1096 686 nec
1107 660 1176 686 cstici
1189 664 1283 694 potest.
1325 660 1430 687 Utinam
1444 662 1534 696 igitur,
1549 667 1576 688 ut
1588 662 1632 688 illa
1644 671 1712 689 anus
1723 666 1804 697 optat.

1085 713 1121 717 —
1133 708 1162 723 ne
1173 701 1197 723 in
1210 707 1310 723 nemore
1320 698 1387 724 Pelio
1397 701 1529 725 securibus

1086 744 1159 761 ctiam
1171 738 1306 761 decidisse!
1317 737 1425 769 (ibit-qna
1436 739 1470 762 m!
1481 739 1578 762 terrtim
1592 739 1684 765 trabes.

1024 773 1025 779 ¹
1048 773 1087 798 sie
1109 773 1185 798 istam
1207 772 1379 798 calliditatem
1402 773 1559 799 hominihus
1580 773 1618 800 dii
1640 782 1672 800 ne
1689 773 1842 800 dedissent!

1048 819 1101 844 qua
1123 810 1250 844 perpauci
1268 810 1334 836 hene
1352 815 1477 842 utuntur;
1499 812 1547 846 qui
1563 816 1650 837 tamen
1668 812 1718 846 ipsi
1735 819 1814 846 saepe
1830 819 1843 836 a

1050 847 1118 873 male
1140 847 1278 873 utentibus
1297 848 1501 881 opprimuntur:
1526 848 1736 875 innumerabiles
1755 853 1843 875 autem

1051 884 1170 919 improbe
1186 889 1309 911 utuntur:
1333 889 1360 910 ut
1375 884 1476 911 donum
1492 886 1540 912 hoc
1554 886 1679 912 divinum
1696 886 1806 912 rationis
1820 890 1845 912 et

1049 922 1155 948 consilii
1168 921 1200 947 ad
1213 921 1334 948 fraudem
1347 922 1512 953 hominibus,
1528 932 1579 949 non
1591 923 1624 949 ad
1637 923 1781 950 bonitatem
1793 924 1845 949 im-

1049 960 1176 994 pertitum
1189 967 1247 985 esse
1260 958 1392 986 videatur.

1106 996 1206 1022 xxxi.
1219 997 1261 1022 76.
1277 996 1328 1022 Sed
1341 998 1441 1032 urgetis
1454 996 1619 1025 idemtidem.
1635 998 1774 1024 hominum
1786 1005 1845 1023 esse

1050 1034 1127 1060 istam
1139 1033 1257 1068 culpam,
1274 1042 1325 1060 non
1337 1034 1462 1060 deorum:
1479 1039 1507 1060 ut
1519 1036 1541 1060 si
1554 1035 1675 1061 medicus
1686 1035 1845 1071 gravitatem

1050 1071 1149 1101 morbi.
1172 1071 1335 1106 gubernator
1351 1072 1405 1097 vim
1423 1073 1588 1106 tempestatis
1603 1077 1723 1099 accuset:
1745 1073 1795 1099 etsi
1818 1072 1845 1098 hi

1049 1108 1160 1143 quidem
1178 1108 1348 1138 homunculi,
1367 1109 1414 1135 sed
1429 1114 1515 1135 tamen
1532 1109 1651 1136 ridiculi.
1690 1109 1757 1142 Quis
1772 1110 1845 1135 enirn

1050 1151 1073 1172 te
1085 1145 1269 1176 adhibuisset,
1287 1145 1386 1172 dixerit
1399 1147 1550 1181 quispiam,
1568 1147 1591 1173 si
1609 1147 1657 1173 ista
1673 1155 1724 1173 non
1739 1146 1846 1173 essent?

1660 1185 1688 1210 ln
1705 1184 1845 1210 hominum

1050 1221 1124 1247 vitiis
1140 1221 1180 1246 ais
1195 1228 1254 1246 esse
1267 1220 1385 1255 culpam.
1426 1221 1491 1247 Eam
1501 1221 1624 1247 dedisses
1636 1221 1793 1248 hominihus
1803 1230 1847 1248 ra-

1050 1258 1158 1287 tionem,
1171 1266 1241 1292 quae
1253 1259 1318 1284 vitia
1329 1258 1492 1293 culpamque
1503 1258 1667 1285 excluderet.
1699 1258 1751 1285 Ubi
1763 1259 1847 1294 igitur

1050 1294 1124 1321 locus
1141 1294 1191 1321 fuit
1206 1296 1288 1322 errori
1302 1295 1433 1322 deorum‘?
1452 1296 1518 1322 Nam
1534 1297 1693 1330 patrimonia
1709 1304 1757 1331 spe
1778 1296 1847 1322 bene

1049 1332 1171 1359 tradendi
1183 1332 1378 1368 relinquimus,
1395 1342 1448 1368 qua
1460 1341 1606 1368 possumus
1618 1333 1688 1360 salli:
1710 1333 1778 1360 deus
1789 1332 1847 1359 salli

1026 1375 1027 1390 1
1048 1372 1096 1404 qui
1108 1369 1212 1404 potuit‘?
1227 1371 1267 1396 An
1283 1374 1311 1396 ut
1324 1370 1381 1401 Sol,
1400 1371 1427 1397 in
1437 1379 1547 1397 currum
1558 1379 1642 1406 quum
1654 1371 1847 1397 Phaethontem

1050 1407 1135 1433 tilium
1147 1407 1272 1438 sustulit,
1289 1412 1335 1434 aut
1346 1408 1501 1443 Neptunus,
1517 1416 1603 1443 quum
1613 1409 1734 1435 Theseus
1746 1409 1847 1443 Hippo-

1050 1444 1135 1480 lytum
1147 1444 1275 1479 perdidit,
1291 1453 1377 1480 quum
1389 1450 1428 1472 ter
1438 1445 1548 1480 optandi
1559 1446 1703 1481 aNeptuno
1713 1450 1787 1481 patre
1799 1446 1848 1471 ha-

1049 1481 1153 1508 buisset
1165 1481 1340 1516 potestatem?
1370 1483 1412 1509 77.
1434 1483 1574 1509 Poetarum
1587 1484 1635 1510 ista
1647 1488 1722 1515 sunt3
1739 1491 1787 1509 nos
1798 1490 1848 1509 au-

1050 1524 1101 1545 tem
1114 1519 1270 1554 philosophi
1280 1528 1339 1546 esse
1352 1519 1486 1550 volumus,
1499 1529 1588 1546 rerum
1600 1525 1731 1551 auctores,
1743 1529 1796 1547 nou
1807 1519 1848 1546 sa-

1050 1555 1186 1582 bularum.
1227 1557 1314 1591 Atque
1330 1557 1358 1583 hi
1375 1562 1462 1584 tamen
1475 1558 1528 1592 ipsi
1539 1557 1578 1584 dii
1590 1559 1687 1593 poetici
1698 1558 1722 1584 si
1732 1558 1848 1584 scissent

1050 1594 1199 1628 perniciosa
1217 1593 1271 1620 fore
1287 1593 1330 1620 illa
1348 1594 1425 1625 tiliis,
1443 1603 1568 1630 peccasse
1584 1596 1610 1622 in
1628 1595 1758 1622 beneficio
1769 1599 1848 1630 puta-

1194 1631 1240 1661 Et,
1258 1632 1281 1657 si
1299 1640 1392 1658 verum
1407 1637 1460 1662 est,
1477 1631 1550 1666 quod
1562 1632 1650 1659 Aristo
1660 1632 1745 1659 Chius
1758 1632 1848 1659 dicere

1049 1667 1160 1698 solebat,
1175 1676 1268 1694 nocere
1280 1668 1455 1695 audientibus
1465 1668 1642 1705 philosophos
1653 1670 1701 1700 iis,
1718 1670 1767 1705 qui
1779 1669 1848 1696 bene

1049 1705 1121 1732 dicta
1132 1704 1201 1732 male
1213 1706 1462 1741 interpretarentur:
1476 1715 1555 1741 posse
1566 1708 1638 1733 enim
1649 1711 1736 1733 asotos
1747 1707 1848 1733 exAri-

1049 1744 1147 1778 stippi.
1165 1743 1275 1770 acerbos
1291 1752 1304 1770 e
1319 1744 1433 1770 Zenonis
1448 1744 1540 1770 schola
1555 1745 1642 1771 exire:
1666 1752 1789 1779 prorsus,
1811 1745 1845 1774 si,

1049 1782 1098 1815 qui
1109 1780 1263 1811 audierunt.
1272 1781 1459 1807 vitiosiessent
1470 1781 1628 1812 discessuri,
1637 1781 1710 1816 quod
1721 1789 1848 1816 perverse

1050 1817 1274 1852 philosophorum
1285 1818 1481 1853 disputationes
1494 1819 1744 1854 interpretarentur,
1762 1823 1848 1845 tacere

1050 1859 1196 1890 praestaret
1211 1855 1395 1890 philosophis,
1415 1864 1498 1891 quam
1514 1857 1562 1886 iis,
1584 1857 1633 1891 qui
1650 1864 1679 1882 se
1697 1855 1846 1887 audissent,

1195 1893 1237 1919 78.
1260 1893 1314 1923 Sic,
1328 1894 1351 1919 si
1363 1893 1486 1919 homines
1497 1894 1626 1920 rationem
1635 1914 1641 1923 ,
1654 1893 1724 1920 bono
1734 1892 1849 1920 consilio

1050 1938 1063 1956 a
1075 1929 1129 1956 diis
1144 1929 1343 1956 immortalibus
1358 1930 1461 1962 datam,
1479 1931 1506 1957 in
1523 1930 1646 1957 fraudem
1662 1931 1849 1965 malitiamque

1049 1972 1223 1994 convertunt:
1237 1976 1290 1994 non
1300 1967 1358 1994 dari
1370 1967 1454 1998 illam,
1462 1976 1545 2003 quam
1555 1967 1614 1994 dari
1626 1967 1744 1994 humano
1753 1967 1848 2003 generi

1050 2004 1149 2031 melius
1161 2003 1221 2031 fuit.
1253 2005 1295 2035 Ut,
1308 2005 1332 2031 si
1343 2005 1466 2032 medicus
1477 2006 1553 2036 sciat,
1565 2013 1628 2032 eum
1639 2010 1787 2042 aegrotum,
1799 2005 1848 2040 qui

1049 2042 1141 2068 iussus
1157 2043 1192 2068 sit
1207 2042 1303 2068 vinum
1318 2050 1439 2073 sumere,
1456 2043 1590 2069 meracius
1603 2047 1777 2077 sumpturum
1793 2046 1849 2068 sta-

1049 2080 1153 2114 timque
1164 2080 1324 2114 periturum,
1341 2088 1438 2116 magua
1449 2080 1485 2106 sit
1495 2080 1523 2106 in
1534 2079 1627 2115 culpa:
1644 2081 1684 2106 sic
1697 2084 1783 2106 vestra
1797 2079 1848 2106 ista

1049 2116 1218 2151 providentia
1230 2116 1674 2152 reprehendenda,quaerationem
1685 2116 1791 2144 dederit
1801 2116 1845 2147 iis,

1048 2163 1117 2188 quos
1128 2154 1220 2180 scierit
1229 2162 1260 2180 ea
1271 2162 1397 2189 perverse
1408 2159 1434 2181 et
1447 2154 1569 2189 improbe
1580 2163 1687 2181 usuros.
1709 2154 1769 2181 Nisi
1781 2153 1848 2180 forte

1048 2191 1140 2218 dicitis
1150 2199 1208 2218 eam
1221 2192 1351 2218 nescisse.
1380 2192 1487 2218 Utinam
1498 2191 1624 2226 quidem!
1637 2191 1691 2218 Sed
1701 2199 1753 2218 non
1763 2189 1848 2217 aude-

1049 2228 1124 2255 bitis.
1164 2229 1222 2255 Non
1233 2229 1306 2255 enim
1318 2229 1421 2265 ignom,
1434 2229 1528 2264 quanti
1539 2229 1598 2255 eius
1609 2237 1706 2256 nomen
1717 2228 1828 2263 putetis.

1102 2265 1216 2292 XXXll.
1238 2267 1280 2292 79.
1303 2266 1357 2293 Sed
1378 2266 1423 2292 hic
1437 2265 1550 2301 quidem
1564 2266 1638 2293 locus
1652 2264 1778 2292 concludi
1792 2265 1847 2291 iam

1048 2307 1144 2338 potest.
1184 2303 1253 2330 Nam
1267 2304 1290 2330 si
1303 2303 1417 2330 stultitia
1437 2312 1571 2330 consensu
1588 2304 1711 2330 omnium
1726 2301 1848 2337 philoso-

1047 2340 1164 2375 phorum
1185 2341 1274 2367 maius
1289 2346 1330 2367 est
1345 2340 1461 2371 malum,
1483 2349 1566 2376 quam
1585 2342 1610 2367 si
1628 2341 1718 2367 omnia
1736 2338 1805 2365 mala
1820 2343 1847 2365 et

1048 2377 1170 2404 fortunae
1180 2383 1207 2404 et
1216 2379 1336 2413 corporis
1347 2387 1382 2405 ex
1392 2377 1473 2404 altera
1484 2382 1559 2413 parte
1569 2381 1715 2413 ponantur,
1737 2376 1846 2410 sapien-

1048 2416 1112 2441 tiam
1123 2420 1212 2442 autem
1227 2424 1306 2442 nemo
1317 2415 1486 2450 assecmitur:
1499 2416 1527 2441 in
1538 2415 1653 2441 summis
1663 2413 1742 2439 malis
1751 2421 1846 2440 omnes

218 2483 222 2487 ,
1018 2450 1026 2470 '²
1047 2461 1144 2479 sumus
1152 2473 1158 2483 ,
1171 2453 1273 2487 quibus
1284 2461 1332 2480 vos
1343 2453 1444 2488 optime
1453 2451 1606 2479 consultum
1617 2460 1632 2477 a
1641 2450 1696 2477 diis
1707 2451 1846 2477 immorta-

202 2490 283 2508 mora:
305 2484 403 2512 Tubuli
419 2486 451 2512 de
468 2487 582 2521 pecunia
597 2493 673 2522 capta
688 2487 723 2514 ob
737 2496 793 2513 rem
806 2487 993 2515 iudicandam:
1024 2489 1026 2495 '

1049 2489 1120 2516 libus
1131 2489 1231 2516 dicitis.
1272 2491 1340 2517 Nam
1351 2495 1381 2517 ut
1391 2489 1460 2516 nihil
1471 2490 1589 2520 interest,
1605 2493 1696 2515 utrum
1708 2496 1787 2514 nemo
1797 2496 1846 2514 va-

1048 2526 1108 2557 leat,
1121 2536 1154 2554 an
1165 2535 1244 2554 nemo
1254 2528 1341 2563 possit
1351 2526 1454 2554 valere:
1467 2527 1506 2552 sic
1517 2535 1570 2553 non
1580 2525 1711 2560 intelligo,
1724 2524 1792 2560 quid
1802 2525 1846 2551 in-

1047 2565 1135 2595 tersit,
1153 2569 1244 2591 utrum
1259 2573 1338 2592 nemo
1352 2565 1388 2591 sit
1402 2563 1524 2598 sapiens,
1541 2571 1574 2589 an
1590 2571 1669 2589 nemo
1679 2570 1738 2588 esse
1748 2562 1842 2597 possit.

1046 2601 1084 2628 Ac
1096 2610 1144 2628 nos
1155 2601 1267 2636 quidem
1278 2602 1361 2628 nimis
1371 2600 1454 2628 multa
1465 2600 1498 2626 de
1509 2608 1537 2626 re
1547 2600 1727 2635 apertissima.
1767 2598 1845 2625 Tela-

1046 2646 1090 2664 mo
1101 2643 1191 2665 autem
1202 2647 1256 2665 uno
1267 2647 1348 2666 versu
1359 2638 1448 2666 locum
1459 2641 1544 2665 totum
1553 2636 1672 2669 conficit,
1685 2645 1734 2664 cur
1743 2635 1783 2663 dii
1794 2635 1844 2663 ho-

1047 2676 1134 2702 mines
1145 2675 1298 2712 negligant:
