1941 3052
296 137 623 164 EPISTOLARUM
652 138 705 164 AD
733 138 765 171 Q.
797 139 1013 167 PRATREM
1045 142 1124 168 LIB.
1148 143 1183 168 11.
1205 143 1268 169 ΕΡ.
1290 144 1361 169 7—
1386 146 1423 170 13.

42 209 89 239 rit,
111 208 155 234 hic
175 208 256 234 etiam
277 208 327 234 isto
343 208 407 234 frui.
448 209 514 235 Nam
536 209 644 236 illorum
663 210 835 244 praediorum

41 246 108 272 scito
124 245 192 271 mihi
208 245 330 271 vicinum
347 246 461 272 Marium
474 245 563 272 lumen
575 255 644 273 esse.
676 248 754 282 Apud
770 249 836 274 Ani—

41 284 113 309 cium
125 282 280 309 videbimus
292 287 322 309 ut
332 287 453 317 paratum
466 284 510 310 sit.
552 285 604 310 Nos
615 285 687 310 enim
700 286 734 312 ita
747 286 836 320 philo-

41 320 94 355 logi
115 328 223 351 sumus,
246 324 276 346 ut
296 320 339 346 vel
359 329 421 346 cum
442 320 525 347 fabris
546 321 666 348 habitare
687 324 834 357 possimus

40 357 176 383 Habemus
188 357 255 383 hanc
267 357 467 392 philosophiam
479 367 530 385 non
543 359 575 385 ab
588 359 722 394 Hymetto,
744 361 791 387 sed
803 361 836 387 ab

41 403 98 421 area
108 393 205 430 [Syra]
227 395 327 420 Marius
336 394 379 431 [et]
394 395 547 422 valetudine
559 401 599 422 est
610 401 635 423 et
645 403 737 424 natura
750 399 837 424 imbe-

40 431 136 458 cillior.

40 469 168 504 temporis
184 469 216 495 ad
227 470 415 501 scribendum,
434 476 564 505 quantum
579 471 688 499 dabitis.
730 473 834 499 Utinam

40 506 107 533 nihil
119 506 197 537 detis,
206 511 236 533 ut
246 507 336 541 potius
348 513 435 534 vestra
447 509 555 539 iniuria,
564 518 645 543 quam
658 510 765 545 ignavia
777 519 835 536 mea

39 544 156 570 cessem!
176 545 212 570 De
228 544 367 578 republica
383 545 498 571 nimium
515 550 540 571 te
560 545 678 573 laborare
698 548 787 578 doleo,
811 553 836 574 et

39 581 179 608 meliorem
190 582 278 607 civem
289 590 357 613 esse,
371 583 642 617 quamPhiloctetam‚
656 586 713 619 qui,
727 590 834 619 accepta

39 619 148 650 iniuria,
162 618 207 645 illa
219 619 371 653 spectacula
383 620 535 654 quaerebat,
544 629 613 655 quae
625 622 674 647 tibi
686 622 781 648 acerba
793 632 836 648 es-

39 664 68 682 se
83 656 171 683 video.
205 656 308 683 Amabo
320 661 353 688 te,
367 657 475 684 advola:
488 658 645 685 consolabor
656 664 680 685 te
692 664 717 686 et
727 668 834 686 omnem

39 693 198 729 abstergebo
208 693 341 720 dolorem:
359 700 384 721 et
395 695 496 726 adduc,
515 697 537 721 si
550 705 591 721 me
603 705 690 728 amas,
708 697 832 724 Marium.

39 730 92 757 Sed
104 731 288 766 adproperate.
329 732 426 758 Hortus
437 732 511 758 domi
522 738 571 759 est.

91 821 132 841 XI.
149 821 166 841 A
174 822 225 842 RG.
245 822 277 842 De
286 821 390 842 libertate
397 822 506 843 Tenediis
518 827 602 848 negata,
614 824 640 844 de
651 824 752 845 laudibus
765 825 834 849 (Quin-

0 875 2 885 ,
39 855 57 876 ti
67 860 89 876 et
99 856 125 877 de
135 856 233 877 Lucretii
244 864 269 877 ue
279 856 384 878 Sallustii
394 857 536 879 carminibus.

245 893 345 917 (Domitio,
355 894 408 918 App.
419 895 500 913 Pulchro
511 903 556 913 coss.
569 898 624 917 700.)

165 945 202 971 Μ.
227 945 370 973 CICERO
390 946 417 973 S.
439 947 470 974 D.
493 947 524 979 Q.
550 949 703 976 FRATRI.

94 992 116 1017 1.
140 986 291 1025 Epistulam
303 991 372 1019 banc
386 994 508 1020 convicio
524 993 705 1030 efflagitarunt
715 995 833 1021 codicilli
855 1008 863 1032 χ

37 1028 87 1054 tui.
128 1028 194 1054 Nam
211 1037 252 1055 res
268 1029 380 1064 quidem
396 1031 454 1065 ipsa
466 1035 491 1057 et
502 1031 525 1057 is
537 1031 609 1063 dies,
627 1041 680 1067 quo
692 1038 719 1059 tu
731 1042 759 1058 es
772 1042 834 1067 pro-

38 1064 136 1096 fectus,
155 1066 223 1092 nihil
238 1067 306 1093 mihi
318 1067 351 1093 ad
362 1068 537 1095 scribendum
548 1071 699 1105 argumenti
712 1079 775 1096 sane
786 1070 834 1097 da-

36 1101 92 1129 bat.
112 1102 165 1129 Sed
176 1104 415 1138 quemadmodum,
428 1114 517 1133 coram
529 1115 614 1141 quum
626 1116 731 1138 sumus,
745 1117 833 1134 sermo

37 1140 115 1166 nobis
127 1140 221 1167 deesse
233 1150 283 1168 non
296 1141 371 1174 solet⁷
381 1143 553 1178 sicepistolae
565 1149 669 1170 nostrae
681 1145 780 1171 debent
792 1146 833 1171 in-

36 1177 142 1204 terdum
163 1178 323 1205 halucinari.
368 1182 392 1207 2.
415 1181 594 1207 Tenediorum
619 1182 702 1217 igitur
724 1182 833 1209 libertas

36 1216 125 1241 securi
136 1215 252 1242 Tenedia
268 1217 388 1251 praecisa
403 1222 456 1249 est,
473 1227 558 1253 quum
574 1227 619 1245 eos
635 1225 739 1254 praeter
755 1229 797 1246 me
808 1225 834 1247 et

35 1251 164 1278 Bibulum
180 1257 206 1279 et
216 1253 351 1280 Calidium
367 1259 392 1281 et
408 1256 557 1282 Favonium
573 1265 651 1283 nemo
667 1257 831 1284 defenderet.
854 1280 856 1290 ,

36 1291 61 1315 3.
84 1290 119 1315 De
134 1294 158 1316 te
174 1299 188 1316 a
203 1290 373 1326 Magnetibus
386 1292 396 1304 *
409 1293 442 1319 ab
454 1293 546 1328 Sipylo
559 1295 658 1320 mentio
669 1299 710 1321 est
726 1295 834 1321 honori-

37 1326 86 1353 fica
98 1326 174 1358 facta,
187 1336 273 1362 quum
285 1333 309 1355 te
321 1338 406 1356 unum
418 1330 538 1356 dicerent
550 1331 758 1365 postulationiL.
767 1332 834 1359 Sex-

35 1364 67 1391 tii
78 1364 178 1391 Pansae
189 1366 329 1393 restitisse.
361 1368 385 1394 4.
404 1367 524 1402 Reliquis
539 1368 645 1400 diebus,
659 1370 683 1395 si
694 1370 761 1405 quid
772 1371 831 1401 erit,
855 1376 856 1380 ¹

35 1401 108 1436 quod
124 1406 149 1428 te
164 1403 233 1428 scire
247 1411 315 1437 opus
331 1405 378 1436 sit,
396 1410 442 1431 aut
456 1406 562 1431 etiamsi
578 1406 646 1432 nihil
662 1407 725 1438 erit,
745 1412 832 1434 tamen

35 1439 153 1465 scribam
169 1440 291 1474 quotidie
307 1441 421 1476 aliquid.

35 1476 94 1504 tibi.
108 1486 196 1512 neque
207 1478 353 1513 Pomponio
364 1479 453 1506 deero.
485 1482 509 1506 5.
527 1481 644 1508 Lucretii
656 1487 790 1516 poemata,
805 1487 834 1509 ut

35 1514 146 1545 scribis,
161 1515 195 1541 ita
207 1520 283 1547 sunt,
298 1524 349 1542 non
362 1517 455 1543 multis
468 1517 619 1545 luminibus
632 1520 748 1555 ingenii,
763 1520 833 1546 111111-

35 1555 76 1577 tae
87 1556 175 1578 tamen
187 1553 262 1579 artiS.
290 1553 342 1580 Sed
354 1563 439 1589 quum
451 1557 566 1587 veneris,
582 1557 671 1582 virum
685 1561 708 1583 te
720 1558 830 1592 putabo,

34 1588 369 1625 siSallustiiEmpedoclea
381 1591 491 1628 legeris:
507 1593 643 1620 hominem
656 1603 708 1621 non
721 1595 830 1629 putabo.
854 1614 863 1631 ’,Ἴ

885 1634 994 1655 senatus
1006 1629 1084 1656 datus
1097 1629 1236 1665 frequens:
1252 1629 1405 1665 frequentes
1416 1636 1506 1656 contra
1517 1631 1619 1666 Syriaci
1632 1640 1683 1666 pu-

855 1645 863 1704 ἒ
885 1666 994 1693 blicani.

36 1626 108 1653 Vale.

85 1695 139 1716 ΧΗ.
155 1695 172 1716 Λ
180 1696 231 1717 ΚΟ.
251 1697 283 1718 De
294 1698 435 1724 Commageni
451 1699 508 1724 regie
524 1707 602 1721 mussa
612 1707 625 1721 a
635 1708 659 1721 ae
667 1704 715 1722 ncta
726 1704 745 1722 et
757 1702 784 1722 de
794 1702 831 1723 lit—

35 1730 89 1751 teris
99 1737 111 1751 ιι
120 1731 217 1752 ene-ure
227 1732 253 1752 ad
264 1739 288 1752 ne
298 1733 382 1754 missis.
412 1737 512 1757 mommo.
522 1738 574 1761 App.
585 1738 667 1756 Pulchro
677 1746 723 1757 coss.
735 1741 788 1761 700.)

210 1776 370 1805 MARCUS
391 1779 423 1811 Q.
446 1780 591 1808 FRATRI
612 1782 640 1809 S.

90 1815 112 1840 1.
135 1809 250 1841 Gaudeo
265 1815 314 1841 tibi
331 1816 464 1844 iucundas
479 1827 539 1845 esse
555 1828 628 1845 meas
644 1819 758 1851 litteras,
783 1830 831 1847 nec

35 1853 121 1877 tamen
134 1851 290 1878 habuissem
301 1854 438 1881 scribendi
451 1864 522 1882 nunc
533 1856 644 1891 quidem
657 1857 831 1893 ullumargu-
860 1873 862 1881 ι

34 1892 164 1920 mentum,
178 1889 232 1915 nisi
243 1893 302 1916 tuas
312 1892 487 1926 accepissem.
517 1894 583 1920 Nam
597 1895 667 1929 prid.
682 1895 731 1926 Id..
744 1904 830 1930 quum

32 1924 138 1960 Appius
150 1930 273 1952 senatum
285 1927 483 1963 infrequentem
497 1932 643 1966 coegisset,
660 1937 763 1959 tantum
781 1933 831 1960 fuit
860 1959 861 1962 ,

35 1961 134 1997 frigus,
156 1967 186 1989 ut
201 1963 295 1998 populi
310 1966 433 1993 convicio
448 1972 556 1994 coactus
572 1969 608 1995 sit
623 1978 671 1995 nos
682 1969 828 1997 dimittere.

33 2000 58 2027 2.
71 1999 293 2035 DeCommageuo
304 2010 375 2037 rege,
389 2004 460 2038 quod
475 2014 529 2030 rem
544 2009 624 2032 totam
635 2006 827 2039 discusserunt,

33 2037 146 2063 mirifice
167 2037 235 2064 mihi
251 2042 276 2064 et
291 2047 339 2073 per
354 2048 383 2065 se
398 2045 424 2066 et
439 2049 486 2075 per
498 2042 675 2077 Pomponium
692 2043 830 2072 blanditur

33 2073 148 2109 Appius».
188 2074 268 2102 Videt
281 2077 367 2107 enim,
386 2077 435 2103 hoc
451 2087 548 2114 genere
563 2079 671 2107 dicendi
688 2081 711 2107 si
729 2086 786 2108 utar
802 2083 829 2108 in

33 2112 141 2142 ceteris,
159 2112 337 2139 Februarium
353 2115 471 2141 sterilem
490 2115 624 2144 futurum:
642 2127 760 2153 eumque
778 2119 829 2146 lusi

33 2148 120 2175 iocose
135 2150 214 2180 satis,
239 2159 325 2185 neque
341 2151 429 2178 solum
446 2152 514 2180 illud
535 2155 634 2181 extorsi
655 2156 827 2190 oppidulum,

33 2185 105 2221 quod
116 2191 172 2213 erat
182 2187 300 2222 positum
313 2189 339 2214 in
347 2189 637 2227 EuphratiZeugmate,
650 2193 697 2219 sed
712 2199 830 2228 praetcr—
852 2194 861 2221 ,ἶ

33 2230 64 2249 ea
83 2228 172 2259 togam
193 2230 253 2250 snm
269 2225 330 2252 eius
348 2232 526 2261 praetextam,
547 2237 629 2264 quam
645 2236 700 2257 erat
715 2231 829 2266 adeptus

33 2258 143 2287 caesare
157 2261 277 2294 consule,
291 2271 389 2299 magno
404 2264 544 2292 hominum
557 2267 612 2293 risu
624 2267 776 2295 cavillatus.
803 2271 827 2295 3.

33 2295 108 2330 Quod
119 2307 167 2325 nos
178 2299 189 2312 *
202 2299 273 2331 vult,
292 2301 417 2335 inquam,
435 2311 562 2329 renovare
579 2304 692 2331 honores
708 2306 826 2337 eosdem,

32 2341 86 2398 guo
105 2336 196 2362 minus
216 2341 303 2372 togam
325 2344 487 2372 praetextam
510 2343 655 2375 quotannis
676 2343 825 2378 interpolet.

52 2373 230 2400 ecernendum
247 2375 315 2401 nihil
331 2384 437 2403 censeo.
478 2378 530 2403 Vos
545 2383 633 2405 autem
647 2379 768 2406 homines
781 2390 829 2407 no-

33 2407 110 2441 biles,
118 2411 329 2445 quiBostrenum
337 2419 530 2447 praetextatum
543 2424 594 2442 non
607 2415 740 2448 ferebatis,
749 2418 829 2444 Com-
858 2438 859 2442 .

34 2453 75 2472 ma
96 2454 176 2474 enum
202 2448 310 2476 feretis?
334 2451 426 2477 Genus
452 2452 528 2478 vides
552 2457 578 2479 et
601 2453 689 2480 locum
711 2455 826 2481 iocandi.

33 2482 59 2510 M
89 2488 114 2511 ta
124 2484 182 2512 dixi
194 2486 221 2512 in
238 2487 385 2523 ignobilem
402 2498 506 2525 regem:
523 2490 625 2524 quibus
641 2496 711 2517 totus
727 2497 767 2518 est
780 2501 829 2519 ex—

33 2519 135 2555 plosus.
173 2522 232 2555 Quo
246 2533 344 2559 genere
359 2531 509 2553 commotus
524 2528 563 2562 (ut
573 2527 641 2563 dixi)
653 2529 770 2563 Appius,
789 2534 828 2556 to-

34 2560 90 2584 tum
104 2567 146 2585 me
161 2560 339 2595 amplexatur.
381 2564 455 2590 Nihil
467 2565 589 2591 estenim
607 2565 727 2597 facilius,
745 2575 826 2601 quam

33 2593 135 2630 reliqua
151 2596 294 2626 discutere.
335 2599 388 2627 Sed
405 2610 456 2628 non
473 2601 582 2633 faciam,
606 2607 635 2629 ut
651 2603 728 2630 illum
743 2604 827 2631 offen-

33 2629 104 2664 dam,
112 2641 144 2660 ne
156 2634 280 2669 imploret
291 2637 371 2664 fidem
382 2639 452 2665 Iovis
464 2639 618 2674 Hospitalis,
627 2640 722 2667 Graios
733 2650 826 2668 omnes

10 2682 11 2685 =
33 2674 166 2702 convocet,
175 2679 222 2706 per
232 2682 300 2707 quos
311 2683 417 2702 mecum
429 2676 456 2702 in
467 2677 580 2712 gratiam
593 2677 681 2704 rediit.
703 2679 726 2705 ι1.
739 2679 826 2706 Theo-
855 2698 858 2704 .

177 433 200 458 4.
223 432 258 457 De
274 432 487 466 interpellatione
500 439 602 460 tantum
614 443 720 461 sumam
732 445 745 462 a
758 436 836 462 vobis
856 435 857 443 ¹

854 1248 856 1271 1

462 1443 534 1469 Prid.
552 1443 590 1469 Id.
611 1444 731 1480 (Aprilis)
747 1454 833 1480 neque
862 1471 863 1480 ,

1633 148 1681 172 807

886 222 985 250 pompo
1000 212 1208 240 satisfaciemus.
1248 215 1284 240 De
1298 214 1409 241 Caesare
1426 214 1529 250 fugerat
1544 224 1586 241 me
1605 216 1638 242 ad
1658 222 1682 243 te

887 251 1015 278 scribere.
1057 250 1140 277 Video
1156 252 1241 282 enim,
1262 260 1329 286 quas
1346 257 1373 278 tu
1391 252 1491 278 litteras
1507 254 1681 287 exspectaris.

888 289 941 315 Sed
953 288 998 314 ille
1009 288 1118 322 scripsit
1129 288 1161 314 ad
1175 288 1302 320 Balbum,
1321 289 1481 315 fasciculum
1493 290 1571 316 illum
1583 291 1683 325 episto·

888 327 988 356 larum,
1004 327 1032 352 in
1043 334 1097 359 quo
1110 325 1194 352 fuerat
1204 331 1230 352 et
1240 335 1298 352 mea
1310 332 1335 353 et
1346 327 1434 358 Balbi,
1452 332 1535 353 totum
1550 327 1603 354 sibi
1615 336 1682 362 aqua

888 363 1027 389 madidum
1049 362 1184 389 redditum
1204 372 1276 390 esse:
1301 369 1329 390 ut
1344 373 1376 390 ne
1393 364 1461 390 illud
1479 364 1590 399 quidem
1606 366 1681 396 sciat,

889 410 974 427 meam
992 400 1075 426 fuisse
1092 400 1209 435 aliquam
1226 401 1377 435 epistolam.
1419 401 1471 427 Sed
1488 410 1521 428 ex
1535 402 1611 428 Balbi
1625 403 1684 437 epi-

887 438 953 465 stola
966 447 1050 472 pauca
1063 437 1143 463 verba
1157 438 1336 469 intellexerat,
1354 439 1386 464 ad
1403 448 1471 473 quae
1487 440 1626 474 rescripsit
1641 440 1684 466 1115

887 476 992 501 verbis:
1006 476 1040 501 De
1048 475 1174 501 Cicerone
1186 475 1265 501 video
1276 481 1299 502 te
1309 476 1439 510 quiddam
1450 477 1602 511 scripsisse,
1611 477 1683 512 quod

887 522 936 548 ego
947 522 999 539 non
1016 512 1150 539 intellexi.-
1168 518 1300 547 quantum
1315 519 1404 540 autem
1422 514 1575 540 coniectura
1590 523 1685 541 conse-

887 550 1002 585 quebar,
1017 550 1044 576 id
1056 554 1110 575 erat
1122 550 1270 581 eiusmodi,
1288 555 1315 576 ut
1327 551 1413 586 magis
1424 551 1585 585 optandum,
1602 560 1683 586 quam

888 587 1051 622 sperandum
1067 592 1199 622 putarem.
1239 589 1264 613 5.
1287 588 1376 622 Itaque
1393 594 1483 623 postea
1499 589 1562 614 misi
1574 589 1606 615 ad
1619 589 1684 615 Cae-

887 634 974 650 sarem
990 625 1084 651 eodem
1100 624 1146 650 illo
1159 624 1283 659 exemplo
1296 624 1406 651 litteras.
1447 626 1537 652 Iocum
1550 631 1638 652 autem
1651 626 1684 652 11-

889 662 940 688 11115
956 662 988 688 de
1000 671 1048 688 sua
1060 666 1176 697 egestate
1188 671 1221 688 ne
1232 663 1269 688 sis
1281 668 1449 696 aspernatus.
1490 663 1530 689 Ad
1541 672 1622 698 quem
1635 672 1684 698 ego

888 701 1023 734 rescripsi,
1040 699 1109 725 nihil
1121 708 1189 729 esse,
1206 699 1278 734 quod
1289 700 1399 734 posthac
1410 709 1485 726 arcae
1497 706 1601 727 nostrae
1614 701 1684 726 sidu-

886 737 927 762 cia
943 737 1126 763 conturbaret:
1150 736 1258 771 lusique
1274 737 1301 763 in
1317 746 1347 763 eo
1361 746 1458 772 genere
1469 743 1494 763 et
1505 737 1681 768 familiariter,

887 779 983 800 etcum
995 774 1134 809 dignitate.
1175 774 1256 800 Amor
1271 779 1360 800 autem
1376 775 1435 800 eius
1449 783 1512 809 erga
1523 784 1571 801 nos
1582 775 1684 810 perfer-

887 816 929 837 tur
943 812 1065 837 omnium
1081 812 1184 837 nuntiis
1200 811 1357 846 singularis.
1397 812 1430 838 Et
1451 811 1552 838 litterae
1572 813 1682 846 quidem

886 849 919 874 ad
931 849 967 880 id,
977 848 1049 883 quod
1060 853 1210 883 exspectas,
1227 848 1281 874 fere
1292 857 1354 874 cum
1366 853 1411 875 tuo
1422 849 1509 875 reditu
1521 850 1680 885 iungentur:

886 885 988 920 reliqua
1003 886 1174 921 singulorum
1185 886 1292 912 dierum
1303 886 1454 912 scribemus
1465 886 1499 912 ad
1510 891 1548 917 te,
1570 888 1593 913 si
1606 887 1683 913 mode

886 923 1038 950 tabellarios
1050 928 1078 950 tu
1090 923 1243 958 praebebis.
1270 923 1440 958 Quamquam
1451 924 1585 950 eiusmodi
1597 924 1683 959 frigus

886 961 1072 995 impendebat,
1090 965 1119 987 ut
1130 970 1268 987 summum
1283 961 1435 995 periculum
1451 966 1534 992 esset,
1553 970 1585 988 ne
1597 962 1683 997 Appio

1245 997 1340 1035 [Vale]

885 1007 949 1024 suae
961 998 1040 1024 aedes
1052 1003 1202 1024 urerentur.

938 1084 1001 1105 xm.
1022 1085 1098 1105 ARG.
1115 1086 1148 1106 De
1157 1086 1223 1105 rebus
1238 1085 1270 1105 111.
1286 1086 1350 1105 Febr.
1366 1085 1389 1105 in
1400 1088 1478 1106 senatu
1489 1085 1557 1110 actis,
1576 1086 1603 1106 de
1613 1086 1682 1106 Calli-

885 1119 963 1140 sthene
974 1122 995 1140 et
1005 1119 1105 1141 Philisto
1117 1120 1241 1141 historicis.

1050 1158 1138 1179 (Romae,
1148 1158 1240 1179 Domitio,
1248 1158 1300 1181 App.
1311 1158 1393 1175 Pulchro
1404 1164 1451 1176 ems.
1464 1158 1517 1180 700.)

1013 1209 1048 1235 Μ.
1071 1208 1214 1236 CICERO
1235 1209 1263 1236 S.
1285 1210 1315 1236 D.
1337 1210 1369 1242 Q.
1392 1209 1547 1237 FRATRI.

942 1256 966 1280 1.
989 1250 1050 1281 Risi
1067 1256 1158 1281 nivem
1174 1259 1270 1282 atram:
1297 1260 1377 1290 teque
1392 1255 1472 1282 hilari
1483 1257 1573 1283 animo
1584 1265 1643 1283 esse
1659 1263 1684 1284 et

862 1299 863 1326 1
885 1297 1008 1326 prompto
1019 1293 1052 1318 ad
1064 1293 1221 1324 iocandum,
1239 1293 1316 1319 valde
1333 1302 1375 1319 me
1388 1294 1471 1320 iuvat.
1511 1294 1547 1320 De
1559 1295 1684 1329 Pompeio

862 1330 863 1334 ’
885 1330 1017 1356 assentior
1027 1330 1087 1361 tibi,
1102 1330 1143 1356 vel
1156 1335 1183 1357 tu
1195 1331 1286 1365 potius
1298 1330 1376 1357 mihi.
1408 1331 1484 1361 Nam,
1498 1336 1528 1357 ut
1538 1332 1601 1362 scis,
1616 1332 1684 1358 iam-

885 1367 990 1401 pridem
1007 1368 1088 1394 istum
1105 1372 1182 1394 canto
1198 1369 1348 1394 Caesarem.
1389 1368 1457 1394 Mihi
1471 1368 1562 1399 crede,
1582 1369 1608 1395 in
1621 1370 1682 1396 sinu

885 1409 938 1435 est,
956 1413 1044 1440 neque
1062 1413 1112 1441 ego
1126 1405 1274 1441 discingor.
1315 1407 1340 1432 2.
1362 1405 1498 1441 Cognosce
1519 1415 1590 1432 nunc
1609 1406 1681 1433 Idus.

885 1442 1010 1468 Decimus
1020 1447 1075 1469 erat
1087 1442 1176 1469 Caelio
1187 1443 1255 1469 dies.
1295 1443 1428 1469 Domitius
1440 1443 1472 1469 ad
1485 1452 1628 1470 numerum
1641 1445 1683 1470 iu-

862 1486 863 1515 ,
885 1479 959 1505 dices
971 1488 1023 1506 non
1041 1480 1145 1506 habuit.
1186 1481 1296 1507 Vereor.
1315 1489 1347 1507 ne
1364 1480 1443 1507 homo
1460 1485 1541 1507 taeter
1556 1485 1582 1507 et
1599 1481 1680 1511 ferus,

886 1517 946 1543 Pola
962 1517 1087 1548 Servius,
1110 1517 1143 1544 ad
1159 1518 1355 1544 accusationem
1372 1519 1471 1544 veniat.
1512 1519 1579 1544 Nam
1595 1524 1683 1545 noster

885 1554 992 1580 Caelius
1004 1554 1081 1581 valde
1092 1561 1264 1591 oppugnatur
1274 1564 1286 1581 a
1299 1560 1376 1590 gente
1387 1555 1490 1582 Clodia.
1531 1556 1601 1582 Certi
1614 1556 1681 1582 nihil

885 1596 925 1618 est
935 1592 1038 1618 adhuc:
1052 1592 1098 1618 sed
1112 1601 1245 1619 veremur.
1281 1593 1381 1619 Eodem
1395 1593 1478 1628 igitur
1488 1593 1532 1619 die
1543 1594 1632 1629 Tyriis
1643 1599 1684 1620 est

1036 1667 1214 1694 Vehementer
1239 1673 1352 1694 vexatus
1377 1668 1524 1694 Gabinius:
1555 1669 1682 1703 exagitati

861 1725 863 1731 ,
885 1705 1267 1739 tamenaDomitiopuhlicani‚
1276 1705 1348 1740 quod
1359 1714 1420 1731 eum
1432 1710 1521 1732 essent
1532 1714 1593 1732 cum
1604 1707 1682 1740 equis

884 1742 1029 1775 prosecuti.
1070 1742 1100 1769 C.
1119 1747 1208 1768 noster
1224 1743 1314 1768 Lamia
1333 1742 1424 1777 paullo
1445 1742 1574 1773 ferocius,
1596 1752 1681 1778 quum

860 1792 862 1811 1
884 1779 1015 1805 Domitius
1027 1779 1150 1810 dixisset,
1161 1780 1250 1806 Vestra
1263 1780 1342 1814 eulpa
1356 1780 1419 1806 haec
1430 1780 1594 1810 acciderunt,
1604 1781 1682 1815 equi-

861 1836 862 1839 .
883 1817 1054 1843 tesRomani:
1068 1817 1199 1844 dissolute
1211 1818 1282 1843 enim
1297 1818 1435 1844 iudicatis:
1453 1818 1505 1843 Nos
1518 1818 1680 1847 iudicamus,

860 1886 862 1890 .
883 1862 930 1880 vos
943 1854 1067 1885 laudatis,
1082 1855 1180 1889 inquit.
1221 1855 1316 1881 Actum
1328 1860 1368 1881 est
1378 1864 1408 1881 eo
1419 1855 1463 1881 die
1475 1855 1558 1881 nihil:
1576 1864 1628 1882 nox
1639 1856 1682 1882 (11-

860 1905 861 1911 =
883 1892 970 1918 remit.
1011 1894 1035 1918 3.
1058 1892 1247 1918 Comitialibus
1266 1893 1377 1923 diebus,
1400 1893 1448 1927 qui
1468 1892 1618 1924 Quirinalia
1639 1901 1682 1919 se-

882 1934 1016 1963 quuntur,
1035 1929 1139 1964 Appius
1155 1931 1358 1964 interpretatur,
1376 1938 1427 1956 non
1444 1930 1570 1964 impediri
1583 1939 1611 1956 se
1624 1930 1681 1965 lege

860 1975 861 2001 ζ
882 1966 979 2001 Pupia,
998 1975 1052 2001 quo
1068 1968 1159 1993 minus
1176 1967 1271 1994 habeat
1287 1972 1423 1997 senatum,
1441 1972 1467 1994 et
1481 1967 1554 2002 quod
1565 1968 1680 1994 Gabinia

860 2011 861 2032 1
882 2008 1004 2030 sanetum
1016 2005 1064 2034 sit,
1081 2005 1161 2031 etiam
1173 2005 1246 2040 cogi,
1268 2014 1301 2031 cx
1314 2005 1371 2031 Kal.
1386 2005 1463 2031 Febr.
1478 2014 1564 2040 usque
1576 2005 1608 2031 ad
1621 2006 1678 2031 Kul.

859 2040 861 2074 Ι
882 2041 957 2067 Mart.
972 2040 1066 2076 legatis
1078 2046 1201 2068 senatum
1213 2042 1334 2077 quotidie
1346 2042 1414 2068 (1111·1.
1447 2043 1481 2068 lta
1495 2048 1622 2077 putantur
1633 2044 1681 2068 de-

859 2075 861 2119 f
882 2078 954 2104 trudi
975 2079 1082 2105 comitia
1105 2080 1131 2105 in
1152 2088 1272 2106 mensem
1289 2080 1424 2106 Martium.
1465 2080 1518 2105 Sed
1535 2084 1622 2106 tamen
1639 2081 1680 2106 his

859 2127 860 2155 1
881 2115 1064 2142 comitialibus
1079 2117 1180 2143 tribuni
1194 2117 1281 2151 plebis
1292 2117 1325 2143 de
1337 2117 1454 2143 Gabinio
1465 2126 1493 2143 se
1505 2122 1610 2144 acturos
1622 2127 1680 2143 esse

852 2179 861 2187 ¹,
881 2152 985 2179 dicunt.
1007 2154 1104 2179 Omnia
1115 2153 1222 2189 colligo,
1237 2159 1266 2180 ut
1280 2155 1342 2180 novi
1354 2154 1471 2180 scribam
1483 2154 1586 2189 aliquid
1599 2154 1630 2180 ad
1645 2160 1678 2180 te.

882 2190 944 2219 Sed,
959 2195 987 2216 ut
999 2190 1084 2219 videS,
1101 2200 1142 2216 res
1154 2200 1196 2217 1110
1209 2192 1265 2225 ipsa
1277 2191 1377 2217 deficit.
1411 2193 1434 2217 t.
1449 2193 1538 2226 Itaque
1553 2192 1585 2217 ad
1598 2192 1680 2218 (111111-

860 2244 861 2249 .
881 2227 1003 2253 stlieuem
1015 2232 1041 2253 et
1051 2228 1083 2253 ad
1093 2228 1236 2254 Philistum
1249 2228 1336 2258 redeo,
1354 2229 1380 2254 in
1392 2229 1494 2263 quihus
1507 2234 1530 2255 te
1543 2229 1621 2255 video
1634 2239 1679 2254 vo—

883 2264 1004 2290 lutatum.
1046 2265 1224 2291 Callisthenes
1240 2265 1351 2300 quidem
1366 2265 1477 2299 vulgare
1489 2271 1514 2291 et
1526 2271 1617 2292 notum
1633 2275 1679 2292 110-

859 2303 860 2316 *
880 2303 998 2335 gotium,
1020 2302 1251 2336 quemadmodum
1267 2303 1362 2329 Graeci
1383 2303 1485 2337 aliquot
1508 2302 1588 2329 locuti
1605 2309 1677 2329 511111.

859 2328 860 2364 l
881 2339 990 2365 Siculus
1002 2338 1061 2368 ille,
1075 2339 1212 2373 capitalis,
1226 2340 1333 2369 creber,
1351 2345 1460 2370 acutus,
1475 2340 1580 2368 brevis,
1595 2349 1678 2374 paene

881 2376 998 2410 pusillus
1013 2377 1200 2412 Thucydides,
1221 2377 1268 2403 sed
1286 2382 1358 2403 utros
1373 2377 1433 2402 01115
1445 2377 1571 2403 habueris
1585 2377 1675 2408 libros,

880 2413 942 2448 (duo
955 2415 1026 2439 enim
1039 2420 1101 2440 sunt
1112 2414 1243 2449 corpora.)
1254 2423 1286 2440 nn
1299 2419 1435 2449 utrosque.
1453 2415 1552 2440 nescio.
1569 2415 1609 2440 Me
1622 2423 1678 2440 11111-

879 2452 921 2485 gis
933 2450 966 2476 110
978 2452 1104 2486 Dionysio
1115 2451 1238 2478 delectat.
1275 2453 1332 2486 Ipse
1344 2456 1382 2477 est
1394 2452 1466 2477 enim
1480 2456 1609 2478 veterator
1621 2461 1678 2478 11111-

858 2506 859 2527 ,
879 2497 963 2523 gnus,
981 2493 1006 2514 et
1022 2488 1211 2522 persmniliaris
1224 2489 1336 2515 Philisto
1348 2489 1501 2524 Dionysius.
1542 2489 1592 2515 Sed
1604 2490 1676 2524 quod

879 2526 1007 2555 ascribis,
1025 2527 1215 2561 aggrederisnc
1230 2527 1262 2553 nd
1281 2526 1436 2552 historiam?
1457 2527 1497 2552 Mo
1512 2532 1618 2552 auctore
1630 2536 1677 2561 po-

880 2568 928 2589 tes,
970 2563 1014 2593 Et,
1027 2565 1155 2598 quoniam
1168 2564 1320 2591 tabellarios
1331 2563 1536 2593 511111111111511115,
1553 2563 1675 2590 hodierni

879 2600 933 2626 (1101
946 2609 987 2626 res
998 2606 1087 2636 gestas
1100 2602 1294 2637 Lupercalilms
1307 2601 1430 2627 habebis.
1455 2601 1566 2628 Obiecta
1578 2606 1602 2628 te
1613 2611 1674 2628 eum

879 2638 1005 2664 Cicerone
1018 2644 1106 2666 nostro
1117 2649 1199 2675 quum
1213 2639 1371 2665 bellissime.
