1941 3052
239 134 286 160 475
702 133 741 158 43.
777 132 811 158 M.

236 209 289 235 eut3
313 212 399 239 noque
415 208 454 229 eat
468 202 792 232 excusatiodifficultatis,
816 211 901 237 neque
912 211 1028 236 aequum

237 246 278 268 cst
293 246 409 275 tempore
425 246 450 266 et
465 241 507 266 ‹lie
520 241 673 266 uit-inminui
686 240 806 265 lit-nelivii
819 239 939 265 delinire.
980 240 1030 266 l'o-

235 283 334 305 etremo
349 279 395 313 qui
413 279 438 304 in
457 276 609 303 ulcisci-mlo
625 277 761 302 remissior
776 276 840 306 suit.
864 285 925 302 mox
941 281 1030 310 aperte

237 316 372 342 laudatur:
391 320 416 340 nt
426 314 583 349 gravissime
598 314 776 347 vituperatur.
793 314 840 348 qui
854 314 879 339 in
893 314 972 339 tantis
983 313 1030 340 be-

236 353 352 381 neflciis.
369 356 466 386 quamn
484 360 530 376 vos
547 351 572 376 in
589 359 630 376 mo
645 350 809 380 contulistis,
828 350 1030 377 remunerandis

235 394 275 416 est
287 389 396 419 tardior,
415 396 500 422 neque
511 387 598 413 solum
612 388 744 421 ingratus,
761 387 832 422 quod
849 388 937 422 ipsum
949 397 1029 423 grave

235 431 384 456 est‚ver1uu
397 426 476 450 etium
489 425 588 458 impius
599 424 749 458 appelletur
760 434 867 451 {necesse
878 429 928 451 est.
943 426 1029 460 Atque

235 464 261 489 in
273 463 361 489 ostii-io
372 461 547 496 persolvendo
557 461 699 487 dissimilis
711 466 750 487 est
762 463 834 492 ratio.
844 463 972 496 pecuniae
983 462 1030 488 de-

845 132 875 158 T.
911 131 1189 159 CllJEltONlS
1219 134 1405 160 uttATto

1057 212 1059 216 ·
1082 203 1158 229 liunt.
1192 203 1220 229 ln
1232 203 1368 230 referenda
1380 210 1467 231 autem
1478 206 1560 240 gratia
1573 205 1622 232 boc
1633 206 1709 233 vobi·
1720 209 1873 243 repromitto

1081 249 1240 275 semperque
1252 241 1399 275 praestabo.
1408 242 1474 269 milii
1484 251 1571 278 neque
1583 243 1608 270 in
1618 245 1739 271 consitiis
1749 245 1782 271 de
1793 254 1874 280 repu-

1082 277 1149 303 blica
1160 277 1297 312 capiendis
1307 278 1482 313 diligentiam.
1495 289 1582 315 neque
1593 281 1618 307 in
1631 282 1757 316 periculis
1767 291 1781 308 a
1793 291 1874 317 repu-

1082 314 1149 340 blica
1162 314 1351 349 propulsandis
1366 316 1500 347 animum,
1518 326 1604 352 neque
1621 318 1647 345 in
1662 320 1792 345 sententia
1806 320 1874 346 tim-

1081 351 1185 386 pliciter
1200 351 1335 378 referenda
1348 352 1440 383 fidem.
1463 362 1550 388 noque
1561 355 1587 381 in
1600 354 1738 382 hominum
1751 356 1874 383 volunta-

1081 389 1154 414 tibus
1167 397 1213 423 pro
1224 389 1360 423 republica
1372 389 1508 417 laedendis
1519 391 1676 423 libertatem.
1690 402 1737 420 nec
1749 394 1775 420 in
1787 393 1874 428 perfe-

1081 426 1163 452 rendo
1175 426 1262 452 labore
1275 426 1432 453 industriam
1441 448 1447 457 ,
1463 436 1511 454 nec
1523 429 1549 454 in
1561 430 1656 455 vestris
1666 431 1814 457 commodis
1825 439 1875 457 au-

1056 480 1059 506 Ι
1079 463 1175 497 gerulis
1190 468 1292 498 gratam
1308 465 1389 490 animi
1402 464 1614 492 benevolentiam
1625 466 1787 494 deluturam.
1829 469 1872 495 25.

235 501 318 526 bituc:
341 504 477 534 propterea
488 498 560 533 quod
572 500 722 533 pecuniam,
735 499 781 534 qui
795 500 896 530 retinet,
911 508 961 526 non
973 499 1030 526 dis-
1056 511 1058 530 »
1080 502 1168 535 Atque
1180 500 1244 526 haec
1254 509 1327 531 cura,
1340 501 1466 533 Quirites.
1480 502 1529 529 erit
1541 503 1622 529 infin
1633 504 1721 530 animo
1733 513 1792 531 meo
1802 514 1874 532 sem-

234 536 525 571 s‹›1vit.-quire‹1didit.
535 545 585 562 non
598 536 690 562 babet:
703 537 824 571 gratiam,
833 541 858 563 et
869 537 915 572 qui
928 536 1026 568 retulit,

236 574 323 604 babet,
337 574 419 608 etqui
433 573 519 603 babet.
533 572 667 599 dissolvit.
694 573 728 599 X.
742 574 782 600 24.
796 574 962 609 Quapropter
973 583 1029 600 me-

236 611 345 638 morium
363 611 443 637 vestri
459 610 580 637 beneficii
595 610 679 637 colam
691 611 875 637 benevolentia
886 612 1024 646 sempiter-

235 657 276 679 na.
286 657 336 674 non
348 647 435 674 solum
447 647 512 674 dum
524 649 611 674 anima
623 648 730 682 spirabo
741 648 864 679 niea,sed
874 649 953 676 etiam
965 657 1027 675 cum

235 690 338 713 mortuo
353 690 524 712 monumenta
540 685 621 712 vestri
637 686 664 712 in
680 694 722 712 me
743 685 865 713 beneficii
887 695 1028 722 pormane—

1056 538 1057 556 l
1080 539 1181 572 piterna
1190 558 1196 568 ,
1213 542 1241 564 ut
1252 547 1336 572 quum
1349 538 1438 569 vobis.
1449 540 1496 574 qui
1507 539 1578 574 apud
1591 549 1632 566 me
1643 540 1751 568 deorum
1765 542 1874 569 immor-

1080 575 1172 601 talium
1186 575 1239 601 vim
1251 580 1277 601 ct
1288 584 1386 602 numen
1399 577 1566 607 tenetis‚tum
1579 578 1690 611 posteris
1702 580 1796 605 vestris
1807 588 1873 606 cun-

1079 613 1184 647 ctisque
1194 612 1322 647 gentibus
1333 613 1512 648 dignissimus
1523 622 1552 640 ea
1563 615 1670 641 civitate
1685 615 1788 647 videar,
1804 625 1873 651 quae

1079 658 1155 676 suam
1167 650 1322 685 dignitatem
1336 659 1386 676 non
1399 659 1476 684 posse
1488 655 1576 678 tenere
1586 660 1628 684 se,
1647 652 1752 680 nisime
1763 662 1873 689 recupe-

1054 697 1057 710 ¹
1079 692 1171 719 resset,
1183 687 1287 714 cunctis
1299 687 1433 724 suffragiis
1445 687 1583 716 iudicavit.

938 786 1166 801 ——QCQOQ—

762 1033 795 1061 M.
832 1033 1010 1063 TULLll
1046 1034 1338 1064 CICERONIS

466 1116 595 1166 PRO
649 1117 841 1167 DOMO
897 1118 1026 1168 SUA

1080 1119 1166 1168 AD
1204 1105 1634 1168 'PONTuucsss

859 1224 1240 1264 ORATIO.

769 1375 979 1403 ΝΟΤΙΤΙἈ
1012 1375 1334 1403 LITTERARIA.

339 1443 430 1465 Clodius
441 1443 555 1464 Ciceronis
569 1443 654 1464 exsulis
664 1445 756 1465 domum
767 1444 791 1465 in
802 1444 897 1466 Palatio
907 1449 929 1466 et
937 1444 1027 1472 aliquot
1040 1444 1108 1465 m'Ilm
1129 1444 1325 1471 inflammaverat.
1357 1445 1434 1466 Cimo
1453 1444 1483 1466 ab
1496 1444 1576 1466 exsilio
1588 1447 1642 1472 pout
1655 1443 1715 1465 XV]
1728 1450 1812 1465 mensa
1824 1443 1871 1465 No-

230 1478 267 1499 m'r
277 1477 341 1507 Sept.
352 1487 374 1500 a.
389 1479 414 1500 U.
425 1479 579 1501 (397.an11171
595 1486 696 1500 reversus
711 1483 765 1501 unte
780 1480 858 1501 οηιηὶιι
873 1480 914 1501 Ιιοο
924 1480 983 1507 egit,
998 1483 1026 1501 ut
1035 1479 1079 1500 sibi
1092 1481 1172 1501 domus
1187 1480 1360 1506 restitueretur,
1375 1480 1491 1505 oratione,
1509 1486 1596 1506 magna
1611 1486 1664 1500 cum
1679 1478 1710 1504 ιη’,
1725 1482 1753 1500 ut
1767 1478 1816 1507 ipse
1829 1480 1872 1505 (ad

229 1514 278 1535 An.
298 1514 341 1539 11',
359 1515 392 1540 2.)
412 1514 500 1540 scribit,
519 1514 598 1535 Ιιιιὶιίιιι
612 1516 643 1535 mi
654 1515 786 1543 pontifices.
806 1516 869 1536 llaec
882 1516 956 1537 oracio
971 1515 1031 1537 sitne
1046 1515 1160 1536 Ciceronis
1178 1522 1261 1541 neeric,
1280 1516 1420 1544 specimina,
1439 1522 1509 1544 quum
1526 1514 1653 1536 evidentius
1671 1514 1801 1536 dubitatur.
1832 1513 1870 1542 Cf.

232 1548 327 1570 Schinz.
337 1549 501 1577 Prolegomerm
513 1549 559 1570 cn'c.
574 1551 638 1571 Tom.
653 1550 718 1571 7'111.
730 1550 758 1571 Ρ.
769 1551 838 1572 XXI.

282 1659 360 1681 ΑΚΘ.
384 1659 462 1681 Cicero
477 1659 518 1680 hac
531 1659 555 1680 in
570 1659 672 1680 oratione
686 1660 772 1681 domum
787 1666 860 1684 suun.
875 1666 932 1686 quae
941 1660 1024 1680 Romae

229 1695 302 1716 fuerat
311 1695 334 1715 in
344 1694 436 1720 regione
445 1694 540 1719 decima.
552 1694 628 1715 Clodio
639 1698 729 1716 auctore
738 1697 815 1716 eontra
826 1695 860 1715 fn
871 1698 892 1715 et
902 1694 939 1715 iu}
949 1694 1023 1722 publi-

228 1734 306 1755 eatam.
318 1736 416 1751 ever-am
427 1731 449 1750 et
458 1736 530 1750 aream
541 1729 589 1750 eius
596 1729 706 1750 Libertati
716 1729 761 1756 (vel
772 1729 950 1750 Licentiae—ile
956 1730 1022 1755 Legg.

227 1765 258 1790 11.
270 1768 302 1786 Π,
310 1766 335 1791 -)
345 1767 493 1786 consecratam
505 1764 629 1789 ene,omni
639 1765 701 1785 modu
713 1767 806 1786 conatur
816 1765 1023 1792 ostenden-efflamu-

227 1799 289 1824 lanu,
308 1802 334 1820 ut
348 1806 373 1821 en
388 1799 433 1820 ribi
447 1799 590 1824 restituatur.
609 1799 702 1826 eiusque
715 1805 766 1820 areu
780 1799 839 1820 fain
853 1799 1002 1820 dedicationis
1011 1806 1024 1819 n

228 1834 308 1856 Clodio
319 1834 390 1855 factae
400 1834 509 1860 religione
519 1834 625 1855 solvatur.
649 1834 674 1855 ln
688 1834 829 1861 peroratione
839 1834 910 1855 lovem
922 1834 1023 1861 aliosque

227 1870 281 1890 dens
296 1872 432 1895 obtestatus,
448 1869 550 1890 admonet
563 1869 680 1896 pontifice·
695 1876 720 1890 ιο
734 1876 777 1890 non
791 1876 858 1897 posse
869 1869 918 1890 sine
928 1869 1024 1890 maxims

227 1904 364 1932 reipublicae
382 1904 505 1929 ignominia
524 1907 547 1924 et
565 1911 604 1925 suo
619 1904 725 1925 dedecore
740 1910 765 1925 nc
779 1903 856 1925 dolore
869 1905 933 1925 domo
948 1911 1023 1925 curere

227 1947 318 1967 eamque
328 1943 352 1961 ut
361 1939 423 1960 retici
433 1939 532 1964 iubeant,
543 1941 612 1964 rogat.

282 1997 302 2023 1.
317 1997 339 2022 l.
357 1990 454 2028 Quum
466 1995 549 2022 multa
561 1995 706 2027 divinitus¹
724 1995 876 2031 pontifices,
889 2005 903 2022 a
915 1996 1022 2023 maiori-

226 2033 278 2060 bus
299 2034 397 2060 nostris
418 2034 525 2060 inventa
545 2037 624 2068 atque
645 2033 765 2060 instituta
780 2038 857 2065 sunt,
880 2038 938 2060 tum
954 2033 1021 2060 nihil

226 2070 401 2106 praeclarius,
419 2079 500 2105 quam
515 2071 588 2105 quod
603 2070 710 2096 eosdem
726 2075 752 2096 et
766 2070 944 2107 religionibus
959 2071 1022 2097 deo-

225 2117 286 2134 rum
296 2107 489 2134 immortalium
501 2112 526 2134 et
537 2116 659 2134 summae
670 2107 834 2142 reipublicae
846 2117 968 2143 praeesse
975 2117 1022 2135 vo—

226 2145 347 2176 luerunt,
365 2149 395 2172 ut
406 2144 566 2180 amplissimi
577 2149 603 2171 et
612 2144 755 2171 clarissimi
767 2145 854 2176 cives,
871 2145 1021 2180 rempubli-

224 2191 292 2214 cam,
307 2182 375 2208 bene
385 2182 510 2218 gerendo,
524 2182 662 2216 pontifices
673 2181 825 2218 religiones,
833 2183 968 2217 sapienter
979 2183 1021 2209 in-

224 2219 406 2255 terpretando,
430 2218 644 2256 [rempublicam]
667 2224 864 2246 conservarent.
904 2219 981 2252 Quod
996 2221 1020 2246 si

224 2256 280 2284 ullo
295 2261 413 2291 tempore
429 2265 523 2292 magna
539 2265 632 2283 caussa
646 2257 675 2283 in
686 2256 852 2283 sacerdotum
863 2257 956 2292 populi
968 2257 1021 2284 Ro-

224 2295 296 2320 mani
315 2294 416 2320 iudicio
435 2303 465 2320 ac
480 2298 608 2328 potestate
624 2298 726 2320 versata
741 2298 795 2325 est,
818 2294 883 2320 haec
903 2294 1021 2329 profecto

224 2336 294 2358 tanta
305 2336 358 2363 est,
376 2336 405 2358 ut
415 2332 503 2358 omnis
517 2330 680 2365 reipublicae
695 2331 827 2366 dignitas,
845 2332 966 2358 omnium
981 2332 1021 2357 ci-

224 2369 299 2395 vium
311 2368 399 2400 salus,
413 2369 480 2400 vita,
495 2368 616 2399 libertas,
630 2377 701 2399 arae,
715 2367 776 2399 soci,
789 2368 827 2394 dii
839 2374 958 2403 penates,
973 2369 1020 2395 bo—

224 2414 270 2436 na,
284 2405 416 2437 fortunae,
430 2405 578 2436 domicilia.
595 2410 698 2432 vestrae
709 2406 868 2440 sapientiae,
882 2406 958 2437 fidei,
971 2414 1020 2440 po-

223 2443 365 2477 testatique
376 2443 517 2469 commissa
528 2442 682 2477 creditaque
692 2451 752 2469 esse
764 2442 914 2469 videantur.
934 2443 1020 2469 2.Ὣό-

223 2478 266 2505 bis
286 2479 414 2506 hodierno
434 2480 478 2506 die
492 2479 709 2506 constituendum
724 2483 777 2510 est,
801 2484 892 2506 utrum
907 2480 1019 2515 posthac

223 2520 342 2542 amentes
357 2525 386 2542 ac
402 2517 519 2551 perditos
534 2517 705 2552 magistratus
720 2517 905 2551 improborum
919 2526 950 2543 ao
960 2525 1019 2543 sce-

224 2551 366 2579 leratorum
377 2553 478 2580 civium
491 2554 624 2588 praesidio
635 2553 748 2584 nudare,
767 2562 800 2579 an
815 2555 894 2580 etiam
905 2554 1016 2581 deorum

223 2589 415 2616 immortalium
426 2590 554 2626 religione
565 2599 667 2617 armare
678 2590 788 2616 malitis.
810 2591 876 2617 Nam
888 2592 911 2617 si
922 2591 966 2617 illa
979 2591 1018 2617 la-

223 2625 270 2652 bes
286 2634 315 2652 ac
331 2625 436 2653 flamma
452 2627 616 2662 reipubiicae
631 2636 713 2654 suum
727 2627 805 2653 illum
822 2628 980 2662 pestiferum
991 2633 1017 2654 et

223 2662 361 2690 funestum
376 2664 555 2697 tribunatum,
572 2673 654 2700 quem
670 2664 801 2700 aequitate
816 2664 933 2692 humana
947 2665 1016 2692 tueri

1075 1670 1126 1688 non
1138 1665 1236 1696 potest,
1249 1661 1340 1688 divina
1351 1660 1480 1697 religione
1491 1659 1652 1691 defenderit,
1665 1660 1732 1687 aliae
1742 1661 1871 1688 caerimo-

1075 1700 1134 1725 niae
1146 1699 1222 1725 nobis
1233 1703 1324 1729 erunt.
1341 1698 1387 1725 alii
1402 1699 1533 1724 antistites
1543 1697 1654 1724 deorum
1666 1698 1868 1730 immortalium.

1075 1736 1120 1762 alii
1131 1737 1288 1771 interpretes
1299 1735 1459 1771 religionum
1472 1734 1635 1770 requirendi.
1665 1735 1712 1762 Sin
1723 1740 1812 1762 autem
1824 1744 1870 1762 ve-

1074 1778 1127 1799 stra
1139 1773 1291 1800 auctoritate
1302 1773 1495 1808 sapientiaque,
1508 1771 1656 1807 pontifices,
1669 1781 1785 1807 ea,quae
1797 1772 1871 1799 suro-

1074 1819 1102 1837 re
1112 1810 1297 1845 improborum
1308 1811 1336 1837 in
1346 1809 1492 1844 republica.
1501 1809 1534 1836 ab
1544 1808 1604 1835 aliis
1614 1817 1750 1844 oppressa.
1764 1810 1797 1836 ab
1808 1810 1869 1837 aliis

1074 1847 1176 1874 deserta
1184 1868 1190 1879 ,
1213 1847 1246 1874 ab
1261 1847 1321 1874 aliis
1337 1847 1439 1882 prodita
1447 1867 1453 1878 ,
1475 1851 1549 1882 gesta
1564 1850 1641 1878 sunt,
1664 1847 1867 1874 rescinduntur:

1074 1885 1125 1911 erit
1135 1893 1294 1916 caussa,cur
1304 1884 1448 1911 consilium
1458 1884 1589 1910 maiorum
1601 1884 1628 1910 in
1639 1883 1816 1919 amplissimis
1827 1885 1870 1911 vi-

1074 1922 1111 1949 ris
1127 1922 1161 1949 ad
1176 1922 1321 1949 sacerdotia
1336 1921 1500 1957 deligendis.
1522 1921 1582 1947 iure
1601 1929 1632 1947 ac
1651 1922 1746 1948 merito
1761 1920 1869 1948 laudare

1073 1960 1220 1995 possimus.
1261 1961 1286 1986 3.
1309 1959 1371 1990 Sed.
1384 1959 1512 1994 quoniam
1523 1957 1569 1984 ille
1579 1957 1700 1989 demens,
1713 1959 1737 1985 si
1747 1967 1786 1989 ea,
1799 1967 1869 1993 quae

1073 2005 1122 2033 ego
1133 2005 1180 2032 per
1191 1997 1240 2023 hos
1251 1996 1309 2023 dies
1319 1997 1348 2023 in
1358 2000 1453 2022 senatu
1464 1995 1497 2022 de
1508 1995 1644 2030 republica
1656 1996 1743 2026 sensi,
1761 1996 1869 2031 w'tupe-

1073 2038 1170 2066 rasset,
1187 2033 1305 2069 aliquem
1320 2042 1349 2060 se
1362 2033 1464 2060 aditum
1476 2032 1508 2059 ad
1520 2040 1597 2059 aures
1608 2037 1710 2059 vestras
1721 2041 1780 2059 csse
1790 2033 1869 2060 habi-

1073 2076 1164 2098 turum
1176 2072 1292 2106 putavit,
1310 2071 1430 2098 omittam
1445 2070 1565 2097 ordinem
1581 2069 1688 2096 dicendi
1698 2078 1803 2096 meum:
1825 2078 1868 2097 re-

1071 2108 1209 2143 spondebo
1221 2108 1337 2135 hominis
1349 2107 1443 2135 furiosi
1454 2116 1505 2134 non
1516 2107 1637 2137 orationi,
1645 2115 1697 2142 qua
1708 2106 1754 2133 ille
1764 2107 1803 2134 uti
1815 2115 1868 2134 non

1072 2150 1167 2181 potest,
1181 2145 1228 2172 sed
1238 2146 1373 2177 convicio,
1386 2146 1465 2172 cuius
1476 2145 1692 2171 exercitationem
1701 2152 1786 2179 quum
1797 2145 1867 2171 into-

1072 2183 1175 2210 lerabili
1195 2182 1355 2218 petulantia,
1381 2187 1440 2209 tum
1459 2182 1538 2208 etiam
1560 2181 1688 2208 diuturna
1707 2181 1866 2216 impunitate

1071 2221 1198 2247 munivit.

1126 2258 1159 2284 ΙΙ.
1180 2257 1218 2283 Ac
1229 2257 1347 2292 primum
1359 2255 1428 2283 illud
1439 2264 1453 2282 a
1464 2259 1497 2287 te,
1513 2255 1622 2282 homine
1633 2263 1731 2282 vesano
1741 2263 1771 2282 ac
1781 2253 1867 2282 furio-

1071 2303 1114 2326 so,
1127 2294 1248 2329 requiro.
1265 2302 1335 2329 quae
1345 2298 1370 2320 te
1382 2298 1452 2320 tanta
1462 2301 1546 2328 poena
1558 2297 1664 2319 tuorum
1675 2291 1808 2318 scelerum
1818 2291 1866 2319 fla-

1069 2332 1252 2367 gitiorumque
1263 2335 1354 2362 vexet,
1372 2335 1402 2356 ut
1412 2330 1461 2357 hos
1473 2329 1538 2356 tales
1549 2329 1634 2359 viros.
1651 2329 1698 2363 qui
1712 2337 1764 2356 non
1775 2328 1865 2356 solum

1070 2368 1190 2395 consiliis
1202 2369 1260 2395 suis
1268 2389 1274 2399 ,
1287 2367 1336 2394 sed
1346 2368 1426 2394 etiam
1437 2367 1526 2402 specie
1537 2366 1595 2401 ipsa
1605 2365 1762 2401 dignitatem
1774 2367 1866 2401 reipu-

1069 2405 1156 2432 blicae
1166 2406 1313 2436 sustinent,
1329 2404 1402 2440 quod
1417 2413 1466 2440 ego
1481 2405 1509 2430 in
1524 2403 1654 2429 sententia
1667 2403 1779 2429 dicenda
1790 2403 1865 2430 salu-

1070 2448 1123 2470 tem
1143 2443 1244 2469 civium
1265 2451 1327 2468 cum
1348 2441 1446 2468 honore
1461 2441 1510 2468 Cn.
1526 2440 1646 2474 Pompeii
1665 2441 1861 2472 coniunxerim,

1070 2480 1136 2506 mihi
1147 2488 1206 2506 esse
1216 2480 1310 2511 iratos,
1327 2483 1354 2505 et
1368 2477 1442 2505 aliud
1451 2477 1484 2504 de
1494 2485 1600 2503 summa
1612 2477 1661 2503 hoc
1672 2481 1790 2512 tempore
1801 2477 1865 2504 reli-

1068 2518 1147 2553 gione
1157 2525 1294 2547 sensui-05,
1307 2524 1337 2542 ac
1347 2524 1390 2542 me
1400 2515 1509 2541 absente
1519 2515 1666 2545 senserint,
1678 2514 1814 2541 arbitrere.
1836 2515 1861 2541 t.

1069 2555 1155 2581 Fuisti
1171 2559 1214 2585 tu,
1231 2554 1333 2588 inquit,
1350 2552 1422 2587 apud
1432 2551 1570 2586 pontifices
1582 2551 1718 2586 superior:
1734 2551 1783 2578 sed
1796 2551 1861 2583 iam,

1068 2592 1195 2626 quoniam
1207 2595 1231 2617 te
1242 2591 1275 2617 ad
1285 2589 1416 2625 populum
1426 2587 1577 2619 contulisti,
1589 2589 1628 2614 sis
1639 2587 1757 2620 inferior,
1769 2596 1864 2615 neces-

1067 2637 1096 2655 se
1107 2633 1156 2655 est.
1196 2628 1268 2654 Itane
1279 2626 1360 2654 vero?
1377 2625 1455 2658 Quod
1465 2627 1493 2652 iu
1504 2626 1627 2660 imperita
1638 2625 1812 2652 multitudine
1821 2629 1863 2652 est

1067 2666 1284 2697 vitiosissimum,
1297 2665 1410 2691 varietas
1421 2667 1447 2690 et
1457 2663 1642 2695 inconstantia.
1649 2667 1675 2690 et
1685 2662 1786 2694 crebra,
1793 2667 1862 2690 tam-
