1941 3052
235 164 280 188 'm
801 165 842 189 Ἐκ.
879 162 912 188 Μ.
947 162 976 188 Τ.
1011 161 1285 189 CtCEROMS

233 235 295 262 nti-0.
314 235 336 259 ni
351 242 408 259 enm
424 235 488 260 ratio
501 233 642 262 νοηνι-ΙΙι-ι,
663 234 685 258 si
700 234 782 258 oratio
796 232 976 262 labefactabit,
996 233 1019 259 si
1039 233 1049 268 ⁴,
1070 232 1224 259 damnatum
1243 237 1269 259 et
1287 236 1419 259 mortuum
1439 241 1486 268 pro
1503 233 1629 261 incolumi
1642 238 1668 261 et
1683 235 1744 261 vivo
1755 234 1856 262 dicere:

233 270 349 305 denique
365 272 459 296 veritus
474 270 652 304 vxturqnwbit:
674 278 706 296 nc
720 270 887 304 repugnetis,
908 277 1020 304 eamque
1048 273 1049 281 ¹
1070 279 1154 304 quum
1171 270 1223 300 illi,
1244 271 1270 296 in
1284 278 1363 305 quem
1378 270 1487 301 dicitur,
1507 271 1641 298 damnatio
1653 280 1731 298 omne
1745 273 1860 308 ignomi—

234 308 330 333 unium
356 309 449 333 vauri-i
473 312 516 333 nnt
533 307 676 332 libentibus
695 311 739 332 aut
758 307 850 341 uequis
869 307 1017 333 remittatis.
1046 307 1049 338 Ι
1071 308 1129 333 nino
1147 307 1295 342 periculum
1315 308 1367 334 iam
1386 307 1535 339 abstulerit.
1557 317 1627 335 mors
1646 317 1707 335 vero
1719 310 1798 336 etiam
1812 309 1860 336 do-

234 345 300 370 'l'nm
321 349 420 373 :niti-ni,
441 353 525 378 quum
544 354 592 377 ego
611 352 662 369 unn
681 352 788 378 quaqua
805 343 838 369 dc
854 343 979 369 redicam
995 348 1020 370 ct
1046 352 1048 354 ’
1073 343 1152 370 loris?
1165 343 1207 370 hic
1221 348 1318 374 autem,
1335 353 1382 379 pro
1393 353 1448 379 quo
1461 345 1585 376 dicimus,
1602 345 1668 372 nibil
1683 347 1768 381 possit
1777 346 1860 373 offen-

1070 381 1153 407 sionis
1171 382 1288 415 accipere
1306 382 1364 408 sine
1382 382 1554 409 acerbissimo
1571 383 1652 409 animi
1666 392 1747 409 sensu
1761 391 1790 409 ac
1803 392 1861 410 mo-

232 381 346 409 diluunt,
364 391 395 407 ni·
411 382 470 414 ipsi,
487 390 554 415 qiim·
568 381 695 406 contraria
710 385 781 410 sunt,
798 381 868 406 taciti
883 381 1020 415 cogitatio-

1046 430 1047 433 *
1072 417 1144 444 lestia
1163 422 1188 444 ct
1206 419 1264 445 sine
1282 427 1389 445 summo
1406 418 1533 446 dedecore
1553 420 1620 446 vitae
1640 429 1669 446 ac
1683 420 1858 455 turpitudine.

233 419 258 444 ni
277 423 374 443 vestrae
389 418 550 447 subin-iniis,
571 417 616 443 sed
636 417 667 443 nd
686 422 834 444 extremum
849 418 1017 452 exspectetis,

232 460 257 480 et
283 464 324 480 inc
351 463 437 479 meum
465 454 568 480 dicendi
596 454 715 480 ordinem
739 463 843 480 servare
866 455 1017 489 patiamini:

231 500 314 526 quum
331 500 463 525 peroraro,
482 495 550 521 tum,
568 492 590 517 si
605 491 670 526 quid
686 491 734 517 erit
748 492 932 526 praeteritum,
949 500 962 517 a
978 500 1019 518 me

233 529 381 563 requiratis.
417 529 458 554 ΙΙΙ.
473 529 498 554 7.
516 529 570 563 Ego
584 537 635 559 mc,
652 528 763 559 iudices,
779 529 810 554 ad
826 538 882 555 eam
897 537 1018 555 caussam

231 565 366 594 iit-cedere,
382 573 450 600 quac
465 565 515 591 iam
530 574 576 600 per
590 574 672 592 annos
687 571 744 592 octo
757 567 897 592 continuos
911 574 943 592 cx
957 575 1020 592 con-

232 603 307 628 traria
323 607 395 636 parte
410 602 546 633 audiatur,
567 607 645 638 atque
664 603 721 637 ipsa
739 604 864 638 opinione
879 603 1018 630 bominum

231 640 306 665 tin-ita
327 648 406 674 prope
419 640 538 666 convicta
553 645 632 675 atque
645 639 767 666 damnata
782 641 830 671 sit,
851 640 926 667 facile
941 639 1019 666 intel·
1039 671 1041 675 .

231 677 297 708 ligo:
323 676 383 706 sed,
404 677 427 703 si
445 678 492 712 qui
513 677 578 703 mibi
597 677 663 703 deus
679 682 791 704 vestram
806 677 838 704 ad
853 686 894 704 mc
908 677 1020 704 audien-

229 713 293 739 dum
310 713 519 740 benevolentiam
533 714 692 745 conciliarit,
713 714 825 741 efficiam
841 714 970 750 profecto,
991 719 1020 741 ut
1038 721 1041 731 ¹

230 750 398 786 intelligatis,
419 751 485 777 nibil
501 760 559 777 esse
575 751 675 778 bomini
691 757 743 778 tam
759 752 921 783 timendum,
937 761 1018 787 quam

231 788 373 814 invidiam:
402 788 468 815 nihil
497 789 644 820 innocenti,
673 794 795 825 suscepta
822 790 937 820 invidia.
965 794 1018 816 tam

228 825 384 860 optandum,
399 835 479 860 quam
494 835 609 861 aequum
624 826 764 858 iudicium,
781 827 852 862 quod
867 827 893 853 in
906 827 955 853 hoc
966 835 1019 853 uno

229 863 346 897 denique
361 862 441 889 falsae
457 863 580 889 infamiae
595 864 656 890 finis
670 863 769 899 aliquis
783 869 862 899 atque
876 865 964 891 exitus
978 873 1020 890 rc-

230 901 355 934 periatur.
395 900 572 932 Quamobrem
588 910 682 937 magna
697 910 739 927 me
752 909 814 936 spes
833 906 915 932 tenet,
936 902 958 928 si
978 910 1016 931 ca.

228 945 296 972 quae
311 942 374 963 sunt
388 938 414 963 in
429 946 536 968 caussa,
556 938 688 973 explicare
707 943 786 974 atque
804 940 892 965 omnia
906 938 1019 965 dicendo

228 974 355 1009 consequi
385 979 506 1009 potuero,
536 975 606 1001 bunc
631 975 716 1002 locum
739 984 951 1011 consessumque
973 984 1019 1002 ve—

228 1016 323 1042 strum,
340 1020 419 1046 quem
435 1012 472 1038 illi
487 1012 638 1039 horribilem
650 1013 681 1039 A.
695 1013 816 1040 Cluentio
826 1022 855 1039 ac
866 1013 1019 1040 formidolo-

227 1057 288 1075 sum
306 1048 359 1075 fore
376 1054 548 1083 putaverunt,
564 1058 625 1076 eum
640 1050 746 1077 tandem
761 1051 819 1077 cius
834 1050 953 1077 fortunae
968 1051 1019 1077 mi-
1046 1078 1047 1086 ἵ

208 1084 301 1113 'serae
319 1086 489 1121 multumque
508 1088 616 1113 iactatae
635 1092 740 1122 portum
759 1096 788 1114 ac
807 1087 960 1123 perfugium
976 1087 1019 1114 fu-

228 1128 328 1150 turum.
369 1125 392 1150 8.
409 1124 524 1150 Tametsi
540 1125 669 1159 permulta
684 1130 755 1156 sunt,
771 1134 839 1160 quae
853 1126 929 1157 mibi,
946 1130 1019 1152 ante-

226 1169 307 1196 quam
322 1160 354 1187 de
367 1169 460 1187 caussa
474 1161 559 1187 dicam
570 1182 576 1193 ,
591 1162 624 1188 de
637 1163 827 1189 communibus
841 1163 958 1189 invidiae
972 1171 1019 1198 pe—

227 1197 319 1224 riculis
333 1198 445 1225 dicenda
455 1207 514 1225 esse
526 1199 674 1230 videantur,
690 1204 787 1232 tamen,
804 1209 836 1227 ne
847 1200 950 1227 diutius
960 1209 1019 1228 ora-

227 1236 297 1262 tione
312 1244 369 1262 mea
383 1244 515 1270 suspensa
533 1237 695 1271 exspectatio
714 1241 800 1264 vestra
820 1242 951 1269 teneatur,
972 1246 1019 1274 ag—

225 1272 331 1308 grcdiar
344 1272 377 1299 ad
390 1274 490 1300 crimen
504 1282 565 1300 cum
577 1274 620 1300 illa
631 1274 822 1309 deprecatione,
840 1275 951 1307 iudices,
964 1284 1016 1310 qua

226 1310 294 1336 mihi
307 1311 416 1344 saepius
430 1310 559 1337 utendum
575 1320 633 1338 esse
651 1311 785 1347 intelligo,
805 1312 845 1339 sic
864 1317 892 1339 ut
910 1321 952 1340 me
970 1321 1018 1339 au—

225 1347 317 1378 diatis,
338 1348 415 1382 quasi
434 1347 483 1374 boc
498 1352 614 1383 tempore
628 1348 692 1375 baec
705 1357 799 1376 caussa
814 1349 931 1384 primum
946 1349 1018 1376 dica-

226 1389 276 1415 tur,
293 1385 372 1411 sicuti
386 1385 497 1418 dicitur,
513 1394 565 1412 non
579 1386 657 1421 quasi
671 1394 750 1421 saepe
760 1387 813 1413 iam
823 1387 893 1414 dicta
903 1392 930 1414 et
938 1396 1019 1414 num·-

224 1430 304 1457 quam
320 1422 428 1456 probata
442 1423 485 1449 sit.
524 1422 656 1450 Hodierno
669 1424 740 1450 enim
755 1424 798 1451 die
811 1425 930 1459 primum
946 1429 1018 1452 vete-

224 1459 261 1485 ris
284 1459 363 1485 istius
386 1460 506 1486 criminis
525 1460 647 1487 diluendi
665 1465 780 1496 potestas
799 1466 839 1488 est
856 1461 929 1489 data:
958 1466 1018 1489 ante

224 1496 273 1522 boc
287 1500 393 1531 tempus
407 1505 479 1524 error
492 1497 519 1524 in
534 1497 582 1524 hac
595 1506 689 1524 caussa
703 1503 782 1534 atque
796 1498 897 1526 invidia
914 1504 1018 1527 versata
1038 1499 1040 1507 '

223 1538 272 1560 cst.
312 1533 490 1566 Quamobrem
508 1534 573 1562 dum
591 1535 738 1563 multorum
755 1544 886 1563 annorum
908 1545 1018 1564 accusa-

224 1571 288 1597 tioni
303 1570 418 1598 breviter
431 1571 604 1608 dilucideque
618 1573 779 1608 respondeo,
794 1582 904 1609 quaeso,
919 1579 950 1601 ut
963 1583 1015 1606 me,

222 1607 340 1639 iudices,
355 1609 435 1636 sicuti
450 1609 534 1636 facere
547 1610 717 1643 instituistis,
737 1611 852 1647 benigne
865 1615 1017 1648 attenteque

223 1645 345 1673 audiatis.

277 1683 320 1710 1v.
342 1684 367 1709 9.
389 1683 546 1719 Corrupisse
563 1683 662 1711 dicitur
678 1684 711 1711 Α.
726 1684 867 1712 Cluentius
885 1685 1016 1713 iudicium

224 1720 348 1755 pecunia,
368 1729 423 1755 quo
440 1721 579 1748 inimicum
598 1730 679 1748 suum
697 1722 878 1755 innocentem,
902 1722 1017 1750 Statium

222 1757 342 1789 Albium,
357 1757 553 1785 condemnaret.
587 1758 742 1791 Ostendam,
758 1759 870 1791 iudices,
886 1760 1014 1795 primum,

222 1794 349 1829 quoniam
368 1799 448 1830 caput
464 1795 539 1822 illius
559 1796 701 1823 atrocitatis
719 1801 799 1832 atque
817 1797 935 1824 invidiae
954 1797 1013 1830 fuit,

222 1832 390 1858 innocentem
414 1833 526 1867 pecunia
547 1833 774 1866 circumventum,
799 1834 932 1861 neminem
955 1843 1017 1862 um·

221 1875 304 1902 quam
315 1869 461 1896 maioribus
471 1870 640 1901 criminibus,
652 1871 821 1906 gravioribus
832 1872 946 1899 testibus
957 1880 1016 1899 esse

222 1906 249 1932 in
268 1905 399 1933 iudicium
419 1911 555 1934 vocatum:
580 1907 676 1934 deinde
694 1916 723 1935 ea
745 1908 778 1935 de
799 1916 830 1935 eo
852 1909 1015 1944 praeiudicia

222 1951 281 1970 esse
295 1942 361 1970 facta
375 1943 408 1970 ab
421 1944 488 1979 ipsis
502 1944 652 1976 iudicibus,
671 1954 686 1971 a
704 1945 806 1980 quibus
823 1946 1015 1974 condemnatus

222 1984 275 2012 est,
295 1984 326 2007 ut
339 1989 390 2007 non
405 1981 483 2008 modo
496 1981 529 2008 ab
543 1981 652 2013 iisdem,
675 1983 722 2009 sed
737 1991 770 2010 ne
783 1982 817 2010 ab
830 1982 890 2010 aliis
904 1984 1014 2019 quidem

222 2017 295 2049 ullis,
311 2017 413 2045 absolvi
428 2018 483 2045 ullo
497 2018 575 2046 modo
588 2024 686 2054 posset.
707 2019 797 2052 Quum
812 2020 876 2048 haec
889 2021 1012 2053 docuero,

222 2059 279 2081 tum
293 2054 362 2082 illud
375 2055 525 2087 ostendam,
545 2057 618 2091 quod
637 2057 751 2083 maxime
768 2058 868 2093 requiri
883 2059 1012 2095 intelligo,

221 2092 352 2119 iudicium
367 2091 435 2119 illud
448 2093 561 2128 pecunia
574 2102 633 2120 esse
647 2098 775 2121 tentatum
790 2103 842 2122 non
856 2104 869 2122 a
882 2095 1013 2128 Cluentio,

221 2129 268 2156 sed
281 2134 370 2156 contra
384 2129 551 2158 Cluentium:
572 2130 734 2167 faciamque,
755 2136 785 2159 ut
797 2132 967 2169 intelligatis,
987 2134 1015 2160 in

222 2171 274 2193 tota
288 2166 333 2193 illa
347 2175 440 2194 caussa
454 2167 520 2202 quid
534 2176 575 2195 res
589 2169 646 2203 ipsa
660 2169 759 2201 tulerit,
775 2169 842 2205 quid
855 2178 928 2197 error
937 2170 1016 2198 affin-

221 2204 298 2234 xerit.
313 2204 380 2239 quid
393 2205 494 2232 invidia
507 2204 635 2232 conflarit.

278 2243 319 2268 ⁴0.
334 2242 454 2269 Primum
467 2243 550 2278 igitur
563 2243 632 2270 illud
645 2247 694 2274 est,
710 2251 744 2270 ex
756 2252 810 2279 quo
823 2243 939 2281 intelligi
952 2253 1015 2280 pos-

221 2279 268 2310 sit,
291 2277 417 2306 debuisse
431 2279 584 2307 Cluentium
603 2289 700 2317 magno
717 2289 796 2316 opere
808 2290 919 2308 caussae
931 2282 1012 2309 confi-

221 2315 296 2347 dere,
318 2316 390 2351 quod
407 2318 564 2344 certissimis
582 2318 741 2345 criminibus
759 2323 785 2345 et
802 2319 916 2346 testibus
930 2319 1014 2346 fretus

221 2352 253 2379 ad
264 2353 444 2380 accusandum
455 2354 630 2381 descenderit.
645 2355 699 2382 Hoc
709 2355 766 2383 loco
774 2355 925 2383 faciendum
935 2356 1011 2389 mihi,

221 2390 333 2422 iudices,
349 2395 397 2422 est,
414 2396 444 2418 ut
457 2391 533 2418 vobis
547 2392 662 2419 breviter
675 2392 734 2425 illa,
749 2393 850 2428 quibus
863 2393 960 2421 Albius
973 2399 1014 2421 est

220 2427 424 2460 condemnatus,
444 2430 555 2456 crimina
573 2438 714 2465 exponam.
753 2430 809 2457 Abs
827 2435 852 2458 te
865 2435 939 2466 peto,
959 2430 1015 2467 Op-

222 2465 337 2498 pianice,
365 2470 395 2492 ut
412 2474 455 2493 me
472 2467 587 2493 invitum
606 2467 639 2494 de
657 2467 739 2502 patris
758 2468 797 2494 tui
814 2476 909 2495 caussa
925 2469 1014 2496 dicere

221 2501 371 2533 existimes,
397 2503 542 2530 adductum
565 2503 616 2530 fide
634 2509 714 2539 atque
731 2504 819 2532 officio
837 2505 1011 2532 defensionis.

221 2537 326 2564 Etenim
344 2539 393 2565 tibi
410 2541 433 2566 si
450 2541 478 2566 in
496 2542 643 2575 praesentia
662 2541 813 2568 satisfacere
827 2551 878 2569 non
893 2547 1011 2577 potuero,

222 2579 309 2600 tamen
327 2575 426 2602 multae
444 2578 509 2604 mihi
528 2578 561 2604 ad
579 2578 797 2605 satisfaciendum
819 2578 924 2615 reliquo
946 2585 1014 2607 tem-

222 2619 284 2645 pore
302 2611 438 2639 facultates
456 2614 603 2642 dabuntur:
631 2615 753 2642 Cluentio
775 2617 827 2642 nisi
845 2625 917 2643 nunc
934 2618 1013 2644 satis-

223 2647 319 2679 fecero,
344 2654 433 2684 postea
457 2651 523 2677 mihi
545 2651 725 2679 satisfaciendi
748 2657 863 2688 potestas
882 2662 934 2680 non
952 2654 1010 2681 erit.

222 2684 308 2712 Simul
327 2691 352 2713 et
369 2686 437 2713 illud
454 2689 515 2723 quis
534 2693 574 2715 est
590 2690 638 2724 qui
655 2689 777 2717 dubitare
794 2689 901 2722 debeat,
923 2696 1012 2718 contra

1073 456 1111 480 Η.
1134 455 1228 490 Atque,
1245 460 1274 482 ut
1288 456 1450 491 intelligatis,
1467 456 1618 483 Cluentium
1634 466 1685 484 non
1699 458 1860 484 accusatorio

1070 492 1171 522 animo,
1195 501 1245 519 non
1259 493 1432 519 ostentatione
1445 493 1533 528 aliqua
1547 499 1592 520 aut
1605 494 1688 529 gloria
1703 494 1858 525 adductum,

1070 529 1116 555 sed
1136 529 1243 556 nefariis
1262 530 1380 560 iniuriis,
1401 531 1562 565 quotidianis
1582 531 1700 561 insidiis,
1727 532 1860 566 proposito

1070 571 1130 593 ante
1143 566 1233 593 oculos
1249 568 1316 593 vitae
1331 567 1460 602 periculo,
1486 576 1580 594 nomen
1594 569 1733 603 Oppianici
1747 568 1860 595 detulis-

1070 612 1107 634 se,
1125 604 1215 638 paullo
1230 603 1335 639 longius
1349 605 1486 631 exordium
1502 606 1538 631 rei
1552 605 1771 632 demonstrandae
1785 614 1861 641 repe-

1071 645 1136 667 tam:
1165 641 1237 676 quod
1254 650 1366 676 quaeso,
1395 642 1510 673 iudices,
1535 651 1567 669 ne
1585 642 1694 669 moleste
1712 643 1858 678 patiamini.

1071 678 1211 713 Principiis
1230 680 1300 706 enim
1318 680 1431 715 cognitis
1449 679 1533 706 multo
1551 679 1656 706 facilius
1678 685 1795 707 extrema
1819 680 1861 707 in-

1071 715 1204 749 telligetis.

1126 753 1156 779 V.
1178 754 1208 780 A.
1225 753 1363 780 Cluentius
1377 754 1471 780 Avitus
1486 753 1548 784 fuit,
1566 758 1638 790 pater
1651 754 1772 785 huiusce,
1788 754 1860 782 iudi-

1069 798 1126 821 ces,
1152 790 1230 817 homo
1250 799 1300 817 non
1319 790 1406 817 solum
1427 792 1566 826 municipii
1586 792 1727 822 Larinatis,
1751 800 1784 818 ex
1805 800 1859 828 quo

1070 832 1138 858 erat,
1158 827 1204 854 sed
1219 829 1296 854 etiam
1312 829 1427 863 regionis
1441 829 1515 855 illius
1529 833 1553 855 et
1572 829 1727 859 vicinitatis,
1751 829 1856 860 virtute,

1070 865 1278 896 existimatione,
1303 865 1438 892 nobilitate
1461 865 1536 892 facile
1558 867 1691 901 princeps.
1732 867 1755 892 ls
1773 875 1858 902 quum

1046 897 1048 916 ¹*
1071 906 1140 929 esset
1154 907 1274 929 mortuus
1287 902 1360 929 Sulla
1379 908 1405 929 et
1417 903 1542 938 Pompeio
1559 902 1730 933 consulibus,
1751 903 1798 930 reli
1821 904 1860 930 uit

1071 939 1156 971 hunc,
1176 948 1259 966 annos
1272 948 1308 966 xv
1323 945 1428 971 natum,
1450 940 1576 976 grandem
1595 945 1682 967 autem
1700 945 1725 967 et
1739 940 1803 967 nubi
1817 949 1859 967 em

1071 976 1166 1004 filiam:
1194 985 1262 1012 quae
1281 977 1354 1004 brevi
1373 982 1490 1013 tempore
1510 982 1569 1013 post
1586 978 1668 1013 patris
1682 982 1793 1004 mortem
1809 986 1860 1004 nu-

1071 1015 1124 1050 psit
1137 1015 1168 1041 A.
1183 1015 1265 1041 Aurio
1279 1014 1388 1045 Melino,
1404 1015 1562 1042 consobrino
1575 1023 1637 1045 suo,
1658 1014 1817 1042 adolescenti
1832 1015 1858 1042 in

1070 1052 1177 1087 primis,
1198 1056 1227 1078 ut
1245 1057 1301 1078 tum
1322 1052 1481 1082 habebatur,
1501 1053 1569 1079 inter
1586 1061 1650 1079 suos
1667 1057 1693 1079 et
1711 1052 1821 1079 honesto
1834 1057 1860 1078 et

1070 1089 1162 1116 nobili.
1205 1090 1244 1115 ⁴2.
1265 1089 1354 1121 Quum
1372 1094 1462 1116 essent
1480 1089 1528 1116 hae
1542 1090 1650 1124 nuptiae
1664 1088 1757 1124 plenae
1770 1089 1860 1125 digni-

1070 1126 1144 1158 tatis,
1165 1125 1258 1162 plenae
1275 1126 1443 1158 concordiae,
1463 1131 1570 1162 repente
1583 1131 1623 1153 est
1635 1131 1724 1154 exorta
1738 1126 1859 1153 mulieris

1069 1165 1235 1198 importunae
1249 1163 1346 1190 nefaria
1361 1163 1457 1195 libido,
1477 1172 1528 1191 non
1546 1163 1635 1191 solum
1653 1163 1793 1195 dedecore,
1814 1172 1861 1190 ve-

1069 1210 1129 1228 rum
1152 1202 1229 1228 etiam
1252 1201 1351 1228 scelere
1373 1202 1522 1228 coniuncta.
1561 1201 1627 1228 Nam
1647 1201 1749 1232 Sassia,
1777 1206 1860 1228 mater

1071 1239 1152 1265 huius
1162 1238 1242 1270 Ανίιί,
1258 1239 1351 1273 (mater
1361 1239 1432 1265 enim
1446 1247 1460 1265 a
1475 1247 1526 1269 me,
1543 1239 1658 1265 nominis
1671 1247 1776 1269 caussa,
1792 1243 1860 1265 tam-

1069 1276 1119 1302 etsi
1132 1276 1160 1302 in
1174 1275 1245 1302 hunc
1259 1276 1348 1302 hostili
1362 1276 1423 1303 odio
1436 1281 1461 1303 et
1473 1275 1629 1303 crudelitate
1642 1280 1694 1307 est,
1711 1280 1802 1307 mater,
1818 1276 1861 1303 in-

1069 1321 1163 1348 quam,
1183 1313 1374 1348 appellabitur:
1400 1321 1487 1348 neque
1504 1321 1633 1349 umquam
1651 1312 1696 1340 illa
1715 1314 1750 1340 ita
1764 1313 1797 1340 de
1809 1321 1860 1340 suo

1069 1350 1167 1377 scelere
1179 1355 1205 1377 et
1219 1351 1382 1377 immanitate
1396 1351 1494 1382 audiet,
1510 1355 1540 1377 ut
1554 1355 1661 1377 naturae
1675 1358 1770 1377 nomen
1781 1351 1860 1377 amit-

1069 1392 1115 1414 tat.
1155 1387 1213 1420 Quo
1226 1388 1297 1414 enim
1311 1392 1352 1414 est
1364 1388 1454 1423 ipsum
1469 1396 1564 1415 nomen
1574 1388 1706 1414 amantius
1716 1387 1861 1424 indulgen-

1069 1425 1177 1460 tiusque
1195 1429 1358 1456 maternum,
1384 1425 1433 1452 hoc
1450 1425 1525 1452 illius
1543 1426 1650 1455 matris.
1674 1433 1743 1461 quae
1760 1425 1860 1452 multos

1068 1463 1122 1489 iam
1136 1471 1219 1489 annos
1233 1467 1259 1489 et
1272 1471 1343 1489 nunc
1356 1471 1441 1498 quum
1456 1463 1572 1490 maxime
1590 1462 1676 1489 fllium
1690 1462 1859 1490 interfectum

1069 1500 1155 1535 cupit,
1172 1499 1308 1536 singulare
1322 1500 1410 1527 scelus
1424 1500 1523 1527 maiore
1535 1500 1596 1527 odio
1609 1500 1722 1535 dignum
1735 1508 1795 1527 esse
1808 1499 1861 1526 du-

1068 1537 1239 1573 cetis.)-—Ea
1250 1537 1332 1573 igitur
1343 1537 1512 1569 materAviti‚
1521 1536 1612 1564 Melini
1622 1538 1696 1564 illius
1707 1537 1860 1564 adolescen-

1068 1575 1116 1606 tis,
1136 1575 1227 1610 generi
1240 1575 1296 1606 sui,
1316 1579 1418 1605 contra,
1434 1583 1516 1610 quam
1531 1574 1570 1601 fas
1584 1579 1651 1606 erat,
1672 1583 1760 1603 amore
1773 1579 1857 1610 capta,

1068 1612 1162 1647 primo,
1178 1619 1265 1647 neque
1278 1611 1306 1638 id
1319 1611 1409 1647 ipsum
1423 1611 1479 1643 diu,
1495 1620 1603 1647 quoquo
1617 1611 1695 1639 modo
1708 1616 1817 1647 poterat,
1831 1612 1860 1638 in

1069 1648 1115 1675 illa
1129 1648 1274 1684 cupiditate
1286 1649 1484 1681 continebatur3
1499 1648 1595 1675 deinde
1609 1649 1644 1676 ita
1655 1648 1764 1685 flagrare
1773 1649 1860 1684 coepit

1068 1687 1195 1718 amentia,
1220 1686 1260 1712 sic
1277 1685 1438 1712 inflammata
1456 1685 1517 1713 ferri
1536 1685 1660 1718 libidine,
1684 1691 1713 1713 ut
1730 1694 1788 1712 eam
1807 1694 1860 1713 non

1068 1723 1167 1758 pudor,
1187 1731 1240 1750 non
1253 1723 1395 1758 pudicitia,
1418 1732 1470 1750 non
1484 1723 1582 1758 pietas,
1597 1732 1649 1750 non
1663 1723 1766 1750 macula
1781 1722 1860 1750 fami-

1069 1760 1132 1791 liae,
1153 1769 1204 1787 non
1218 1760 1357 1787 bominum
1373 1760 1454 1792 fama,
1475 1769 1527 1787 non
1546 1760 1593 1787 filii
1611 1760 1699 1791 dolor,
1720 1769 1772 1788 non
1789 1760 1860 1787 filiae
1899 1767 1901 1769 ·

1068 1806 1170 1824 maeror
1187 1806 1201 1824 a
1218 1797 1364 1833 cupiditate
1382 1802 1524 1825 revocaret.
1566 1799 1604 1825 ⁴3.
1625 1798 1753 1824 Animum
1770 1797 1860 1825 adole-

1067 1835 1175 1866 scentis,
1191 1835 1309 1862 nondum
1320 1835 1432 1862 consilio
1441 1843 1470 1862 ac
1480 1835 1580 1862 ratione
1592 1835 1734 1866 firmatum,
1749 1834 1861 1870 pellexit

1066 1873 1101 1899 iis
1115 1872 1241 1899 omnibus
1255 1872 1348 1904 rebus,
1371 1872 1471 1908 quibus
1489 1872 1534 1899 illa
1553 1877 1624 1899 aetas
1636 1873 1695 1907 capi
1709 1880 1739 1899 ac
1751 1871 1860 1899 deliniri

1066 1914 1162 1945 potest.
1202 1909 1282 1940 Filia,
1302 1917 1371 1945 quae
1388 1918 1441 1936 non
1458 1909 1547 1937 solum
1559 1909 1607 1937 illo
1619 1909 1756 1937 communi
1769 1908 1860 1936 dolore

1067 1946 1193 1974 muliebri
1206 1946 1233 1973 in
1247 1947 1379 1974 eiusmodi
1393 1947 1443 1974 viri
1457 1947 1565 1974 iniuriis
1578 1952 1731 1983 angeretur.
1750 1945 1798 1973 sed
1812 1954 1860 1973 ne-

1067 1984 1163 2010 farium
1178 1985 1269 2010 matris
1282 1984 1437 2020 pellicatum
1450 1984 1519 2011 ferre
1532 1993 1584 2011 non
1597 1988 1696 2020 posset,
1711 1983 1744 2011 de
1757 1991 1812 2020 quo
1825 1991 1860 2010 ne

1067 2021 1142 2057 queri
1156 2021 1266 2057 quidem
1281 2022 1339 2048 sine
1352 2021 1451 2049 scelere
1463 2030 1493 2049 se
1506 2030 1584 2057 posse
1595 2021 1774 2053 arbitraretur,
1788 2025 1860 2048 cete-

1066 2067 1109 2086 ros
1127 2059 1170 2085 sui
1189 2059 1253 2085 tanti
1271 2058 1334 2085 mali
1351 2059 1458 2095 ignaros
1480 2067 1539 2086 esse
1560 2058 1699 2094 cupiebat:
1725 2059 1754 2085 in
1776 2057 1859 2085 huius

1067 2096 1243 2122 amantissimi
1265 2097 1308 2122 sui
1330 2095 1418 2123 fratris
1435 2096 1560 2123 manibus
1579 2101 1604 2123 et
1620 2096 1722 2133 gremio
1741 2103 1859 2122 maerore

1066 2138 1092 2160 et
1106 2133 1222 2160 lacrimis
1235 2133 1451 2160 consenescebat.
1493 2134 1533 2160 tt.
1553 2133 1621 2160 Ecce
1634 2137 1723 2160 autem
1736 2132 1858 2159 subitum

1065 2170 1226 2204 divortium3
1245 2170 1318 2206 quod
1331 2170 1456 2198 solatium
1469 2170 1601 2198 malorum
1614 2170 1736 2198 omnium
1749 2169 1804 2197 tore
1817 2169 1859 2196 vi-

1065 2207 1188 2235 debatur.
1227 2207 1345 2235 Discedit
1357 2216 1370 2234 a
1384 2207 1483 2235 Melino
1496 2207 1618 2235 Cluentia
1630 2212 1661 2234 ut
1672 2208 1701 2234 in
1719 2207 1799 2234 tantis
1816 2206 1859 2234 in-

1065 2246 1143 2272 iuriis
1157 2254 1210 2272 non
1223 2245 1315 2277 invita,
1331 2249 1362 2272 ut
1374 2253 1388 2272 a
1402 2245 1468 2277 viro,
1484 2253 1537 2272 non
1551 2244 1673 2272 libenter.
1713 2244 1781 2271 Tum
1795 2251 1858 2271 vero

1065 2282 1112 2309 illa
1125 2282 1231 2320 egregia
1245 2291 1274 2309 ac
1287 2281 1421 2318 praeclara
1434 2286 1518 2309 mater
1529 2281 1618 2318 palam
1631 2280 1766 2309 exsultare
1783 2280 1859 2308 laeti-

1065 2320 1101 2346 tia
1119 2329 1149 2347 ac
1167 2319 1332 2355 triumphare
1349 2319 1448 2356 gaudio
1464 2320 1564 2355 coepit,
1587 2319 1685 2346 victrix
1702 2318 1785 2350 filiae,
1805 2326 1857 2345 non
1890 2335 1891 2339 .

1065 2357 1198 2384 libidinis.
1219 2358 1310 2392 Itaque
1324 2356 1427 2384 diutius
1439 2355 1642 2392 suspicionibus
1656 2355 1778 2383 obscuris
1789 2354 1858 2382 laedi

1064 2394 1162 2421 famam
1180 2403 1258 2421 suam
1276 2393 1375 2421 noluit:
1400 2393 1498 2420 lectum
1513 2393 1592 2420 illum
1609 2392 1755 2430 genialem,
1774 2400 1857 2428 quem

1064 2431 1173 2459 biennio
1191 2436 1252 2458 ante
1269 2431 1339 2458 filiae
1351 2439 1416 2458 suae
1429 2431 1541 2458 nubenti
1558 2434 1699 2462 straverat,
1718 2431 1746 2457 in
1764 2429 1856 2456 eadem

1064 2469 1144 2496 domo
1160 2469 1214 2496 sibi
1231 2469 1318 2495 ornari
1336 2472 1363 2495 et
1379 2468 1475 2500 sterni,
1494 2467 1608 2503 expulsa
1625 2472 1705 2503 atque
1718 2466 1857 2494 exturbata
1884 2495 1885 2498 Ἴ
1916 2470 1918 2475 ’

1268 2505 1351 2532 Nubit
1363 2513 1461 2542 genero
1473 2513 1575 2536 socrus,
1592 2504 1674 2532 nullis
1687 2503 1854 2539 auspicibus,
1885 2527 1890 2542 ι.
1914 2507 1917 2518 ⁵

1064 2542 1148 2570 nullis
1161 2542 1329 2574 auctoribus,
1345 2541 1459 2569 funestis
1472 2542 1610 2569 ominibus
1622 2541 1743 2569 omnium
1759 2539 1856 2578 [omni-
1897 2548 1913 2567 ,·

1064 2505 1128 2538 filia,
1143 2506 1228 2533 iubet.

1063 2579 1138 2617 bus].
1171 2581 1214 2607 VI.
1230 2581 1271 2607 ⁴5.
1286 2579 1308 2607 O
1321 2579 1443 2606 mulieris
1456 2579 1546 2606 scelus
1559 2577 1717 2606 incredibile
1730 2582 1764 2609 et,
1779 2585 1856 2613 prae-

1064 2622 1103 2644 ter
1116 2618 1185 2644 hanc
1197 2626 1289 2648 unam,
1305 2617 1332 2644 in
1345 2617 1418 2644 omni
1432 2616 1486 2643 vita
1499 2616 1665 2643 inauditum!
1685 2624 1700 2642 o
1715 2615 1855 2642 libidinem

1064 2654 1214 2681 effrenatam
1236 2659 1262 2681 et
1282 2653 1452 2681 indomitam!
1479 2662 1495 2680 o
1516 2653 1654 2680 audaciam
1676 2651 1853 2688 singularem!
1894 2647 1910 2660 ·’
1928 2647 1929 2650 ’

1064 2700 1116 2718 non
1135 2692 1271 2723 timuisse,
1298 2692 1322 2718 si
1341 2691 1432 2717 minus
1449 2691 1504 2718 vim
1527 2690 1637 2717 deorum
1661 2689 1854 2724 hominumque
