1941 3052
797 124 838 148 m.

222 127 272 152 622

223 195 390 230 redegerunt.
431 194 472 220 VI.
496 194 534 219 11.
558 193 593 219 Λα
615 192 758 218 maioribus
779 191 887 226 quidem
911 192 1014 222 vestris,

221 233 347 266 Quirites,
360 240 420 257 911111
433 239 463 256 90
475 230 548 256 bosio
560 238 600 255 rea
612 234 674 259 erat,
691 230 737 263 (1111
750 229 857 255 bubcrct
869 228 1016 263 rcmpubli·
1037 250 1039 263 s

221 279 289 300 cam,
302 269 401 295 curiam
411 289 416 298 ,
434 267 563 293 aerarium
573 287 578 296 .
591 275 751 292 consensum
763 271 788 292 91
799 265 965 292 concordiam
977 266 1016 292 ci-

223 308 311 336 vium.
335 306 459 332 rationem
476 304 605 338 aliquam.
627 303 650 329 si
667 304 700 329 ita
713 312 754 329 rcs
766 303 883 333 tulisset,
906 303 978 337 pacis
990 307 1016 329 et
1036 311 1037 319 ¹

225 343 350 371 foedaris:
375 342 417 368 bic
435 345 520 367 vester
536 341 619 366 bostis
636 344 749 366 vestram
763 339 955 375 rempublicam
966 348 1015 374 op-

222 385 334 416 pugnat,
356 380 413 413 ipse
433 378 511 404 babet
532 377 647 403 nullam:
674 382 810 407 senatum,
832 377 858 403 id
879 381 919 403 est
940 377 1014 403 orbis

222 422 304 444 teri-uu
318 415 474 445 consilium,
491 414 579 440 delere
589 415 682 449 gestit.
701 415 758 449 ipse
769 414 911 440 consilium
924 414 1014 449 publi-

221 463 281 481 cum
295 453 399 480 nullum
412 452 503 478 habet:
517 452 646 478 aerarium
659 456 777 478 vestrum
788 451 920 482 exhausit.
932 460 1013 478 suurn

221 501 272 518 11011
286 491 371 516 babet.
389 490 453 515 Nam
465 489 632 515 concordiam
644 489 743 515 civium
755 490 801 524 qui
814 489 1011 524 haberepotest,
1035 508 1037 518 Α

221 528 321 555 nullam
332 535 417 562 quum
431 526 525 553 habeat
535 526 689 553 civitatem?
700 526 771 561 pacis
784 535 845 552 vero
853 535 922 561 quae
929 531 1014 561 potest

220 574 278 592 esse
293 573 353 591 cum
370 572 401 590 eo
416 564 493 594 ratio.
517 564 544 590 in
558 572 611 598 quo
626 568 666 590 est
682 563 845 590 incredibilis
858 563 1010 594 crudelitas.

221 602 286 628 tides
298 601 390 628 nulla?
411 602 451 627 ⁴5.
468 601 516 627 Est
527 601 622 637 igitur,
635 600 760 633 Quirites.
775 600 874 636 populo
885 601 1011 632 Romano,

221 639 311 666 victori
323 639 443 665 omnium
454 638 584 673 gentium,
597 647 675 665 omne
685 643 816 665 certamen
831 647 892 665 cum
905 647 1013 673 percus-

220 685 291 707 sore,
304 684 366 702 cum
379 675 491 707 13110119,
507 684 568 702 911111
580 676 714 711 Spartaco.
755 676 834 707 Nam,
851 675 923 711 quod
935 684 964 702 se
975 677 1013 702 si-

220 713 310 740 milem
323 722 381 740 esso
393 712 521 740 Catilinae
531 713 637 746 gloriari
649 713 729 740 solet:
742 713 841 740 scelere
853 722 900 748 par
910 718 950 740 est
961 713 1010 745 1111,

220 751 351 778 industria
362 750 480 778 inferior.
520 750 580 782 1119,
592 759 677 787 (11111111
689 751 835 778 exercitum
847 750 953 778 nullum
965 751 1013 778 ha-

875 122 908 148 M.
943 122 972 148 T.
1008 120 1281 148 CICERONIS

1068 191 1154 221 beret.
1172 195 1278 225 repente
1293 190 1431 218 conflavit:
1454 192 1496 219 hic
1511 201 1572 220 eum
1593 193 1683 228 ipsum
1698 194 1855 226 exercitum,

1066 237 1147 262 quem
1160 227 1281 258 babebat.
1295 229 1392 255 amisit.
1433 228 1465 256 Ut
1476 230 1557 264 igitur
1568 230 1707 257 Catilinam
1719 231 1857 266 diligentia

1068 274 1138 295 mea.
1156 270 1265 291 senatus
1275 266 1442 296 auctoritate.
1466 272 1552 294 vestro
1561 268 1650 294 studio
1660 274 1686 295 ct
1697 269 1794 295 virtute
1805 268 1858 295 Iro-

1066 302 1158 337 gistis:
1180 303 1219 329 sic
1234 303 1340 329 Antonii
1358 302 1488 330 nefarium
1505 304 1671 332 latrocinium
1693 311 1778 332 vestra
1794 314 1857 333 cum

1066 344 1158 366 senatu
1169 339 1307 366 concordia
1320 344 1402 370 tanta.
1424 346 1522 375 (11131113
1534 350 1679 378 numquam
1693 342 1755 373 Iuit,
1772 342 1858 370 felici-

1066 381 1117 403 tato
1128 381 1153 403 et
1165 378 1260 403 virtute
1271 378 1436 404 exercituum
1448 377 1602 414 ducumque
1618 385 1766 406 vestrorum
1782 380 1857 408 brevi

1066 419 1182 448 tempore
1197 423 1355 449 oppressum
1375 414 1499 442 audictis.
1541 418 1580 442 16.
1603 416 1749 452 Equidem,
1770 426 1858 452 quan-

1066 456 1122 478 tum
1138 460 1214 483 cura,
1233 451 1332 482 labore,
1351 452 1467 487 vigiliis,
1485 454 1652 484 auctoritate.
1669 454 1781 481 coneilio
1791 455 1856 481 eniti

1065 493 1144 523 atque
1154 488 1258 515 efficere
1269 493 1370 523 potero.
1385 489 1452 516 nibil
1464 491 1684 525 praetermittam.
1697 492 1769 527 quod
1780 492 1812 518 ad
1825 491 1857 519 li-

1066 526 1192 552 bertatem
1210 531 1323 552 vestram
1340 527 1470 561 pertinere
1485 528 1641 554 arbitrabor.
1682 528 1774 564 Neque
1785 530 1856 556 enirn

1066 563 1091 589 id
1104 572 1150 598 pro
1161 564 1256 590 vestris
1268 564 1444 598 amplissimis
1455 565 1482 591 in
1493 573 1535 591 1119
1547 565 1683 592 beneficiis
1694 566 1857 593 sinescelere

1066 600 1149 627 facere
1165 610 1284 635 possum.
1325 601 1456 628 Hodierno
1470 607 1558 629 autem
1574 602 1617 628 die
1636 603 1766 637 primum.
1789 602 1857 630 rere-

1065 643 1137 664 rente
1158 638 1215 665 viro
1235 638 1380 665 fortissimo
1402 638 1532 674 vobisque
1551 640 1728 671 amicissimo.
1751 640 1786 666 M.
1808 640 1858 667 hoc

1065 675 1191 707 Servilio,
1204 675 1369 711 collegisque
1380 676 1451 707 eius,
1465 677 1644 703 ornatissimis
1656 678 1734 708 viria,
1747 678 1856 712 optimis

1064 713 1183 743 civibus.
1202 713 1280 748 longo
1296 713 1447 743 intervallo.
1466 722 1507 741 me
1518 719 1623 741 auctore
1633 718 1659 741 et
1667 715 1802 750 principe,
1822 714 1856 741 ad

1063 758 1139 786 spem
1155 750 1284 778 libertatis
1295 751 1455 778 exarsimus.

928 850 1148 863 -ψ-

1013 1015 1055 1040 61.

756 1079 790 1107 Μ.
821 1078 989 1108 TULLII
1021 1076 1316 1110 CICERONIS

1012 1154 1058 1175 IN

686 1214 1304 1265 ANTONI

507 1214 564 1263 M.

1390 1215 1562 1265 UM

687 1307 1086 1346 PHILIPPICA
1126 1308 1382 1353 QUINTA.

269 1464 347 1485 ΑΒΘ.
362 1463 440 1485 Cicero
455 1463 495 1486 hac
509 1464 620 1490 oratione,
636 1472 699 1493 qnam
715 1465 793 1486 hahuit
808 1472 828 1486 a.
841 1466 862 1486 11.
877 1465 940 1487 XIII.
956 1465 1007 1486 Kal.

215 1499 268 1523 Ian..
280 1499 354 1520 nullus
364 1498 448 1524 legatos
459 1500 485 1520 1111
497 1500 628 1525 Antonium,
640 1501 679 1528 qui
688 1501 794 1522 Mutinam
806 1508 830 1522 eo
842 1505 939 1528 tempore
949 1500 1008 1521 011111-

214 1534 290 1559 debat„
302 1535 422 1555 mittendu-
433 1542 482 1555 esse
492 1535 555 1556 (lueet
566 1538 587 1556 et
598 1539 647 1556 acta
656 1536 749 1556 Antonii
760 1536 916 1561 rescindenda,
933 1535 1008 1556 defen-

215 1569 303 1590 soribus
317 1574 388 1590 autem
399 1569 536 1597 reipublicae
546 1570 644 1597 praemia
653 1571 789 1592 decernenda
800 1572 884 1592 suadet.
913 1571 1009 1592 Senarus

214 1610 239 1624 90
250 1604 286 1624 «lie
295 1604 353 1624 nihil
362 1605 471 1629 ‹lec-revit,
487 1605 525 1625 sed
540 1605 613 1626 triduo
624 1609 674 1632 post
684 1605 804 1627 mittendos
814 1606 902 1627 omuino
913 1606 1008 1631 censuit,

214 1639 252 1666 qui
262 1639 359 1660 Antonio
370 1639 506 1665 nuntiarent,
517 1647 544 1661 ne
553 1640 664 1661 consulem
675 1640 812 1665 designatum
824 1646 970 1668 oppugnaret.
982 1648 1009 1662 ne

213 1674 348 1701 provinciam
359 1674 540 1702 depopularetur,
557 1682 584 1695 ne
592 1675 691 1696 delectus
702 1675 803 1701 haberet,
815 1680 874 1697 esset
883 1676 907 1696 in
917 1680 1008 1697 senatus

214 1709 334 1736 populique
343 1709 436 1730 Romani
446 1712 564 1737 potestate.

269 1763 289 1789 1.
304 1764 326 1788 I.
338 1757 417 1789 Nihil
430 1771 558 1798 umquam
571 1762 676 1799 longius
687 1763 863 1791 hisKalendis
874 1764 928 1790 Ian.
940 1763 1007 1790 mibi

215 1800 303 1825 visum
314 1804 367 1830 est,
385 1804 472 1834 patres
483 1801 639 1835 conscripti:
660 1801 731 1836 quod
743 1801 814 1828 idem
826 1801 1006 1837 intelligebam

215 1845 261 1871 per
275 1837 323 1863 1105
338 1836 395 1863 (1195
411 1837 458 1863 11111
473 1838 572 1872 9111(1119
587 1843 708 1865 vestrum
729 1839 823 1865 videri.
864 1838 915 1871 Qui
934 1839 1006 1865 enim

213 1873 315 1900 bellum
329 1882 391 1900 cum
406 1874 542 1909 republica
552 1879 662 1911 gerunt,
684 1875 755 1902 hunc
765 1876 837 1902 diem
848 1884 899 1902 non
911 1884 1007 1911 exspe-

213 1911 326 1937 ctabant.
367 1911 420 1937 Nos
431 1916 519 1938 autem
534 1917 599 1938 tum.
613 1921 698 1947 quum
710 1914 826 1940 maxime
837 1913 948 1940 consilio
959 1921 1007 1939 no-

212 1952 266 1974 stro
283 1948 428 1975 subvenire
442 1950 578 1975 communi
589 1950 669 1976 saluti
680 1955 823 1985 oporteret,
841 1951 868 1977 in
883 1955 1005 1977 senatum

213 1994 264 2012 non
276 1986 445 2012 vocabamur.
477 1986 530 2012 Sed
541 1986 677 2021 querelam
689 1989 889 2022 praeteritorum
900 1988 1005 2014 dierum

212 2022 322 2049 sustulit
333 2024 415 2049 oratio
424 2023 581 2050 consulum:
599 2025 645 2059 qui
658 2025 692 2051 ita
705 2025 784 2051 locuti
795 2030 866 2055 sunt,
880 2030 909 2051 ιιι
920 2026 1006 2061 magis

212 2064 349 2095 exoptatae
365 2060 498 2087 Kalendae
513 2062 578 2093 Ian..
595 2070 676 2096 quam
692 2070 765 2088 serae
780 2071 839 2089 esse
854 2063 1003 2089 videantur.

211 2097 298 2132 Atque
310 2103 339 2124 ut
348 2098 430 2124 oratio
439 2098 579 2125 consulum
591 2100 711 2126 animum
722 2109 811 2126 meum
821 2101 905 2127 erexit
914 2109 1006 2135 spem-

212 2143 265 2170 que
285 2135 374 2161 attulit
395 2144 446 2162 non
466 2135 545 2163 modo
562 2136 656 2163 salutis
676 2137 886 2169 conservandae,
911 2146 1004 2164 verum

211 2172 291 2198 etiam
307 2172 444 2208 dignitatis
459 2173 585 2207 pristinae
600 2175 807 2209 recuperandae:
833 2175 871 2201 sic
887 2184 929 2201 me
945 2183 1006 2210 per-

212 2209 345 2236 turbasset
355 2210 412 2236 eius
424 2211 566 2242 sententia.
588 2212 636 2246 qui
647 2212 750 2246 primus
761 2217 869 2248 rogatus
879 2217 930 2243 est,
953 2212 1005 2238 nisi

211 2251 314 2273 vestrae
334 2247 426 2273 virtuti
453 2249 669 2283 constantiaeque
693 2250 862 2276 confiderem.
906 2251 930 2277 2.
956 2250 1005 2276 Hic

211 2284 284 2310 9111111
295 2284 380 2315 vobis,
389 2289 475 2320 patres
486 2287 638 2320 conscripti,
647 2286 809 2318 diesilluxit,
818 2287 882 2313 haec
888 2292 1004 2322 potestas

211 2320 271 2347 data
282 2326 335 2352 est,
353 2327 395 2353 ut,
412 2327 544 2357 quantum
556 2324 675 2355 virtutis,
688 2329 819 2359 quantum
830 2325 1001 2355 constantiae,

211 2363 341 2392 quantum
352 2360 489 2394 gravitatis
500 2361 527 2387 in
540 2361 621 2387 huius
631 2361 732 2388 ordinis
743 2362 855 2389 consilio
866 2366 944 2393 esset,
957 2370 1005 2396 po-

212 2395 275 2429 pulo
290 2396 407 2423 Romano
421 2396 554 2424 declarare
572 2399 696 2433 possetis.
735 2399 934 2430 Recordamini,
955 2400 1003 2434 qui

211 2431 267 2458 dies
279 2433 597 2462 nudiustertiusdecimus
609 2435 701 2467 suerit,
723 2441 840 2471 quantus
855 2445 1003 2463 consensus

212 2474 344 2501 vestrum,
357 2476 455 2505 quanta
466 2473 564 2504 virtus,
584 2477 683 2508 quanta
694 2474 853 2500 constantia:
876 2478 1003 2508 quantam

213 2505 272 2531 sitis
293 2515 306 2531 a
326 2508 424 2541 populo
443 2510 561 2536 Romano
585 2510 705 2541 laudem,
731 2515 858 2545 quantam
879 2511 1000 2546 gloriam,

212 2547 338 2583 quantam
349 2545 460 2579 gratiam
472 2548 614 2573 consecuti.
647 2548 679 2574 11.
694 2548 781 2582 Atque
793 2548 839 2574 illo
849 2548 902 2577 die,
916 2553 1002 2583 patres

213 2581 364 2614 conscripti,
377 2589 406 2606 ea
417 2584 602 2615 constituistis,
616 2589 645 2611 ut
656 2585 732 2611 vobis
743 2585 811 2611 nihil
824 2586 876 2611 iam
887 2586 922 2611 sit
935 2586 1003 2611 inte-

212 2623 304 2650 grum.
327 2617 379 2643 nisi
394 2623 439 2644 aut
454 2619 563 2647 honesta
578 2630 629 2656 pax
643 2626 689 2648 aut
700 2622 800 2648 bellum
813 2623 1001 2648 necessarium.

213 2653 238 2678 3.
260 2652 353 2680 Pacem
367 2654 425 2682 vult
435 2656 471 2682 M.
481 2657 631 2685 Antonius?
649 2660 729 2685 Arma
744 2663 836 2694 ponat,
854 2664 939 2695 roget,
956 2659 1003 2685 de-

1061 1471 1191 1502 precetur.
1232 1466 1372 1493 Neminem
1397 1467 1550 1501 aequiorem
1575 1475 1617 1494 me
1641 1467 1768 1502 reperiet:
1798 1469 1852 1498 cui,

1060 1504 1126 1530 dum
1146 1512 1175 1530 se
1194 1504 1300 1530 civibus
1322 1504 1412 1538 impiis
1432 1504 1613 1534 commendat,
1637 1505 1762 1531 inimicus
1784 1513 1852 1535 9559,

1060 1550 1142 1576 (1113111
1158 1542 1260 1568 amicus
1277 1541 1380 1568 maluit.
1420 1541 1494 1568 Nihil
1510 1546 1551 1568 est
1565 1541 1694 1576 profecto,
1713 1541 1786 1577 quod
1796 1542 1854 1568 dari

1061 1579 1145 1613 possit
1156 1578 1257 1605 bellum
1268 1579 1384 1614 gerenti:
1400 1579 1449 1604 erit
1460 1578 1570 1605 fortasse
1581 1579 1692 1614 aliquid,
1707 1579 1780 1614 quod
1790 1587 1854 1606 oon-

1060 1616 1118 1642 cedi
1134 1617 1219 1650 possit
1233 1616 1348 1651 roganti:
1372 1615 1470 1651 legatos
1486 1624 1548 1642 vero
1562 1616 1595 1642 ad
1605 1624 1667 1642 eum
1678 1617 1796 1647 mittere,
1820 1615 1853 1642 de

1060 1662 1114 1688 quo
1127 1653 1318 1688 gravissimum
1333 1657 1359 1678 et
1371 1653 1574 1679 severissimum
1589 1653 1719 1680 iudicium
1738 1653 1854 1680 nudius-

1060 1689 1277 1716 tertiusdeeimus
1289 1689 1403 1716 feceritis
1411 1710 1417 1720 ,
1430 1698 1481 1716 non
1493 1690 1546 1716 iam
1558 1689 1672 1717 levitatis
1682 1695 1731 1720 est,
1743 1690 1800 1721 sed,
1811 1695 1850 1721 ut,

1059 1727 1131 1762 quod
1148 1727 1246 1758 sentio,
1264 1727 1364 1757 dicam.
1381 1726 1539 1753 dementiae.
1579 1727 1699 1754 Primum
1714 1728 1796 1754 duces
1807 1736 1852 1754 eos

1060 1764 1230 1795 laudavistis,
1247 1764 1295 1799 qui
1310 1768 1399 1790 contra
1415 1763 1492 1790 illum
1507 1763 1608 1791 bellum
1624 1766 1727 1799 privato
1739 1765 1853 1792 consilio

1059 1803 1254 1836 suscepissent:
1276 1801 1372 1827 deinde
1383 1800 1481 1827 milites
1493 1806 1639 1832 veteranos,
1651 1802 1708 1836 qui,
1721 1810 1806 1837 quum
1818 1802 1852 1829 ab

1058 1839 1173 1865 Antonio
1186 1839 1213 1865 in
1224 1838 1340 1865 colonias
1351 1843 1440 1865 essent
1450 1838 1570 1870 deducti,
1592 1839 1666 1865 illius
1681 1839 1810 1866 beneficio
1819 1838 1853 1866 li-

1059 1876 1185 1902 bertatem
1198 1876 1289 1911 populi
1301 1876 1412 1902 Romani
1423 1880 1640 1910 anteposuerunt.
1673 1877 1696 1902 4.
1713 1875 1803 1909 Quid?
1814 1875 1852 1903 19-

1057 1914 1102 1949 gio
1112 1914 1218 1940 Martia:
1231 1912 1315 1948 quid‘?
1326 1912 1432 1945 Quarta,
1440 1921 1488 1939 cur
1498 1912 1657 1940 laudantur?
1666 1912 1694 1940 Si
1705 1914 1777 1940 enim
1787 1921 1852 1940 con-

1057 1950 1144 1977 sulem
1155 1959 1235 1977 suum
1248 1950 1421 1985 reliquerunt.
1435 1950 1625 1985 vituperandae
1634 1955 1710 1977 sunt:
1726 1951 1750 1977 si
1759 1951 1852 1977 inimi-

1057 1996 1119 2014 cum
1130 1988 1301 2023 reipublicae.
1315 1988 1372 2014 iure
1384 1987 1535 2014 laudantur.
1565 1988 1647 2023 Atqui
1657 1996 1742 2023 quum
1753 1996 1852 2015 consu-

1059 2025 1097 2052 les
1112 2026 1231 2052 nondum
1247 2025 1395 2055 haberetis,
1413 2025 1584 2056 decrevistis,
1605 2030 1636 2052 ut
1645 2030 1671 2051 et
1680 2025 1714 2051 de
1724 2025 1850 2060 praemiis

1057 2062 1188 2094 militum,
1210 2067 1234 2088 91
1244 2062 1277 2089 de
1289 2062 1434 2089 honoribus
1445 2063 1634 2097 imperatorum
1646 2063 1733 2097 primo
1742 2070 1851 2097 quoque

1057 2105 1175 2135 tempore
1186 2099 1336 2126 referretur.
1376 2099 1477 2130 Placet,
1499 2099 1592 2126 eodem
1604 2104 1720 2134 tempore
1733 2099 1850 2134 praemia

1056 2138 1217 2164 constituere
1231 2137 1279 2167 iis,
1301 2137 1348 2172 qui
1363 2141 1453 2163 contra
1467 2136 1613 2163 Antonium
1628 2145 1700 2163 arma
1720 2137 1847 2172 ceperint,

1056 2180 1082 2201 et
1097 2175 1197 2210 legatos
1217 2174 1251 2200 ad
1264 2174 1410 2201 Antonium
1431 2173 1552 2200 mittere?
1571 2179 1601 2200 ut
1619 2175 1673 2200 iam
1693 2173 1850 2209 pudendum

1056 2213 1104 2243 sit,
1121 2212 1271 2238 honestiora
1281 2211 1386 2238 decreta
1397 2219 1456 2237 esse
1467 2211 1602 2247 legionum
1610 2231 1616 2242 ,
1633 2219 1714 2246 quam
1725 2215 1847 2237 senatus:

1055 2249 1190 2285 siquidem
1197 2249 1314 2284 legiones
1320 2248 1622 2275 decreveruntsenatum
1634 2247 1776 2274 defendere
1785 2256 1850 2274 con-

1056 2291 1095 2313 tra
1105 2286 1264 2313 Antonium:
1287 2290 1396 2312 senatus
1407 2285 1524 2312 decernit
1535 2285 1634 2322 legatos
1648 2285 1680 2312 ad
1691 2285 1846 2311 Antonium.

1055 2324 1150 2351 Utrum
1161 2324 1209 2350 1109
1219 2328 1258 2350 est
1268 2323 1424 2350 confirmare
1434 2322 1551 2349 militum
1565 2323 1681 2352 animos.
1703 2330 1736 2348 an
1751 2321 1849 2348 debili-

1056 2366 1109 2387 tare
1119 2360 1264 2387 virtutem?
1287 2362 1313 2387 5.
1329 2360 1383 2387 Hoc
1393 2359 1450 2386 dies
1461 2360 1602 2387 duodecim
1613 2358 1793 2394 profecerunt,
1806 2363 1845 2390 ut,

1055 2407 1136 2433 quem
1152 2407 1243 2429 nemo,
1261 2402 1363 2432 praeter
1374 2397 1507 2433 Cotylam,
1525 2401 1582 2423 tum
1597 2397 1722 2422 inventus
1733 2397 1782 2427 sit,
1799 2396 1848 2431 qui

1054 2435 1220 2466 detenderet,
1242 2435 1265 2461 is
1281 2434 1376 2461 habeat
1388 2435 1442 2460 iam
1451 2439 1574 2469 patronos
1585 2434 1665 2459 etiam
1675 2432 1848 2460 consulares?

1054 2473 1106 2505 Qui
1127 2474 1229 2499 utinam
1249 2480 1341 2499 omnes
1364 2476 1424 2498 31119
1443 2479 1486 2497 1119
1499 2471 1657 2497 sententiam
1677 2470 1844 2506 rogarentur!

1054 2511 1229 2545 (quamquam
1240 2510 1369 2544 suspicor.
1378 2507 1445 2544 quid
1453 2507 1548 2534 dicturi
1558 2508 1611 2533 sint
1621 2507 1731 2542 quidam
1741 2515 1843 2538 eorum,

1053 2548 1101 2582 qui
1117 2552 1176 2582 post
1190 2555 1233 2573 me
1248 2544 1434 2582 rogabuntur‚)
1448 2544 1554 2571 facilius
1569 2549 1659 2571 contra
1673 2545 1802 2575 dicerem,
1819 2544 1845 2570 si

1053 2584 1120 2619 quid
1131 2584 1274 2611 videretur.
1297 2584 1345 2610 Est
1355 2583 1426 2609 enim
1436 2582 1533 2616 opinio,
1546 2581 1716 2608 decreturum
1726 2581 1844 2616 aliquem

1054 2622 1089 2647 M.
1102 2621 1216 2648 Antonio
1224 2621 1298 2647 illam
1309 2620 1432 2647 ultimam
1443 2618 1564 2649 Galliam,
1580 2627 1661 2654 quam
1672 2618 1785 2645 Plancus
1795 2618 1845 2644 ob-

1054 2659 1128 2685 tinet.
1168 2657 1239 2690 Quid
1254 2662 1294 2684 est
1307 2656 1394 2687 aliud,
1411 2657 1499 2683 omnia
1514 2656 1547 2683 ad
1562 2655 1665 2683 bellum
1679 2655 1758 2682 civile
1773 2654 1844 2682 hosti
