1941 3052
210 138 257 163 ,wo
672 137 706 161 εἰ.
744 135 777 160 Μ.
812 135 841 160 Τ.

208 215 301 232 verisor
321 215 405 241 quum
434 206 458 231 in
483 206 581 230 curiam
605 205 762 234 tratulisset,
788 204 930 238 collegium
953 212 997 229 ve-

209 249 293 270 nti-um
315 242 462 271 i'oiisitliiit.
493 242 624 276 nuinqunl
644 251 702 266 esse
722 250 831 267 caussae
852 241 994 270 videretur.

208 281 273 316 quin
303 280 328 306 id
356 281 462 313 signnm
491 280 646 312 curiamque
670 278 829 304 (lom-ardiae
852 278 994 303 dedicaret.

210 318 248 343 l,l.
266 319 381 348 Quaeso,
401 316 550 350 pontifices,
568 320 592 340 et
608 316 741 341 bominem
757 324 818 341 cum
836 315 954 344 bomine,
972 320 997 340 ct

209 359 314 388 tenipus
325 362 385 379 cum
398 358 526 386 tempore,
540 357 564 378 et
576 361 629 378 reni
642 361 702 378 cuin
716 361 742 378 re
752 356 910 386 comparate.
951 351 996 377 llle

207 396 261 417 ernt
272 399 376 416 summu
389 389 515 415 modestia
527 393 551 414 ct
561 390 688 423 gravitate
698 398 804 415 censor:
819 390 860 415 liic
873 389 996 414 tribunus

208 428 293 463 plebis
307 427 405 452 scelere
416 431 440 451 ct
451 426 557 451 audacia
569 426 709 461 singulari.
736 427 853 460 Tempus
865 426 930 452 illud
943 430 997 451 erat

208 464 425 499 tranquillum,ct
438 464 463 489 in
477 463 594 489 libertate
606 463 697 498 populi
711 468 735 489 et
745 463 938 499 gubernatione
950 472 996 496 po·
1016 491 1017 495 Ἰ

207 502 288 527 situm
304 506 425 526 senatus:
448 504 523 526 tuum
541 509 617 535 porro
633 505 750 535 tempus,
771 499 995 563 liberwtenpopililli
1024 531 1025 536 1

911 546 958 562 esr
982 546 995 562 a
1016 560 1017 568 ,

208 538 315 564 Romani
327 546 462 571 oppressa,
476 542 583 563 senatus
595 539 747 564 auctoritate
759 537 853 563 deleta.

207 575 283 610 plena
300 575 428 605 iustitiae,
446 575 603 609 supientiae,
617 574 763 608 dignitatis.
804 574 902 601 Censor
913 575 993 604 enim,

207 621 287 647 penes
302 620 382 646 quein
400 612 512 637 maiores
528 612 609 638 nostri
625 611 661 646 (id
677 612 747 647 quod
761 616 787 638 tu
799 611 943 645 sustulisti)
955 612 996 637 iu-

205 649 305 675 dicium
321 653 429 675 senatus
445 649 477 675 de
493 649 621 685 dignitate
636 658 694 675 esse
710 649 864 679 voluerunt,
883 648 996 675 Concor-

205 686 264 712 diae
275 687 382 721 signum
396 686 500 712 volebat
511 687 536 712 in
549 687 634 717 curia,
648 687 803 721 curiamque
813 687 836 712 ei
847 686 910 712 deae
921 685 996 711 dedi-

205 731 272 750 care.
297 724 352 749 ¹3¹.
366 723 498 749 Praeclara
510 723 631 750 voluntas
643 728 720 759 atque
731 725 803 750 omni
817 723 894 749 laude
905 723 994 758 digna.

206 760 386 786 Praescribere
397 761 467 786 enim
479 769 508 787 se
519 761 707 793 arbitrabatur,
725 766 753 787 ut
763 761 821 787 sinc
832 760 929 787 studiis
940 760 996 786 dis-
1016 778 1017 785 ,

204 798 338 824 sensionis
358 798 503 824 sententiae
523 798 688 829 dicerentur,
710 799 732 825 si
754 798 844 824 sedem
867 798 951 833 ipsam
967 806 996 823 ac

205 834 334 869 templum
352 835 453 869 publici
468 835 571 861 consilii
590 835 716 871 religione
727 835 887 862 Concordiae
901 835 996 861 devin-
1016 846 1025 861 r

340 872 388 902 Tu,
402 881 486 906 quum
500 871 580 903 ferro,
598 881 682 907 quum
694 878 776 904 metu,
793 881 878 907 quum
890 872 993 902 edictis,
1016 886 1025 908 Μ

205 873 298 899 xisset.

204 917 290 944 quum
303 909 466 945 privilegiis,
482 918 566 944 quum
585 910 769 944 praesentibus
785 909 868 944 copiis
880 909 996 944 perdito-

204 955 278 977 rum,
300 946 418 972 absentis
433 947 565 973 exercitus
582 951 678 973 terrore
692 951 717 973 et
739 947 832 977 minis,
854 946 994 973 consulum
1016 973 1017 986 3

205 983 329 1010 societate
345 988 370 1010 et
386 983 484 1009 nefario
501 983 603 1010 loedere
619 985 746 1010 servitute
761 992 914 1019 oppressam
929 984 996 1009 civi-

204 1025 282 1047 tatem
296 1025 406 1051 teneres,
420 1021 558 1047 Libertatis
569 1022 678 1057 signum
691 1022 802 1056 posuisti
816 1021 899 1057 magis
911 1020 943 1046 ad
956 1021 997 1047 lu-

203 1057 322 1084 dibrium
335 1058 529 1092 impudentiae,
542 1067 624 1093 quam
637 1059 669 1085 ad
680 1058 877 1085 simulationem
890 1058 997 1093 religio-

204 1103 256 1121 nis.

203 1132 343 1158 commodo
354 1132 504 1159 dedicabat:
528 1137 555 1159 tu
572 1133 597 1159 in
614 1133 681 1159 civis
696 1133 796 1168 optime
811 1133 843 1159 de
859 1132 996 1167 republica

205 1170 291 1195 meriti
307 1178 399 1196 cruore
415 1178 444 1196 ac
456 1178 537 1204 paene
547 1170 654 1196 ossibus
666 1170 840 1196 simulacrum
853 1179 903 1196 non
917 1169 997 1195 liber-

205 1206 265 1232 tatis
277 1206 409 1241 publicae,
423 1207 469 1233 sed
483 1207 602 1233 licentiae
613 1207 756 1234 collocasti.
784 1209 840 1234 ⁴32.
854 1208 940 1242 Atque
951 1206 996 1232 illc

205 1248 291 1270 tamen
303 1243 336 1270 ad
348 1244 491 1280 collegium
503 1245 606 1270 retulit:
630 1249 657 1271 tu
674 1245 705 1271 ad
721 1253 801 1280 quem
814 1243 947 1271 retulisti?
967 1243 995 1270 Si

203 1280 269 1316 quid
281 1281 453 1312 deliberares,
471 1282 493 1307 si
505 1281 572 1317 quid
584 1282 631 1308 tibi
643 1287 688 1308 aut
700 1281 842 1316 piandum,
860 1286 905 1308 aut
919 1281 996 1307 insti-

204 1317 334 1344 tuendum
347 1317 441 1344 fnisset
452 1319 579 1354 religione
591 1319 749 1345 domestica:
772 1323 859 1345 tamen
875 1319 996 1345 instituto

203 1359 350 1382 ceterorum
372 1360 459 1382 vetere
479 1356 511 1382 ad
527 1356 678 1390 pontilicem
694 1356 849 1382 detulisses.
890 1356 995 1382 Novum

203 1392 347 1419 delubrum
368 1401 453 1428 quum
474 1393 500 1419 in
522 1393 600 1420 Urbis
621 1393 770 1420 clarissimo
791 1393 860 1424 loco,
883 1392 996 1419 nefando
1017 1411 1018 1416 .

203 1429 319 1464 quodam
331 1434 410 1465 atque
421 1430 686 1461 inauditoinstituto,
704 1431 856 1457 inchoares:
879 1429 996 1456 releren-

203 1467 268 1493 dum
280 1466 312 1493 ad
323 1467 472 1494 sacerdotes
485 1467 607 1502 publicos
620 1477 672 1494 non
683 1467 801 1502 putasti?
821 1469 867 1498 At,
881 1468 904 1493 si
915 1466 996 1494 colle-

202 1504 277 1539 gium
289 1504 445 1539 pontificum
457 1505 640 1531 adhibendum
652 1514 703 1531 non
717 1504 870 1531 videbatur:
884 1512 996 1531 nemone

203 1541 297 1568 horum
310 1541 358 1568 tibi
370 1541 482 1568 idoneus
494 1543 570 1568 visus
581 1547 633 1573 est,
651 1543 697 1577 qui
710 1546 805 1573 aetate,
824 1542 935 1572 honore,
948 1550 996 1567 au-

202 1579 319 1605 ctoritate
331 1578 500 1610 antecellunt,
517 1584 546 1606 ut
556 1588 617 1606 cum
629 1588 659 1606 eo
671 1579 862 1606 dedicationem
874 1587 996 1606 commu-

203 1615 322 1642 nicares?
342 1616 461 1648 Quorum
482 1616 592 1651 quidem
615 1621 642 1643 tu
659 1625 711 1643 non
727 1617 924 1651 contempsisti,
947 1615 995 1641 sed

202 1653 364 1688 pertimuisti
377 1653 543 1689 dignitatem.
584 1654 636 1680 Lll.
652 1654 692 1680 An
705 1658 732 1680 tu
744 1653 856 1680 auderes
867 1661 994 1688 quaerere

202 1698 235 1717 ex
245 1690 274 1716 P.
288 1690 410 1721 Servilio,
424 1695 469 1717 ant
480 1700 512 1717 ex
524 1691 559 1717 M.
572 1691 697 1717 Lucullo:
720 1699 835 1725 quorum
847 1699 895 1726 ego
907 1689 996 1716 consi-
1023 1723 1024 1726 Ἴ

204 1727 238 1753 lio
259 1731 338 1762 atque
358 1728 510 1754 auctoritate
531 1728 724 1762 rempublicam
740 1727 834 1754 consul
850 1736 883 1753 ex
899 1727 994 1753 vestris

203 1764 328 1790 manibus
348 1773 378 1791 ac
398 1764 520 1791 faucibus
541 1765 641 1800 eripui:
663 1765 827 1800 quibusnam
845 1764 934 1790 verbis
949 1768 995 1790 aut

202 1809 256 1836 quo
267 1801 328 1832 ritu,
342 1802 459 1836 primum
472 1802 520 1828 boc
531 1802 598 1832 dico,
612 1802 678 1828 civis
690 1802 799 1828 domum
810 1809 992 1833 consecrares;

202 1838 299 1864 deinde
310 1839 377 1864 civis
388 1839 459 1869 eius,
477 1839 519 1865 cui
534 1840 656 1874 princeps
667 1844 789 1870 senatus,
807 1839 850 1865 cui
862 1839 940 1864 etiam
952 1847 994 1864 or-

203 1874 280 1901 dines
295 1884 402 1906 omnes,
420 1875 516 1902 deinde
528 1876 600 1902 ltalia
618 1881 683 1907 tota,
702 1880 761 1910 post
775 1880 886 1902 cunctae
901 1879 993 1911 gentes

203 1912 384 1938 testimonium
398 1913 479 1939 huius
491 1913 569 1940 Urbis
581 1917 660 1948 atque
672 1913 776 1947 imperii
788 1913 935 1939 conservati
947 1912 994 1939 de-

201 1949 321 1976 dissent?
336 1951 391 1976 433.
404 1949 474 1982 Quid
485 1950 596 1980 diceres,
609 1959 625 1976 o
637 1950 749 1976 nefanda
760 1954 785 1976 et
797 1951 943 1984 perniciosa
956 1949 994 1975 la-

201 1986 249 2013 bes
259 1986 393 2013 civitatis?
408 1987 487 2017 Ades.
501 1987 573 2018 ades,
588 1987 706 2018 Luculle,
721 1986 827 2018 Servili,
840 1987 905 2013 dum
917 1986 993 2013 dedi-

201 2032 231 2050 co
241 2023 351 2050 domum
363 2024 510 2055 Ciceronis,
527 2029 555 2050 ut
568 2025 632 2050 milii
645 2025 774 2059 praeeatis
787 2029 943 2059 postemque
955 2029 994 2050 te-

202 2061 296 2087 neatis.
322 2061 357 2087 Es
370 2065 397 2087 tu
408 2061 518 2096 quidem
530 2070 615 2096 quum
626 2061 744 2093 audacia,
757 2066 814 2088 tum
827 2061 993 2096 impudentia

201 2097 345 2133 singulari:
363 2098 409 2125 sed
420 2098 469 2125 tibi
481 2103 567 2125 tamen
578 2099 657 2129 oculi,
674 2099 775 2130 vultus.
790 2099 869 2125 verba
880 2099 993 2125 cecidis-

201 2139 268 2166 sent,
281 2143 367 2170 quum
380 2140 404 2162 te
416 2136 474 2167 viri,
488 2136 536 2171 qui
547 2145 595 2162 sua
607 2136 735 2172 dignitate
747 2144 886 2171 personam
899 2135 992 2171 populi

201 2172 313 2198 Romani
325 2177 403 2207 atque
414 2174 594 2199 auctoritatem
607 2173 711 2208 imperii
723 2174 894 2204 sustinerent,
903 2173 992 2199 verbis

200 2209 368 2244 gravissimis
380 2211 592 2244 perterruissent,
611 2219 697 2245 neque
713 2211 766 2236 sibi
783 2209 821 2236 fas
838 2219 896 2237 esse
907 2210 993 2237 dixis-

201 2251 272 2277 sent,
290 2246 372 2273 furori
384 2248 512 2273 interesse
523 2252 581 2277 tuo,
599 2253 678 2282 atque
694 2248 720 2274 in
736 2248 834 2282 patriae
850 2247 993 2283 parricidio

201 2288 226 2309 et
237 2283 346 2310 scelere.
388 2285 444 2310 ⁴34.
457 2284 530 2317 Quae
541 2293 626 2320 quum
640 2284 752 2315 videres.
767 2289 823 2311 tum
836 2289 859 2310 te
871 2285 903 2311 ad
915 2289 992 2311 tuum

201 2320 317 2352 astinem,
331 2330 382 2347 non
394 2321 525 2348 delectum
537 2331 550 2347 a
563 2326 595 2353 te,
608 2322 656 2348 sed
668 2322 789 2348 relictum
801 2330 814 2348 a
825 2322 919 2348 ceteris
930 2330 994 2348 con-

202 2357 296 2384 tulisti.
337 2358 421 2390 Quem
433 2367 481 2394 ego
492 2363 579 2385 tamen
591 2359 682 2389 credo,
699 2359 722 2385 si
738 2363 778 2385 est
792 2363 866 2385 ortus
881 2358 990 2390 abillis,

201 2402 268 2428 quos
280 2396 422 2421 memoriae
433 2397 567 2431 proditum
579 2401 618 2422 est
629 2396 661 2422 ab
673 2397 731 2431 ipso
742 2395 867 2427 Hercule,
882 2395 993 2431 perfun-

201 2435 243 2457 cto
253 2432 305 2458 iam
318 2432 466 2465 laboribus,
484 2442 556 2460 sacra
569 2433 710 2464 didicisse,
728 2433 756 2459 in
767 2433 817 2459 viri
829 2432 904 2460 sortis
915 2441 993 2459 aeru-

202 2469 272 2494 mnis
288 2477 339 2494 non
355 2470 390 2496 ita
405 2470 540 2497 crudelem
557 2470 654 2501 fuisse,
672 2474 702 2496 ut
716 2471 744 2496 in
759 2470 815 2496 vivi
831 2475 857 2496 et
871 2470 924 2497 iam
936 2471 992 2505 spi-

203 2505 284 2531 rantis
295 2511 374 2539 caput
384 2506 494 2534 bustum
506 2508 563 2534 suis
575 2507 700 2534 manibus
710 2507 870 2542 imponeret:
887 2507 935 2542 qui
947 2511 992 2533 aut

203 2541 270 2567 nihil
286 2541 354 2568 dixit
368 2548 413 2569 aut
428 2544 488 2570 fecit
499 2545 620 2576 omnino,
639 2552 805 2579 poenamque
817 2544 884 2571 hanc
895 2548 992 2570 mater-

203 2586 251 2604 nae
267 2579 420 2606 temeritatis
436 2581 509 2612 tulit,
532 2586 561 2608 ut
576 2587 677 2607 mutam
694 2581 721 2607 in
737 2580 833 2607 delicto
851 2590 991 2616 personam

203 2623 353 2650 nomenque
364 2617 512 2650 praeberet:
529 2623 587 2649 aut,
603 2619 626 2644 si
638 2618 705 2644 dixit
716 2617 818 2652 aliquid
829 2618 918 2644 verbis
930 2618 992 2644 hae-

202 2652 358 2684 suffitibus,
371 2658 526 2690 postemque
537 2654 710 2682 tremebunda
722 2662 804 2680 manu
816 2655 909 2691 tetigit,
922 2659 991 2682 certe

298 1094 344 1121 llle
356 1095 382 1121 in
394 1096 480 1125 curia,
498 1104 566 1130 quae
579 1101 692 1130 poterat,
710 1096 767 1122 sine
782 1096 942 1130 cuiusquam
956 1104 996 1121 ιη-

877 134 1150 160 (Il(‘.l·.'li0NlS
1183 134 1398 160 ottATto-

1049 204 1114 230 nibil
1127 205 1184 233 rite.
1199 204 1264 229 nibil
1277 208 1357 234 mate.
1371 203 1437 230 nibil
1450 212 1521 230 more
1534 205 1707 239 institutoque
1719 204 1837 239 perfecit.

1050 241 1154 267 Viderat
1165 241 1208 266 illi·
1222 241 1367 270 Murenam,
1382 242 1504 267 vitricum
1517 250 1607 271 suum,
1619 241 1756 268 consulem
1768 242 1841 269 deai-

1047 282 1166 311 gnatum,
1180 277 1212 303 ad
1225 286 1265 303 me
1276 277 1413 303 consulem
1424 286 1484 304 cum
1491 278 1678 313 Allobrogibus
1689 280 1840 306 communis

1047 315 1121 341 exitii
1134 314 1229 341 indicia
1241 315 1345 341 afferre:
1359 315 1477 341 audierat
1487 324 1520 342 ex
1531 315 1585 345 illo,
1598 324 1626 342 se
1637 325 1650 341 a
1666 325 1707 342 me
1715 317 1755 342 bis
1767 317 1840 342 salu·

1049 356 1100 377 tem
1112 352 1255 386 accepisse.
1264 352 1405 386 separatim
1416 352 1508 381 semel.
1518 352 1612 378 iterum
1624 362 1684 379 cum
1694 354 1837 380 universis.

1024 386 1025 389 ’
1050 390 1106 414 133.
1119 390 1205 421 Quare
1216 389 1278 423 quis
1294 393 1343 419 est,
1356 390 1403 423 qui
1415 389 1566 415 existimare
1583 391 1674 424 μοοιίι,
1688 390 1750 416 huic
1771 399 1840 417 novo

1048 426 1178 460 pontilici,
1198 426 1310 460 primani
1328 426 1394 452 lianc
1410 430 1470 460 post
1483 426 1658 453 sacerdotium
1670 428 1765 454 initum
1778 427 1840 454 reti-

1047 464 1152 497 gioncm
1166 463 1313 488 instituenti
1327 471 1472 497 vocemque
1483 463 1606 493 mittenti,
1621 473 1671 490 non
1682 469 1708 490 et
1719 464 1838 499 linguam

1047 501 1228 530 obmutuisse,
1242 504 1267 526 et
1283 509 1391 526 manum
1403 500 1583 534 obtorpuisse,
1597 505 1622 526 et
1633 506 1746 527 mentem
1763 502 1839 528 debi-

1049 537 1146 563 litatam
1162 542 1233 563 nictu
1245 537 1406 563 concidisse:
1424 538 1576 572 praesertim
1588 546 1673 572 quum
1684 546 1717 564 ex
1727 538 1840 573 collegio

1049 579 1118 600 tanto
1130 583 1180 600 non
1194 584 1291 609 regem,
1302 583 1351 600 non
1359 573 1502 605 flaminem.
1511 584 1562 600 non
1569 575 1719 609 pontiticem
1728 575 1836 606 videret.

1048 612 1158 646 fierique
1179 612 1310 646 particeps
1326 611 1404 637 alieni
1421 611 1528 638 sceleris
1540 612 1641 638 invitus
1656 618 1801 647 cogeretur,
1814 618 1839 639 et

1046 650 1219 685 gravissimas
1227 658 1324 683 poenas
1331 648 1840 683 affinitatisimpurissimaesustineret‘?

1104 686 1167 712 Llll.
1183 688 1238 712 136.
1260 685 1322 716 Sed,
1337 691 1365 712 ut
1376 691 1491 712 revertar
1501 686 1533 712 ad
1546 687 1587 712 ius
1600 686 1738 720 publicum
1751 686 1839 713 vindi-

1046 723 1175 753 candum,
1199 723 1270 758 quod
1288 724 1338 758 ipsi
1356 723 1493 758 pontifices
1509 732 1614 758 semper
1631 732 1681 749 non
1697 723 1784 750 solum
1806 723 1839 750 ad

1047 769 1109 786 suas
1120 761 1302 788 caerimonias.
1311 760 1358 786 sed
1369 761 1446 786 etiam
1459 761 1491 786 ad
1503 761 1595 795 populi
1608 761 1679 787 iussa
1691 769 1840 787 accommo-

1047 798 1189 824 daverunt:
1204 798 1306 824 habetis
1318 798 1343 824 in
1355 798 1552 824 commentariis
1566 798 1838 828 vestris‚C.Cassium

1047 844 1182 861 censorem
1203 834 1235 861 de
1250 835 1326 870 signo
1343 835 1502 861 Concordiae
1517 834 1664 861 dedicando
1679 835 1711 861 ad
1732 835 1840 870 pontili-

1046 881 1107 898 cum
1119 872 1261 907 collegium
1275 872 1410 903 retulisse,
1424 873 1502 907 eique
1514 872 1549 898 M.
1563 872 1720 901 Aemilium,
1733 872 1840 907 pontifi-

1047 918 1103 935 cem
1117 911 1273 940 maximum,
1283 918 1330 944 pro
1340 909 1454 944 collegio
1466 909 1645 944 respondisse.
1654 910 1705 935 nisi
1717 917 1779 935 eum
1791 918 1838 944 po-

1048 946 1128 981 pulus
1149 947 1283 973 Romanus
1304 947 1458 973 nominatim
1479 946 1657 981 praefecisset.
1680 951 1759 981 atque
1779 947 1839 972 eius

1048 985 1123 1010 iussu
1132 983 1234 1014 laceret,
1244 993 1294 1010 non
1309 983 1391 1010 videri
1403 993 1431 1010 ea
1444 988 1512 1010 recte
1523 993 1601 1018 posse
1611 983 1738 1009 dedicari.
1750 982 1840 1016 Quid?

1047 1030 1131 1056 quum
1144 1022 1243 1047 Licinia
1252 1041 1258 1052 ,
1276 1021 1351 1057 virgo
1363 1020 1488 1051 Vestalis.
1505 1030 1612 1047 summo
1625 1020 1680 1047 loco
1691 1025 1763 1051 nata.
1776 1029 1839 1047 san-

1047 1058 1168 1085 ctissimo
1178 1058 1323 1085 sacerdotio
1335 1058 1460 1093 praedita,
1474 1058 1504 1084 T.
1517 1058 1675 1089 Flaminino,
1689 1057 1720 1090 Q.
1733 1057 1839 1084 Metello

1048 1095 1220 1126 consulibus,
1239 1104 1309 1121 aram
1325 1100 1349 1121 et
1364 1095 1512 1121 aediculam
1529 1100 1554 1121 et
1568 1095 1693 1130 pulvinar
1707 1095 1759 1121 sub
1775 1103 1840 1122 saxo

1048 1141 1122 1159 sacro
1133 1133 1295 1159 dedicasset:
1314 1142 1365 1159 non
1381 1142 1438 1158 eam
1458 1141 1512 1158 rem
1524 1141 1557 1158 ex
1567 1133 1721 1158 auctoritate
1730 1137 1839 1158 senatus

1049 1170 1080 1196 ad
1093 1170 1141 1196 hoc
1151 1169 1293 1205 collegium
1307 1169 1368 1196 Sex.
1382 1169 1467 1196 lulius
1479 1175 1581 1204 praetor
1592 1168 1699 1196 retulit‘?
1711 1177 1797 1204 quum
1810 1170 1838 1196 P.

1049 1206 1187 1238 Scaevola,
1210 1206 1329 1241 pontifex
1341 1207 1489 1237 maximus,
1511 1215 1558 1241 pro
1569 1206 1681 1242 collegio
1692 1206 1837 1241 respondit,

1048 1247 1115 1278 qnod
1127 1247 1152 1270 in
1164 1246 1217 1270 loco
1226 1245 1328 1277 publico
1339 1244 1452 1273 Licinia,
1477 1243 1534 1270 can
1549 1245 1616 1277 filia,
1638 1246 1737 1270 iniussu
1750 1245 1840 1277 populi

1047 1283 1200 1312 dedicasset.
1221 1290 1325 1307 sacrum
1341 1290 1389 1306 non
1405 1282 1522 1307 viderier.
1561 1279 1646 1312 Quam
1661 1280 1772 1315 quidem
1783 1289 1839 1307 rem

1047 1322 1146 1353 quanta
1157 1319 1305 1349 severitate,
1313 1322 1466 1353 quantaque
1477 1317 1615 1353 diligentia
1626 1322 1735 1344 senatus
1747 1322 1840 1344 sustu-

1049 1355 1115 1387 lerit,
1132 1364 1166 1382 ex
1176 1355 1234 1390 ipso
1245 1354 1477 1382 senatusconsulto
1488 1354 1564 1381 facite
1574 1355 1749 1390 cognoscetis.
1789 1355 1840 1381 Re-

1047 1393 1098 1419 cita
1119 1392 1394 1419 senatusconsultum.
1428 1401 1744 1419 sesarnscossnmuu.
1779 1392 1837 1418 ⁴³7.

1049 1429 1198 1461 Videtisne,
1216 1430 1329 1464 praetori
1341 1429 1442 1456 urbano
1453 1429 1589 1465 negotium
1600 1429 1706 1460 datum,
1723 1433 1751 1456 ut
1762 1437 1840 1456 cura—

1048 1471 1099 1498 ret,
1122 1475 1155 1493 ne
1166 1466 1193 1493 id
1204 1475 1309 1494 sacrum
1321 1466 1409 1493 esset?
1428 1471 1453 1493 et
1464 1471 1506 1497 ut,
1523 1467 1546 1492 si
1561 1475 1630 1501 quae
1641 1471 1731 1493 essent
1740 1467 1839 1493 incisae

1047 1509 1093 1531 aut
1103 1505 1246 1539 inscriptae
1257 1503 1370 1535 litterae,
1385 1502 1556 1530 tollerentur?
1575 1503 1598 1530 Ο
1609 1503 1739 1538 tempora!
1755 1512 1772 1530 o
1782 1511 1839 1530 mo-

1047 1542 1103 1568 res!
1119 1542 1185 1568 Tum
1197 1550 1343 1572 censorem,
1357 1541 1492 1568 hominem
1504 1541 1714 1571 sanctissimum,
1727 1539 1840 1567 simula-

1046 1588 1121 1605 crum
1138 1578 1297 1605 Concordiae
1312 1578 1434 1604 dedicare
1449 1577 1587 1612 pontifices
1603 1578 1631 1604 in
1646 1577 1746 1612 templo
1761 1578 1840 1604 inau-

1045 1620 1140 1651 gurato
1155 1615 1363 1650 prohibuerunt:
1386 1619 1445 1650 post
1460 1619 1548 1641 autem
1564 1620 1673 1641 senatus
1684 1615 1711 1641 in
1725 1614 1780 1641 loco
1789 1623 1839 1641 au—

1045 1657 1125 1688 gusto
1136 1657 1313 1679 consecratam
1326 1661 1383 1678 eam
1395 1660 1477 1682 aram,
1486 1651 1628 1678 tollendam
1640 1660 1674 1678 ex
1683 1652 1839 1678 auctoritate

1047 1690 1201 1724 pontificum
1213 1689 1330 1719 censuit,
1349 1697 1435 1723 neque
1450 1688 1536 1714 ullum
1548 1693 1587 1715 est
1599 1697 1695 1723 passus
1706 1697 1740 1715 ex
1750 1697 1780 1715 ea
1791 1688 1839 1715 de-

1046 1727 1175 1753 dicatione
1188 1726 1334 1752 litterarum
1346 1731 1449 1752 exstare
1461 1730 1675 1752 monumentum.
1714 1725 1764 1756 Tu,
1776 1733 1839 1760 pro-

1045 1763 1110 1790 cella
1122 1764 1229 1798 patriae,
1244 1763 1321 1789 turbo
1331 1772 1360 1789 ac
1372 1767 1516 1797 tempestas
1528 1763 1600 1797 pacis
1611 1767 1691 1797 atque
1701 1763 1757 1793 otii,
1765 1762 1837 1798 quod

1045 1801 1072 1827 in
1083 1800 1230 1836 naufragio,
1243 1799 1405 1835 reipublicae
1417 1799 1533 1826 tenebris
1543 1799 1646 1830 offusis,
1657 1799 1780 1826 demerso
1790 1808 1839 1834 po-

1046 1838 1110 1872 pulo
1121 1838 1245 1867 Romano.
1259 1846 1352 1864 everso
1363 1842 1442 1872 atque
1453 1838 1535 1863 eiecto
1544 1841 1648 1867 senatu.
1660 1837 1785 1868 dirueris,
1793 1845 1837 1863 ae-

1045 1875 1174 1905 dificaris,
1192 1874 1319 1910 religione
1330 1875 1403 1901 omni
1414 1873 1524 1905 violata,
1541 1873 1679 1910 religionis
1691 1878 1777 1900 tamen
1790 1882 1838 1900 no-

1045 1913 1116 1938 mine
1127 1912 1324 1942 contaminaris,
1338 1912 1364 1938 in
1376 1912 1444 1938 civis
1455 1911 1568 1937 huiusce
1579 1911 1700 1941 aedibus,
1714 1911 1776 1937 etin
1788 1910 1838 1938 Ur-

1044 1949 1086 1981 be,
1108 1958 1190 1984 quam
1211 1949 1268 1975 suis
1290 1948 1426 1975 laboribus
1445 1956 1475 1975 ac
1495 1948 1622 1983 periculis
1642 1952 1835 1979 conservasset,

1045 1991 1247 2013 monumentum
1260 1985 1361 2012 deletae
1371 1985 1534 2020 reipublicae
1544 1984 1695 2016 collocaris,
1713 1985 1746 2012 ad
1759 1985 1838 2020 equi-

1045 2029 1100 2050 tum
1114 2028 1210 2054 notam,
1225 2023 1256 2049 ad
1267 2023 1385 2050 dolorem
1396 2023 1527 2049 bonorum
1537 2023 1668 2052 omnium.
1676 2021 1837 2057 sublatoque

1044 2060 1076 2093 Q.
1089 2060 1174 2087 Catuli
1187 2061 1294 2087 nomine
1309 2060 1448 2087 incideris:
1471 2059 1499 2086 id
1513 2060 1626 2094 sperasti
1642 2059 1835 2094 rempublicam

1044 2098 1161 2129 diutius,
1178 2106 1273 2133 quam,
1290 2097 1378 2132 quoad
1393 2105 1498 2123 mecum
1513 2096 1595 2123 simul
1611 2096 1723 2132 expulsa
1737 2101 1837 2123 careret

1044 2135 1086 2162 his
1099 2136 1248 2166 moenibus,
1261 2143 1321 2161 esse
1333 2133 1463 2161 laturam?

1100 2174 1156 2199 ⁴38.
1173 2173 1207 2198 At
1217 2173 1253 2203 si,
1271 2171 1422 2207 pontifices,
1441 2179 1527 2206 neque
1537 2171 1574 2202 is,
1591 2171 1634 2196 cui
1647 2169 1735 2201 licuit,
1748 2177 1835 2205 neque

1044 2209 1085 2240 id,
1098 2209 1170 2244 quod
1182 2209 1221 2235 l'as
1233 2209 1297 2240 suit,
1310 2208 1456 2235 dedicavit:
1470 2207 1536 2243 quid
1548 2216 1590 2234 me
1600 2207 1692 2233 attinet
1702 2207 1755 2233 iam
1766 2206 1835 2233 illud

1044 2247 1161 2277 tertium,
1174 2246 1246 2281 quod
1258 2254 1457 2281 proposueram,
1473 2245 1574 2275 docere,
1589 2253 1640 2271 non
1652 2243 1694 2270 his
1705 2244 1835 2270 institutis

1043 2292 1073 2310 ac
1089 2283 1191 2314 verbis,
1213 2284 1314 2318 quibus
1325 2282 1499 2309 caerimoniae
1510 2281 1658 2316 postulant,
1679 2280 1836 2307 dedicasse?

1044 2321 1109 2347 LIV.
1122 2321 1181 2347 Dixi
1192 2329 1206 2347 a
1218 2321 1358 2355 principio,
1366 2319 1434 2346 nihil
1446 2327 1488 2345 me
1499 2319 1531 2345 de
1541 2319 1649 2345 scientia
1662 2322 1757 2348 vestra,
1766 2317 1833 2344 nihil

1043 2358 1076 2384 de
1087 2358 1183 2388 sacris,
1199 2357 1267 2384 nihil
1283 2358 1316 2384 de
1331 2356 1486 2383 abscondito
1501 2357 1559 2382 iure
1574 2354 1730 2390 pontificum
1745 2354 1834 2381 dictu-

1043 2403 1113 2421 rum.
1139 2394 1212 2427 Quae
1223 2399 1286 2421 sunt
1297 2394 1384 2421 adbuc
1394 2403 1409 2420 a
1420 2402 1463 2420 me
1474 2393 1507 2419 de
1518 2393 1575 2418 iure
1585 2391 1727 2418 dedicandi
1738 2391 1834 2426 dispu-

1043 2436 1109 2463 tata,
1128 2441 1180 2458 non
1193 2436 1258 2458 sunt
1268 2432 1388 2467 quaesita
1398 2439 1432 2457 ex
1441 2429 1543 2457 occulto
1554 2428 1644 2463 aliquo
1654 2437 1752 2463 genere
1764 2428 1834 2455 litte-

1044 2478 1142 2500 rarum,
1155 2468 1203 2495 sed
1214 2473 1321 2503 sumpta
1332 2468 1364 2495 de
1375 2467 1472 2498 medio,
1485 2475 1518 2492 ex
1528 2466 1609 2492 rebus
1619 2465 1706 2500 palam
1718 2474 1766 2500 per
1776 2474 1834 2491 ma-

1041 2507 1169 2542 gistratus
1190 2506 1255 2532 actis
1276 2505 1310 2532 ad
1323 2505 1521 2540 collegiumque
1534 2502 1638 2533 delatis,
1661 2511 1695 2529 ex
1709 2507 1832 2528 senatus-

1041 2543 1176 2573 consulto,
1189 2542 1300 2578 exlege.
1330 2542 1376 2569 Illa
1386 2541 1509 2568 interiora
1520 2540 1572 2566 iam
1583 2544 1669 2566 vestra
1680 2543 1752 2570 sunt,
1764 2538 1831 2574 quid

1042 2580 1108 2611 dici,
1121 2579 1188 2614 quid
1199 2580 1329 2614 praecipi,
1341 2578 1407 2614 quid
1419 2577 1499 2613 tangi.
1512 2576 1580 2611 quid
1591 2577 1673 2603 teneri
1684 2577 1728 2603 ius
1739 2576 1828 2602 fuerit.

1044 2618 1100 2643 ⁴39.
1113 2616 1185 2649 Quae
1196 2617 1219 2642 si
1231 2617 1319 2643 omnia
1330 2624 1363 2642 ex
1369 2614 1526 2641 Coruncanii
1537 2614 1656 2644 scientia,
1665 2614 1712 2649 qui
1724 2613 1831 2648 peritis-

1042 2654 1128 2680 simus
1139 2653 1258 2689 pontifex
1271 2653 1354 2680 fuisse
1365 2652 1470 2683 dicitur,
1483 2655 1539 2677 acta
1550 2659 1608 2677 esse
1619 2655 1776 2682 constarent,
1784 2654 1830 2677 aut
