1941 3052
206 127 252 152 ⁵5³
781 125 820 150 60.

205 205 307 231 pugno:
325 196 536 222 testimoniorum
552 193 706 227 religionem
719 199 743 219 et
755 193 832 219 Iidem
847 202 994 228 numquam

205 235 252 260 ista
270 235 339 260 natio
353 234 447 262 coluit,
472 234 604 266 totiusque
622 232 734 256 linium-e
750 232 785 257 rei
802 239 870 265 quae
886 231 921 256 nit
945 231 994 260 via.

203 280 271 306 quae
282 271 431 299 auctoritaie,
445 269 515 304 quod
529 268 641 302 pondua,
656 269 786 301 ignorant.
821 270 860 293 ⁴0.
879 267 951 293 Unde
965 267 996 293 il—

205 308 250 334 lud
263 313 315 334 cst:
331 317 362 333 iri
379 316 441 332 uiui
457 316 483 332 ri
496 315 655 331 *riuosiru
671 304 808 331 μυῖα-κ’.)
824 305 892 330 Num
906 304 996 331 Gallo-

204 354 273 375 rum,
287 354 350 371 num
364 345 539 378 Hispanorum
553 343 678 376 putatur?
691 342 786 368 Totum
799 342 870 367 istud
882 342 996 368 Grai-co-

205 392 262 408 rum
275 387 326 407 est:
346 386 373 406 ut
385 382 477 408 vnum,
495 380 541 413 qui
555 380 653 405 Graece
669 380 804 408 nesciunt,
828 379 876 405 hoc
894 379 996 413 quibus

206 420 292 445 verbis
304 428 316 444 a
329 418 436 443 Graccis
447 417 499 443 dici
512 416 603 446 soleat.
617 417 710 442 sciant.
734 417 824 450 Itaque
837 416 996 451 videte-,quo

205 457 288 485 vultu,
301 465 353 489 qua
365 454 520 480 conlidi-ntia
533 453 634 479 dic-ant:
650 458 704 479 tum
719 453 944 488 intelligensque
956 463 996 480 re-

205 493 301 526 ligione
312 493 408 518 ‹lii-sint.
451 492 603 525 Numquam
617 491 693 517 nobis
704 491 736 516 ad
749 496 869 526 rogatum
886 499 995 525 respon-

203 530 277 560 dent,
303 538 409 563 semper
431 528 575 554 accusatori
601 528 675 562 plus,
700 537 781 563 quam
806 529 838 554 ad
863 533 993 563 rogatum.

205 568 355 601 Numquam
369 565 730 600 laborant,quemadmodum
743 566 862 600 probent,
871 565 943 600 quod
955 565 996 591 ‹li—

202 609 279 630 cunt:
297 604 343 630 sed
356 602 583 637 quemadmodum
596 611 623 628 se
634 603 768 637 explicent
779 603 902 629 dicendo.
944 603 996 628 Ira-

203 646 245 667 tus
258 641 349 667 Flacco
359 641 426 666 dixit
439 641 471 666 M,
486 641 582 671 Lurco,
595 640 680 675 quod,
696 645 723 666 ut
736 641 792 675 ipse
803 641 902 671 aiebat,
917 640 997 666 liber-

203 683 245 704 tus
257 683 310 704 erat
321 678 379 704 eius
391 679 460 712 turpi
476 677 574 704 iudicio
584 678 786 704 condemnatus.

201 716 273 750 quod
290 715 404 742 laederet
418 724 490 745 eum,
509 724 594 750 quum
605 720 728 750 cuperet:
753 715 914 750 impediebat
924 715 995 741 enim

203 753 304 789 religio.

201 799 256 825 quo
267 794 378 816 tremore
389 794 414 816 et
426 789 524 824 pallore
535 789 621 816 dixit‘?
647 791 686 816 Η.
699 792 784 822 (luam
798 795 937 825 promptus
950 790 996 816 bo-

202 837 245 854 mo
256 828 284 854 1).
297 827 552 862 S(·ptimius‘?quani
565 828 647 853 iratus
658 828 690 853 ‹le
702 828 802 854 iudicio
813 828 881 853 etde
894 827 997 853 villico?

202 866 300 891 Tamen
314 865 473 892 haesitabat:
492 870 578 891 tamen
590 865 648 891 eius
661 865 814 891 iracundiae
826 865 919 901 religio
931 874 997 891 non·
1017 867 1025 898 j,

444 936 448 937 .
589 903 716 928 Inimicus
728 903 762 928 M.
775 902 895 933 Caelius,
912 902 994 937 quod,
1017 903 1025 926 ὖ

201 948 286 982 quum
299 940 325 966 in
338 948 365 965 re
377 939 514 966 manifesta
527 944 646 974 putasset
658 940 732 966 nefas
743 949 811 971 esse,
821 940 995 974 publicanum
1016 955 1018 972 3

202 977 319 1003 iudicare
331 982 419 1003 contra
436 977 624 1012 publicanum,
647 977 770 1003 sublatus
785 983 840 1003 erat
856 986 870 1003 e
886 985 997 1003 numero
1017 989 1018 999 π

202 1019 427 1049 recuperatorum.
462 1015 560 1040 Tamen
572 1015 657 1041 tenuit
668 1024 705 1045 se,
719 1023 805 1049 neque
817 1014 904 1041 attulit
916 1015 942 1041 in
955 1015 997 1040 iu·
1017 1030 1018 1033 =

202 911 350 937 numquam
371 902 547 937 repugnabat.

201 1052 302 1078 dicium
313 1052 462 1086 quidquam
473 1052 505 1077 ad
521 1052 688 1082 laedendum,
702 1053 753 1078 nisi
766 1052 939 1078 voluntatem.

258 1090 288 1116 V.
306 1090 336 1115 IIi
347 1089 471 1116 siGraeci
484 1089 606 1120 fuissent,
620 1099 648 1116 ac
661 1090 711 1116 nisi
724 1090 805 1116 nostri
818 1098 904 1116 mores
915 1099 944 1116 ac
955 1089 997 1115 di-
1016 1100 1017 1110 ¹

201 1126 314 1161 sciplina
327 1127 388 1161 plus
400 1126 524 1157 vaierent,
534 1136 614 1161 quam
626 1126 701 1153 dolor
712 1136 741 1153 ac
752 1127 890 1153 simultas:
903 1135 996 1154 omnes
1016 1157 1018 1164 Ι

201 1173 230 1190 se
241 1163 382 1199 spoliatos,
400 1169 522 1195 vexatos,
540 1164 652 1190 fortunis
664 1172 771 1191 eversos
783 1173 842 1191 esse
852 1164 994 1191 dixissent.

202 1202 319 1228 Graecus
335 1202 409 1227 testis
425 1210 487 1227 cum
503 1210 532 1227 ea
544 1201 680 1228 voluntate
692 1202 832 1236 processit,
851 1207 880 1228 ut
896 1201 994 1228 laedat:

203 1247 253 1265 non
265 1239 449 1269 iurisiurandi,
462 1239 509 1265 sed
522 1239 642 1265 laedendi
654 1239 734 1265 verba
746 1239 900 1265 meditatur.
931 1239 997 1265 Vin-

201 1276 238 1306 ci,
257 1275 354 1307 refelli,
373 1277 480 1311 coargui
497 1281 572 1311 putat
586 1285 644 1302 esse
660 1277 863 1311 turpissimum:
885 1276 918 1302 ad
929 1277 955 1303 id
967 1285 996 1302 se

202 1317 288 1348 parat:
302 1313 369 1339 nihil
382 1313 455 1339 aliud
465 1318 549 1340 curat.
571 1314 662 1348 Itaque
674 1323 724 1340 non
736 1315 856 1349 optimus
866 1314 994 1349 quisque,

202 1359 249 1377 nec
269 1351 460 1386 gravissimus¹
492 1351 540 1377 sed
560 1351 815 1386 impudentissimus
838 1351 997 1386 loquacissi-

201 1396 316 1423 musque
327 1387 464 1424 deligitur.
493 1389 532 1415 ⁴2.
545 1388 597 1415 Vos
609 1393 696 1415 autem
709 1389 736 1415 in
748 1389 859 1424 privatis
871 1389 997 1415 minima·

201 1434 260 1452 rum
288 1433 377 1452 rerum
405 1425 514 1452 iudiciis
542 1430 636 1452 testem
662 1425 806 1461 diligenter
828 1426 994 1461 expenditis:
1017 1447 1018 1456 ,

200 1463 280 1489 etiam
290 1463 313 1489 si
326 1462 436 1489 sormam
449 1463 579 1495 hominis,
592 1464 615 1490 si
629 1471 724 1490 nomen
733 1484 739 1494 ,
752 1464 775 1490 si
786 1464 887 1490 tribum
900 1464 994 1495 nostis,

200 1509 287 1527 mores
297 1504 385 1526 tamen
397 1501 577 1535 exquirendos
589 1502 698 1536 putatis.
720 1500 772 1533 Qui
783 1506 871 1528 autem
882 1501 948 1528 dicit
958 1506 997 1528 te-
1017 1523 1018 1526 ,

201 1538 357 1564 stimonium
369 1546 402 1564 ex
413 1538 510 1564 nostris
523 1538 688 1569 hominitwus,
702 1543 731 1565 ut
741 1547 770 1565 se
780 1540 839 1574 ipse
849 1539 994 1565 sustentat!

202 1579 230 1601 ut
239 1575 327 1602 omnia
339 1575 419 1601 verba
429 1575 596 1602 moderaturi
618 1580 647 1602 ut
657 1576 745 1607 timet,
763 1585 796 1602 ne
809 1576 875 1611 quid
886 1576 994 1610 cupide,

201 1621 233 1639 ne
243 1612 310 1647 quid
321 1613 456 1643 iracunde,
471 1621 503 1639 ne
513 1613 580 1648 quid
591 1613 652 1648 plus
665 1614 797 1644 minusve,
811 1622 892 1648 quam
904 1614 939 1640 sit
950 1622 997 1640 ne-

200 1659 283 1681 cesse,
296 1649 379 1676 dicat!
393 1650 462 1676 Num
474 1649 534 1676 illos
546 1651 609 1677 item
622 1650 739 1685 putatis?
748 1651 849 1685 quibus
861 1651 997 1677 iusiuran-

200 1687 265 1713 dum
278 1688 351 1713 iocus
362 1691 416 1718 est,
430 1688 611 1714 testimonium
625 1687 719 1714 ludus:
735 1688 898 1714 existimatio
909 1693 996 1714 vestra
1016 1712 1017 1718 ,

202 1724 337 1751 tenebrae:
353 1724 418 1755 laus,
433 1733 543 1755 merces,
556 1725 648 1761 gratia,
657 1725 798 1760 gratulatio
810 1726 944 1760 proposita
955 1730 996 1751 est
1016 1724 1017 1727 ’

201 1762 288 1788 omnis
300 1761 327 1788 in
338 1761 488 1796 impudenti
505 1762 651 1788 mendacio.
683 1762 735 1788 Sed
747 1771 799 1789 non
811 1762 927 1789 dilatabo
937 1771 996 1789 ora-

202 1799 300 1825 tionem
311 1806 412 1825 meam:
436 1800 533 1825 etenim
546 1804 631 1834 potest
643 1808 700 1825 esse
712 1800 828 1830 infinita,
846 1800 869 1826 si
884 1800 952 1826 mihi
964 1799 996 1826 li—

201 1836 262 1862 beat
272 1836 354 1862 totius
363 1837 451 1871 gentis
462 1837 490 1862 in
502 1837 662 1863 testimoniis
672 1837 793 1863 dicendis
804 1837 938 1871 explicare
950 1846 996 1863 va-

201 1874 320 1899 nitatem.
337 1872 389 1899 Sed
404 1874 514 1908 propius
525 1874 662 1900 accedam:
675 1874 708 1900 de
720 1874 761 1900 his
773 1875 870 1900 vestris
882 1874 995 1900 testibus

201 1910 299 1937 dicam.
342 1912 381 1937 13.
403 1911 592 1937 vehementem
608 1914 786 1937 accusatorem
803 1912 872 1938 nacti
887 1920 993 1942 sumus,

200 1947 318 1978 iudices,
336 1952 361 1974 et
376 1948 516 1974 inimicum
532 1949 559 1974 in
570 1949 642 1975 omni
654 1957 751 1984 genere
762 1949 885 1975 odiosum
898 1958 927 1975 ac
938 1957 996 1976 mo-

202 1984 313 2011 lestum:
326 1993 407 2020 quem
419 1994 497 2020 spero
509 1985 550 2011 his
562 1986 642 2012 rebus
655 1986 707 2012 l'ore
719 1995 816 2022 magno
827 1987 889 2013 usui
898 1987 997 2013 etami—

201 2023 240 2049 cis
251 2027 276 2048 et
291 2022 463 2057 reipublicae.

200 2096 252 2130 Qui
263 2097 404 2123 comitatus
416 2097 443 2124 in
455 2097 633 2132 inquirendo?
651 2099 805 2125 comitatum
817 2098 894 2125 dico?
913 2099 996 2125 immo

202 2143 264 2161 vero
275 2139 392 2169 quantus
403 2134 554 2161 exercitus?
573 2143 642 2170 quae
653 2135 771 2162 iactura?
789 2137 837 2171 qui
852 2135 997 2171 sumptus?

201 2176 300 2206 quanta
312 2171 433 2207 largitio?
447 2172 520 2204 Quae
536 2181 701 2208 quamquam
713 2173 789 2200 utilia
800 2178 864 2199 sunt
873 2182 993 2204 caussae,

201 2209 294 2235 timide
306 2213 392 2235 tamen
403 2209 476 2242 dico;
499 2209 571 2245 quod
583 2219 682 2241 vereor,
695 2219 728 2237 ne
740 2210 846 2237 Laelius
856 2219 889 2237 ex
901 2211 943 2237 his
954 2219 997 2237 re-

200 2246 267 2277 bus,
284 2255 352 2281 quas
364 2247 416 2273 sibi
428 2248 548 2282 suscepit
557 2247 657 2283 gloriae
667 2256 775 2279 caussa,
794 2253 870 2282 putet
880 2247 993 2283 aliquid,

201 2284 316 2310 oratione
327 2292 394 2315 mea,
408 2285 540 2311 sermonis
552 2285 577 2311 in
589 2293 647 2311 sese
659 2290 704 2311 aut
714 2285 831 2312 invidiae
841 2294 901 2312 esse
912 2294 998 2321 quae-

201 2321 294 2347 situm.
320 2321 363 2347 VI.
376 2322 467 2356 ltaque
478 2321 546 2348 hanc
557 2327 657 2356 partem
669 2327 749 2349 totam
760 2323 924 2358 relinquam:
938 2328 997 2349 tan-

202 2362 258 2384 tum
273 2367 287 2384 a
303 2358 380 2385 vobis
396 2364 497 2394 petam,
514 2359 632 2390 iudices,
650 2364 692 2390 ut,
707 2361 730 2386 si
741 2360 808 2395 quid
818 2361 871 2395 ipsi
881 2360 996 2387 audistis

201 2396 338 2422 communi
350 2395 418 2422 fama
429 2401 508 2431 atque
519 2405 654 2428 sermone,
668 2397 702 2423 de
712 2398 748 2428 vi,
761 2398 794 2424 de
806 2406 896 2428 manu,
909 2397 943 2424 de
953 2406 997 2424 ar-

202 2433 267 2463 mis,
284 2433 317 2458 de
327 2434 425 2468 copiis,
443 2434 633 2460 memineritis:
655 2443 770 2470 quarum
781 2443 871 2461 rerum
882 2434 993 2466 invidia,

203 2467 260 2504 lege
271 2469 320 2495 hac
330 2472 427 2497 recenti
438 2479 467 2497 ac
478 2480 558 2502 nova,
575 2476 662 2498 certus
678 2476 719 2498 est
732 2472 901 2507 inquisitioni
912 2473 995 2498 comi—

203 2509 260 2531 tum
272 2515 398 2533 numerus
410 2508 580 2535 constitutus.
616 2510 656 2535 ⁴4.
668 2508 720 2535 Sed
732 2514 762 2535 ut
772 2510 840 2536 hanc
851 2510 905 2535 vim
917 2510 996 2536 omit-

203 2547 269 2573 tam,
282 2548 380 2577 quanta
390 2544 436 2570 illa
447 2545 528 2571 sunt‘?
546 2554 616 2580 quae
625 2547 753 2581 quoniam
764 2547 927 2573 accusatorio
937 2547 995 2573 iure

202 2583 229 2605 et
239 2588 312 2606 more
322 2585 386 2606 sunt
398 2581 472 2612 sacta,
486 2583 679 2617 reprehendere
690 2592 742 2610 non
754 2591 909 2618 possumus,
917 2584 995 2619 queri

205 2620 291 2643 tamen
301 2617 436 2652 cogimur:
458 2619 575 2652 primum
590 2620 676 2654 quod,
693 2621 845 2648 distributis
861 2621 992 2655 partibus,

203 2661 291 2681 sermo
305 2659 345 2681 est
359 2659 411 2681 tota
421 2655 484 2682 Asia
493 2655 654 2692 dissipatus,
671 2658 720 2685 Cn.
732 2658 890 2693 Pompeium
899 2679 905 2690 ‚
922 2658 995 2694 quod

829 678 900 704 Nihil
917 677 994 707 dixit,
1016 686 1017 690 ¹

345 753 444 779 Tamen
456 752 496 783 id,
512 752 584 787 quod
601 752 682 783 dixit,
699 758 800 787 quanto
809 761 870 779 cum
884 752 994 787 pudore,
1016 754 1025 772 3¹

504 2022 556 2049 Sed
569 2028 640 2049 certe
653 2022 834 2050 inflammatus
844 2023 996 2050 incredibili
1017 2018 1019 2048 Ῐ

200 2059 359 2094 cupiditate,
382 2059 449 2086 hanc
463 2068 585 2086 caussam
600 2061 850 2096 accusationemque
864 2062 993 2096 suscepit.
1016 2056 1019 2079 ῗ

856 124 890 149 Μ.
925 124 954 149 T.
984 123 1258 149 CICERONIS

1016 194 1025 224 {¹
1049 193 1076 219 1..
1090 192 1182 219 Flacco
1197 198 1236 219 ent
1252 193 1420 220 vehementer
1436 194 1574 225 inimicus.
1591 194 1759 222 contendisse
1776 204 1789 221 a
1805 195 1835 222 D.

1049 230 1149 259 Laelio,
1168 235 1276 264 paterno
1291 231 1376 256 aniico
1390 239 1419 256 ac
1435 233 1643 266 pernecessario.
1662 238 1690 259 ut
1706 232 1838 259 hunchuc

1049 267 1148 293 iudicio
1162 272 1319 293 arcesseret:
1337 275 1497 303 omnemque
1512 269 1535 295 ei
1551 278 1628 296 suam
1644 270 1835 301 auctoritatem,

1047 304 1172 337 gratiam,
1189 305 1292 339 copias,
1310 313 1374 339 opes
1389 304 1421 330 ad
1438 305 1486 331 boc
1497 307 1631 339 negotium
1642 307 1838 334 conficiendum

1047 341 1186 367 detulisse.
1228 341 1254 367 Id
1267 341 1315 367 hoc
1327 342 1501 368 verisimilius
1511 343 1620 370 Graccis
1632 344 1786 370 bominibus
1799 344 1839 371 vi-

1047 378 1172 408 debatur,
1190 379 1237 413 qui
1254 378 1344 413 paullo
1358 384 1418 405 ante
1433 380 1459 405 in
1474 379 1565 406 eadem
1578 381 1712 415 provincia
1725 381 1839 408 famili·-

1049 424 1102 441 rem
1115 415 1233 442 Laelium
1247 416 1340 442 Flacco
1351 416 1480 442 viderant.
1522 417 1638 452 Pompeii
1648 423 1736 445 autem
1749 423 1840 445 aucto-

1049 454 1110 478 ritas
1126 461 1210 487 quum
1227 452 1298 487 apud
1313 462 1406 479 omnes
1421 458 1490 480 tanta
1502 459 1555 484 est,
1571 460 1738 489 quantaene
1749 456 1837 486 debet.

1049 495 1104 516 tum
1116 490 1223 516 excellit
1236 491 1261 517 in
1275 490 1322 516 ista
1335 491 1485 525 provincia.
1502 500 1582 526 quam
1597 500 1683 526 nuper
1692 498 1718 519 et
1728 493 1840 528 praedo-

1049 536 1112 553 num
1124 532 1149 553 et
1161 536 1252 562 regum
1264 527 1334 554 bello
1347 527 1477 554 liberavit.
1517 528 1648 555 Adiunxit
1663 529 1721 560 illa,
1739 535 1768 556 ut
1782 539 1838 560 eos.

1047 565 1094 599 qui
1106 564 1185 591 domo
1197 566 1268 591 exire
1281 565 1412 595 nolebant.
1421 566 1565 592 testimonii
1577 566 1776 594 denuntiatione
1787 572 1840 594 ter-

1049 607 1129 628 reret:
1151 603 1199 637 qui
1214 603 1284 628 domi
1302 607 1371 629 stare
1387 612 1437 629 non
1454 608 1585 638 poterant,
1609 603 1680 640 largo
1696 609 1721 630 et
1737 603 1839 631 liber-li

1049 640 1144 666 viatico
1154 645 1341 666 commoveret.
1383 642 1424 667 ⁴5.
1441 640 1486 667 Sic
1495 641 1658 672 adolescens,
1670 642 1771 677 ingenii
1783 641 1841 676 ple·-

1049 686 1113 707 nus,
1132 676 1276 712 locupletes
1288 682 1373 708 metu.
1391 683 1484 704 tenues
1495 679 1625 713 praemio,
1643 678 1738 705 stultos
1753 687 1842 706 errore

1049 716 1192 749 permovit:
1215 716 1254 741 sic
1265 720 1329 741 sunt
1339 724 1464 750 expressa
1476 716 1526 742 ista
1538 715 1680 750 praeclara.
1692 724 1762 751 quae
1773 717 1842 743 reci-

1049 756 1149 781 tantur,
1163 752 1358 786 psephismata,
1373 761 1424 779 non
1436 754 1588 783 sententiis,
1602 762 1688 788 neque
1699 754 1842 780 auctorita-

1048 789 1120 815 tibus
1131 789 1274 820 declarata,
1289 799 1336 816 nec
1348 790 1518 817 iureiurando
1527 791 1681 821 constricta,
1698 790 1744 817 sed
1756 791 1841 826 porri—

1047 827 1132 862 genda
1158 836 1238 853 manu
1264 826 1503 863 profundendoque
1523 828 1638 854 clamore
1658 828 1840 855 multitudinis

1048 865 1200 891 concitatae.

1105 902 1158 927 VII.
1180 901 1202 928 O
1214 910 1312 927 morem
1326 901 1490 936 praeclarum
1502 901 1741 937 disciplinamque,
1758 911 1839 937 quam

1048 947 1061 964 a
1074 939 1219 965 maioribus
1231 939 1391 973 accepimus,
1400 940 1422 965 si
1434 939 1544 975 quidem
1558 940 1722 966 teneremus!
1735 939 1782 966 sed
1795 948 1841 966 ne—

1048 976 1103 1002 scio
1113 985 1167 1011 quo
1179 981 1253 1011 pacto
1265 977 1315 1002 iam
1328 976 1360 1002 de
1373 977 1497 1003 manibus
1508 976 1632 1003 elabitur.
1651 976 1757 1003 Nullam
1769 977 1841 1004 enim

1048 1013 1086 1039 illi
1100 1014 1181 1040 nostri
1194 1013 1386 1048 sapientissimi
1397 1019 1422 1040 et
1433 1015 1595 1041 sanctissimi
1609 1015 1657 1041 viri
1671 1015 1725 1041 vim
1736 1015 1842 1041 concio-

1049 1051 1090 1077 nis
1111 1060 1169 1077 esse
1185 1051 1340 1077 volucrunt:
1361 1060 1430 1087 quae
1445 1052 1569 1078 scisceret
1585 1052 1691 1087 plebes,
1713 1055 1761 1078 aut
1773 1060 1841 1087 quae

1049 1088 1164 1123 populus
1176 1088 1291 1119 iuberet,
1305 1094 1437 1115 summota
1449 1089 1583 1120 concione,
1596 1089 1748 1115 distributis
1760 1090 1842 1124 parti-

1048 1125 1109 1156 bus,
1117 1125 1238 1152 tributim
1251 1130 1275 1152 et
1285 1127 1453 1153 centuriatim
1464 1126 1605 1161 descriptis
1616 1126 1765 1157 ordinibus,
1773 1125 1842 1153 clas-

1047 1163 1136 1194 sibus,
1159 1163 1304 1194 aetatibus,
1326 1163 1424 1190 auditis
1440 1164 1606 1195 auctoribus,
1629 1172 1656 1190 re
1672 1163 1770 1190 multos
1784 1163 1842 1190 dies

1049 1200 1214 1236 promulgata
1225 1205 1250 1227 et
1261 1202 1374 1237 cognita,
1389 1201 1474 1228 iuberi
1486 1201 1623 1236 vetarique
1634 1200 1785 1228 voluerunt.
1800 1203 1840 1227 16.

1048 1237 1208 1264 Graecorum
1221 1242 1308 1264 autem
1321 1243 1388 1264 totae
1400 1238 1567 1274 respublicae
1578 1238 1696 1265 sedentis
1707 1238 1841 1265 concionis

1049 1276 1194 1301 temeritate
1206 1275 1437 1302 administrantur.
1459 1277 1559 1310 Itaque,
1573 1280 1603 1302 ut
1613 1275 1681 1302 hanc
1692 1275 1840 1307 Graeciam,

1047 1321 1116 1348 quae
1139 1312 1240 1339 iamdiu
1264 1313 1322 1340 suis
1345 1313 1464 1339 consiliis
1486 1312 1609 1348 perculsa
1629 1317 1655 1339 et
1674 1311 1771 1339 amicta
1791 1317 1840 1344 est,

1047 1350 1181 1376 omittam:
1204 1349 1249 1376 illa
1262 1355 1351 1381 vetus,
1369 1359 1438 1386 quae
1448 1349 1583 1386 quondam
1594 1350 1705 1386 opibus,
1719 1350 1840 1385 imperio,

1047 1387 1130 1423 gloria
1143 1387 1242 1418 floruit,
1260 1387 1310 1415 hoc
1325 1397 1378 1415 uno
1390 1387 1459 1415 malo
1469 1387 1598 1419 concidit,
1617 1387 1736 1414 libertate
1747 1388 1843 1415 immo-

1047 1425 1135 1451 derata
1147 1434 1176 1451 ac
1188 1424 1293 1452 licentia
1304 1425 1470 1452 concionum.
1504 1424 1593 1458 Quum
1605 1425 1632 1452 in
1645 1425 1746 1452 theatro
1756 1425 1843 1460 impe-

1048 1463 1091 1488 riti
1103 1462 1235 1493 homines,
1255 1471 1342 1489 rerum
1355 1463 1475 1489 omnium
1488 1462 1568 1489 rudes
1584 1463 1732 1499 ignarique,
1749 1471 1843 1489 conse-

1047 1499 1153 1526 derant:
1176 1504 1234 1526 tum
1249 1500 1318 1527 bella
1330 1500 1436 1527 inutilia
1447 1500 1644 1535 suscipiebant,
1661 1503 1718 1526 tum
1733 1499 1843 1526 seditio-

1047 1546 1092 1564 sos
1112 1537 1235 1564 homines
1255 1537 1419 1573 reipublicae
1439 1537 1640 1572 praeficiebant,
1665 1541 1722 1564 tum
1742 1537 1843 1572 optime

1047 1575 1156 1601 meritos
1167 1575 1240 1601 cives
1251 1584 1265 1601 e
1275 1575 1381 1601 civitate
1393 1575 1543 1601 eiiciebant.
1587 1575 1625 1601 Π,
1647 1573 1724 1606 Quod
1739 1575 1762 1601 si
1778 1574 1843 1601 baec

1048 1612 1158 1638 Athenis
1175 1616 1245 1643 tum,
1267 1621 1353 1648 quum
1369 1612 1430 1638 illae
1445 1621 1496 1638 non
1511 1611 1599 1638 solum
1611 1612 1638 1638 in
1650 1611 1773 1642 Graecia,
1795 1611 1843 1638 sed

1048 1657 1129 1684 prope
1140 1650 1244 1676 cunctis
1254 1648 1382 1685 gentibus
1393 1649 1538 1679 enitebant,
1551 1648 1670 1675 accidere
1680 1653 1744 1675 sunt
1753 1647 1840 1680 solita.

1047 1695 1128 1721 quam
1145 1685 1352 1713 moderationem
1369 1686 1468 1721 putatis
1484 1687 1511 1712 in
1526 1686 1641 1722 Phrygia
1658 1690 1704 1712 aut
1718 1686 1746 1712 in
1757 1685 1842 1722 Mysia

1046 1724 1204 1750 concionum
1221 1723 1324 1750 iuisse‘.²
1344 1724 1452 1750 Nostras
1472 1724 1612 1750 conciones
1633 1722 1741 1749 illarum
1757 1723 1844 1750 natio-

1047 1770 1112 1788 num
1124 1761 1246 1788 homines
1259 1761 1417 1796 plerumque
1429 1760 1593 1795 perturbant.
1615 1759 1788 1796 Quid,quum
1799 1769 1844 1787 so-

1048 1798 1064 1824 li
1077 1803 1140 1824 sunt
1150 1799 1212 1833 ipsi,
1226 1798 1332 1825 tandem
1344 1798 1401 1824 [ieri
1412 1797 1530 1833 putatis?
1540 1797 1639 1824 Caesus
1650 1802 1690 1824 est
1701 1797 1844 1834 virgisCy-

1047 1844 1140 1862 maeus
1151 1836 1195 1862 ille
1207 1836 1402 1872 AthenagoraS,
1425 1835 1472 1870 qui
1488 1836 1515 1861 in
1531 1834 1600 1861 same
1617 1834 1781 1861 frumentum
1796 1843 1843 1861 ex-

1047 1878 1151 1908 portare
1162 1878 1216 1899 erat
1227 1882 1320 1900 ausus.
1354 1873 1417 1899 Data
1427 1873 1519 1899 concio
1530 1871 1619 1899 Laelio
1628 1877 1678 1898 est.
1712 1872 1844 1899 Processit

1047 1910 1092 1937 ille
1100 1931 1106 1941 ‚
1124 1915 1150 1937 et
1160 1910 1278 1937 Graecus
1292 1909 1364 1945 apud
1376 1910 1491 1937 Graecos
1507 1918 1558 1936 non
1569 1909 1602 1936 de
1613 1909 1692 1944 culpa
1703 1917 1752 1936 sua
1763 1908 1840 1941 dixit,

1047 1947 1094 1974 sed
1105 1948 1138 1974 de
1150 1956 1234 1983 poena
1245 1952 1358 1983 questus
1370 1951 1420 1974 est.
1460 1947 1638 1985 Porrexerunt
1653 1955 1764 1973 manus:

1047 1985 1154 2020 phisma
1166 1990 1258 2012 natum
1270 1990 1320 2012 est.
1345 1985 1399 2012 IIoc
1411 1985 1594 2011 testimonium
1606 1983 1664 2011 est‘?
1674 1985 1766 2019 Nuper
1775 1992 1844 2020 epu-

1048 2023 1106 2054 lati,
1123 2023 1214 2058 paullo
1224 2027 1285 2049 ante
1296 2022 1369 2049 omni
1382 2022 1521 2058 largitione
1531 2022 1655 2052 saturati,
1672 2021 1841 2057 Pergameni.

1046 2061 1120 2095 quod
1130 2060 1311 2091 Mithridates,
1329 2060 1377 2095 qui
1390 2059 1592 2086 multitudinem
1604 2058 1679 2085 illam
1689 2067 1742 2085 non
1752 2063 1844 2086 aucto-

1047 2099 1136 2129 ritate,
1152 2097 1199 2124 sed
1210 2098 1303 2134 sagina
1315 2097 1428 2128 tenebat,
1441 2105 1470 2123 se
1481 2096 1550 2123 velle
1560 2096 1639 2127 dixit,
1651 2095 1678 2122 id
1689 2100 1802 2128 sutores,
1814 2095 1843 2123 id

1047 2136 1148 2162 zonarii
1157 2135 1366 2162 conclamarunt.
1401 2135 1455 2161 Hoc
1465 2134 1648 2160 testimonium
1660 2137 1700 2160 est
1709 2131 1844 2160 civitatis?

1046 2173 1103 2209 Ego
1115 2177 1194 2199 testes
1205 2181 1218 2199 a
1230 2172 1321 2199 Sicilia
1333 2171 1440 2207 publice
1451 2171 1527 2198 duxi.
1567 2170 1667 2198 Verum
1678 2175 1752 2197 erant
1762 2178 1792 2197 ea
1803 2175 1844 2197 te-

1047 2211 1172 2237 stimonia
1184 2218 1236 2237 non
1247 2210 1391 2236 concitatae
1402 2209 1551 2239 concionis.
1568 2207 1615 2235 sed
1631 2207 1711 2234 iurati
1720 2211 1841 2234 senatus.

1048 2249 1088 2274 ⁴8.
1101 2247 1188 2280 Quare
1199 2248 1251 2274 iam
1264 2256 1316 2274 non
1327 2251 1368 2273 est
1379 2246 1445 2273 mihi
1456 2245 1589 2273 contentio
1598 2253 1661 2272 cum
1672 2249 1752 2272 teste:
1765 2244 1842 2272 vobis

1047 2285 1195 2312 videndum
1207 2290 1256 2316 est,
1270 2285 1359 2311 sintne
1370 2284 1435 2311 haec
1444 2283 1595 2310 testimonia
1606 2281 1735 2318 putanda.

1101 2323 1168 2349 VIII.
1181 2322 1344 2349 Adolescens
1355 2321 1453 2353 bonus,
1466 2321 1576 2347 honesto
1587 2319 1644 2346 Ioco
1655 2324 1743 2351 natus,
1755 2318 1843 2346 diser-

1046 2364 1104 2391 tus,
1127 2368 1189 2386 cum
1205 2359 1323 2386 maximo
1337 2358 1561 2393 ornatissimoque
1575 2357 1702 2384 comitatu
1722 2356 1796 2383 venit
1813 2356 1843 2384 in

1046 2397 1176 2432 oppidum
1188 2397 1365 2424 Graecorum:
1382 2395 1500 2431 postulat
1509 2395 1678 2422 concionem:
1696 2393 1842 2429 locupleta

1046 2434 1170 2461 homines
1180 2439 1206 2461 et
1215 2443 1321 2470 graves,
1334 2442 1367 2460 ne
1378 2433 1431 2460 sibi
1442 2432 1624 2462 adversentur,
1639 2431 1784 2458 testimonii
1793 2430 1843 2458 de-

1047 2472 1212 2498 nuntiatione
1223 2471 1351 2498 deterret:
1368 2474 1476 2507 egentes
1487 2474 1513 2496 et
1523 2469 1596 2496 leves
1607 2477 1654 2504 spe
1665 2467 1805 2505 legationis
1815 2472 1842 2495 et

1046 2509 1143 2536 viatico
1163 2508 1285 2544 publico,
1308 2508 1411 2543 privata
1429 2507 1509 2534 etiam
1524 2506 1688 2542 benignitate
1703 2505 1840 2541 prolectat.

1046 2546 1162 2581 Opifices
1173 2551 1199 2573 et
1209 2545 1372 2572 tabernarios
1379 2566 1386 2576 ‚
1399 2549 1478 2580 atque
1488 2543 1563 2570 illam
1573 2551 1680 2570 omnem
1692 2542 1792 2570 [aecem
1801 2542 1842 2569 ci-

1046 2584 1172 2614 vitatum,
1195 2583 1262 2619 quid
1272 2587 1314 2610 est
1324 2582 1422 2619 nQotii
1432 2582 1576 2612 concitare,
1598 2581 1627 2607 in
1641 2589 1704 2607 eum
1719 2588 1842 2616 praeser-

1046 2621 1108 2652 tim,
1130 2621 1178 2656 qui
1193 2629 1280 2655 nuper
1293 2628 1402 2647 summo
1415 2627 1478 2646 cum
1492 2618 1604 2653 imperio
1618 2617 1710 2649 fuerit,
1732 2625 1841 2644 summo

1045 2663 1136 2685 autem
1150 2659 1178 2686 in
1193 2666 1282 2685 amore
1295 2665 1369 2689 esse,
1386 2660 1493 2693 propter
1507 2664 1605 2683 nomen
1619 2655 1712 2691 ipsum
1721 2654 1838 2691 imperii,

1902 2627 1907 2634 .
1893 2477 1909 2606 ’.μ-Λεωια
1895 2428 1899 2437 “
