1941 3052
351 126 681 153 EPISTOLARUM
710 125 764 152 AD
795 125 1003 152 ATTlCUM
1034 125 1114 152 LIB.
1140 126 1175 151 11.

79 202 201 226 mortuus
212 201 264 229 est,
278 196 389 231 reliquit
400 197 478 223 nobis
489 197 553 223 11-S
567 196 675 223 fortasse
687 197 798 223 centies.
824 196 875 223 Co-

79 236 155 262 mitia
165 233 278 261 Bibulus
289 242 351 260 cum
358 234 529 261 Archilochio
540 234 626 260 edicto
638 235 664 260 in
677 239 736 260 ante
747 234 872 260 diemxv.

79 272 138 300 Kal.
151 271 283 298 Novemb.
296 271 411 298 distulit.
446 272 467 297 Α
480 272 558 298 Vibio
571 271 653 298 libros
664 272 766 306 accepi.
798 272 874 297 Poeta

79 311 201 344 ineptus,
219 317 267 335 nec
279 313 367 335 tamen
379 309 430 335 scit
440 309 508 335 nihil
520 314 545 336 et
555 314 595 336 est
605 318 657 336 non
669 309 784 336 inutilis.
824 309 875 335 De-

79 347 169 374 scribo
179 351 205 373 et
215 346 329 372 remitto.

131 419 198 441 XXI.
227 422 313 443 (Romae,
325 422 410 440 Can-sare.
420 421 488 439 Bibulo
499 428 544 438 fuss⁴
555 421 611 444 (¹¹35.)

263 461 433 488 CICERO
463 461 631 488 ATTICO
661 461 688 488 S.

139 494 214 525 [De
226 499 365 533 republica
376 499 443 534 quid
455 508 504 535 ego
515 499 564 525 tibi
575 497 729 525 subtiliter?
739 498 802 524 Tota
814 506 876 532 per-

80 536 120 566 iit,
138 540 217 570 atque
230 536 279 562 hoc
289 541 329 563 est
339 537 471 567 miserior,
484 545 565 571 quam
577 536 721 571 reliquisti,
733 535 806 570 quod
818 540 875 561 tum

80 573 224 600 videbatur
235 573 370 600 eiusmodi
386 573 532 600 dominatio
544 574 680 600 civitatem
695 572 873 607 oppressisse,

79 619 149 646 quae
161 611 279 637 iucunda
290 616 361 638 esset
376 611 558 642 multitudini,
576 611 654 637 bonis
670 615 759 636 autem
772 610 806 635 ita
819 617 876 635 mo-

80 647 160 679 lesta,
178 653 208 674 ut
223 653 311 675 tamen
327 649 385 675 sine
401 649 533 683 pernicie:
552 657 623 674 nunc
638 652 746 682 repente
761 651 833 673 tanto
848 647 875 671 in

79 685 142 712 odio
157 690 197 712 est
211 686 353 717 omnibus,
371 690 413 717 ut,
431 694 548 720 quorsus
559 690 686 720 eruptura
702 685 750 715 sit,
769 684 877 710 horrea-

81 731 152 749 mus.
193 723 260 749 Nam
276 723 443 749 iracundiam
463 728 541 757 atque
562 722 795 757 intemperantiam
816 720 877 746 illo—

79 769 142 786 rum
156 769 252 786 sumus
267 761 384 795 experti,
404 761 453 795 qui
468 760 560 787 Catoni
575 761 635 786 irati
649 759 739 786 omnia
751 758 878 794 perdide-
904 782 906 786 .

80 801 153 824 runt.
184 797 237 824 Sed
249 798 283 824 ita
296 798 403 824 lenibus
415 798 454 823 uti
466 797 628 824 videbantur
639 797 760 827 venenis,
774 800 803 822 ut
814 804 877 830 pos-

80 843 110 861 se
121 834 277 861 videremur
287 835 345 861 sine
361 834 451 861 dolore
466 835 585 861 interire.
626 835 703 860 Nunc
713 842 776 860 vero
787 832 877 859 sibilis

80 871 347 908 vulgi,sermonibus
359 871 541 902 honestorum,
555 871 663 897 fremitu
675 870 775 901 Italiae,
784 878 878 897 vereor

80 917 114 936 ne
125 909 283 935 exarserint.
313 910 339 935 2.
356 909 490 944 Equidem
502 909 653 943 sperabam,
666 913 696 935 ut
706 917 786 943 saepe
797 908 877 934 etiam

81 946 155 981 loqui
168 951 257 973 tecum
268 945 398 977 solebam,
411 947 450 972 sic
461 946 554 972 orbem
566 946 732 980 reipublicae
743 954 802 971 esse
813 953 878 971 con-
905 965 906 974 ,

80 992 204 1014 versum,
218 988 247 1010 ut
258 984 306 1010 vix
316 984 435 1010 sonitum
446 983 553 1015 audire,
572 984 620 1010 vix
631 984 792 1018 impressam
803 982 878 1009 orbi-

80 1026 135 1048 tam
145 1021 237 1047 videre
248 1029 404 1056 possemus:
418 1026 444 1047 et
455 1020 551 1048 fuisset
563 1021 606 1052 ita,
620 1021 643 1047 si
655 1021 778 1047 homines
790 1025 878 1047 trans-

80 1060 149 1085 itum
172 1059 338 1093 tempestatis
359 1063 513 1093 exspectare
536 1059 700 1093 potuissent;
724 1058 772 1085 sed
792 1066 877 1093 quum

79 1096 128 1122 diu
138 1095 241 1123 occulte
253 1097 444 1131 suspirassent,
453 1101 543 1131 postea
556 1097 609 1122 iam
620 1105 737 1131 gemere,
746 1095 779 1122 ad
790 1100 878 1122 extre-

80 1142 155 1160 mum
167 1142 229 1160 vero
241 1133 315 1168 loqui
326 1142 419 1160 omnes
431 1138 456 1160 et
466 1133 581 1160 clamare
592 1138 747 1168 coeperunt.
789 1135 813 1159 3.
827 1134 878 1159 Ita-

79 1179 133 1206 que
146 1170 191 1197 ille
203 1171 306 1197 amicus
318 1175 420 1202 noster,
438 1170 558 1197 insolens
574 1171 713 1202 infamiae,
732 1179 839 1205 semper
850 1171 877 1196 in

81 1208 159 1235 laude
171 1213 307 1239 versatus,
324 1207 515 1235 circumfluens
526 1208 625 1244 gloria,
642 1208 807 1235 deformatus
819 1216 878 1234 cor-

80 1254 157 1281 pore,
171 1245 271 1272 fractus
283 1246 386 1277 animo,
404 1255 458 1281 quo
468 1255 496 1272 se
508 1245 626 1272 conferat
637 1247 735 1273 nescit:
753 1254 878 1281 progres-

79 1292 141 1310 sum
152 1284 341 1318 praecipitem,
355 1284 550 1310 inconstantem
562 1284 678 1310 reditum
693 1283 780 1310 videt:
794 1283 878 1309 bonos

80 1321 206 1347 inimicos
218 1320 306 1352 habet,
320 1320 458 1356 improbos
470 1321 543 1356 ipsos
553 1330 605 1348 non
617 1322 727 1347 amicos.
766 1320 804 1347 Ac
817 1320 878 1346 vide

79 1357 220 1385 mollitiem
237 1358 331 1385 animi.
372 1359 430 1384 Non
447 1359 521 1385 tenui
537 1358 674 1390 lacrimas,
697 1367 783 1394 quum
800 1358 878 1384 illum

79 1400 140 1422 ante
152 1404 209 1422 v111.
222 1395 281 1422 Kal.
295 1395 369 1422 Sext.
386 1395 445 1422 vidi
460 1396 493 1422 de
509 1396 604 1423 edictis
615 1396 706 1422 Bibuli
716 1396 878 1422 concionan-

79 1438 144 1460 tem.
179 1433 231 1465 Qui
242 1438 319 1460 antea
329 1433 424 1460 solitus
436 1438 507 1460 esset
518 1434 614 1460 iactare
626 1442 654 1460 se
666 1434 879 1470 magnificentis-

78 1471 148 1497 sime
159 1470 206 1497 illo
217 1471 245 1497 in
257 1470 327 1502 loco,
346 1480 453 1497 summo
468 1480 530 1497 cum
546 1480 634 1498 amore
647 1471 754 1506 populi,
773 1471 878 1497 cunctis

78 1507 234 1535 faventibus
243 1528 249 1539 ,
266 1513 296 1535 ut
306 1507 352 1534 ille
364 1513 420 1535 tum
433 1508 559 1540 humilis,
577 1514 607 1535 ut
617 1509 753 1535 demissus
765 1514 832 1539 erat,
850 1512 879 1534 ut

78 1546 139 1580 ipse
150 1546 231 1572 etiam
242 1545 306 1576 sibi,
320 1554 372 1572 non
385 1546 418 1572 iis
429 1545 531 1577 solum,
547 1547 596 1581 qui
607 1546 730 1577 aderant,
748 1546 879 1581 displice-

78 1583 137 1610 bat!
169 1584 194 1609 4.
215 1582 237 1609 Ο
248 1583 433 1617 spectaculum
445 1584 492 1610 uni
503 1584 598 1611 Crasso
608 1583 768 1615 iucundum,
782 1584 878 1610 ceteris

78 1629 132 1648 non
144 1621 221 1647 item!
234 1629 306 1651 nam,
315 1621 379 1655 quia
390 1621 527 1648 deciderat
536 1629 569 1648 ex
580 1622 668 1653 astris,
681 1621 782 1656 lapsus,
796 1630 877 1656 quam

78 1666 253 1694 progressus,
271 1658 361 1693 potius
378 1658 534 1685 videbatur:
552 1663 589 1690 et,
607 1663 637 1685 ut
647 1659 768 1694 Apelles,
787 1660 810 1685 si
826 1659 878 1685 Ve-

78 1704 185 1727 nerem,
203 1699 249 1722 aut
263 1696 287 1722 si
299 1696 459 1732 Protogenes
474 1696 592 1732 Ialysum
609 1696 687 1723 illum
703 1705 783 1723 suum
796 1705 878 1723 caeno

78 1732 194 1760 oblitum
206 1732 318 1765 videret,
332 1742 472 1769 magnum,
489 1733 582 1765 credo,
600 1735 732 1769 acciperet
742 1734 875 1761 dolorem:

78 1771 119 1797 sic
133 1779 183 1806 ego
199 1770 285 1802 hunc,
302 1771 430 1798 omnibus
446 1780 460 1798 a
476 1780 518 1798 me
532 1772 635 1807 pictum
652 1776 677 1798 et
687 1771 802 1806 politum
813 1772 878 1798 artis

78 1807 224 1839 coloribus,
238 1808 329 1835 subito
340 1808 529 1840 deformatum,
543 1818 595 1836 non
607 1810 666 1835 sine
678 1818 775 1845 magno
787 1809 877 1836 dolore

77 1845 147 1872 vidi.
187 1845 358 1881 Quamquam
370 1855 448 1873 nemo
459 1847 584 1881 putabat,
597 1851 705 1882 propter
716 1847 877 1874 Clodianum

77 1882 231 1918 negotium,
248 1892 291 1909 me
303 1883 343 1910 illi
355 1884 473 1910 amicum
485 1893 545 1910 esse
555 1884 666 1910 debere:
685 1889 773 1911 tamen
789 1889 878 1911 tantus

77 1919 130 1946 fuit
141 1928 228 1951 amor,
246 1925 276 1947 ut
290 1921 429 1947 exhauriri
446 1921 519 1948 nulla
536 1926 626 1956 posset
637 1922 745 1948 iniuria.
766 1946 768 1948 ,
786 1923 878 1957 Itaque

77 1956 251 1984 Archilochia
267 1958 294 1983 in
310 1957 389 1984 illum
403 1958 489 1985 edicta
501 1959 591 1985 Bibuli
603 1958 703 1993 populo
715 1960 750 1986 ita
761 1964 824 1986 sunt
837 1960 879 1986 iu-

77 1994 176 2025 cunda,
190 1999 219 2021 ut
230 2003 292 2021 eum
305 1994 403 2026 locum,
412 1996 459 2022 ubi
470 2001 665 2030 proponuntur,
679 2005 742 2030 prae
754 1997 879 2023 multitu-

78 2032 142 2059 dine
157 2040 265 2063 eorum,
283 2032 331 2066 qui
348 2031 453 2068 legunt,
474 2034 587 2059 transire
603 2038 750 2068 nequeant,
774 2035 827 2068 ipsi
844 2034 878 2060 ita

78 2069 188 2100 acerba,
205 2074 234 2096 ut
249 2068 368 2096 tabescat
383 2069 486 2102 dolore,
504 2070 573 2096 mihi
589 2070 743 2097 mehercule
755 2071 876 2102 molesta,

78 2106 152 2142 quod
163 2111 189 2133 et
199 2115 276 2138 eum,
290 2115 372 2142 quem
384 2116 492 2142 semper
505 2107 603 2138 dilexi,
618 2108 699 2134 nimis
711 2109 876 2139 excruciant,

78 2149 105 2171 et
119 2145 214 2175 timeo,
237 2149 291 2170 tam
307 2144 454 2171 vehemens
471 2146 513 2171 vir
529 2149 637 2180 tamque
653 2154 713 2171 acer
730 2146 756 2172 in
773 2145 843 2172 ferro
854 2150 879 2172 et

78 2185 133 2209 tam
144 2182 267 2208 insuetus
278 2181 458 2208 contumeliae
469 2191 502 2209 ne
513 2183 587 2208 omni
600 2183 683 2208 animi
695 2183 796 2217 impetu
804 2182 879 2209 dolo-

78 2219 102 2245 ri
113 2223 139 2245 et
150 2218 305 2245 iracundiae
318 2224 417 2254 pareat.
449 2221 473 2246 5.
496 2219 585 2246 Bibuli
597 2220 645 2255 qui
656 2220 692 2246 sit
702 2221 792 2246 exitus
805 2220 879 2247 futu-

78 2265 134 2288 rus,
149 2256 250 2283 nescio.
291 2256 324 2283 Ut
335 2265 406 2283 nunc
418 2266 459 2283 res
470 2266 499 2283 se
516 2257 609 2288 habet,
628 2257 782 2284 admirabili
793 2258 877 2293 gloria

78 2298 128 2320 est.
159 2293 230 2326 Quin
241 2302 327 2329 quum
339 2295 445 2321 comitia
459 2295 485 2321 in
497 2303 617 2321 mensem
628 2294 736 2321 Octobr.
754 2295 879 2322 distulis-

78 2335 130 2363 set,
152 2330 226 2366 quod
246 2330 314 2358 solet
333 2340 363 2358 ea
380 2340 422 2358 res
438 2332 531 2367 populi
552 2331 717 2358 voluntatem
732 2332 876 2364 offendere,

78 2372 184 2404 putarat
194 2368 299 2399 Caesar,
312 2369 430 2396 oratione
442 2378 490 2396 sun
503 2378 581 2404 posse
594 2369 697 2403 impelli
709 2371 876 2401 concionem,

78 2410 108 2432 ut
120 2406 169 2432 iret
179 2405 212 2432 ad
223 2405 366 2440 Bibulum;
386 2407 469 2434 multa
485 2416 570 2442 quum
584 2406 793 2433 seditiosissime
804 2407 879 2434 dice-

79 2447 127 2474 ret.
141 2451 234 2470 vocem
246 2444 398 2478 exprimere
410 2453 462 2471 non
475 2445 570 2479 potuit.
596 2443 668 2475 Quid
679 2444 806 2479 quaeris?
815 2453 879 2471 sen-

78 2480 161 2512 tiunt,
182 2488 211 2507 se
227 2480 330 2507 nullam
347 2481 431 2508 ullius
447 2482 530 2516 partis
547 2481 711 2508 voluntatem
729 2486 831 2508 tenere:
847 2491 878 2508 eo

78 2517 166 2553 magis
178 2517 220 2544 vis
231 2517 310 2544 nobis
321 2523 362 2546 est
371 2519 500 2546 timenda.
531 2521 556 2545 6.
576 2518 686 2545 Clodius
699 2519 827 2545 inimicus
839 2524 879 2546 est

79 2554 168 2581 nobis.
209 2555 354 2590 Pompeius
365 2557 505 2583 confirmat
516 2565 578 2582 eum
591 2555 659 2582 nihil
672 2565 731 2582 esse
744 2556 877 2582 facturum

78 2597 169 2619 contra
185 2600 237 2618 me.
277 2593 345 2620 Mihi
360 2594 544 2629 periculosum
559 2598 599 2619 est
613 2593 736 2619 credere:
760 2593 792 2619 ud
810 2594 878 2620 resi-

78 2629 205 2656 stendum
218 2637 260 2655 me
270 2638 344 2664 paro.
385 2631 480 2659 Studia
496 2640 575 2666 spero
591 2639 633 2656 me
649 2639 756 2656 summa
768 2631 878 2657 habitu-

79 2675 140 2694 rum
150 2667 273 2694 omnium
284 2668 422 2696 ordinum.
463 2670 499 2696 To
510 2677 596 2705 quum
608 2677 658 2704 ego
667 2668 805 2700 desidero,
820 2673 878 2695 tum

1208 126 1268 151 ΕΡ.
1293 127 1322 151 19
1342 141 1379 145 -
1400 127 1441 152 22.
1670 128 1717 152 333

926 205 988 223 vero
1005 205 1046 222 res
1062 205 1091 222 ac
1107 201 1214 231 tempus
1229 196 1297 222 illud
1313 201 1398 222 vocat.
1439 195 1590 222 Plurimum
1602 196 1718 223 consilii.

926 234 1018 264 animi,
1032 234 1161 268 praesidii
1173 234 1290 268 denique
1302 234 1379 264 mihi,
1388 234 1411 259 si
1423 238 1447 260 te
1459 233 1491 259 ad
1504 238 1610 267 tempus
1618 233 1718 263 videro,

926 272 1077 299 accesserit.
1119 271 1200 298 Varro
1217 271 1285 297 mihi
1298 270 1437 297 satisfacit.
1478 271 1622 305 Pompeius
1635 270 1722 305 loqui-

927 313 969 334 tur
980 308 1123 335 divinitus.
1164 308 1248 343 Spero
1264 317 1311 335 nos
1327 313 1372 335 aut
1387 312 1457 334 certe
1473 317 1535 334 cum
1546 316 1652 334 summa
1664 307 1723 343 glo-

928 346 965 371 ria
982 350 1027 371 aut
1046 346 1104 371 sine
1126 346 1247 372 molestia
1268 347 1348 372 etiam
1364 345 1542 371 discessuros.
1584 345 1637 375 Tu,
1655 344 1722 379 quid

928 391 999 417 agas,
1013 382 1242 417 quemadmodum
1255 388 1278 409 te
1289 383 1420 414 oblectes,
1437 382 1504 418 quid
1515 391 1578 409 cum
1589 382 1722 418 Sicyoniis

927 420 1024 455 egeris,
1038 425 1067 446 ut
1077 420 1171 451 sciam,
1185 429 1258 447 cura.

980 489 1060 509 xxu.
1089 493 1169 512 (Romae

1113 534 1280 561 CICERO
1309 534 1478 561 ATTICO
1507 534 1536 561 S.

986 573 1008 598 l.
1032 566 1125 603 Quam
1141 571 1239 598 vellem
1256 572 1353 598 Romae
1369 573 1528 598 mansisses!
1550 570 1680 606 proiecto,
1699 571 1723 596 si

929 609 993 634 haec
1008 608 1062 635 fore
1074 614 1255 643 putassemus.
1292 610 1358 635 Nam
1371 609 1538 635 Pulchellum
1552 613 1672 635 nostrum
1684 607 1724 634 ta-

928 646 1028 672 cillime
1040 651 1205 673 teneremus:
1220 651 1265 673 aut
1275 652 1353 678 certe,
1367 647 1434 681 quid
1447 652 1517 673 esset
1529 646 1656 676 facturus,
1670 646 1725 671 sci-

929 692 955 709 re
968 692 1119 717 possemus.
1160 685 1237 710 Nunc
1253 693 1281 710 se
1298 693 1339 710 res
1355 685 1393 710 sic
1406 684 1497 716 habet,
1522 684 1627 713 volitat,
1647 682 1720 712 furit,

929 720 997 746 nihil
1010 720 1090 747 habet
1100 721 1178 752 certi;
1193 721 1286 747 multis
1298 721 1450 753 denuntiat,
1469 721 1540 756 quod
1554 721 1606 747 fors
1617 720 1724 746 obtule-

929 758 976 788 rit,
994 757 1021 783 id
1032 763 1139 784 acturus
1150 758 1267 784 videtur.
1307 758 1397 790 Quum
1410 758 1495 789 videt,
1513 767 1566 793 quo
1578 758 1612 784 sit
1625 758 1650 783 in
1662 757 1724 783 odio

928 799 1013 821 status
1024 795 1068 821 hic
1080 804 1183 826 rerum,
1202 796 1229 821 in
1241 804 1298 826 eos,
1312 797 1360 830 qui
1373 796 1437 821 haec
1449 800 1574 831 egerunt,
1592 796 1723 829 impetum

929 831 1049 858 facturus
1070 832 1186 858 videtur.
1227 832 1317 864 Quum
1332 837 1420 859 autem
1437 841 1531 859 rursus
1547 840 1611 866 opes
1627 837 1651 857 et
1668 833 1723 857 rim

929 869 1063 895 exercitus
1076 869 1242 900 recordatur,
1261 871 1392 896 convertit
1403 879 1430 896 se
1443 871 1470 896 in
1483 879 1540 895 nos.
1581 869 1664 895 Nobis
1677 877 1725 894 au-

929 912 982 933 tem
994 907 1062 941 ipsis
1073 915 1159 941 quum
1171 908 1237 937 vim,
1251 912 1307 933 tum
1320 907 1453 933 iudicium
1466 908 1591 933 minatur.
1618 908 1643 932 Ξ.
1657 906 1724 932 Cum

929 944 979 970 hoc
990 944 1134 978 Pompeius
1146 945 1209 980 egit.
1223 949 1256 975 et,
1271 949 1300 970 ut
1311 945 1343 970 ad
1356 953 1397 970 me
1410 945 1467 979 ipse
1479 944 1618 973 referebat,
1632 943 1725 978 (alium

929 982 1001 1008 enim
1014 982 1099 1008 liabeo
1111 982 1246 1008 neminem
1259 982 1555 1016 testem,)vehementer
1566 981 1629 1016 egit,
1639 989 1724 1015 quum

929 1019 1030 1045 diceret
1044 1020 1070 1045 in
1083 1028 1189 1045 summa
1201 1028 1229 1045 se
1241 1019 1368 1054 perfidiae
1379 1024 1404 1045 et
1415 1019 1524 1045 sceleris
1538 1018 1648 1044 infamia
1660 1018 1723 1048 sore,

929 1057 953 1083 si
964 1056 1032 1082 mihi
1044 1056 1196 1091 periculum
1208 1062 1342 1083 crearetur
1353 1057 1386 1082 ab
1397 1065 1440 1087 eo,
1459 1065 1540 1091 quem
1556 1056 1614 1090 ipse
1625 1064 1727 1081 armas-

929 1099 981 1125 set,
997 1103 1083 1129 quum
1097 1094 1235 1129 plebeium
1248 1094 1305 1121 fieri
1316 1103 1413 1129 passus
1424 1099 1506 1121 esset:
1525 1093 1572 1119 sed
1590 1093 1668 1118 tidem
1685 1101 1727 1118 re-

929 1132 1034 1166 cepisse
1049 1132 1103 1157 sibi
1119 1136 1144 1158 et
1160 1133 1250 1166 ipsum
1267 1137 1292 1158 et
1303 1133 1422 1167 Appium
1438 1132 1470 1157 de
1488 1140 1543 1157 me.-
1568 1131 1635 1156 hanc
1646 1131 1669 1155 si
1681 1129 1727 1155 ille

930 1178 982 1196 non
994 1173 1126 1200 servaret,
1140 1170 1175 1195 ita
1188 1169 1318 1200 laturum,
1332 1174 1361 1195 ut
1371 1178 1465 1195 omnes
1477 1168 1671 1203 intelligerent,
1685 1167 1727 1193 ni-

931 1206 968 1233 hil
979 1207 1033 1233 sibi
1045 1207 1184 1241 antiquius
1201 1207 1317 1233 amicitia
1334 1212 1421 1233 nostra
1438 1206 1531 1232 fuisse.
1572 1206 1640 1231 Haec
1659 1209 1684 1230 et
1700 1205 1727 1231 in

929 1253 988 1270 eam
1009 1245 1169 1270 sententiam
1189 1253 1274 1279 quum
1296 1244 1378 1270 multa
1395 1244 1523 1274 dixisset,
1546 1243 1633 1269 aiebat
1649 1242 1727 1268 illum

930 1283 1017 1317 primo
1037 1290 1101 1307 sane
1121 1282 1169 1307 diu
1190 1282 1274 1308 multa
1294 1287 1398 1308 contra:
1422 1281 1454 1307 ad
1471 1286 1621 1307 extremum
1637 1285 1726 1305 autem

931 1328 1027 1345 manus
1038 1319 1146 1345 dedisse
1162 1324 1187 1345 et
1198 1319 1359 1349 affirmasse.
1377 1319 1444 1345 nihil
1460 1327 1488 1344 se
1504 1323 1593 1344 contra
1609 1318 1668 1343 eius
1681 1325 1728 1343 vo-

931 1357 1059 1383 luntatem
1077 1365 1135 1382 esse
1152 1356 1296 1383 facturum.
1337 1356 1389 1383 Sed
1406 1361 1496 1391 postea
1513 1361 1600 1381 tamen
1617 1354 1662 1380 ille
1675 1363 1727 1380 non

930 1394 1032 1421 destitit
1047 1394 1080 1420 de
1095 1394 1173 1420 nobis
1186 1395 1332 1429 asperrime
1345 1394 1428 1429 loqui.
1469 1393 1545 1425 Quod
1557 1393 1580 1418 si
1592 1401 1644 1418 non
1657 1391 1728 1417 sace-

930 1437 981 1462 ret,
996 1436 1084 1458 tamen
1097 1432 1121 1457 ei
1133 1431 1201 1457 nihil
1213 1432 1383 1458 crederemus
1395 1436 1474 1465 atque
1486 1431 1589 1460 omnia.
1606 1430 1675 1455 sicut
1688 1428 1728 1455 fa-

929 1470 1031 1499 cimus,
1049 1478 1216 1504 pararemus,
1257 1471 1281 1495 3.
1304 1470 1380 1495 Nunc
1397 1469 1430 1495 ita
1449 1477 1496 1494 nos
1508 1468 1642 1503 gerimus,
1659 1467 1727 1492 utin

929 1507 988 1533 dies
1003 1506 1127 1542 singulos
1143 1511 1168 1533 et
1183 1507 1271 1533 studia
1290 1507 1314 1532 in
1333 1515 1379 1532 nos
1396 1506 1551 1535 hominum,
1569 1510 1593 1530 et
1604 1513 1668 1539 opes
1680 1512 1728 1529 no-

929 1550 998 1571 strae
1010 1549 1167 1579 augeantur.
1212 1544 1417 1579 Rempublicam
1431 1543 1503 1569 nulla
1515 1552 1548 1568 ex
1561 1547 1633 1576 parte
1648 1542 1728 1567 attin-

929 1583 1033 1618 gimus;
1059 1583 1085 1607 in
1105 1582 1210 1607 caussis
1226 1587 1305 1616 atquc
1325 1582 1351 1607 in
1368 1581 1412 1607 illa
1428 1589 1506 1615 opera
1524 1585 1611 1606 nostra
1629 1579 1728 1605 sorensi

929 1628 1035 1646 summa
1050 1618 1183 1645 industria
1195 1628 1344 1645 versamur.
1385 1618 1461 1650 Quod
1472 1618 1592 1653 egregie,
1607 1625 1658 1642 non
1671 1625 1728 1641 mo—

929 1658 964 1684 do
976 1658 1018 1687 iis,
1032 1657 1080 1691 qui
1093 1661 1205 1683 utuntur
1215 1665 1305 1691 opera,
1319 1656 1366 1682 sed
1379 1657 1457 1682 etiam
1471 1656 1496 1681 in
1510 1654 1609 1689 vulgus
1621 1658 1727 1689 gratum

929 1704 988 1721 esse
1000 1695 1142 1720 sentimus.
1182 1695 1283 1720 Domus
1294 1693 1456 1725 celebratur,
1471 1693 1632 1722 occurritur,
1651 1699 1728 1717 reno-

930 1737 1008 1759 vatur
1028 1732 1155 1758 memoria
1176 1731 1345 1763 consulatus,
1367 1731 1456 1757 studia
1476 1730 1676 1765 signium-autum
1701 1728 1728 1754 in

929 1779 988 1796 eam
1000 1778 1075 1804 spem
1088 1769 1258 1799 adducimur,
1272 1774 1300 1796 ut
1311 1768 1388 1795 nobis
1400 1778 1429 1793 ea
1440 1768 1582 1797 contentio,
1595 1775 1664 1801 quae
1677 1766 1729 1791 im-

930 1808 1041 1843 pendet,
1060 1807 1195 1833 interdum
1212 1816 1263 1833 non
1284 1806 1412 1841 fugienda
1429 1805 1561 1831 videatur.
1604 1805 1627 1830 4.
1651 1804 1727 1841 Nunc

931 1846 998 1872 mihi
1010 1849 1035 1871 et
1045 1844 1167 1871 consiliis
1179 1853 1247 1879 opus
1259 1849 1297 1870 est
1310 1845 1372 1873 tuis,
1385 1849 1410 1869 et
1422 1852 1510 1869 amore
1522 1847 1547 1868 et
1558 1841 1619 1867 side.
1641 1842 1729 1872 Quare

930 1882 1036 1910 advola.
1077 1882 1209 1916 Expedita
1226 1882 1293 1907 mihi
1308 1886 1386 1907 eruut
1401 1881 1504 1910 omnin,
1527 1881 1550 1905 si
1571 1884 1594 1905 tc
1612 1878 1726 1904 habebo.

930 1921 1012 1947 Multa
1024 1929 1071 1955 per
1082 1920 1226 1946 Varronem
1240 1924 1360 1945 nostrum
1373 1919 1416 1953 agi
1429 1922 1550 1952 possunt,
1567 1925 1634 1951 quae
1647 1921 1671 1941 te
1684 1924 1730 1941 ur-

929 1963 1008 1994 gente
1020 1962 1099 1984 erunt
1110 1958 1240 1987 tirmiora3
1255 1956 1337 1982 multa
1350 1956 1383 1982 ab
1397 1957 1454 1990 ipso
1466 1954 1561 1981 l'ublio
1572 1954 1643 1983 elici,
1658 1952 1729 1978 mul-

930 2001 954 2023 ta
965 1996 1101 2030 cognosci,
1114 2003 1183 2029 quae
1195 1995 1245 2021 tibi
1257 1994 1359 2020 occulta
1371 2002 1430 2019 esse
1443 2002 1493 2019 non
1506 1996 1642 2027 poterunt;
1658 1989 1729 2016 mul-

930 2038 954 2060 ta
969 2034 1064 2064 etiam;
1082 2032 1130 2058 sed
1142 2032 1291 2058 absurdum
1303 2036 1343 2058 est
1357 2030 1464 2066 singula
1476 2029 1626 2064 explicare,
1643 2036 1728 2062 quum

930 2079 979 2106 ego
991 2070 1125 2105 requiram
1142 2075 1166 2096 te
1180 2069 1212 2095 ud
1229 2069 1329 2095 onmia.
1365 2070 1390 2094 ὕ.
1414 2068 1500 2094 Unum
1519 2066 1586 2092 illud
1603 2066 1651 2092 tibi
1668 2074 1729 2099 per—

930 2108 1045 2134 suadeas
1058 2107 1152 2137 velim,
1170 2107 1260 2132 onmia
1273 2106 1340 2132 mihi
1353 2105 1407 2132 sore
1417 2105 1562 2139 explicata,
1581 2104 1603 2129 si
1616 2109 1640 2129 te
1653 2102 1728 2128 vide-

931 2154 971 2175 ro;
986 2145 1033 2171 sed
1045 2150 1128 2171 totum
1140 2149 1180 2170 est
1193 2145 1218 2170 in
1230 2152 1273 2172 co,
1287 2144 1310 2169 si
1322 2148 1396 2173 ante,
1409 2151 1490 2177 quum
1504 2141 1548 2167 ille
1561 2142 1629 2167 ineat
1643 2140 1728 2174 magi-

930 2188 1053 2209 stratum.
1095 2182 1160 2208 l’uto
1172 2181 1328 2215 Pompeium
1341 2181 1436 2206 Crasso
1449 2184 1571 2213 urgente,
1590 2179 1612 2203 si
1626 2183 1652 2203 tu
1666 2177 1728 2202 ade—

931 2221 976 2251 ris,
991 2220 1038 2254 qui
1051 2228 1098 2254 per
1109 2220 1208 2254 ρἰιώηιν
1219 2227 1252 2244 ex
1265 2219 1323 2252 ipso
1336 2217 1485 2251 intelligere
1497 2216 1598 2250 possis,
1611 2224 1663 2249 qun
1677 2214 1727 2239 tide

930 2258 963 2284 ul)
976 2257 1030 2283 illis
1042 2261 1143 2291 agatur,
1154 2264 1201 2281 nos
1213 2260 1257 2281 aut
1268 2256 1326 2280 sine
1340 2254 1470 2283 molestia,
1480 2258 1524 2279 aut
1535 2258 1605 2278 certe
1616 2253 1674 2277 siue
1686 2260 1727 2276 er-

931 2304 987 2321 rore
999 2294 1112 2320 futuros.
1144 2293 1272 2318 Precibus
1285 2293 1381 2318 nostris
1393 2297 1417 2317 et
1429 2290 1609 2317 cohortatione
1622 2298 1672 2314 nou
1687 2289 1728 2313 iu-

930 2333 1017 2367 diges.
1058 2330 1129 2363 Quid
1146 2339 1205 2356 mea
1222 2329 1359 2357 voluntas,
1383 2328 1449 2363 quid
1466 2333 1585 2361 tempus.
1607 2325 1673 2360 quid
1690 2326 1727 2351 rei

931 2368 1088 2404 magnitudo
1100 2367 1223 2402 postulet.
1239 2366 1378 2401 intelligis.
1415 2368 1439 2391 t'».
1462 2365 1496 2390 De
1509 2363 1646 2398 republica
1659 2362 1727 2388 nihil

931 2403 1016 2433 liabeo
1027 2406 1060 2432 ud
1076 2411 1099 2432 te
1115 2405 1247 2434 scribere,
1266 2404 1332 2429 nisi.-
1349 2411 1486 2429 summum
1501 2401 1593 2426 odium
1605 2402 1726 2426 oinnium

931 2445 1071 2470 hominum
1084 2444 1110 2469 in
1121 2451 1176 2471 ρος,
1193 2442 1240 2476 qui
1253 2446 1341 2467 tenent
1352 2441 1456 2467 omnia.
1471 2439 1626 2464 mutationis
1639 2443 1726 2463 tamen

929 2491 992 2516 spes
1009 2480 1092 2507 nullu.
1132 2479 1197 2509 Sed,
1215 2478 1287 2513 quod
1306 2478 1382 2504 facile
1398 2478 1511 2506 sentius.
1534 2475 1619 2502 taedet
1638 2476 1726 2509 ipsum

930 2519 1086 2553 Pompeium
1107 2517 1334 2550 vehementerque
1357 2516 1482 2549 poenitet.
1524 2514 1580 2539 Non
1599 2512 1728 2547 provideo

929 2557 1004 2585 satis,
1017 2564 1098 2590 quem
1111 2555 1213 2580 exitum
1227 2553 1346 2579 futurum
1360 2558 1461 2587 putem.
1484 2550 1536 2576 Sed
1548 2556 1618 2576 certe
1631 2549 1727 2575 videu-

930 2598 972 2620 tur
984 2593 1048 2619 hacc
1064 2592 1155 2627 aliquo
1171 2597 1307 2626 eruptura.
1348 2591 1373 2616 7.
1398 2589 1490 2615 Libros
1502 2587 1661 2617 Alexandri,
1681 2596 1727 2612 ue-

929 2630 1057 2665 gligentis
1069 2630 1200 2658 hominis,
1217 2634 1241 2654 ct
1254 2637 1304 2654 non
1318 2628 1380 2653 boui
1393 2632 1498 2661 poetae,
1514 2625 1561 2651 sed
1575 2630 1662 2651 tumen
1676 2633 1726 2650 non

930 2667 1042 2699 inutilis,
1057 2667 1107 2694 tibi
1119 2667 1221 2693 remisi.
1258 2665 1417 2692 Numerium
1430 2663 1600 2690 Numestium
1614 2662 1727 2688 libenter

1474 2713 1520 2737 1⁰5

1172 505 1176 511 ,
1187 493 1272 510 Caesare,
1283 491 1352 509 Bibulo
1362 499 1407 508 cuv.
1419 493 1472 512 693.)
