1941 3052
326 89 659 120 EPISTOLARUM
689 88 741 114 AD
760 86 987 114 DIVERSOS
1018 86 1097 112 LIB.
1120 85 1155 111 X.
1186 85 1247 111 ΕΡ,
1272 86 1357 110 lo-
1380 85 1419 110 16.

41 163 270 200 pronuntiaretur,
294 161 420 196 frequens
435 170 497 187 eum
513 164 622 186 senatus
637 159 746 194 reliquit
761 163 786 184 et
802 159 829 184 in

41 202 92 228 alia
103 201 191 227 omnia
202 199 339 225 discessit:
362 207 489 232 meaeque
496 198 650 228 sententiae,
659 206 727 231 quae
734 204 831 222 secun-

42 239 75 265 da
100 237 268 273 pronuntiata
293 240 356 266 erat,
379 244 464 270 quum
485 235 638 269 frequenter
658 234 831 260 assentiretur

42 279 159 305 senatus,
178 278 270 309 rogatu
286 272 395 299 Servilii
409 274 438 299 P.
461 273 547 298 Titius
559 272 720 297 intercessit.
743 272 766 296 4.
780 270 830 296 Res

41 314 69 340 in
84 317 219 347 posterum
235 310 326 336 dilata.
348 310 427 336 Venit
438 314 544 344 paratus
557 309 697 339 Servilius,
711 308 767 334 Iovi
779 307 831 341 ipsi

43 351 163 384 iniquus,
177 349 255 374 cuius
266 348 293 374 in
310 347 409 382 templo
421 356 462 373 res
478 347 617 382 agebatur.
644 347 719 372 Hunc
735 353 831 379 quem-

42 386 187 414 admodum
213 385 347 421 fregerim,
374 389 527 419 quantaque
552 384 720 409 contentione
731 382 831 408 Titium

41 425 243 451 intercessorem
259 422 416 453 abiecerint,
443 430 476 447 ex
491 421 604 447 aliorum
620 425 644 447 te
657 420 751 446 litteris
764 418 832 444 malo

41 469 210 497 cognoscere.
241 460 329 486 Unum
350 459 399 485 hoc
420 468 453 485 ex
473 459 554 484 meis:
586 457 699 484 Senatus
714 457 830 491 gravior,

42 499 213 528 constantior,
237 498 346 523 amicior
366 497 419 522 tuis
441 496 567 521 laudibus
588 503 646 521 esse
668 503 719 520 non
736 493 830 528 potuit,

42 544 124 571 quam
140 539 197 562 tum
213 534 277 560 fuit:
300 542 348 560 nec
364 542 426 559 vero
438 534 487 559 tibi
498 537 606 559 senatus
618 532 736 561 amicior,
751 539 832 564 quam

41 577 137 600 cuncta
157 572 262 598 civitas,
293 570 452 597 Mirabiliter
471 571 543 596 enim
564 569 681 604 populus
696 569 832 594 Romanus

41 611 187 637 universus
207 613 232 635 et
245 609 366 635 omnium
381 616 510 643 generum
525 607 704 640 ordinumque
720 613 833 631 consen-

43 657 90 674 sus
106 647 138 673 ad
156 646 321 672 liberandam
332 644 526 679 rempublicam
537 643 710 678 conspiravit.
733 644 757 668 5.
770 642 834 667 Per-

42 760 110 790 riae,
127 758 235 784 collecta
252 757 378 783 inanibus
394 756 545 790 splendoris
560 755 725 791 insignibus,
743 758 834 779 conte-

42 805 113 825 mne,
127 795 227 826 brevia,
242 794 356 829 fugacia,
370 793 470 819 caduca
482 794 616 819 existima.
638 793 736 819 Verum
749 791 832 817 decus
862 798 863 804 ¹

42 834 69 860 in
86 833 182 859 virtute
198 832 316 866 positum
331 836 379 861 est,
398 839 466 865 quae
480 831 597 856 maxime
613 829 762 855 illustratur
777 836 835 853 ma-

42 871 104 906 gnis
120 871 147 896 in
163 868 359 904 rempublicam
371 868 484 894 meritis.
506 868 571 894 Eam
584 867 736 893 facultatem
748 865 832 891 habes

42 908 201 937 maximam
219 915 301 941 quam
312 905 419 940 quando
430 905 588 940 complexus
599 914 636 935 es,
646 909 714 934 tene,
724 903 832 938 perfice⁷

42 950 72 971 ut
87 953 118 970 ne
134 945 224 970 minus
241 943 392 978 respublica
405 943 463 973 tibi,
477 951 558 977 quam
570 947 598 969 tu
611 941 775 976 reipublicae
787 940 835 966 de-

42 982 116 1008 beas.
148 982 188 1007 Me
210 986 269 1007 tuae
290 981 429 1016 dignitatis
450 989 503 1006 non
524 979 602 1006 modo
624 979 763 1009 fautorem,
787 977 834 1003 sed

42 1020 122 1046 etiam
139 1018 358 1053 amplificatorem
373 1026 528 1053 cognosces.
555 1017 583 1043 ld
600 1025 685 1052 quum
702 1014 835 1050 reipubli-

42 1065 97 1088 cae,
115 1064 183 1091 quae
199 1056 266 1082 mihi
283 1056 337 1082 vita
354 1060 394 1081 est
410 1064 467 1081 mea
482 1055 576 1085 carior,
594 1059 651 1081 tum
667 1058 771 1079 nostrae
788 1061 835 1078 ne-

42 1093 202 1120 cessitudini
223 1093 320 1119 debere
341 1102 383 1118 me
400 1092 500 1119 iudico.
540 1092 627 1127 Atque
644 1092 671 1117 in
688 1091 731 1116 his
751 1090 832 1120 curis,

42 1140 110 1167 quas
130 1130 231 1157 contuli
247 1130 279 1156 ad
295 1130 454 1166 dignitatem
469 1134 552 1160 tuam,
571 1130 631 1163 cepi
648 1137 772 1163 magnam
788 1136 836 1154 vo-

43 1168 181 1204 luptatem,
198 1168 270 1203 quod
286 1168 354 1193 bene
370 1167 503 1202 cognitam
516 1167 583 1193 mihi
595 1167 625 1193 T.
647 1166 759 1192 Munatii
772 1174 837 1200 pru-

43 1206 161 1232 dentiam
178 1210 204 1232 et
219 1205 299 1231 tidem
312 1205 398 1240 magis
410 1205 490 1230 etiam
501 1204 628 1239 perspexi
640 1204 667 1229 in
678 1204 737 1229 eius
750 1203 835 1229 incre-

42 1243 122 1269 dibili
147 1251 209 1278 erga
233 1247 257 1269 te
277 1242 464 1268 benevolentia
484 1246 510 1268 et
529 1241 680 1278 diligentia.
713 1249 751 1266 ιιι,
774 1240 836 1266 Idus

43 1280 159 1315 Apriles.

89 1349 153 1370 xlll.
175 1349 192 1369 A
200 1349 251 1369 RG.
276 1348 380 1370 Plancum
391 1349 418 1368 ‹le
428 1350 450 1368 S.
466 1350 490 1369 C.
505 1355 534 1368 ex
543 1347 602 1368 votis
612 1347 669 1368 facto
679 1346 794 1368 certiorem
806 1347 838 1367 fa-

43 1384 74 1405 rit
84 1388 105 1404 et
116 1384 224 1408 hui-tatur.
234 1387 259 1404 ut
270 1384 349 1404 bellum
360 1383 509 1404 Antonianum
520 1383 629 1403 conficiat.

221 1421 308 1442 (nomae,
318 1420 383 1438 occisis
393 1420 458 1441 Pansa,
468 1420 530 1438 Hirtio
540 1426 586 1437 coss,
602 1419 658 1441 711.)

244 1463 412 1491 CICERO
444 1462 635 1489 PLANCO.

100 1510 122 1533 l.
144 1502 184 1533 Ut
199 1507 318 1542 primum
334 1510 449 1540 potestas
465 1505 524 1531 data
540 1509 580 1531 est
595 1503 734 1539 augendae
745 1503 837 1539 digni-

44 1545 104 1572 tatis
120 1549 189 1575 tuae,
208 1544 277 1570 nihil
295 1543 463 1578 praetermisi
480 1543 505 1569 in
523 1548 547 1569 te
561 1542 688 1572 ornando,
706 1541 778 1575 quod
790 1550 838 1575 po-
865 1567 867 1575 ‚

43 1583 126 1609 situm
138 1586 207 1608 esset
218 1585 263 1608 aut
275 1582 301 1607 in
313 1581 431 1616 praemio
444 1581 560 1611 virtutis,
575 1584 620 1606 aut
632 1580 658 1605 in
671 1579 769 1605 honore
778 1587 838 1604 ver-

43 1620 148 1646 borum.
181 1619 209 1645 Id
225 1627 259 1645 cx
274 1619 333 1653 ipso
350 1623 459 1645 senatus
483 1617 604 1644 consulto
623 1617 722 1652 poteris
738 1625 837 1652 cogno-

43 1665 129 1684 scere:
153 1657 188 1683 ita
209 1656 281 1682 enim
297 1660 337 1682 est
351 1656 540 1691 perscriptum.
558 1659 587 1681 ut
601 1663 615 1680 a
631 1663 672 1680 me
689 1654 721 1679 de
737 1655 837 1689 scripto

44 1694 114 1721 dicta
134 1694 264 1720 sententia
281 1698 333 1719 est:
361 1702 442 1728 quam
459 1698 567 1719 senatus
584 1691 711 1727 frequens
727 1696 836 1718 secutus

43 1736 84 1758 est
94 1739 200 1758 summo
211 1730 301 1757 studio
312 1739 463 1766 magnoque
475 1738 617 1756 consensu.
639 1731 665 1756 2.
678 1729 837 1763 Egoquain-

43 1777 124 1804 quam
136 1778 169 1795 ex
181 1769 234 1795 tuis
247 1768 350 1798 litteris.
364 1776 431 1803 quas
444 1767 625 1797 mihimisisti,
634 1775 834 1801 perspexeram,

43 1810 69 1834 te
84 1807 170 1841 magis
192 1805 292 1832 iudicio
307 1805 447 1836 honorum,
465 1813 547 1839 quam
563 1804 719 1839 insignibus
735 1803 836 1839 gloriae

43 1843 184 1874 delectari,
210 1847 297 1869 tamen
323 1842 549 1868 considerandum
571 1841 649 1867 nobis
669 1841 834 1872 existimavi,

43 1880 150 1908 etiamsi
167 1884 194 1906 tu
210 1879 278 1905 nihil
294 1879 453 1914 postulares,
467 1883 598 1914 quantum
611 1878 660 1904 tibi
672 1887 686 1904 a
697 1878 836 1913 republica

43 1918 196 1945 deberetur.
228 1917 267 1942 Tu
288 1921 413 1943 contexes
434 1921 552 1942 extrema
567 1924 629 1941 curn
646 1916 752 1950 primiS.
784 1916 837 1948 Qui

44 1955 117 1982 enim
132 1955 167 1981 M.
190 1953 334 1980 Antonium
347 1954 519 1988 oppresserit,
534 1953 556 1979 is
567 1952 670 1979 bellum
681 1952 835 1979 confecerit.

44 1993 135 2027 Itaque
152 1992 281 2017 llomerus
296 2000 348 2017 non
364 1991 480 2021 Aiacem,
499 1999 547 2017 nec
563 1989 705 2021 Achillem,
723 1990 770 2016 sed
781 1990 838 2016 Uli-

45 2038 105 2056 xem
118 2028 264 2064 appellavit
274 2029 464 2064 πτυλιήορθον.
486 2026 581 2064 [Vale]

96 2098 159 2119 Xiv.
187 2098 262 2118 ARG.
285 2097 390 2118 Plancum
408 2097 432 2116 in
452 2097 518 2117 lli-uto
537 2096 632 2117 iuvando
651 2095 837 2124 promptiuimum

44 2133 127 2158 lauant.
139 2133 289 2159 hortaturque„
300 2135 324 2152 ut
335 2131 388 2152 belli
399 2131 506 2158 reliquiae
516 2131 651 2157 exstinguat.

223 2170 310 2192 (numne,
321 2168 385 2186 oct-ini,
396 2169 461 2187 tarn-n.
472 2167 535 2186 nii-tit·
546 2175 592 2186 mm.
609 2169 664 2191 711.)

227 2212 395 2239 CICERO
424 2210 603 2238 PLANCO
632 2211 660 2238 S.

103 2257 126 2282 l.
147 2249 176 2282 O
187 2259 290 2291 gratam
303 2254 400 2280 famam
413 2253 496 2279 biduo
507 2258 566 2280 ante
574 2254 722 2283 victoriam.
731 2252 764 2280 de
771 2252 838 2279 sub-

46 2291 116 2319 sidio
127 2297 180 2323 tuo,
202 2292 235 2318 de
247 2291 345 2322 studio,
364 2291 396 2317 dc
411 2291 555 2321 celeritate,
573 2291 606 2317 de
621 2291 722 2325 copiisl
751 2290 838 2325 Atque

46 2330 126 2357 etiam
142 2329 264 2356 hostibus
289 2329 370 2359 susis,
389 2337 451 2362 spes
466 2329 553 2354 omnis
570 2328 597 2354 in
609 2332 632 2354 te
644 2333 693 2354 est.
725 2328 838 2361 Fugisse

47 2367 118 2394 enim
138 2375 172 2394 ex
187 2366 287 2402 praelio
304 2366 449 2392 Mutinensi
466 2365 594 2391 dicuntur
608 2365 742 2391 notissimi
760 2361 838 2390 latro-

47 2411 112 2431 num
131 2403 224 2430 duces.
255 2404 302 2430 Est
317 2407 405 2429 autem
423 2412 473 2428 non
493 2403 583 2428 minus
599 2406 704 2435 gratum
720 2406 838 2428 extrema

47 2439 144 2472 delere,
157 2449 238 2476 quain
249 2441 336 2476 prima
348 2440 492 2475 depellere.
513 2441 539 2466 ⁹2..
555 2439 688 2473 Equidem
699 2443 839 2473 exspecta-

48 2476 110 2505 bam
125 2479 177 2505 iam
194 2483 252 2505 tuas
265 2478 373 2508 litteras,
388 2477 468 2512 idque
480 2486 542 2503 cum
555 2476 661 2502 inultis:
684 2476 839 2510 sperabam-

48 2522 100 2550 que
115 2516 195 2542 etiam
211 2515 357 2550 Lepidum,
375 2514 541 2549 temporibus
560 2513 736 2543 admonitum.
751 2518 838 2539 tecum

48 2556 74 2579 et
88 2560 149 2579 cum
165 2553 302 2587 republica
318 2561 377 2578 esso
394 2551 535 2578 facturum.
568 2552 595 2577 ln
613 2550 686 2576 illam
699 2550 781 2585 igitur
791 2559 839 2576 cu-,

50 2597 105 2616 ram
120 2589 254 2622 incumbe,
269 2591 305 2616 mi
317 2589 421 2620 Plance,
436 2594 507 2615 utne
519 2597 571 2623 qua
590 2587 706 2614 scintilla
720 2587 839 2614 taeterri-

50 2626 87 2653 mi
101 2626 165 2654 belli
178 2626 353 2662 relinquatur.
375 2626 451 2659 Quod
463 2627 486 2653 si
498 2627 548 2653 erit
559 2625 671 2652 factum:
695 2629 720 2652 et
731 2633 840 2660 rempu—

1621 83 1669 108 737

881 157 979 183 blicam
1000 157 1093 182 divino
1113 155 1244 182 beneficio
1265 155 1397 185 affeceris,
1421 158 1446 180 et
1461 153 1518 188 ipse
1535 157 1671 179 aeternam

881 194 993 230 gloriam
1004 202 1177 229 consequere.
1208 194 1238 219 D.
1261 201 1300 219 111.
1315 193 1383 218 Non.
1398 191 1462 217 Mai.

936 264 986 283 XV.
1003 263 1078 283 ARG.
1096 262 1197 286 Nuntiat,
1213 269 1268 288 «quiae
1283 266 1303 281 et
1314 261 1383 286 egerit
1393 266 1413 281 et
1425 266 1513 281 acturus
1524 260 1553 280 sit
1563 260 1588 279 znl
1599 260 1674 286 oppri-

884 299 981 319 mendum
992 297 1120 318 Antonium.
1140 300 1168 320 <ln
1184 298 1325 321 Allobrogibus,
1340 298 1404 315 occisis
1414 298 1480 318 Pansa,
1490 297 1552 314 Hirtio
1562 304 1607 314 coss.
1620 297 1675 318 711.)

1044 341 1251 369 PLANCUS
1281 340 1510 368 CICERONI.

941 386 962 410 l.
985 380 1040 409 His
1062 384 1157 410 litteris
1173 384 1290 418 scriptis,
1309 392 1377 418 quae
1394 387 1485 417 postea
1502 381 1672 410 accidissent,

884 422 952 447 scire
968 426 1001 451 te,
1020 421 1052 447 ad
1065 421 1259 455 rempublicam
1271 421 1363 455 putavi
1375 420 1517 454 pertinere.
1541 418 1676 444 sedulitas

884 467 951 489 mea,
970 463 998 484 ut
1013 467 1099 492 spero,
1120 463 1145 484 et
1161 459 1228 484 mihi
1245 463 1269 484 et
1289 457 1454 492 reipublicae
1475 455 1674 482 tulitfructum.

884 497 1005 530 Namque
1027 495 1143 521 assiduis
1165 495 1337 521 internuntiis
1357 503 1418 520 cum
1441 493 1540 528 Lepido
1561 493 1617 527 egi,
1636 497 1673 522 ut,

884 534 983 559 omissa
1007 533 1081 559 omni
1105 533 1272 558 contentione
1297 531 1519 565 reconciliataque
1541 530 1676 556 voluntate

885 575 982 600 nostra,
995 570 1132 595 communi
1145 569 1257 595 consilio
1264 569 1427 603 reipublicae
1434 572 1613 594 succurreret:
1637 574 1673 595 se.

885 607 992 637 liberos,
1006 607 1157 641 Urbemque
1168 606 1264 641 pluris,
1278 615 1359 641 quam
1370 615 1453 631 unum
1461 604 1595 640 perditum
1602 604 1677 630 abie-

42 693 75 721 ge
86 685 177 720 igitur,
191 688 220 710 ut
230 684 297 718 agis,
311 690 461 716 nomenque
474 686 549 708 tuum
561 679 834 707 commendaimmor-
854 667 862 704 l
885 649 1012 678 mumque
1028 644 1156 670 latronem
1172 648 1288 678 pmaret*
1316 643 1500 677 ommiumque
1518 650 1584 672 'mo'
1602 650 1625 666 Sl
1642 645 1676 666 lta

43 722 150 748 talitati:
178 725 257 755 atque
269 720 334 746 haee
345 720 443 749 omnia,
456 727 524 753 quae
536 718 635 744 habent
646 718 763 752 speciem
775 716 834 751 glo-
855 744 863 754 =.

886 682 991 711 faceret,
1015 681 1047 707 ad
1062 690 1155 707 omnes
1171 690 1212 706 res
1229 681 1391 706 abuteretur.
1424 681 1448 706 2.
1470 678 1570 705 l'rofeci
1587 679 1676 712 itaque.

885 728 932 753 per
948 719 1117 744 Laterensem
1133 718 1338 744 internuntium.
1364 716 1457 743 Fidem
1475 716 1541 742 mihi
1553 715 1635 741 dedit.
1649 723 1677 740 se

885 757 1040 786 Antonium,
1058 756 1081 781 si
1096 755 1238 789 prohibere
1254 754 1391 789 provincia
1409 762 1457 779 sua
1474 762 1524 779 non
1536 753 1675 786 potuisset.

885 793 956 820 bello
971 797 1189 827 persecuturum:
1213 800 1264 822 me,
1277 797 1306 817 ut
1317 792 1445 821 venirem,
1459 790 1603 824 copiasque
1615 798 1678 815 ron—

886 832 1035 866 iungerem,
1059 830 1175 865 rogavit,
1204 838 1290 864 eoque
1305 829 1400 863 magis,
1419 827 1490 862 quod
1506 831 1531 853 ct
1547 827 1678 852 Antonius

886 868 919 894 ab
936 868 1056 902 equitatu
1074 867 1167 893 firmus
1179 875 1237 892 esse
1249 866 1396 896 dicebatur,
1411 870 1436 891 et
1448 864 1566 899 Lepidus
1578 872 1610 889 ne
1622 872 1678 888 me-

886 906 1004 931 diocrem
1024 904 1135 939 quidem
1157 904 1305 939 equitatum
1318 903 1442 929 habebat.
1474 903 1540 928 Nam
1552 901 1632 926 etiam
1646 909 1679 926 ex

886 943 1019 978 paucitate
1035 942 1108 971 eius,
1133 950 1185 967 non
1202 940 1294 967 multis
1310 945 1369 966 ante
1385 940 1492 969 diebus,
1511 938 1613 968 decem,
1631 938 1678 972 qui

885 981 981 1015 optimi
998 979 1110 1010 fuerant,
1128 979 1161 1005 ad
1173 987 1214 1004 me
1227 978 1399 1005 transierunt.
1421 976 1527 1009 Quibus
1539 976 1619 1001 rebus
1631 983 1679 1009 ego

885 1018 1009 1053 cognitis,
1027 1021 1168 1042 cunctatus
1180 1025 1231 1042 non
1243 1024 1317 1044 sum:
1342 1016 1368 1041 in
1380 1023 1460 1040 cursu
1473 1014 1604 1039 bonorum
1616 1021 1680 1038 con-

886 1055 1008 1081 siliorum
1025 1054 1158 1088 Lepidum
1174 1053 1358 1079 adiuvandum
1375 1052 1478 1086 putavi.
1501 1053 1524 1077 3.
1541 1050 1680 1076 Adventus

887 1101 963 1118 meus
974 1091 1040 1126 quid
1055 1091 1223 1126 profecturus
1234 1095 1312 1121 esset,
1327 1089 1398 1116 vidi:
1422 1088 1463 1115 vel
1476 1088 1548 1123 quod
1559 1088 1679 1122 equitatu

887 1138 945 1156 meo
966 1129 1092 1164 persequi
1114 1133 1192 1163 atque
1212 1129 1363 1162 opprimere
1379 1127 1527 1162 equitatum
1544 1126 1602 1150 eius
1618 1133 1680 1159 pos-

888 1176 954 1197 sem,
979 1167 1020 1193 vel
1042 1166 1114 1201 quod
1135 1166 1269 1192 exereitus
1291 1164 1385 1199 Lepidi
1407 1173 1465 1190 eam
1481 1168 1592 1198 partem,
1610 1170 1679 1196 quae

888 1209 1011 1239 corrupta
1030 1208 1070 1230 est
1085 1209 1110 1230 et
1125 1203 1158 1229 ab
1174 1202 1312 1238 republica
1328 1202 1449 1231 alienata,
1468 1206 1492 1227 et
1507 1201 1639 1235 corrigere
1656 1204 1681 1225 et

888 1250 1009 1268 coercere
1034 1241 1183 1275 praesentia
1209 1241 1262 1266 mei
1286 1240 1419 1266 exercitus
1440 1247 1557 1273 possem.
1589 1238 1680 1271 ltaque

889 1280 916 1305 in
938 1280 1015 1309 lsara,
1034 1278 1144 1304 flumine
1161 1279 1288 1308 maximo,
1306 1276 1377 1312 quod
1394 1277 1420 1302 in
1438 1276 1537 1301 tinibus
1553 1279 1592 1300 est
1607 1274 1681 1300 Allo-

889 1317 1013 1351 brogum,
1032 1320 1111 1350 ponte
1123 1324 1176 1341 uno
1194 1315 1238 1341 die
1254 1314 1330 1344 facto,
1349 1314 1497 1340 exereitum
1514 1322 1536 1338 a.
1555 1312 1581 1337 d.
1599 1320 1680 1346 quar-

890 1358 946 1380 tuin
963 1353 1024 1380 Idus
1036 1353 1118 1379 Maias
1130 1352 1246 1379 traduxi.
1272 1351 1362 1383 Quum
1374 1360 1436 1376 vero
1448 1350 1515 1376 inihi
1529 1350 1680 1375 nuntiatum

889 1395 967 1421 esset,
983 1391 1011 1416 1..
1034 1390 1178 1416 Antonium
1190 1390 1368 1424 praemissum
1380 1397 1441 1413 cum
1456 1387 1595 1422 equitibus
1606 1391 1681 1412 etco-

890 1428 1013 1455 hortibus
1029 1427 1061 1453 ad
1079 1428 1175 1453 Forum
1192 1426 1253 1452 [ulii
1266 1426 1385 1452 venisse:
1411 1425 1516 1451 fratrem
1528 1432 1589 1449 cum
1602 1424 1681 1458 equi-

889 1471 946 1492 tum
962 1470 1087 1500 quattuor
1104 1464 1235 1494 millibus,
1251 1469 1279 1489 ut
1291 1468 1439 1489 occurreret
1451 1463 1483 1490 ei,
1499 1462 1560 1487 misi
1572 1470 1596 1487 a.
1609 1460 1636 1486 d.
1654 1470 1679 1485 v.

889 1503 951 1529 ldus
965 1503 1060 1528 Maias:
1084 1503 1140 1536 ipse
1153 1502 1279 1527 maximis
1292 1500 1434 1527 itineribus
1444 1498 1682 1533 cumquatluorle-

888 1540 1017 1575 gionibus
1042 1539 1176 1574 expeditis
1200 1543 1225 1564 et
1252 1538 1355 1572 reliquo
1376 1538 1495 1571 equitatu
1520 1536 1679 1570 subsequar.

889 1580 912 1604 4.
933 1579 961 1605 Si
974 1586 1020 1603 nos
1033 1577 1176 1603 mediocris
1189 1576 1266 1602 niodo
1279 1575 1381 1601 fortuna
1393 1574 1557 1608 reipublicae
1569 1573 1682 1599 adiuve-

889 1616 931 1647 rit,
954 1620 979 1641 et
995 1614 1121 1641 audaciae
1139 1613 1312 1649 perditorum,
1330 1618 1355 1638 et
1370 1617 1473 1638 nostrae
1490 1610 1682 1636 sollicitudinis

888 1653 932 1680 hic
948 1654 1027 1680 linem
1044 1653 1220 1687 reperiemus.
1243 1650 1318 1683 Quod
1330 1651 1352 1675 si
1367 1649 1438 1679 latro,
1454 1649 1623 1683 praecognito
1635 1656 1682 1673 ιιο-

888 1696 941 1718 stro
958 1691 1084 1720 adventu.
1104 1698 1197 1716 rursus
1215 1689 1241 1715 in
1258 1688 1360 1715 ltaliam
1377 1696 1404 1713 se
1421 1687 1538 1720 recipere
1553 1686 1679 1719 coeperit,

887 1729 960 1755 Bruti
977 1728 1027 1754 erit
1037 1727 1166 1757 osticium,
1180 1734 1318 1753 occurrere
1330 1725 1367 1751 ci:
1391 1725 1435 1750 eui
1446 1724 1501 1749 scio
1514 1732 1561 1749 nec
1572 1722 1683 1748 consili—

887 1775 943 1794 ιιιιι,
962 1774 1010 1792 nec
1026 1765 1146 1790 animum
1163 1764 1329 1790 defuturum.
1356 1762 1412 1797 Ego
1428 1766 1524 1789 tamen.
1538 1761 1560 1786 si
1574 1760 1600 1786 id
1612 1760 1683 1785 acei-

888 1803 965 1834 derit,
989 1803 1096 1829 fratrem
1117 1810 1180 1828 cum
1201 1801 1322 1835 equitatu
1343 1800 1455 1827 mittam.
1479 1799 1526 1833 qui
1542 1802 1680 1832 sequatur,

888 1841 989 1868 ltaliam
1002 1848 1016 1865 a
1031 1840 1177 1867 vastatione
1188 1838 1324 1865 defendat.
1347 1837 1397 1863 Fac
1410 1836 1508 1866 valeas¹
1518 1844 1614 1870 meque
1623 1843 1683 1860 ιιιιι-

889 1883 933 1906 tuo
944 1878 1053 1914 diligas.

931 1949 992 1969 XVl.
1010 1948 1086 1968 ARG.
1110 1946 1255 1967 (iratissimus
1269 1944 1356 1965 senatui
1372 1943 1442 1963 fnisse
1457 1942 1534 1963 Planci
1549 1941 1635 1961 lint-rm
1653 1942 1683 1960 fa-

889 1987 989 2010 ctumque
999 1984 1013 2002 S
1021 1984 1045 2004 C.
1066 1982 1184 2007 siguificat.
1197 1984 1218 2001 et
1228 1984 1305 2001 auctor
1316 1982 1355 2003 est.
1367 1983 1398 2002 ιιΙ,
1410 1978 1448 1998 ubi
1460 1978 1517 1998 factu
1528 1984 1583 2004 opus
1594 1976 1631 2000 uit.
1639 1975 1683 1996 nihi

888 2018 937 2046 ipsc
947 2018 1022 2039 statim
1033 2017 1141 2041 consulat.
1153 2023 1192 2037 nee
1202 2019 1292 2036 uenatus
1303 2014 1419 2035 consilium
1431 2016 1552 2039 enlm-tet.

1072 2055 1162 2078 (nonme,
1172 2054 1236 2071 nmina
1246 2053 1312 2072 Pir-nn,
1323 2052 1384 2069 ΙΙιιΙιυ
1395 2058 1441 2068 cnm.
1453 2052 1462 2068 ῗ
1470 2054 1474 2067 Ι
1482 2051 1508 2070 l«)

1094 2095 1262 2125 CICERO
1295 2094 1482 2122 PLANCO.

948 2142 970 2167 l.
992 2134 1073 2166 Nihil
1099 2144 1158 2174 post
1182 2138 1324 2164 hominum
1352 2135 1506 2161 memoriani
1528 2132 1680 2167 gloriosius.

890 2177 959 2204 nihil
980 2177 1097 2212 gratiuS,
1123 2184 1155 2202 ne
1171 2180 1289 2209 tempore
1305 2173 1415 2208 quidem
1434 2173 1492 2206 ipso
1506 2170 1683 2204 opportunius

890 2214 1011 2241 accidere
1028 2214 1093 2243 vidi,
1111 2221 1193 2247 quam
1209 2217 1276 2240 tuas.
1295 2210 1399 2237 Plance.
1420 2209 1528 2235 litteras.
1557 2206 1683 2232 lle-lanan

890 2256 953 2278 sunt
964 2251 1036 2278 enim
1051 2250 1183 2284 frequenti
1195 2252 1288 2274 senatu
1301 2248 1424 2275 Cornuto„
1439 2254 1524 2280 quum
1537 2245 1559 2270 is
1572 2242 1683 2277 frigidas

891 2298 954 2315 sanc
975 2293 1001 2314 et
1022 2289 1202 2314 inconstantes
1223 2285 1359 2311 recitasset
1377 2283 1477 2309 litteras
1495 2281 1598 2315 Lepidi.
1626 2279 1684 2305 Sul)

891 2336 935 2352 eas
950 2327 1039 2352 statim
1057 2325 1179 2351 recitatae
1195 2327 1257 2348 sunt
1274 2327 1342 2349 tuaev
1361 2330 1411 2346 nou
1429 2321 1486 2345 sine
1504 2318 1609 2351 inas-'nis
1622 2317 1683 2351 qui-

891 2364 951 2389 dem
972 2362 1146 2389 clamoribus.
1178 2360 1268 2392 Quum
1285 2358 1366 2385 rebus
1383 2358 1454 2383 enini
1473 2356 1539 2390 ipsis
1555 2359 1643 2380 essent
1658 2358 1684 2380 et

890 2400 990 2427 studiis
1015 2399 1209 2432 beneficiisque
1236 2397 1262 2422 in
1287 2394 1482 2429 rempublicam
1502 2393 1681 2426 gratissimae,

891 2443 946 2464 ῑιιιιι
961 2441 1036 2463 erant
1050 2435 1221 2470 gravissimis
1237 2433 1327 2459 verbis
1339 2442 1368 2458 ae
1380 2431 1529 2457 sententiis.
1553 2429 1683 2463 Flagitare

890 2480 998 2500 senatus
1021 2469 1116 2500 institit
1131 2474 1288 2499 Cornutum.
1307 2475 1334 2496 ut
1351 2469 1459 2495 referret
1474 2468 1563 2493 statim
1580 2466 1612 2492 de
1630 2466 1683 2492 tuis

892 2512 996 2538 litteris.
1024 2510 1078 2540 lllu.
1092 2519 1120 2536 se
1131 2509 1300 2536 considerare
1313 2506 1390 2533 velle.
1417 2506 1506 2537 Quum
1518 2505 1542 2530 ei
1555 2511 1681 2538 magnum

890 2549 1042 2575 convicium
1055 2548 1128 2574 lieret
1139 2551 1234 2573 cuncto
1244 2555 1258 2572 a
1268 2549 1370 2573 senatu„
1380 2544 1500 2578 quinque
1512 2542 1613 2568 tribuni
1626 2540 1683 2575 ple-

892 2586 934 2612 bei
957 2585 1113 2612 retulerunt.
1146 2583 1279 2610 Servilius
1295 2586 1401 2617 rogatus
1418 2589 1473 2606 rem
1488 2578 1607 2609 dimum
1633 2586 1683 2611 ego

891 2632 950 2651 eam
965 2623 1124 2650 sententiam
1141 2622 1208 2651 dixi,
1226 2621 1270 2647 cui
1286 2624 1349 2647 sunt
1364 2618 1466 2645 assensi
1484 2616 1517 2643 ad
1530 2625 1623 2643 ιιιιιιιιι.
1646 2615 1682 2641 Ea
