1941 3052
234 125 296 150 ⁴215
802 121 857 145 135.
891 119 925 144 M.

230 199 304 230 puto.
345 194 410 220 ΛΠ.
434 192 581 220 Assentior.
597 190 725 224 quoniam
741 190 829 215 onmis
846 189 910 215 haec
923 190 948 215 in
961 188 1024 215 reli-

229 234 308 267 gione
331 235 450 257 versatur
464 233 556 254 omitto,
597 227 631 253 M.
654 228 686 253 At
703 236 776 255 vero.
799 226 870 260 quod
889 227 1021 260 sequitur,

229 269 364 304 quomodo
375 273 419 293 aut
430 272 455 292 tu
468 265 622 293 assentiare.
631 269 675 289 aut
687 273 736 296 ego
747 263 951 298 reprehendam,
960 272 1023 289 sanc

229 316 338 341 quaero,
352 306 417 330 'l'ite.

231 343 367 370 nocturnis
382 340 520 366 sacrificiis
537 338 692 364 mulierum.

229 381 341 409 sentim-3
360 383 470 412 excepto
487 376 642 410 praesertim
661 376 686 401 in
704 376 761 409 ipsa
775 374 832 410 lege
844 374 968 401 sollemni
980 384 1023 400 sa-

228 417 328 442 crificio
362 424 391 440 ac
429 414 547 449 publico.
588 413 622 439 M.
646 412 716 445 Quid
736 421 799 447 ergo
818 417 879 447 aget
901 412 1020 442 lae-chus,

230 452 458 487 liuuiulpislaeque
471 451 595 480 nostwet
605 455 718 483 augusta
731 449 774 476 illa
787 450 922 485 mysteria,
936 450 1024 484 siqui-

228 491 289 516 dem
305 499 378 516 sacru
396 494 522 515 nocturna
539 487 677 513 tollimus?
697 488 753 513 Non
769 488 842 513 enim
858 486 957 521 populo
971 487 1023 512 lto-

229 536 314 557 mnno,
327 526 372 552 scd
387 526 514 552 omnibus
526 525 603 551 honis
616 524 754 559 firmisque
766 524 874 559 populis
890 524 961 559 leges
975 524 1023 549 da-

228 574 298 592 mus.
334 566 374 590 36.
397 564 414 589 A
424 573 464 589 ττ.
487 563 607 596 Excipis,
619 562 708 592 credo.
723 561 777 592 itta,
791 561 893 596 quibus
906 562 957 596 ipsi
971 561 1024 587 ini-

228 603 283 629 tiati
295 610 400 628 sumus.
430 601 463 626 M.
477 600 532 634 ligo
544 608 606 626 vero
617 598 769 634 excipiam?
780 599 845 625 Nam
858 599 926 624 mihi
937 607 1022 633 quum

228 639 310 666 multu
326 638 425 665 eximia
440 638 588 671 divinaque
601 636 726 663 videntur
738 636 856 663 Athenae
869 641 928 662 tuae
941 644 1023 670 pepe·-

227 678 294 703 risse
305 681 384 711 atque
398 676 422 701 in
435 676 487 701 vita
501 675 639 700 hominum
656 673 790 704 attulisse,
809 678 865 699 tum
881 673 948 699 nihil
966 681 1023 699 me-

228 714 279 740 lius
292 713 346 739 illis
360 713 508 748 mysteriis,
521 712 623 746 quibus
635 720 667 738 ex
679 711 777 747 agresti
790 711 956 745 immanique
969 711 1022 736 vita

226 750 326 778 exculti
339 750 370 777 nd
383 750 576 776 humanitatem
588 754 613 775 et
625 749 740 783 mitigati
755 757 865 774 sumus:
889 748 1022 783 initiaque

226 794 255 816 ut
266 787 444 823 appellantur,
455 787 487 813 ita
495 795 521 813 re
530 795 589 812 vcra
602 786 734 821 principia
747 786 816 812 vitae
827 786 1019 821 cognovimus:

227 834 313 860 neque
337 825 424 851 solum
445 833 507 850 cum
530 823 627 850 laetitia
644 823 754 850 vivendi
771 823 900 849 rationem
915 823 1022 857 accepi-

227 872 296 892 mus.
310 862 356 888 sed
368 863 446 888 etiam
459 870 520 888 cum
532 870 578 896 spe
592 860 700 887 meliore
712 860 854 887 moriendi.
890 860 961 892 Quid
973 869 1022 886 au-

227 906 278 928 tem
292 900 358 926 mihi
371 899 511 933 displiceat
525 899 549 925 in
565 899 716 929 nocturnis,
734 903 825 932 poetae
842 897 961 924 indicant
977 906 1022 923 co-
1042 928 1044 936 A

227 939 300 964 miri.
341 938 398 969 Qua
412 937 516 962 licentia
531 937 626 962 Romae
637 935 711 965 data.
729 935 859 970 quidnam
876 936 976 970 egisset
989 934 1022 961 il-

227 976 259 1007 10,
273 975 358 1011 quiin
370 974 531 1001 sacrificium
544 974 686 1010 cogitatam
698 972 840 1000 libidinem
852 972 954 1002 intulit,
968 981 1022 1007 quo
1043 991 1045 995 .

226 1023 258 1040 ne
281 1013 490 1048 imprudentiam
511 1013 620 1047 quidem
641 1012 780 1038 oculorum
801 1010 881 1038 adiici
900 1009 938 1035 fas
954 1008 1022 1036 fuit‘?

225 1052 293 1078 An.
315 1051 354 1076 Tu
367 1059 429 1076 vero
442 1051 518 1077 istam
535 1051 630 1076 llomae
643 1049 729 1084 legem
742 1054 841 1084 rogato.

225 1094 292 1115 sti-as
304 1097 336 1114 ne
348 1087 490 1114 ademeris.
531 1087 589 1113 XV.
614 1088 655 1113 37.
678 1087 713 1113 M.
734 1087 774 1112 Ad
786 1091 874 1112 nostra
886 1087 969 1122 igitur
980 1095 1022 1112 re-

226 1131 325 1152 vertor:
351 1125 452 1160 quibus
474 1124 590 1159 profecto
612 1124 821 1159 diligentissime
844 1123 1020 1150 sanciendum

225 1169 277 1193 est,
301 1167 329 1189 ut
349 1162 494 1188 mulierum
511 1161 608 1188 famam
626 1161 771 1187 multorum
786 1161 872 1187 oculis
889 1161 936 1187 lux
951 1161 1020 1187 clara

224 1199 365 1230 custodiat,
383 1200 575 1234 initienturque
586 1207 616 1225 eo
628 1198 785 1228 rituCereri,
794 1207 847 1233 quo
859 1199 957 1225 Romae
968 1199 1021 1224 ini-

225 1239 332 1264 tiantur.
369 1236 427 1268 Quo
439 1238 465 1262 in
477 1245 574 1271 genere
586 1237 754 1262 severitatem
767 1237 899 1262 maiorum
911 1241 1020 1262 senatus

225 1280 301 1301 vetus
313 1274 454 1300 auctoritas
465 1274 498 1300 de
510 1273 722 1300 Bacchanalibus
734 1278 759 1299 et
769 1273 926 1304 consulum,
943 1282 1021 1300 exer-

223 1313 277 1338 citu
290 1311 420 1341 adhibito,
429 1312 550 1346 quaestio
560 1310 814 1345 animadversioque
825 1310 951 1337 declarat.
973 1311 1021 1337 At-

222 1358 275 1384 que
285 1349 374 1375 omnia
387 1353 527 1379 nocturna,
544 1357 577 1375 ne
592 1357 639 1375 nos
654 1348 775 1374 duriores
790 1347 856 1374 forte
867 1348 1017 1379 videamur,

223 1387 250 1413 in
268 1386 355 1412 media
367 1386 477 1412 Graecia
493 1386 644 1422 Diagondas
656 1385 800 1412 Thebanus
817 1385 875 1421 lege
891 1391 1019 1420 perpetua

222 1423 342 1450 sustulit.
383 1424 471 1450 Novos
484 1432 546 1449 vero
557 1423 635 1454 deos,
648 1427 673 1449 et
685 1424 712 1449 in
725 1423 767 1449 his
778 1422 899 1449 colendis
912 1428 1020 1449 noctur-

223 1470 270 1487 nas
282 1460 501 1496 pervigilationes
512 1461 551 1487 sic
558 1460 759 1495 Aristophanes,
768 1459 949 1486 facetissimus
956 1468 1020 1495 poe-

223 1503 246 1524 ta
259 1498 355 1524 veteris
367 1498 528 1529 comoediae,
543 1503 635 1528 vexat.
654 1502 683 1524 ut
694 1497 766 1532 apud
778 1506 839 1524 eum
852 1497 983 1524 Sabazius
994 1502 1020 1524 et

221 1534 332 1570 quidam
344 1534 390 1561 alii
401 1535 440 1561 dii
452 1536 587 1570 peregrini
599 1535 710 1561 iudicati
721 1543 735 1561 e
746 1536 854 1561 civitate
865 1535 1018 1562 eiiciantur.

222 1572 350 1598 Publicus
366 1577 454 1598 autem
474 1572 598 1599 sacerdos
614 1572 825 1607 imprudentiam
843 1572 956 1599 consilio
971 1581 1020 1598 ex-

222 1611 320 1644 piatam
338 1614 410 1635 metu
428 1609 534 1642 liberet;
558 1609 698 1636 audaciam
714 1610 742 1636 in
760 1609 934 1636 admittendis
955 1609 1019 1636 reli-

221 1647 349 1682 gionibus
361 1646 445 1673 foedis
457 1647 565 1673 damnet
576 1652 655 1682 atque
667 1647 779 1682 impiam
794 1647 905 1674 iudicet.

278 1686 319 1710 38.
342 1684 395 1710 lam
413 1684 468 1710 ludi
484 1684 600 1719 publici,
623 1685 752 1719 quoniam
767 1689 831 1711 sunt
840 1693 921 1711 cavea
933 1685 1019 1711 circo-

221 1730 274 1756 que
286 1721 377 1751 divisi,
390 1722 444 1748 sint
454 1730 596 1756 corporum
606 1722 773 1753 certationes.
785 1730 867 1748 cursu
880 1721 925 1758 [et]
938 1722 1019 1758 pugi-

221 1757 332 1788 latione.
356 1757 497 1785 luctatione
517 1758 715 1794 curriculisque
735 1767 866 1794 equorum
882 1768 969 1794 usque
985 1758 1018 1785 ad

221 1801 319 1822 certam
332 1796 470 1822 victoriam
483 1797 509 1822 in
521 1797 591 1822 circo
601 1796 768 1822 constitutis:
787 1797 814 1822 in
823 1797 834 1809 *
845 1805 925 1822 cavea
934 1817 940 1827 ,
953 1805 1018 1822 can—

223 1838 259 1863 tu,
276 1842 353 1863 voce,
369 1841 399 1858 ac
411 1833 521 1864 fidibus,
534 1838 560 1860 et
570 1833 658 1866 tibiis3
672 1833 738 1859 dum
750 1833 829 1860 modo
840 1841 870 1859 ea
882 1833 1017 1860 moderata

221 1870 288 1899 sint,
306 1874 335 1896 ut
350 1869 408 1905 lege
424 1870 624 1904 praescribitur.
664 1870 802 1897 Assentior
816 1871 889 1896 enim
903 1870 1015 1901 Platoni,

222 1906 290 1933 nihil
303 1911 355 1933 tam
368 1906 445 1933 facite
457 1909 483 1933 in
495 1908 598 1933 animos
611 1912 714 1934 teneros
725 1912 805 1942 atque
816 1907 910 1934 molles
921 1907 1017 1934 influe-

222 1952 258 1973 re,
274 1952 355 1978 quam
367 1945 455 1970 varios
467 1944 579 1970 canendi
590 1953 683 1970 sonos:
701 1953 831 1979 quorum,
845 1945 899 1971 dici
911 1946 958 1971 vix
968 1953 1018 1979 po-

222 1985 284 2011 test,
302 1985 400 2015 quanta
415 1982 449 2007 sit
461 1982 502 2007 vis
514 1982 540 2007 in
553 1986 694 2016 utramque
705 1986 818 2016 partem.
859 1983 980 2017 Namque
992 1987 1017 2009 et

222 2018 314 2044 incitat
325 2017 490 2053 languentes,
504 2023 529 2045 et
541 2018 703 2054 languelacit
715 2020 856 2050 excitatos,
869 2025 895 2046 et
906 2025 962 2046 tum
974 2028 1017 2046 re-

222 2056 302 2081 mittit
313 2055 425 2086 animos.
440 2060 496 2081 tum
508 2056 654 2082 contrahit:
676 2056 871 2091 civitatumque
883 2057 932 2083 hoc
944 2057 1016 2083 mul-

221 2097 308 2119 tarum
320 2093 347 2118 in
359 2092 470 2118 Graecia
484 2092 618 2124 interfuit,
637 2094 778 2128 antiquum
795 2102 891 2120 vocum
907 2103 1016 2121 conser—

220 2138 282 2156 vare
294 2129 418 2156 modum:
436 2138 550 2164 quarum
566 2139 652 2156 mores
665 2130 733 2165 lapsi
745 2130 777 2157 ad
791 2131 930 2158 mollitiem
942 2132 1015 2166 pari-

219 2171 258 2193 ter
273 2171 336 2193 sunt
351 2167 485 2193 immutati
500 2176 562 2193 cum
578 2167 714 2198 cantibus,
737 2173 783 2194 aut
801 2168 851 2194 hac
870 2169 1014 2195 dulcedine

219 2203 423 2239 corruptelaque
430 2204 577 2239 depravati,
587 2210 614 2231 ut
625 2204 737 2239 quidam
744 2210 850 2239 putant;
865 2211 918 2237 aut,
928 2215 1014 2241 quum

218 2242 347 2267 severitas
358 2250 450 2268 eorum
462 2242 496 2268 ob
507 2242 558 2268 alia
571 2243 634 2268 vitia
646 2242 796 2273 cecidisset,
807 2248 862 2269 tum
870 2243 954 2270 t'uitin
965 2252 1015 2270 au-

219 2278 304 2309 ribus,
313 2279 410 2305 animis
422 2281 539 2309 mutatis,
548 2281 627 2306 etiam
640 2279 703 2306 huic
715 2281 856 2306 mutationi
868 2280 952 2307 locus.
969 2282 1011 2307 39.

218 2316 397 2347 Quamobrem
414 2315 459 2342 ille
475 2316 585 2351 quidem
601 2317 819 2351 sapientissimus
831 2317 957 2344 Graeciae
972 2319 1014 2345 vir

220 2352 350 2388 longeque
361 2353 535 2380 doctissimus
547 2353 624 2380 valde
636 2354 704 2380 hanc
716 2353 804 2380 labem
815 2360 929 2381 veretur.
959 2356 1013 2381 Ne-

217 2395 261 2425 gat
272 2391 343 2416 enim
356 2391 453 2417 mutari
469 2399 546 2425 posse
561 2392 678 2417 musicas
694 2390 766 2426 leges
777 2392 836 2418 sine
847 2393 1013 2419 immutatio-

218 2435 250 2452 ne
263 2427 353 2462 legum
369 2427 550 2462 publicarum.
590 2429 647 2463 Ego
661 2433 750 2454 autem
766 2437 815 2454 nec
829 2434 880 2455 tam
893 2429 972 2456 valde
984 2430 1012 2456 id

218 2464 367 2490 timendum
384 2473 432 2491 nec
448 2465 527 2499 plane
537 2465 764 2492 contemnendum
776 2471 851 2500 puto.
891 2467 938 2493 lna
949 2468 1012 2502 qui-

218 2500 293 2530 dem.
310 2510 378 2535 quae
394 2502 515 2528 solebant
528 2502 665 2537 quondam
675 2502 804 2537 compleri
816 2505 957 2530 severitate
968 2505 1012 2530 iu-

218 2537 305 2563 cunda
322 2538 441 2565 Livianis
455 2545 481 2566 et
496 2540 640 2566 Naevianis
656 2539 756 2570 modiS‚
780 2549 851 2566 nunc
873 2546 901 2567 ut
916 2541 1011 2568 eadem

218 2574 365 2600 exsultant!
388 2577 506 2602 eervices
521 2576 668 2611 oculosque
683 2577 782 2611 pariter
796 2585 857 2603 cum
870 2578 1010 2605 modorum

217 2609 379 2637 flexionibus
399 2614 534 2647 torquent!
560 2614 684 2644 Graviter
703 2613 768 2640 olim
788 2615 838 2640 ista
857 2615 1012 2642 vindicabat

217 2652 294 2674 vetus
306 2647 350 2674 illa
357 2648 476 2681 Graecia,
490 2649 567 2686 longe
577 2651 732 2686 providens,
741 2660 822 2686 quam
834 2653 936 2679 sensim
948 2661 1012 2688 per-

458 304 498 328 35.
522 303 587 328 ΛΠ.
610 301 681 333 Quid
695 300 800 327 tandem
814 300 839 326 id
851 300 909 327 est‘!
932 300 966 326 Μ.
988 301 1023 326 Dc
1052 323 1053 331 ,

733 338 801 364 Art.
824 338 880 372 Ego
900 346 962 364 vero
980 346 1024 363 as-
1051 342 1053 350 ¹
1842 351 1871 368 a·

1051 385 1053 394 ⁴
1077 377 1134 402 triis
1145 375 1266 402 colantur
1277 376 1385 410 optimi:
1402 375 1435 402 de
1446 384 1500 410 quo
1511 384 1596 411 quum
1607 376 1776 404 consulerent
1790 350 1871 404 Atlie-

1044 413 1045 423 *
1077 412 1486 448 nienscsApollinemPythium.
1499 422 1567 448 quas
1578 414 1748 448 potissimum
1762 415 1871 451 religio-

1050 1021 1051 1026 *
1073 1011 1122 1038 dit.

878 1047 962 1075 Nobis
974 1056 1022 1075 no-
1042 1060 1044 1081 1

960 119 990 145 Τ.
1022 118 1296 145 ΕΙ(ΣΙΞΙΗ)Ν15

1076 191 1160 216 nicius
1174 189 1266 224 illapsa
1280 190 1382 216 civium
1398 191 1514 220 animos.
1532 190 1609 217 malis
1625 191 1723 217 studiis
1738 191 1870 227 malisque

1075 227 1205 253 ‹iuncti-inis
1221 232 1328 262 repente
1345 231 1411 252 totas
1421 228 1544 254 civitates
1558 234 1701 255 everteret:
1723 229 1746 254 ai
1758 229 1869 263 quidem

1077 264 1120 290 illa
1142 273 1234 290 severa
1256 263 1436 290 Lacedaemon
1458 273 1553 291 nervos
1575 266 1666 295 iussit,
1688 265 1759 300 quod
1779 266 1870 300 plures

1075 311 1155 336 quam
1169 306 1270 336 septem
1287 301 1404 332 haberet,
1419 302 1445 328 in
1457 302 1590 328 Timothei
1601 302 1702 329 fidibus
1712 303 1794 330 demi.

1131 339 1199 364 ΧΠ.
1223 339 1263 365 4⁰.
1286 339 1416 373 Deinceps
1433 339 1459 364 in
1477 338 1534 374 lege
1547 344 1599 369 est,
1617 345 1646 366 ut
1660 340 1693 366 de
1710 341 1807 366 ritibus

1077 460 1123 476 nes
1135 455 1267 480 tenerent,
1285 450 1424 477 oraculum
1436 450 1540 477 editum
1554 456 1607 481 est.
1625 459 1679 482 eas,
1697 460 1766 486 quae
1781 457 1872 480 essent

1077 489 1102 514 in
1116 497 1186 514 more
1198 488 1340 513 maiorum.
1380 487 1438 520 Quo
1449 496 1534 522 quum
1548 488 1643 514 iterum
1656 489 1801 519 venissent.
1814 499 1872 516 rna-

1077 526 1217 560 iorumque
1230 534 1330 551 morem
1342 524 1475 551 dixissent
1486 533 1565 559 saepe.
1572 534 1630 552 esse
1638 531 1778 557 mutatum.
1787 535 1871 562 quae-

1075 563 1360 597 sivissent‹1ue,quem
1374 571 1473 588 morem
1486 563 1658 597 potissimum
1670 570 1846 598 sequerentur
1856 574 1871 590 e

1077 600 1171 626 variis:
1186 599 1332 634 respondit.
1345 600 1488 634 optimum.
1524 600 1555 626 Et
1567 599 1683 634 profecto
1695 601 1729 627 ita
1741 606 1789 632 est.
1804 606 1832 628 ut
1844 601 1870 628 id

1076 637 1230 663 habendum
1241 637 1276 663 sit
1287 637 1508 671 antiquissimum
1519 642 1545 664 et
1555 637 1606 664 deo
1617 638 1784 672 proximum,
1797 638 1870 674 quod

1074 676 1262 709 sitoptimum.
1298 674 1401 708 Stipem
1413 674 1585 705 sustulimus.
1600 675 1651 701 nisi
1663 683 1731 706 eam.
1743 684 1825 711 quam
1837 676 1870 703 ad

1074 721 1173 747 paucos
1187 712 1246 738 dies
1257 712 1392 746 propriam
1404 711 1496 738 ldaeae
1508 712 1598 738 Matris
1609 713 1777 747 excepimus.
1818 714 1871 740 lm-

1075 749 1128 784 plet
1147 750 1219 775 enim
1239 750 1429 783 superstitione
1451 750 1555 776 animos
1575 754 1601 776 et
1620 750 1745 777 exhaurit
1765 750 1868 777 domos.

1073 786 1210 822 Sacrilego
1221 795 1304 822 poena
1315 792 1369 817 est,
1388 795 1474 821 neque
1486 787 1510 813 ei
1522 786 1586 817 soti,
1599 788 1647 822 qui
1659 796 1765 814 sacrum
1777 788 1871 814 abstu-

1075 824 1147 855 lerit,
1164 823 1211 850 sed
1227 824 1307 850 etiam
1324 824 1362 854 ei,
1379 824 1427 859 qui
1439 833 1514 850 sacro
1524 824 1752 851 commendatum.
1793 824 1870 857 Quod

1074 867 1099 888 et
1111 870 1182 888 nunc
1195 861 1286 887 multis
1302 861 1329 887 lit
1342 862 1367 887 in
1381 861 1460 887 sanis.
1501 863 1542 888 Η.
1566 861 1717 888 Alexander
1734 863 1761 889 in
1775 862 1870 889 Cilicia

1073 899 1232 933 deposuisse
1248 898 1320 933 apud
1337 898 1412 925 Solos
1425 899 1450 924 in
1467 898 1581 925 delubro
1597 900 1739 933 pecuniam
1754 899 1866 927 dicitur;

1073 942 1098 962 et
1110 937 1282 962 Atheniensis
1294 935 1445 962 Clisthenes
1463 937 1556 962 lunoni
1573 936 1692 967 Samiae,
1709 937 1778 963 civis
1793 945 1870 972 egre-

1072 974 1148 1009 gius,
1167 982 1251 1008 quum
1269 974 1350 1000 rebus
1361 974 1465 1000 timeret
1479 974 1550 1004 suis¹
1569 974 1684 1000 {iliarum
1697 974 1771 1000 dotes
1781 974 1871 1000 credi-

1163 1010 1215 1037 Sed
1232 1012 1283 1036 iam
1299 1011 1332 1037 de
1347 1011 1487 1045 periuriis.-
1503 1010 1536 1037 de
1553 1011 1654 1037 incesto
1663 1011 1731 1037 nihil
1743 1020 1806 1038 sane
1820 1011 1870 1038 hoc

1073 1048 1184 1085 quidem
1197 1048 1253 1076 loco
1265 1048 1458 1085 disputandum
1471 1053 1520 1076 est.
1556 1049 1635 1076 Donis
1648 1049 1724 1084 impii
1736 1057 1768 1076 ne
1781 1048 1871 1084 placa-

1073 1097 1132 1114 care
1144 1087 1259 1113 audeant
1271 1088 1344 1117 deos.
1359 1087 1493 1113 Platonem
1506 1086 1628 1117 audiant;
1647 1088 1694 1121 qui
1707 1092 1776 1114 vetat
1787 1087 1865 1113 dubi-

1049 1128 1051 1136 ’
1073 1131 1141 1155 tare,
1154 1134 1207 1159 qua
1218 1126 1253 1151 sit
1264 1130 1351 1151 mente
1364 1124 1471 1151 futurus
1482 1124 1562 1154 deus.
1579 1133 1664 1159 quum
1678 1124 1719 1150 vir
1730 1133 1808 1151 nemo
1822 1125 1870 1151 bo-

1042 1164 1044 1170 “
1073 1172 1124 1189 nus
1140 1162 1173 1188 ab
1190 1162 1312 1197 improbo
1326 1171 1355 1188 se
1371 1162 1464 1188 donari
1478 1161 1550 1188 velit.

1592 1161 1734 1197 Diligentia
1747 1167 1870 1188 votorum

1072 1201 1137 1226 satis
1149 1200 1174 1226 in
1188 1199 1245 1235 lege
1257 1199 1327 1226 dicta
1339 1205 1387 1229 est,
1406 1208 1435 1226 ac
1447 1199 1502 1225 voti
1513 1199 1636 1233 sponsio,
1652 1207 1705 1233 qua
1716 1198 1870 1235 obligamur

1073 1237 1132 1264 deo.
1165 1237 1250 1263 Poena
1262 1246 1325 1264 vero
1337 1237 1450 1263 violatae
1462 1236 1601 1272 religionis
1614 1237 1712 1262 iustam
1724 1237 1871 1263 recusatio-

1073 1284 1133 1301 nem
1156 1283 1207 1301 non
1233 1275 1322 1301 habet.
1367 1273 1439 1306 Quid
1464 1282 1513 1309 ego
1534 1273 1578 1300 hic
1601 1273 1790 1300 sceleratorum
1811 1279 1870 1300 utar

1072 1311 1223 1346 exemplis?
1235 1321 1350 1347 quorum
1362 1316 1425 1338 sunt
1436 1311 1530 1346 plenae
1543 1311 1704 1347 tragoediae.
1737 1310 1810 1344 Quae
1822 1320 1870 1338 an-

1073 1355 1095 1377 te
1107 1349 1199 1376 oculus
1210 1355 1282 1380 sunt,
1295 1358 1324 1376 ea
1337 1350 1426 1385 potius
1436 1349 1611 1385 attingantur.
1650 1349 1707 1375 Etsi
1720 1348 1784 1375 haec
1795 1357 1870 1375 com-

1073 1388 1228 1414 memoratio
1244 1395 1337 1414 vereor
1347 1396 1380 1414 ne
1390 1395 1471 1422 supra
1484 1386 1602 1413 hominis
1614 1385 1746 1413 fortunam
1758 1394 1816 1412 esse
1828 1386 1870 1412 vi-

1072 1425 1179 1451 deatur:
1193 1429 1289 1455 tamen,
1303 1425 1431 1459 quoniam
1443 1423 1511 1450 mihi
1522 1432 1610 1450 sermo
1621 1428 1660 1450 est
1669 1423 1742 1458 apud
1756 1432 1813 1454 vos,
1826 1424 1869 1450 ni·

1072 1462 1110 1488 hil
1123 1462 1252 1489 reticebo:
1267 1462 1404 1497 velimque
1416 1462 1475 1492 hoc.
1491 1460 1564 1496 quod
1576 1460 1678 1496 loquar.
1693 1460 1747 1487 diis
1758 1461 1870 1488 immor-

1072 1499 1172 1526 talibus
1183 1504 1289 1535 gratum
1305 1501 1394 1534 potius
1406 1498 1502 1530 videri,
1515 1507 1596 1533 quam
1608 1507 1700 1534 grave.
1712 1513 1748 1518 —-

1127 1537 1210 1563 XVII.
1225 1538 1266 1564 42.
1288 1536 1384 1564 Omnia
1397 1542 1454 1563 tum
1465 1536 1631 1571 perditorum
1642 1536 1745 1562 civium
1756 1534 1866 1566 scelere,

1071 1574 1194 1601 discessu
1216 1583 1288 1605 meo,
1312 1574 1474 1610 religionum
1491 1575 1549 1600 iura
1565 1573 1666 1608 polluta
1681 1578 1758 1600 sunt:
1779 1573 1868 1599 vexati

1071 1613 1155 1638 nostri
1167 1612 1247 1638 Lares
1258 1611 1418 1638 familiares:
1437 1611 1465 1637 in
1479 1619 1572 1637 eorum
1583 1610 1696 1637 sedibus
1707 1610 1868 1637 exaedifica-

1072 1654 1128 1676 tum
1141 1649 1271 1684 templum
1284 1650 1432 1676 Licentiae:
1446 1647 1543 1683 pulsus
1554 1656 1568 1674 a
1579 1647 1701 1674 delubris
1714 1648 1745 1678 is,
1761 1648 1810 1682 qui
1821 1647 1867 1674 illa

1070 1691 1198 1713 servarat.
1239 1686 1445 1721 Circumspicite
1455 1684 1578 1712 celeriter
1588 1686 1691 1715 animo.
1704 1684 1782 1718 (nihil
1794 1685 1867 1711 enim

1070 1724 1164 1750 attinet
1183 1732 1348 1758 quemquam
1370 1723 1513 1757 nominari)
1533 1723 1581 1757 qui
1601 1723 1656 1748 sint
1674 1730 1763 1748 rerum
1778 1723 1867 1748 exitus

1069 1762 1216 1787 consecuti.
1257 1761 1319 1790 Nos.
1333 1761 1381 1795 qui
1392 1759 1466 1786 illam
1476 1759 1614 1786 custodem
1631 1758 1723 1789 Urbis,
1739 1759 1867 1786 omnibus

1069 1799 1168 1832 ereptis
1180 1798 1278 1824 nostris
1289 1797 1370 1824 rebus
1381 1806 1411 1823 ac
1418 1796 1540 1831 perditis,
1550 1796 1645 1823 violari
1655 1796 1689 1822 ab
1701 1797 1793 1831 impiis
1805 1805 1866 1831 pas—

1069 1835 1092 1861 si
1105 1843 1156 1861 non
1168 1843 1273 1865 sumus,
1286 1843 1400 1870 eamque
1410 1843 1444 1860 ex
1456 1839 1543 1860 nostra
1555 1834 1634 1860 domo
1645 1834 1672 1859 in
1685 1834 1772 1868 ipsius
1783 1835 1866 1868 patris

1069 1872 1180 1898 domum
1191 1871 1353 1903 detulimus,
1372 1872 1472 1898 iudicia
1484 1877 1607 1901 senatus,
1624 1870 1727 1901 ltaliae,
1744 1871 1865 1906 gentium

1068 1909 1186 1944 denique
1201 1910 1338 1940 omnium,
1359 1914 1530 1935 conservatae
1547 1909 1647 1943 patriae
1662 1909 1800 1934 consecuti
1819 1917 1867 1934 su·

1069 1955 1140 1972 mus.
1180 1946 1238 1979 Quo
1253 1947 1320 1981 quid
1336 1946 1456 1973 accidere
1472 1946 1559 1980 potuit
1570 1946 1673 1972 homini
1684 1945 1867 1980 praeclarius?

1068 1984 1188 2016 Quorum
1204 1983 1303 2010 scelere
1316 1983 1460 2019 religiones
1472 1988 1528 2009 tum
1541 1988 1686 2018 prostratae
1698 1981 1865 2018 afflictaeque

1067 2026 1143 2052 sunt,
1167 2022 1263 2055 partim
1275 2030 1309 2047 ex
1321 2021 1375 2047 illis
1386 2020 1507 2047 distracti
1518 2029 1548 2047 ac
1559 2020 1684 2055 dissipati
1696 2020 1794 2046 iacent:
1817 2021 1864 2055 qui

1068 2067 1131 2084 vero
1147 2067 1180 2085 ex
1196 2059 1230 2085 iis
1246 2063 1271 2085 et
1291 2059 1386 2085 horum
1406 2057 1539 2084 scelerum
1562 2058 1698 2092 principes
1717 2056 1825 2084 suerunt
1839 2062 1865 2084 et

1067 2100 1171 2130 praeter
1181 2101 1282 2122 ceteros
1294 2097 1320 2122 in
1331 2096 1405 2122 omni
1417 2095 1546 2131 religione
1558 2095 1650 2130 impii,
1664 2103 1716 2121 non
1728 2094 1816 2121 solum
1822 2095 1864 2120 vi-

1068 2138 1091 2159 ta
1103 2133 1228 2163 cruciati,
1249 2132 1349 2169 [atque]
1367 2132 1510 2163 dedecore,
1524 2140 1618 2159 verum
1635 2132 1715 2158 etiam
1725 2131 1863 2166 sepultura

1066 2179 1097 2196 ac
1115 2171 1194 2196 iustis
1209 2171 1402 2205 exsequiarum
1417 2174 1571 2196 caruerunt.
1612 2170 1654 2196 43.
1676 2168 1708 2201 Q.
1728 2168 1862 2204 Equidem

1066 2208 1116 2234 ista
1131 2216 1260 2243 agnosco,
1279 2207 1371 2238 frater,
1389 2213 1414 2234 et
1429 2208 1536 2233 meritas
1552 2206 1606 2233 diis
1619 2207 1718 2242 gratias
1729 2214 1792 2242 ago:
1814 2206 1862 2232 sed

1066 2245 1148 2271 nimis
1159 2253 1239 2280 saepe
1249 2253 1328 2271 secus
1339 2245 1476 2280 aliquanto
1486 2243 1612 2270 videmus
1622 2243 1746 2270 evadere.
1760 2244 1795 2270 M.
1804 2243 1862 2270 Non

1065 2283 1152 2313 enim,
1165 2282 1276 2314 Quinte,
1294 2287 1363 2309 recte
1375 2283 1577 2312 existimamus,
1590 2290 1660 2316 quae
1674 2289 1758 2315 poena
1768 2280 1861 2307 divina

1064 2319 1112 2345 sit:
1126 2325 1151 2346 et
1162 2319 1336 2354 opinionibus
1348 2319 1424 2355 vulgi
1436 2320 1558 2354 rapimur
1568 2320 1596 2345 in
1606 2326 1732 2349 errorem,
1741 2326 1789 2344 nec
1800 2326 1860 2344 vera

1064 2357 1211 2383 cernimus.
1251 2357 1333 2383 Morte
1349 2362 1395 2383 aut
1407 2356 1498 2383 dolore
1511 2356 1630 2391 corporis
1645 2360 1691 2382 aut
1709 2354 1782 2381 luctu
1802 2356 1861 2381 ani-

1065 2395 1103 2420 mi
1114 2399 1159 2420 aut
1174 2393 1320 2420 ofsensione
1335 2393 1430 2420 iudicii
1442 2393 1583 2420 hominum
1595 2393 1717 2419 miserias
1727 2392 1859 2426 pondera-

1063 2439 1139 2457 mus:
1161 2439 1230 2466 quae
1248 2431 1330 2458 fateor
1344 2431 1461 2457 humana
1475 2439 1534 2457 esse
1549 2435 1575 2457 et
1590 2429 1683 2456 multis
1698 2429 1777 2455 bonis
1793 2430 1859 2456 viris

1063 2468 1205 2495 accidisse.
1245 2468 1361 2495 Sceleris
1376 2473 1416 2495 est
1431 2476 1516 2503 poena
1532 2468 1628 2498 tristis;
1651 2471 1677 2492 et
1694 2471 1799 2500 praeter
1813 2475 1859 2493 eos

1063 2511 1185 2536 eventus,
1198 2507 1246 2540 qui
1257 2510 1418 2541 sequuntur,
1431 2514 1479 2540 per
1489 2505 1587 2539 seipsa
1598 2504 1716 2530 maxima
1727 2509 1776 2530 est.
1811 2504 1859 2530 vi-

1063 2542 1154 2569 dimus
1165 2551 1220 2573 eos,
1234 2543 1295 2578 qui.
1309 2543 1362 2569 nisi
1373 2542 1493 2569 odissent
1504 2542 1630 2576 patriam,
1643 2549 1794 2575 numquam
1805 2541 1859 2567 ini-

1063 2580 1126 2606 mici
1137 2580 1216 2606 nobis
1228 2579 1351 2610 fuissent,
1365 2579 1488 2605 ardentes
1499 2584 1556 2605 tum
1566 2577 1723 2613 cupiditate,
1732 2583 1789 2604 tum
1801 2586 1858 2604 me-

1062 2621 1104 2647 tu.
1123 2621 1179 2643 tum
1194 2617 1372 2644 conscientia:
1393 2616 1460 2651 quid
1476 2620 1597 2651 agerent,
1620 2614 1699 2641 modo
1717 2616 1854 2645 timentes;

1062 2654 1185 2680 vicissim
1196 2659 1396 2681 contemnentes
1407 2653 1562 2689 religiones3
1578 2652 1679 2679 iudicia
1689 2651 1856 2688 perruptaah
