1941 3052
233 154 273 177 tt:
799 154 837 177 ¹23.
875 152 908 177 M.
944 152 972 177 T.

223 222 354 249 ...inim-1.
377 227 404 247 ut
420 226 524 256 propter
539 230 598 247 ι·ιιιιι
615 222 640 247 in
655 230 804 247 sermonem
820 221 959 247 hominurn
974 225 1013 247 at·

221 268 274 294 que
290 260 315 285 in
332 264 429 285 tuntum
447 260 663 292 xitum-rationem
681 259 790 284 veniret.
827 259 866 284 tt.
887 258 953 289 Quis
969 267 1013 283 ve-

222 302 307 323 strum
324 297 405 330 igitur
419 297 510 324 nem-it,
527 296 618 329 ιμιειιιῑι
636 295 699 320 baec
713 295 906 320 aestimentur?
923 295 950 320 ln
965 303 1013 321 au-

221 336 307 360 vtiom·
322 335 430 366 signnm
445 342 555 358 ιιι·ιιι·ιιιιι
571 341 622 358 nun
638 341 763 365 magnum
780 332 834 358 ll-S
844 340 881 357 Μ,
892 331 1013 358 millibus

224 372 312 397 venire
327 380 377 396 non
395 370 529 395 xidinms'!
547 369 625 400 Quid,
642 369 663 394 si
681 369 761 395 velim
777 369 913 395 nominare
928 369 1014 395 bomi—

223 418 282 437 ne«,
303 409 348 442 qni
369 412 412 433 ιιιιι
432 416 482 432 non
503 407 612 431 miinoris
631 406 768 432 autetiam
784 406 869 440 pluris
884 405 1015 432 emerint?

223 454 308 471 ιιιιιιιιι·
327 444 456 478 possum?
483 444 585 469 Etenim
604 443 650 477 qui
671 443 766 469 modus
781 448 821 469 est
835 443 861 469 in
877 443 918 469 his
933 443 1013 469 rebus

221 481 384 515 cupiditatis,
402 480 471 506 idem
487 485 527 506 cst
541 481 742 506 aestimationis.
766 480 877 506 Difficile
891 485 931 507 est
941 480 1012 506 enim

222 521 300 545 finem
327 518 409 543 facere
434 518 529 551 prono,
555 518 577 543 si
598 527 648 543 non
669 517 773 543 libidini
789 517 892 544 feceris.
934 516 1014 543 Video

222 557 302 588 igitur
317 556 410 581 Heium
430 563 517 589 neque
537 555 671 582 voluntate
689 563 776 589 neque
794 554 951 581 difficultate
964 554 1014 580 ali-

220 602 272 627 qua
289 592 415 626 temporis
431 600 517 627 neque
532 592 716 626 magnitudine
727 592 855 627 pecuniae
867 591 1012 618 adductum

221 639 293 658 esse,
311 634 338 655 ut
354 630 417 655 haec
431 630 506 665 signa
523 630 660 656 venderet:
688 634 766 664 teque
780 630 829 656 ista
843 629 1014 655 simulatione

221 667 377 701 emptionis,
395 667 434 697 vi,
451 671 536 697 metu.
559 667 683 701 imperio,
706 666 837 697 fascibus,
859 666 892 692 ab
907 666 1014 692 homine

220 714 263 733 eo,
279 713 359 738 quem
376 713 427 730 una
442 713 503 730 cum
518 704 613 730 ceteris
627 704 707 730 sociis
722 712 773 730 non
788 703 875 730 solum
891 703 1013 738 potestati

220 747 293 769 tuae,
315 741 361 767 sed
380 741 459 767 etiam
479 741 539 767 fidei
555 741 671 776 populus
686 742 820 768 Romanus
833 741 1011 771 commiserat,

220 779 352 813 eripuisse
366 783 445 813 atque
459 778 614 804 abstulisse.
638 780 678 805 45.
689 777 759 810 Quid
772 778 837 804 mihi
853 783 905 804 tam
920 782 1014 812 optan-

219 816 299 845 dum,
320 815 436 845 iudices,
457 820 616 850 potestesse
632 816 656 842 in
674 816 722 842 hoc
739 816 864 846 crimine,
888 824 969 850 quam
985 819 1014 841 ut

221 853 284 879 haee
299 853 390 878 eadem
404 853 475 879 dicat
489 854 547 887 ipse
562 852 660 879 llcius'?
675 852 746 879 Nihil
761 852 886 887 profecto.
913 852 965 879 Sed
980 860 1013 878 ne
1040 879 1041 884 ,

1040 899 1041 903 ¹
1065 889 1190 916 libenter:
1206 889 1304 920 dicent.
1320 898 1389 925 quae
1403 899 1510 916 necesse
1525 891 1582 919 erit.
1599 891 1719 926 ingratis.
1755 891 1856 926 Negent

219 890 339 916 difficilia
354 895 488 924 optemus.
523 891 604 916 lleius
619 895 659 916 est
673 890 861 916 Mamertinus:
878 890 1013 916 Mamerti-

220 936 252 953 na
271 928 365 953 civitas
385 928 466 953 istum
486 927 592 962 publice
610 928 745 953 communi
759 927 872 954 consilio
885 927 940 954 sola
956 926 1014 953 lau-

219 965 277 991 dat:
294 964 419 990 omnibus
434 965 491 999 ipse
505 965 599 991 ceteris
611 964 709 991 Siculis
723 964 784 991 odio
797 969 850 991 est:
867 965 899 990 ab
914 965 956 990 his
970 973 1014 991 so-

221 1001 253 1027 lis
268 1006 383 1028 amatur:
400 1002 459 1028 eius
473 1007 560 1028 autem
578 1002 724 1037 legationis.
741 1010 809 1036 quae
819 1001 851 1028 ad
863 1002 943 1028 istum
957 1001 1014 1027 lau—
1032 999 1034 1021 '³

219 1039 337 1065 dandum
358 1039 438 1065 missa
457 1044 510 1070 est,
531 1040 654 1074 princeps
673 1044 713 1065 est
727 1039 822 1065 Heius:
846 1039 953 1073 (etenim
974 1043 1013 1064 est

211 1077 323 1110 ‘primus
342 1075 483 1109 civitatis:)
507 1085 538 1102 ne
558 1076 636 1106 forte,
660 1076 725 1102 dum
744 1076 862 1111 publicis
880 1075 1012 1102 mandatis

220 1114 326 1143 ³erviat,
343 1113 376 1139 (le
391 1114 501 1148 privatis
517 1114 622 1140 iniuriis
636 1114 753 1140 reticeat.
789 1115 829 1139 16.
846 1114 913 1139 llaec
926 1122 1011 1148 quum

219 1152 314 1177 scirem
330 1155 355 1176 et
369 1151 526 1185 cogitarem,
542 1151 664 1177 commisi
680 1155 783 1181 tamen,
800 1151 915 1181 iudices,
936 1150 1010 1176 Heio.

220 1188 335 1215 Produxi
349 1196 410 1214 eum
426 1188 510 1222 prima
524 1189 638 1215 actione:
655 1197 742 1222 neque
756 1188 783 1214 id
798 1193 885 1214 tamen
900 1187 955 1214 ullo
965 1196 1013 1223 pe-

220 1225 303 1251 riculo
318 1224 377 1251 seci.
417 1225 487 1257 Quid
502 1226 573 1251 enim
588 1230 689 1260 poterat
702 1225 784 1251 Heius
798 1225 972 1260 respondere,
988 1226 1011 1251 si

218 1268 289 1289 esset
304 1262 451 1297 improbus,
468 1263 491 1289 si
505 1263 548 1289 sui
561 1262 722 1289 dissimilis?
734 1263 801 1289 Esse
815 1262 860 1289 illa
874 1263 950 1298 signa
964 1261 1012 1288 do-

220 1300 255 1325 mi
274 1308 351 1330 suae,
372 1308 424 1326 non
442 1308 501 1326 esse
515 1300 586 1334 apud
602 1299 726 1326 Verrem‘?
751 1299 802 1332 Qui
817 1304 919 1335 poterat
931 1299 1012 1335 quid-

218 1346 299 1372 quam
318 1337 451 1363 eiusmodi
470 1336 576 1364 dicere‘?
600 1337 634 1363 Ut
652 1337 729 1364 homo
748 1337 922 1371 turpissimus
940 1341 1012 1363 esset
1039 1347 1040 1369 ι

1039 1375 1041 1391 ²
1061 1374 1141 1401 dasii.

1039 1423 1040 1432 2
1062 1413 1172 1447 ciaeque
1186 1411 1291 1438 Siciliae
1305 1412 1474 1439 detrimento.
1504 1413 1594 1439 Tritici
1610 1412 1728 1440 modium
1741 1420 1779 1438 Lx
1793 1411 1855 1438 mil-

218 1374 507 1410 impudentissimeque
525 1375 694 1405 mentiretur,
715 1374 765 1400 hoc
782 1375 895 1401 diceret:
923 1373 967 1400 illa
982 1381 1011 1400 se

218 1412 346 1438 habuisse
360 1411 476 1443 venalia,
497 1420 580 1447 eaque
594 1421 636 1444 se.
657 1412 750 1447 quanti
765 1411 892 1442 voluerit,
918 1411 1012 1439 vendi-

217 1449 300 1475 disse.
327 1450 410 1476 Homo
422 1449 494 1476 domi
509 1458 573 1476 suae
587 1450 783 1481 nobilissimus,
799 1451 846 1485 qui
862 1457 909 1476 vos
923 1448 956 1476 de
970 1458 1012 1476 re*
1039 1476 1040 1481 ,

218 1486 316 1522 ligione
330 1495 378 1513 sua
392 1495 422 1512 ac
435 1487 565 1522 dignitate
579 1496 640 1513 vere
654 1488 808 1513 existimare
823 1487 940 1513 maxime
955 1486 1011 1513 vel-
1038 1512 1040 1517 ,

219 1524 265 1554 let,
287 1524 372 1559 primo
385 1523 454 1550 dixit
467 1533 496 1550 se
510 1525 592 1551 istum
607 1524 714 1559 publice
730 1524 850 1556 laudare,
870 1524 943 1559 quod
957 1524 1010 1550 sibi

216 1562 252 1588 ita
272 1561 427 1588 mandatum
445 1566 529 1588 esset:
557 1561 654 1588 deinde
673 1570 761 1597 neque
779 1571 808 1588 se
821 1561 868 1588 illa
882 1561 1010 1588 habuisse

218 1598 319 1625 venalia
334 1607 420 1633 neque
435 1598 488 1625 ulla
502 1599 666 1628 conditione,
682 1608 720 1630 st,
737 1604 826 1625 utrum
841 1598 929 1630 vellet,
947 1598 1011 1625 lice-

216 1641 268 1667 ret,
284 1636 380 1662 adduci
395 1645 524 1671 umquam
539 1637 671 1671 potuisse.
688 1641 717 1663 ut
731 1636 858 1663 venderet
870 1636 924 1667 illa,
940 1644 1010 1670 quae

216 1674 243 1699 in
262 1674 376 1700 sacrario
395 1672 510 1700 fuissent
523 1682 536 1699 a
552 1674 698 1700 maioribus
712 1674 770 1700 suis
785 1673 875 1700 relicta
889 1678 914 1699 et
929 1673 1010 1699 tradi—

217 1715 251 1736 ta.
291 1711 358 1737 VIII.
379 1711 419 1736 Π.
443 1709 514 1742 Quid
528 1710 619 1741 sedes,
641 1710 751 1737 Verres?
771 1710 838 1746 quid
852 1709 1010 1745 exspectas?

216 1747 282 1782 quid
297 1752 322 1774 te
336 1756 350 1774 a
364 1747 537 1782 Centuripina
550 1748 670 1778 civitate,
691 1757 705 1774 a
718 1747 867 1779 Catinensi,
883 1748 917 1774 ab
931 1746 1009 1773 Hal&

216 1785 287 1815 sina,
304 1785 336 1811 ab
351 1785 542 1820 Tyndaritana,
559 1785 708 1816 Hennensi,
724 1785 885 1820 Agyrinensi
899 1784 1009 1811 ceteris-

215 1830 268 1856 que
288 1821 394 1848 Siciliae
412 1822 566 1848 civitatibus
584 1823 772 1849 circumveniri
790 1827 870 1857 atque
892 1821 1008 1856 opprimi

215 1858 301 1885 dicis?
314 1859 369 1885 Tua
384 1863 408 1885 te
422 1858 502 1885 altera
517 1860 609 1894 patria,
625 1859 854 1895 quemadmodum
867 1859 955 1885 dicere
965 1867 1009 1885 so-

216 1896 300 1926 lebas,
317 1897 439 1922 Messana
452 1897 642 1924 circumvenit:
668 1901 722 1925 tua.
738 1897 859 1932 inquam.
874 1896 1006 1926 Messana,

216 1938 322 1960 tuorum
336 1933 454 1960 adiutrix
467 1933 612 1963 scelerum.
635 1933 778 1960 libidinum
793 1934 881 1964 testis,
897 1933 1008 1968 praeda-

215 1979 275 1997 rum
290 1979 318 1997 ac
333 1970 463 1997 furtorum
478 1971 618 2006 receptrix.
658 1971 741 1998 Adest
758 1971 830 1997 enim
845 1971 885 1997 vir
897 1970 1010 2006 amplis-

215 2009 301 2034 simus
315 2008 374 2034 eius
387 2008 517 2038 civitatis,
539 2008 654 2044 legatus,
676 2008 789 2034 huiusce
807 2008 900 2034 iudicii
914 2016 1008 2034 caussa

214 2045 294 2072 domo
309 2045 423 2076 missus,
443 2046 569 2080 princeps
584 2045 744 2072 laudationis
759 2050 832 2075 tuae,
853 2045 900 2080 qui
920 2050 944 2071 te
957 2053 1009 2080 pu-

215 2082 283 2109 blice
303 2082 404 2109 laudat:
430 2083 465 2108 ita
483 2083 554 2108 enim
573 2082 726 2109 mandatum
745 2087 825 2118 atque
847 2083 1008 2117 imperatum

214 2124 264 2146 est.
288 2135 324 2139 —
346 2120 475 2151 Tametsi,
492 2124 600 2155 rogatus
613 2119 646 2146 de
659 2120 758 2156 cybaea
772 2120 867 2146 tenetis
882 2119 1008 2146 memoria

213 2156 281 2192 quid
294 2157 474 2192 responderit:
494 2157 658 2183 aedificatam
672 2157 790 2192 publicis
803 2157 901 2192 operis,
917 2156 1009 2192 publi-

213 2203 243 2220 ce
260 2194 372 2225 coactis,
396 2195 474 2229 eique
496 2194 674 2220 aedificandae
693 2194 801 2229 publice
818 2195 1008 2221 Mamertinum

214 2235 362 2258 senatorem
377 2231 536 2266 praefuisse.
560 2246 597 2251 —
619 2231 691 2258 Idem
705 2231 739 2258 ad
753 2240 800 2258 vos
814 2232 949 2266 privatim,
965 2232 1009 2257 iu-

213 2268 300 2299 dices.
320 2268 454 2304 confugit:
480 2269 564 2295 utitur
578 2269 626 2295 hac
646 2268 714 2304 lege,
735 2277 788 2304 qua
806 2268 937 2295 iudicium
956 2273 1005 2299 est,

213 2306 350 2332 communi
364 2314 423 2332 arce
437 2307 580 2332 sociorum.
621 2306 738 2332 Tametsi
757 2305 800 2332 lex
817 2311 857 2332 est
874 2305 907 2332 de
925 2314 1008 2341 pecu-

215 2343 266 2369 niis
293 2343 461 2378 repetundis,
490 2343 535 2369 ille
561 2352 590 2369 se
611 2348 690 2378 negat
712 2343 854 2378 pecuniam
877 2347 1004 2378 repetere,

213 2388 294 2414 quam
313 2385 430 2415 ereptam
449 2389 501 2407 non
520 2385 592 2407 tanto
608 2389 686 2415 opere
703 2380 850 2407 desiderat:
877 2388 952 2406 sacra
977 2388 1006 2406 se

214 2417 343 2443 maiorum
358 2426 468 2444 suorum
482 2422 600 2452 repetere
613 2417 661 2444 abs
675 2422 700 2444 te
713 2417 791 2444 dicit:
818 2417 883 2444 deos
896 2421 1006 2452 penates

215 2458 238 2479 te
253 2454 351 2487 patrios
365 2455 490 2489 reposcit.
525 2456 565 2481 ⁴8.
581 2455 666 2489 Ecqui
681 2455 767 2489 pudor
780 2453 838 2481 est?
851 2462 950 2489 ecquae
963 2462 1006 2480 re-

215 2490 291 2525 ligio.
311 2491 424 2518 Verres‘?
449 2492 527 2526 ecqui
540 2491 647 2518 metus?
672 2491 801 2518 Habitasti
823 2491 896 2526 apud
909 2491 1005 2517 Heium

214 2527 365 2554 Messanae:
381 2537 424 2554 res
437 2528 515 2555 illum
529 2529 636 2555 divinas
649 2528 721 2563 apud
735 2537 780 2555 eos
790 2528 855 2555 deos
865 2529 892 2554 in
903 2537 953 2554 suo
962 2536 1006 2554 sa·
1032 2531 1034 2536 '
1055 2537 1073 2563 q

213 2564 298 2590 erario
316 2573 397 2599 prope
414 2565 534 2600 quotidie
552 2565 637 2591 facere
660 2565 762 2591 vidisti.
803 2565 860 2592 Non
883 2569 1006 2592 movetur

213 2601 339 2635 pecunia:
367 2601 484 2636 denique
505 2610 574 2637 quae
596 2603 744 2628 ornamenti
767 2610 863 2628 caussa
886 2602 1003 2633 fuerunt,

213 2646 265 2700 pon
279 2638 400 2680 requirit.
439 2639 499 2665 Tibi
513 2639 581 2666 habe
595 2639 778 2674 Canephoros:
793 2639 904 2665 deorum
919 2639 1006 2665 simu—

224 2683 281 2701 acra
302 2680 419 2702 restitue,

461 2678 533 2708 Quae
551 2677 613 2711 quia
632 2676 713 2707 dixit,
733 2676 796 2711 quia
812 2680 930 2711 tompore
943 2675 1005 2702 dato
1024 2695 1033 2706 ,ι

1009 151 1284 177 uttjssnoxts

1066 221 1183 247 modeste
1201 220 1272 255 apud
1291 230 1338 247 vos
1356 222 1445 247 socius
1463 222 1620 256 amicusque
1638 231 1672 257 po
1694 222 1730 248 uli
1746 223 1855 250 Romani

1065 263 1178 292 questus
1192 263 1246 284 est.-
1262 258 1325 292 quia
1340 258 1461 293 religioni
1476 268 1540 285 suae
1554 269 1606 286 nun
1621 231 1699 285 πονεῖ)
1709 260 1735 286 in
1745 260 1798 286 diis
1810 269 1857 295 με·

1040 296 1043 306 ·
1067 295 1123 321 triis
1139 295 1303 329 repetundi».
1320 294 1366 321 sed
1381 296 1460 321 etiam
1475 296 1501 322 in
1516 296 1575 330 ipso
1589 296 1761 323 iureiurando
1774 306 1804 323 ae
1819 303 1858 324 te-

1066 331 1204 362 stimonio.
1225 332 1364 366 proximus
1384 331 1447 358 fuit:
1472 333 1606 360 hominem
1626 334 1739 359 urii-sum
1758 334 1793 361 ab
1807 334 1858 361 into

1065 369 1158 395 scitote
1171 378 1230 394 esse
1245 369 1392 395 Messanam
1407 369 1440 395 de
1452 369 1545 405 legatis
1556 379 1649 400 unum,
1666 370 1743 396 illum
1756 371 1855 406 ipsum,

1065 406 1112 440 qui
1132 406 1192 432 navi
1213 406 1290 432 iatius
1309 406 1486 433 aedificandae
1505 407 1611 442 publice
1630 407 1758 442 praefuit,
1777 409 1825 443 qui
1843 417 1858 435 a

1065 448 1159 469 senatu
1175 447 1284 477 peteret.
1301 448 1329 469 ut
1343 443 1425 469 lleius
1440 444 1584 478 ignominia
1599 444 1758 471 afficeretur.

1120 480 1166 506 tx.
1182 481 1221 506 19.
1237 480 1320 506 Homo
1333 481 1524 511 amentissime,
1540 481 1605 516 quid
1621 483 1719 516 putasti
1735 487 1758 508 te
1773 482 1858 518 impe—

1041 532 1043 546 ;
1066 516 1216 544 traturum?
1237 518 1334 549 Quanti
1350 518 1372 544 is
1386 527 1399 543 a
1413 518 1520 544 civibus
1534 518 1591 544 auia
1605 519 1687 549 fieret,
1703 520 1794 554 quanti
1810 528 1858 545 au-

1065 555 1173 581 ctoritas
1187 554 1246 580 eius
1261 555 1411 585 haberetur,
1429 554 1588 590 ignorabas?
1602 556 1698 582 Verum
1714 556 1754 582 fac
1769 562 1792 583 te
1807 557 1858 583 im-

1065 592 1226 627 petravisse;
1251 591 1290 618 fac
1313 591 1416 626 aliquid
1439 593 1549 628 gravius
1573 592 1599 619 in
1619 593 1713 619 Heium
1732 595 1858 620 statuisse

1065 629 1248 655 Mamertinos:
1264 634 1391 664 quantam
1407 635 1485 664 putas
1500 630 1682 656 auctoritatem
1699 630 1857 657 laudationis

1064 675 1155 693 eorum
1171 665 1301 696 futuram,
1321 667 1343 692 si
1360 667 1385 693 in
1397 675 1473 697 eum.
1492 676 1573 702 quem
1588 672 1689 693 constet
1705 676 1796 694 verum
1811 677 1858 703 pro

1040 703 1043 712 ⁴
1065 703 1216 730 testimonio
1237 703 1351 734 dixisse.
1377 713 1487 738 poenam
1511 703 1716 731 constituerint?
1741 704 1855 731 Tametsi

1040 758 1043 776 ί
1064 749 1133 775 quae
1151 745 1191 767 est
1209 741 1258 767 ista
1278 740 1406 770 laudatio,
1429 750 1514 776 quum
1539 741 1658 768 laudator
1680 742 1857 778 interrogatus

1065 777 1151 804 laedat
1165 786 1272 804 necesse
1287 778 1344 804 est‘?
1376 778 1464 810 Quid‘?
1482 779 1525 804 isti
1546 778 1694 805 laudatores
1712 779 1750 805 tui
1770 788 1856 806 nonne

1040 815 1042 837 ’ν
1065 820 1144 842 testes
1158 815 1209 841 mei
1224 815 1305 841 sunt‘?
1331 816 1412 841 Heius
1426 821 1466 842 est
1481 815 1613 842 laudator:
1635 816 1711 842 laesit
1727 816 1856 852 gravissi-

1064 861 1116 879 me.
1157 852 1303 879 Producam
1317 858 1431 879 ceteros:
1453 853 1614 883 reticebunt.
1634 862 1703 888 quae
1721 857 1854 888 poterunt.

1063 927 1108 954 isti
1122 927 1267 953 onerariam
1282 936 1376 953 navem
1388 928 1530 953 maximam
1543 928 1706 954 aedificatam
1717 936 1775 954 esse
1787 928 1856 954 Mes-

1064 963 1162 990 sanae?
1180 968 1286 1000 negent.
1302 965 1324 990 si
1340 965 1452 999 possint.
1487 965 1588 1000 Negent
1602 965 1625 991 ei
1641 965 1701 991 navi
1717 964 1856 991 faciundae

1063 1006 1212 1028 senatorem
1232 1001 1418 1028 Mamertinum
1438 1002 1545 1036 publice
1563 1001 1728 1037 praefuisse?
1754 1003 1854 1028 utinam

1064 1039 1175 1075 negent!
1203 1037 1272 1064 Sunt
1285 1039 1364 1065 etiam
1379 1043 1473 1069 cetera,
1489 1048 1557 1074 quae
1573 1039 1642 1066 malo
1656 1039 1756 1075 integra
1771 1048 1856 1065 reser-

1064 1084 1139 1106 vare,
1160 1079 1189 1102 ut
1206 1084 1288 1110 quam
1308 1076 1450 1102 minimum
1464 1077 1498 1102 sit
1513 1076 1567 1102 illis
1582 1077 1709 1111 temporis
1723 1076 1756 1102 ad
1771 1075 1854 1102 medi-

1064 1113 1174 1140 tandum
1189 1113 1455 1148 confirmandumque
1469 1114 1628 1148 periurium.
1663 1115 1704 1140 20.
1725 1113 1792 1139 Haec
1806 1113 1854 1139 tibi

1064 1150 1181 1177 laudatio
1195 1150 1318 1185 procedat
1332 1150 1359 1177 in
1374 1159 1530 1178 numerum:
1548 1151 1574 1178 hi
1590 1156 1614 1178 te
1629 1150 1750 1177 homines
1764 1155 1855 1177 aucto-

1063 1189 1139 1214 ritate
1153 1196 1201 1214 sua
1216 1186 1370 1218 sublevent,
1395 1189 1442 1223 qui
1463 1193 1486 1214 te
1505 1197 1591 1223 neque
1605 1187 1703 1214 debent
1717 1187 1851 1214 adiuvare.

1062 1225 1085 1251 si
1101 1225 1217 1260 possint,
1244 1233 1329 1259 neque
1343 1230 1466 1259 possunt,
1482 1226 1505 1252 si
1520 1226 1616 1257 velin23
1641 1225 1743 1260 quibus
1758 1230 1786 1251 tu
1800 1225 1855 1260 pri-

1064 1263 1145 1289 vatim
1163 1262 1275 1288 iniurias
1294 1261 1424 1296 plurimas
1442 1262 1672 1297 contumeliasque
1686 1262 1852 1298 imposuisti:

1039 1315 1040 1320 .
1061 1308 1116 1334 quo
1130 1300 1156 1325 in
1170 1298 1269 1334 oppido
1283 1299 1381 1325 multas
1396 1299 1510 1327 familias
1525 1300 1551 1327 in
1565 1305 1725 1336 perpetuum
1741 1299 1854 1327 infames

1063 1338 1116 1363 tuis
1135 1336 1237 1372 stupris
1255 1335 1417 1373 flagitiisque
1435 1337 1530 1365 fecisti.
1570 1340 1604 1365 At
1617 1337 1724 1373 publice
1737 1346 1856 1364 commo-

1183 1375 1240 1400 Non
1258 1375 1316 1401 sine
1335 1384 1432 1411 magno
1444 1375 1554 1410 quidem
1569 1375 1732 1411 reipublicae
1746 1375 1855 1410 provin—

1064 1450 1096 1477 lia
1111 1455 1200 1485 empta
1214 1449 1313 1484 populo
1327 1450 1444 1477 Romano
1457 1450 1519 1477 dare
1533 1450 1666 1477 debebant
1679 1454 1704 1476 et
1718 1449 1852 1476 solebant:

1062 1488 1110 1523 abs
1129 1492 1154 1514 te
1168 1487 1226 1514 solo
1239 1487 1383 1513 remissum
1397 1493 1446 1514 est.
1487 1487 1648 1523 Respublica
1663 1487 1853 1514 detrimentum

1062 1525 1136 1555 fecit.
1157 1524 1230 1560 quod
1248 1533 1295 1559 per
1314 1530 1338 1551 te
1356 1525 1461 1559 imperii
1480 1526 1523 1552 ius
1538 1534 1590 1551 una
1604 1525 1630 1551 in
1645 1525 1751 1551 civitate
1764 1524 1854 1550 immi-

1038 1560 1040 1599 }
1061 1567 1158 1588 nutum
1172 1567 1225 1588 est:
1242 1561 1336 1592 Siculi,
1351 1562 1422 1597 quod
1438 1562 1486 1589 hoc
1500 1571 1552 1589 non
1567 1562 1599 1589 de
1610 1570 1716 1588 summa
1727 1561 1853 1588 frumenti

1061 1599 1208 1626 detractum
1223 1603 1276 1630 est,
1302 1598 1350 1625 sed
1369 1599 1492 1626 tralatum
1511 1600 1539 1626 in
1553 1599 1742 1634 Centuripinos
1760 1603 1785 1624 et
1799 1599 1853 1624 Ha-

1037 1654 1039 1659 .
1062 1636 1174 1666 lesinos,
1194 1636 1328 1662 immunes
1343 1636 1470 1671 populos:
1495 1641 1520 1663 et
1538 1636 1588 1663 boc
1605 1635 1667 1671 plus
1685 1636 1850 1670 impositum.

1038 1690 1039 1695 .
1059 1682 1141 1708 quam
1161 1673 1228 1700 ferre
1246 1679 1364 1708 possent.

1038 1711 1039 1714 ’
1061 1720 1095 1737 ex
1108 1710 1227 1737 foedere:
1243 1711 1369 1737 remisisti
1384 1711 1411 1737 in
1426 1711 1580 1737 triennium.
1620 1709 1732 1736 Militem
1746 1709 1852 1736 nullum

1037 1752 1039 1769 ἰ
1061 1756 1189 1783 umquam
1210 1748 1356 1782 poposcisti
1374 1756 1420 1783 per
1439 1752 1475 1774 tot
1492 1757 1589 1774 annos:
1610 1747 1698 1774 fecisti
1716 1747 1793 1777 item.
1814 1748 1852 1773 uti

1406 1675 1446 1699 21.
1469 1674 1569 1700 Navem
1587 1674 1718 1708 imperare
1735 1672 1853 1699 debuisti

1060 1785 1207 1820 praedones
1225 1784 1323 1811 solent:
1347 1785 1395 1820 qui
1413 1793 1498 1820 quum
1516 1793 1673 1812 communes
1691 1784 1781 1811 hostes
1799 1784 1853 1810 sint

1060 1823 1195 1853 omnium,
1215 1826 1303 1848 tamen
1318 1822 1423 1857 aliquos
1437 1822 1489 1848 sibi
1503 1822 1649 1849 instituunt
1662 1822 1775 1852 amicos,
1790 1822 1853 1856 qui-

1060 1860 1112 1886 bus
1126 1868 1179 1886 non
1194 1859 1272 1886 modo
1285 1864 1402 1894 parcant,
1418 1868 1511 1886 verum
1526 1860 1604 1886 etiam
1619 1858 1716 1894 praeda
1726 1866 1794 1893 quos
1805 1867 1853 1884 au—

1059 1902 1148 1932 geant,
1164 1901 1190 1923 et
1203 1905 1248 1923 eos
1263 1897 1392 1927 maxime,
1407 1897 1455 1932 qui
1470 1896 1569 1923 habent
1581 1895 1711 1931 oppidum
1725 1900 1853 1930 opportu-

1060 1942 1094 1961 no
1109 1933 1177 1965 loco,
1197 1942 1252 1969 quo
1264 1942 1344 1969 saepe
1357 1933 1512 1960 adeundum
1525 1934 1561 1960 sit
1574 1933 1703 1964 naw'bus,
1719 1941 1853 1959 nonnum—

1059 1980 1141 2006 quam
1155 1971 1234 1997 etiam
1250 1971 1410 1998 necessario.
1451 1971 1486 1997 X.
1505 1970 1625 1997 Phaselis
1639 1970 1698 2001 illa,
1714 1978 1795 2005 quam
1809 1978 1852 1996 ce-

1060 2009 1099 2044 pit
1112 2009 1141 2034 P.
1157 2008 1303 2039 Servilius,
1323 2017 1375 2035 non
1394 2008 1479 2035 fuerat
1493 2008 1558 2035 urbs
1572 2013 1632 2034 ante
1645 2006 1758 2034 Cilicum
1773 2012 1852 2042 atque

1061 2045 1239 2080 praedonum:
1255 2046 1330 2081 Lycii
1340 2045 1424 2076 illam,
1441 2046 1534 2072 Graeci
1546 2045 1677 2075 homines.
1693 2043 1851 2071 incolebant.

1060 2083 1113 2110 Sed
1126 2083 1198 2118 quod
1213 2088 1267 2109 erat
1280 2082 1412 2110 eiusmodi
1429 2083 1494 2109 loco.
1509 2087 1589 2117 atque
1603 2083 1638 2108 ita
1648 2081 1763 2116 proiecta
1774 2082 1802 2108 in
1813 2080 1852 2107 al-

1061 2125 1127 2151 tum,
1143 2125 1173 2147 ut
1186 2124 1212 2146 et
1225 2125 1353 2147 exeuntes
1367 2128 1381 2146 e
1395 2119 1486 2147 Cilicia
1500 2119 1647 2155 praedones
1661 2127 1740 2154 saepe
1750 2117 1783 2145 ad
1793 2126 1850 2144 eam

1060 2158 1210 2184 necessario
1223 2157 1388 2187 devenirent,
1405 2163 1439 2187 et.
1454 2166 1540 2192 quum
1554 2165 1588 2184 ex
1601 2156 1675 2183 hisee
1687 2164 1717 2182 se
1731 2155 1796 2182 locis
1810 2164 1853 2181 re-

1059 2195 1190 2230 ciperent.
1215 2195 1307 2221 eodem
1330 2194 1509 2226 deterrentur:
1533 2195 1686 2221 asciverunt
1707 2191 1775 2219 illud
1797 2191 1851 2218 sibi

1059 2231 1189 2266 oppidum
1203 2232 1312 2266 piratae,
1329 2232 1415 2266 primo
1428 2231 1596 2262 commercio.
1611 2229 1708 2257 deinde
1717 2229 1798 2256 etiam
1808 2237 1852 2256 so-

1059 2270 1162 2296 cietate.
1202 2270 1245 2295 22.
1269 2269 1425 2295 Mamertina
1443 2269 1538 2295 civitas
1556 2266 1676 2302 improba
1698 2271 1775 2293 antea
1798 2274 1850 2293 non

1058 2311 1126 2338 erat:
1143 2307 1223 2332 etiam
1237 2310 1292 2332 erat
1305 2306 1413 2332 inimica
1427 2305 1624 2341 improborum:
1644 2312 1714 2339 quae
1728 2303 1758 2330 C.
1773 2303 1852 2331 Cato-

1058 2344 1110 2373 nis,
1125 2343 1210 2374 illius,
1225 2343 1274 2378 qui
1287 2342 1380 2370 consul
1396 2343 1455 2374 fuit,
1471 2341 1662 2377 impedimenta
1675 2340 1793 2367 retinuit.
1817 2341 1851 2367 At

1057 2381 1135 2407 cuius
1154 2379 1290 2407 hominis?
1311 2379 1455 2407 clarissimi
1473 2379 1719 2415 potentissimique:
1743 2377 1791 2413 qui
1811 2382 1850 2403 ta-

1057 2425 1119 2444 men
1133 2426 1218 2453 quum
1231 2416 1326 2444 consul
1340 2416 1444 2448 fuisset,
1459 2415 1652 2443 condemnatus
1665 2419 1716 2441 est.
1757 2413 1804 2451 [lta
1818 2414 1847 2441 C.

1058 2454 1133 2485 Cato,
1157 2455 1273 2482 duorum
1295 2454 1435 2481 hominum
1457 2452 1669 2479 clarissimorum
1692 2460 1789 2486 nepos,
1817 2451 1847 2478 L.

1056 2491 1142 2518 Paulli
1161 2496 1187 2518 et
1199 2492 1236 2518 M.
1251 2491 1358 2518 Catonis
1376 2495 1401 2517 et
1415 2491 1444 2517 P.
1460 2489 1577 2516 Africani
1590 2489 1689 2516 sororis
1703 2487 1844 2515 filius⁸⁸“

1077 2537 1110 2555 uo
1123 2528 1257 2559 damnato.
1273 2533 1341 2560 tum,
1355 2536 1441 2562 quum
1455 2535 1547 2553 severa
1562 2526 1662 2553 iudicia
1675 2525 1782 2557 fiebant,
1793 2525 1849 2552 fl-S

1054 2573 1123 2591 xvm
1136 2565 1258 2592 millibus
1273 2564 1306 2591 lis
1319 2565 1457 2592 aestimata
1471 2564 1524 2590 est!
1543 2564 1611 2590 Huic
1623 2563 1774 2590 Mamertini
1787 2563 1847 2589 irati

1056 2601 1177 2635 fuerunt,
1202 2603 1250 2637 qui
1264 2601 1392 2638 maiorem
1404 2605 1553 2636 sumptum,
1569 2609 1651 2636 quam
1663 2600 1758 2635 quami
1771 2599 1848 2627 Cato-

1055 2639 1098 2665 nis
1113 2638 1146 2665 lis
1159 2639 1297 2665 aestimata
1310 2643 1364 2669 est,
1384 2638 1412 2664 in
1426 2638 1590 2665 Timarchidi
1607 2637 1750 2673 prandium
1767 2645 1847 2672 saepe

1055 2675 1184 2702 fecerunt.
1210 2677 1251 2703 23.
1267 2675 1365 2702 Verum
1380 2674 1445 2701 haec
1457 2675 1552 2701 civitas
1567 2675 1611 2701 isti
1625 2673 1751 2710 praedoni
1765 2682 1795 2700 ac
1804 2675 1848 2709 pi-
