1941 3052
337 143 667 170 EPISTOLARUM
697 142 751 168 AD
781 141 984 168 ATTICUM
1015 141 1096 167 LIB.
1128 141 1147 167 I.
1178 141 1238 167 ΕΡ,
1264 143 1287 166 11
1313 142 1410 167 -1-1.

53 215 211 252 profectum.
252 215 345 249 Neque
364 219 453 241 tamen
474 213 502 240 id
522 214 612 248 ipsum
632 217 735 239 certum
751 212 845 243 haheo,

53 253 160 289 quando
176 252 209 279 ad
224 252 369 279 Antonium
385 252 567 286 proficiscare,
587 256 631 277 aut
646 250 713 285 quid
730 251 755 276 in
768 251 849 285 Epiro

53 291 182 326 temporis
192 299 286 325 ponas.
327 290 362 315 lta
375 298 462 324 neque
473 289 598 315 Achaicis
613 288 784 318 hominibus,
802 296 850 313 ne-

53 337 106 364 que
124 328 267 362 Epiroticis
291 327 382 361 paullo
403 326 542 353 liberiores
563 325 663 352 litteras
684 325 850 352 committere

53 365 148 393 audeo.
182 367 208 391 2.
229 365 297 391 Sunt
308 368 397 391 autem
408 369 468 399 post
478 363 629 390 discessum
641 372 655 389 a
666 371 709 389 me
720 367 796 389 tuum
808 371 850 388 res

53 402 152 438 dignae
165 402 260 428 litteris
272 403 379 432 nostris,
392 402 439 428 sed
452 410 503 427 non
514 400 720 427 committendae
732 400 851 426 eiusmo-

53 440 82 467 di
98 439 231 475 periculo,
254 444 283 465 ut
299 444 344 465 aut
358 440 467 465 interire
483 443 528 465 aut
543 439 641 473 aperiri
660 442 705 464 aut
726 437 851 471 intercipi
879 453 880 457 =

53 478 168 513 possint.
209 477 330 503 Primum
346 478 429 512 igitur
443 477 522 506 scito,
540 476 658 510 primum
675 484 717 501 me
729 483 780 501 non
792 482 851 500 esse

54 520 177 551 rogatum
188 515 358 544 sententiam,
367 514 605 549 praepositumque
617 521 676 539 esse
687 512 765 538 nobis
777 511 852 546 paci·
872 519 873 528 ¹

54 552 189 579 ficatorem
208 551 397 587 Allobrogum,
418 551 501 586 idque
519 550 738 577 admurmurante
757 553 850 575 senatu

55 598 143 624 neque
159 598 201 615 me
220 590 305 616 invito
320 597 380 615 esse
395 588 505 615 tactum.
546 588 612 614 Sum
629 588 701 613 enim
715 591 740 613 et
754 586 788 612 ab
803 586 852 612 ob-

54 626 188 654 servando
204 626 312 653 homine
327 634 454 661 perverso
470 625 551 656 liber,
569 630 595 651 et
610 625 643 651 ad
654 624 812 659 dignitatem
824 623 851 649 in
873 640 874 648 1

55 664 194 699 republica
205 663 372 690 retinendam
382 668 472 689 contra
484 662 558 689 illius
564 662 729 688 voluntatem
736 660 849 691 solutus,

55 706 81 728 et
97 701 142 728 ille
157 701 293 728 secundus
310 702 337 727 in
352 700 466 727 dicendo
482 700 557 726 locus
572 700 653 726 habet
668 699 851 725 auctoritatem

56 747 140 774 paene
155 739 301 774 principis,
319 743 344 765 et
359 737 524 764 voluntatem
540 746 592 763 non
604 737 686 763 nimis
698 736 851 762 devinctam

55 776 187 803 beneficio
202 775 332 802 consulis.
372 775 478 801 Tertius
495 779 535 801 est
550 774 674 805 Catulus,
691 778 803 809 quartus
818 773 852 807 (si

55 814 136 840 etiam
152 813 202 839 hoc
222 812 340 848 quaeris)
355 813 522 839 Hortensius.
562 811 662 839 Consul
683 816 771 838 autem
794 811 852 844 ipse

55 859 138 886 parvo
153 851 242 876 animo
258 855 284 876 et
299 858 394 884 pravo,
416 854 519 876 tantum
534 849 673 876 cavillator
687 857 785 884 genere
806 847 853 874 illo

56 896 170 919 moroso,
186 887 259 922 quod
270 888 350 914 etiam
362 888 421 913 sine
431 887 571 913 dicacitate
583 887 698 917 ridetur:
716 885 783 912 facie
795 893 853 911 ma—

55 926 107 961 gis,
115 934 197 960 quam
209 924 312 951 facetiis
323 924 469 957 ridiculus;
484 924 552 951 nihil
563 933 645 960 agens
656 932 719 950 cum
730 922 853 958 republi-

55 971 98 995 ca3
113 963 251 989 seiunctus
263 962 296 988 ab
307 962 498 997 optimatibus:
515 971 529 988 a
540 971 594 997 quo
605 961 674 988 nihil
685 970 778 996 speres
789 960 853 986 boni

55 999 236 1035 reipublicae,
253 1000 318 1034 quia
334 1008 386 1026 non
402 999 474 1030 vult,
493 999 560 1026 nihil
578 1004 681 1026 metuas
693 998 771 1029 mali,
789 998 852 1033 quia

55 1046 109 1065 non
120 1037 209 1064 audet.
250 1038 316 1063 Eius
332 1042 421 1064 autem
432 1036 534 1072 collega
545 1042 571 1064 et
582 1037 609 1063 in
621 1046 664 1063 me
675 1035 854 1071 perhonorifi—

56 1113 140 1140 immo
156 1112 251 1139 leviter
266 1113 336 1139 inter
349 1121 378 1139 se
393 1112 537 1139 dissident.

56 1150 120 1182 hoc,
133 1149 206 1185 quod
218 1149 347 1176 infectum
358 1155 411 1181 est,
425 1155 514 1184 serpat
526 1149 643 1186 longius.
683 1149 768 1176 Credo
781 1149 853 1174 enim

56 1192 82 1215 te
97 1187 219 1219 audisse,
241 1196 327 1222 quum
344 1187 416 1222 apud
432 1187 573 1214 Caesarem
590 1196 637 1222 pro
653 1187 752 1222 populo
769 1186 850 1217 tieret,

56 1271 143 1297 quum
153 1263 274 1298 virgines
285 1262 489 1293 instaurassent,
505 1263 668 1288 mentionem
681 1261 854 1294 3013011111.-

57 1300 137 1326 010111
149 1305 243 1326 senatu
255 1299 365 1326 factam:
378 1299 412 1334 (is
423 1299 474 1326 fuit
485 1300 623 1335 princeps;
642 1308 675 1325 ne
687 1304 714 1326 tu
727 1299 792 1326 sorte
804 1298 854 1325 ali-

56 1346 138 1372 quem
151 1342 271 1364 nostrum
283 1338 388 1372 putes3)
399 1342 490 1372 postea
501 1346 557 1363 rem
569 1346 603 1363 ex
613 1341 722 1363 senatus
732 1336 854 1363 consulto

57 1374 91 1401 ad
106 1375 246 1409 pontifices
261 1374 385 1405 relatam,
403 1374 485 1409 idque
500 1374 534 1401 ab
550 1375 584 1400 iis
601 1374 675 1401 netas
691 1383 750 1400 esse
761 1374 855 1400 decre-

57 1417 129 1439 tum:
145 1411 243 1438 deinde
255 1420 289 1438 ex
300 1417 409 1439 senatus
420 1411 542 1438 consulto
554 1411 678 1438 consules
689 1412 853 1448 rogationem

56 1449 257 1485 promulgasse3
274 1450 353 1476 uxori
363 1450 502 1476 Caesarem
516 1450 642 1476 nuntium
657 1450 805 1476 remisisse.
827 1450 854 1475 ln

57 1487 108 1513 hac
118 1495 213 1513 caussa
224 1487 286 1513 Piso
297 1487 414 1513 amicitia
427 1488 454 1513 P.
467 1487 554 1514 Clodii
565 1487 663 1513 ductus
678 1495 787 1521 operam
799 1486 853 1517 dat,

57 1528 88 1551 ut
102 1532 133 1550 ea
147 1525 262 1559 rogatio,
279 1533 361 1559 quam
377 1525 435 1559 ipse
447 1524 509 1551 fert.
528 1529 553 1551 et
565 1524 615 1551 fert
626 1533 661 1551 ex
671 1530 780 1551 senatus
792 1533 856 1550 con-

57 1561 129 1588 sulto
138 1566 165 1588 et
174 1561 207 1588 de
218 1561 357 1597 religione,
368 1562 532 1596 antiquetur.
573 1561 697 1588 Messalla
709 1562 856 1588 vehemen-

57 1603 98 1626 ter
112 1599 200 1625 adhuc
215 1599 270 1634 agit
284 1607 387 1626 severe.
427 1600 493 1626 Boni
510 1599 560 1625 viri
575 1599 703 1634 precibus
714 1599 801 1626 Clodii
814 1607 856 1625 10-

58 1641 200 1663 moventur
211 1645 224 1663 a
236 1645 344 1663 caussa:
357 1645 453 1671 operae
467 1641 669 1671 comparantur:
685 1637 853 1671 nosmetipsi,

58 1674 106 1709 qui
117 1674 250 1709 Lycurgei
260 1682 274 1700 a
285 1674 419 1709 principio
431 1673 593 1705 fuissemus,
614 1674 735 1709 quotidie
747 1674 856 1700 demiti-

57 1719 164 1747 gamur.
203 1712 286 1738 Instat
300 1716 326 1738 et
340 1716 418 1747 urget
428 1711 500 1738 Cato.
541 1711 612 1744 Quid
629 1711 731 1738 multa?
751 1720 853 1742 vereor,

58 1756 92 1775 ne
103 1748 180 1779 haec.
198 1749 318 1784 neglecta
329 1757 343 1775 a
356 1749 447 1780 bonis,
466 1748 575 1775 defensa
590 1749 624 1775 ab
635 1749 780 1784 improbis.
799 1758 856 1775 ma—

58 1793 173 1822 gnorum
190 1785 356 1821 reipublicae
372 1786 504 1813 malorum
521 1795 616 1813 caussa
630 1787 693 1813 sint.
735 1788 758 1813 4.
781 1787 856 1813 Tuus

59 1828 148 1850 autem
164 1823 209 1850 ille
224 1824 342 1855 amicus,
359 1823 435 1858 (scin'
447 1833 529 1859 quem
543 1823 659 1859 dicam‘?)
674 1824 706 1851 de
717 1829 810 1859 quotu
823 1824 855 1850 ad

58 1868 102 1887 me
112 1861 260 1896 scripsisti,
276 1866 451 1896 posteaquam
462 1870 514 1888 non
526 1861 637 1888 auderet
647 1861 853 1897 reprehendere,

60 1897 168 1924 laudare
178 1899 313 1933 coepisse,
331 1907 393 1930 nos,
410 1899 579 1927 utostendit.
596 1899 742 1926 admodum
754 1899 853 1935 diligit,

60 1934 243 1970 amplectitur,
256 1941 339 1967 amat,
353 1940 443 1971 aperte
455 1936 560 1965 laudat:
574 1936 691 1968 occulte,
704 1937 752 1963 sed
765 1938 813 1967 ita,
828 1942 856 1963 ut

60 1973 236 2007 perspicuum
246 1973 290 2004 sit,
303 1974 416 2000 invidet.
457 1974 531 2000 Nihil
543 1983 631 2005 come,
646 1974 714 2000 nihil
726 1974 853 2009 simplex,

60 2009 129 2036 nihil
141 2011 168 2036 ἐν
178 2011 233 2040 τοῖς
245 2011 384 2041 πολιτικοῖς
395 2011 537 2038 honestum
546 2032 552 2042 ,
570 2011 638 2038 1111111
653 2011 770 2043 illustre,
787 2011 855 2038 nihil

61 2046 141 2076 sorte,
162 2046 230 2073 nihil
248 2046 373 2074 liberum.
413 2048 467 2075 Sed
484 2048 549 2075 haec
565 2049 598 2075 ad
615 2053 639 2075 te
654 2049 771 2075 scribam
790 2049 856 2075 alias

60 2083 201 2110 subtilius.
242 2084 308 2110 Nam
320 2093 408 2120 neque
418 2085 507 2112 adhuc
519 2086 587 2112 mihi
598 2086 664 2113 satis
674 2091 734 2113 nota
746 2091 817 2117 sunt,
831 2091 857 2112 et

61 2121 126 2148 huic
142 2125 226 2148 terrae
242 2120 296 2148 filio
311 2122 402 2149 nescio
413 2123 456 2149 cui
467 2124 634 2150 committere
645 2124 786 2158 epistolam
798 2128 857 2150 tan-

61 2159 96 2186 tis
106 2158 139 2185 de
150 2158 232 2184 rebus
244 2167 296 2185 non
307 2159 403 2186 audeo.
429 2161 454 2186 5.
476 2161 632 2187 Provincias
643 2166 779 2196 praetores
790 2170 857 2187 non—

60 2195 127 2223 dum
138 2196 224 2222 sortiti
238 2200 311 2222 sunt.
352 2197 403 2223 nes
414 2197 507 2224 eodem
519 2203 559 2224 est
571 2198 630 2229 loci,
644 2207 698 2233 quo
710 2198 855 2234 reliquisti.

63 2234 244 2261 Τοποθεσὶαν,
255 2241 336 2268 quam
349 2233 477 2268 postulas,
486 2235 582 2262 Miseni
593 2235 806 2267 etPuteolorum,
816 2237 857 2262 in-

61 2269 168 2297 cludam
179 2271 292 2297 orationi
304 2279 388 2297 meae.
428 2271 460 2298 Α.
475 2271 502 2298 d.
514 2280 553 2299 111.
566 2273 767 2300 Non.Decemb.
781 2282 857 2299 nien-

61 2306 125 2335 dose
136 2307 222 2334 fuisse
232 2308 485 2335 animadverteram.
525 2309 598 2341 Quae
610 2309 703 2336 laudas
715 2319 748 2336 ex
759 2313 857 2337 oralio-

61 2346 143 2375 m'bua,
155 2345 224 2372 mihi
236 2345 327 2376 crede,
342 2345 420 2372 valde
434 2346 502 2372 mihi
514 2345 667 2381 placebant:
685 2347 733 2374 sed
745 2357 797 2374 non
809 2356 858 2373 au-
887 2345 888 2351 ¹

62 2381 158 2409 debam
173 2387 250 2409 antea
265 2382 365 2410 dicere.
406 2384 483 2410 Nunc
498 2392 575 2414 vero,
592 2384 665 2419 quod
681 2393 694 2410 a
712 2389 735 2411 te
747 2385 857 2419 probata

61 2424 138 2451 flunt,
150 2419 236 2447 multo
247 2420 315 2447 mihi
327 2420 484 2456 ἀττικώιερα
495 2421 631 2448 videntur.
673 2422 700 2448 111
713 2422 786 2448 illam
798 2430 858 2448 ora-

62 2455 162 2483 tionem
172 2457 336 2484 Metellinam
348 2457 441 2484 addidi
452 2458 595 2493 quaedam.
637 2458 718 2485 Liber
733 2459 782 2485 tibi
795 2459 858 2485 mit—

63 2496 144 2526 tetur;
158 2495 285 2529 quoniam
293 2500 316 2522 te
328 2504 402 2522 amor
413 2495 679 2531 ηοεῑι-ἰφιλορῥήτορα
691 2496 818 2522 reddidit.
831 2498 856 2522 ὃ.

63 2529 131 2557 Novi
145 2531 195 2558 tibi
205 2532 336 2567 quidnam
347 2532 483 2559 scribam‘.>
502 2533 588 2568 quid?
602 2533 692 2559 etiam.
735 2532 857 2559 Messalla

63 2568 157 2595 consul
177 2569 368 2597 Autronianam
393 2570 504 2597 domum
528 2571 593 2596 emit
614 2570 678 2596 11—S
699 2578 856 2597 ccccxxxvi.

63 2602 134 2637 Quid
145 2605 173 2632 id
183 2605 218 2632 ad
229 2615 285 2637 me.
302 2607 429 2643 inquies?
449 2608 577 2637 Tantum,
595 2607 666 2642 quod
681 2616 711 2634 ea
723 2608 858 2642 emptione

63 2645 91 2668 et
99 2650 148 2669 nos
158 2642 226 2670 bene
237 2645 335 2671 emisse
346 2644 457 2672 iudicati
468 2653 574 2675 sumus,
586 2649 613 2671 et
624 2645 747 2671 homines
759 2645 860 2671 intelli-

64 2685 126 2714 gere
137 2686 289 2715 coeperunt,
298 2681 377 2710 licere
383 2683 532 2710 amicorum
544 2682 716 2710 facultatibus
728 2683 754 2709 in
766 2691 859 2710 enien-

868 211 879 268 l

880 2397 889 2459 l

888 2483 889 2498 l

887 2507 889 2532 l

881 2547 889 2563 :l

881 2567 889 2586 =l

909 2618 971 2635 oAs.

881 2663 890 2709 p

885 1659 886 1674 3
907 1638 996 1672 {lot-3.)
1008 1637 1085 1663 valde
1097 1637 1214 1672 graviter
1225 1636 1369 1671 pertexuit.

886 2211 888 2234 ,¹
910 2198 996 2229 litate,
1014 2198 1047 2224 (10
1062 2199 1125 2225 otio.

1645 142 1693 166 8¹9

900 212 934 238 do
958 211 991 238 ad
1011 211 1169 247 dignitatem
1191 211 1309 246 aliquam
1331 212 1482 246 pervenire.
1525 213 1630 244 Τεῦκρις
1649 211 1695 237 1113

902 249 1003 275 lentum
1015 250 1152 284 negotium
1165 254 1217 279 est,
1236 248 1283 275 sed
1298 253 1386 274 tamen
1402 253 1442 274 est
1457 249 1483 274 in
1496 256 1553 283 spe.
1594 248 1633 274 Tu
1645 249 1696 275 ista

901 286 1012 313 confice.
1052 287 1074 312 A
1086 286 1164 312 nobis
1177 286 1329 312 liberiorem
1341 285 1482 320 epistolam
1496 290 1631 320 exspecta.
1658 294 1694 312 11.

903 324 1014 350 Kalend.
1027 324 1104 350 Febr.
1118 324 1153 350 M.
1165 323 1290 350 Messalla
1300 324 1335 350 M.
1348 324 1444 349 Pisone
1455 331 1524 349 coss.

955 393 1017 414 XIV.
1045 396 1132 416 (Romae,
1143 396 1238 414 Messalla,
1248 395 1315 412 Pisone
1325 401 1371 411 coss.
1382 396 1437 415 693.)

1087 438 1255 464 CICERO
1287 437 1454 464 ATTICO
1483 437 1510 463 S.

959 476 981 501 1.
1003 471 1124 505 Vereor.
1143 484 1174 501 ne
1189 474 1315 509 putidum
1331 476 1365 501 sit
1381 475 1499 501 scribere
1515 474 1548 500 ad
1559 479 1597 500 te.
1616 483 1697 509 quam

903 513 955 538 sim
965 517 1126 547 occupatus:
1140 512 1187 538 sed
1199 517 1287 538 tamen
1299 512 1457 541 distinebar,
1467 517 1495 538 ut
1508 512 1571 538 huic
1583 512 1629 538 vix
1640 516 1698 538 tan-

902 549 973 576 tulae
985 549 1112 584 epistolae
1124 554 1231 584 tempus
1243 550 1399 580 habuerim,
1417 554 1496 584 atque
1512 549 1538 575 id
1551 554 1672 583 ereptum
1684 558 1698 575 e

903 588 1018 613 summis
1028 587 1261 621 occupationibus
1297 588 1385 613 Prima
1396 588 1488 613 concio
1500 587 1620 621 Pompeii
1631 595 1699 621 qua-

904 624 937 650 lis
948 624 1058 654 fuisset,
1076 625 1173 658 scripsi
1189 624 1221 650 ad
1236 629 1260 650 te
1276 629 1365 655 antea,
1384 633 1435 650 non
1451 624 1568 650 iucunda
1579 624 1696 654 miseris,

904 663 992 688 inanis
1004 662 1148 696 improbis,
1169 661 1255 688 beatis
1269 670 1321 688 non
1333 666 1405 697 grata
1414 682 1420 692 ,
1438 661 1516 687 bonis
1529 670 1580 687 non
1591 661 1697 697 gravis:

904 700 995 734 itaque
1010 699 1135 734 frigebat.
1176 699 1245 725 Tum
1260 699 1366 725 Pisonis
1381 698 1500 725 consulis
1521 698 1642 733 impulsu
1661 698 1700 724 le·

880 747 881 755 ¹
904 737 1035 763 vissimus
1052 736 1177 763 tribunus
1189 736 1277 770 plebis
1288 736 1382 762 Fufius
1394 737 1421 762 in
1432 737 1587 762 concionem
1599 735 1700 770 produ-

904 774 944 800 xit
958 774 1127 809 Pompeium.
1168 774 1219 799 Res
1238 774 1368 809 agebatur
1383 774 1410 799 in
1425 774 1496 799 circo
1512 773 1657 804 Flaminio,
1675 778 1701 799 et

904 816 959 838 erat
975 812 1002 837 in
1017 820 1048 837 eo
1064 812 1123 846 ipso
1139 810 1196 837 loco
1216 810 1262 837 illo
1280 811 1324 837 die
1345 810 1528 837 nundinarum
1548 810 1699 846 πανήγυρις,

904 849 1045 882 Quaesivit
1056 857 1089 875 ex
1100 857 1139 879 eo,
1153 848 1304 883 placeretne
1315 849 1349 879 ei,
1363 848 1467 874 iudices
1479 857 1493 874 a
1503 852 1623 882 praetore
1636 847 1697 882 legi.

904 895 958 921 quo
969 886 1082 913 consilio
1093 886 1166 912 idem
1176 890 1282 920 praetor
1292 890 1420 912 uteretur.
1460 885 1489 911 Id
1501 890 1589 912 autem
1602 889 1657 911 erat
1668 884 1700 910 de

904 924 1033 951 Clodiana
1048 923 1178 959 religione
1198 923 1232 950 ab
1247 928 1342 950 senatu
1358 923 1543 949 constitutum.
1584 924 1609 949 2.
1632 922 1700 948 Tum

903 962 1049 996 Pompeius
1059 961 1117 996 μάλ’
1130 960 1348 995 ἀριστοκρατικῶς
1359 960 1464 987 locutus
1475 965 1524 991 est,
1538 964 1701 994 senatusque

882 1023 883 1030 ,
905 1000 1089 1026 auctoritatem
1105 998 1159 1024 sibi
1173 998 1302 1025 omnibus
1317 999 1344 1024 in
1361 998 1442 1024 rebus
1456 998 1603 1024 maximam
1615 997 1701 1023 videri

875 1057 883 1067 ,.
905 1045 1066 1071 semperque
1082 1037 1169 1062 visam
1185 1044 1244 1062 esse
1260 1035 1399 1071 respondit
1411 1040 1437 1062 et
1451 1035 1479 1062 id
1493 1034 1587 1061 multis
1599 1034 1700 1061 verbis.

55 1083 104 1102 cus
115 1080 140 1102 et
150 1075 268 1110 partium
280 1074 418 1101 studiosus
428 1083 458 1101 ac
469 1074 594 1101 defensor
604 1074 746 1101 bonarum.
768 1073 854 1106 Quin·
875 1071 876 1095 ἶ

578 1114 602 1138 3.
625 1112 676 1138 Sed
694 1120 799 1142 vereor,
820 1119 853 1137 ne
875 1111 876 1117 ¹

904 1075 998 1101 Postea
1008 1073 1133 1100 Messalla
1148 1073 1242 1100 consul
1259 1074 1286 1100 in
1298 1078 1392 1100 senatu
1408 1073 1441 1098 de
1452 1073 1579 1107 Pompeio
1593 1072 1703 1107 quaesi-

906 1113 957 1143 vit,
971 1111 1039 1147 quid
1049 1111 1082 1138 de
1094 1111 1224 1147 religione
1235 1116 1261 1138 et
1272 1111 1305 1137 de
1316 1110 1484 1146 promulgata
1495 1110 1630 1146 rogatione
1640 1118 1703 1135 sen-

904 1151 974 1177 tiret.
1015 1150 1132 1176 Locutus
1144 1150 1179 1175 ita
1189 1149 1268 1175 estin
1279 1153 1374 1175 senatu
1382 1169 1388 1179 ,
1405 1153 1433 1174 ut
1443 1149 1533 1174 omnia
1545 1147 1620 1174 illius
1630 1146 1703 1173 ordi-

875 1194 877 1219 t
905 1188 948 1214 nis
964 1186 1086 1214 consulta
1101 1189 1208 1223 γενικῶς
1229 1186 1362 1212 laudaret:
1386 1186 1522 1221 mihique,
1546 1190 1575 1211 ut
1590 1184 1700 1213 assedit,

56 1225 165 1252 venisse
175 1233 206 1251 eo
217 1224 345 1251 muliebri
357 1225 457 1251 vestitu
469 1225 572 1251 virum:
591 1225 673 1259 idque
689 1224 852 1251 sacrificium
875 1223 876 1230 ¹

905 1225 975 1251 dixit
995 1234 1023 1251 se
1039 1229 1133 1259 putare
1153 1225 1218 1250 satis
1234 1224 1268 1250 ab
1283 1233 1313 1250 se
1324 1224 1405 1250 etiam
1416 1223 1449 1249 de
1461 1224 1540 1249 istius
1552 1223 1633 1249 rebus
1644 1231 1703 1248 esse

905 1271 1076 1297 responsum.
1117 1264 1142 1288 3.
1163 1262 1277 1288 Crassus
1288 1266 1463 1296 posteaquam
1475 1260 1553 1291 vidit,
1567 1260 1645 1286 illum
1656 1268 1704 1286 cx—

905 1301 1010 1335 cepisse
1022 1299 1129 1326 laudem
1139 1308 1173 1325 ex
1184 1308 1224 1330 eo,
1236 1299 1308 1334 quod
1320 1299 1522 1333 suspicarentur
1532 1298 1665 1327 homines,
1678 1298 1704 1323 ei

883 1334 885 1359 ἶ
906 1337 1076 1364 consulatum
1088 1346 1179 1363 meum
1194 1336 1313 1371 placere,
1329 1337 1461 1362 surrexit.
1478 1336 1705 1369 ornatissimeque

906 1375 939 1401 de
951 1383 1011 1401 meo
1021 1374 1163 1401 consulatu
1176 1374 1280 1400 locutus
1291 1379 1343 1403 est:
1361 1379 1390 1400 ut
1402 1374 1436 1399 ita
1448 1373 1562 1403 diceret,
1576 1380 1617 1402 se,
1631 1371 1704 1407 quod

906 1417 977 1439 esset
990 1417 1108 1443 senator,
1127 1411 1200 1447 quod
1214 1412 1297 1442 civis,
1315 1410 1387 1446 quod
1404 1410 1485 1441 liber,
1503 1409 1575 1445 quod
1590 1411 1701 1436 viveret.

884 1477 885 1483 ,
906 1450 975 1476 milii
986 1454 1124 1484 acceptum
1137 1449 1247 1481 referre,
1262 1449 1368 1483 quoties
1378 1448 1645 1483 coniugem,quoties
1656 1446 1705 1472 do-

907 1496 997 1518 mum,
1015 1488 1120 1522 quoties
1135 1487 1249 1521 patriam
1265 1486 1381 1516 videret,
1405 1486 1481 1512 toties
1496 1493 1524 1511 se
1541 1484 1703 1510 beneficium

907 1534 997 1551 meum
1010 1524 1112 1551 videre.
1137 1524 1208 1556 Quid
1220 1523 1321 1550 multa‘?
1332 1528 1415 1549 totum
1428 1523 1499 1549 hunc
1512 1522 1609 1552 locum,
1623 1530 1704 1557 quem

907 1571 956 1599 ego
968 1563 1040 1589 varie
1052 1563 1120 1588 meis
1130 1561 1306 1591 orationibus,
1315 1569 1430 1596 quarum
1442 1565 1470 1586 tu
1482 1559 1654 1586 Aristarchus
1664 1567 1702 1589 es,

907 1600 979 1627 soleo
991 1600 1116 1635 pingere,
1134 1599 1167 1625 de
1184 1599 1303 1629 flamma,
1322 1598 1354 1624 (10
1366 1597 1448 1628 scrro,
1466 1598 1544 1632 (nosti
1558 1596 1618 1623 illas
1629 1595 1705 1630 ληκύ-

1411 1636 1534 1661 I‘roxime
1547 1634 1705 1669 Pompeium

907 1675 1045 1701 sedebam.
1066 1674 1188 1701 Intellexi
1201 1674 1338 1700 hominem
1350 1673 1461 1703 moveri,
1476 1677 1566 1698 utrum
1577 1672 1705 1698 Crassum

908 1713 976 1739 inire
988 1721 1045 1738 eam
1057 1713 1180 1747 gratiam,
1193 1720 1274 1746 quam
1287 1711 1344 1746 ipse
1356 1710 1588 1745 praetermisisset,
1602 1718 1634 1735 an
1646 1716 1705 1735 esse

908 1754 993 1776 tantas
1009 1758 1050 1775 rcs
1067 1755 1184 1780 nostras,
1201 1757 1270 1784 quae
1285 1753 1338 1774 tam
1351 1748 1445 1774 libenti
1457 1752 1550 1773 senatu
1563 1745 1706 1773 laudaren-

908 1792 964 1818 tur,
983 1786 1016 1813 ab
1027 1796 1058 1813 co
1069 1787 1241 1822 praesertim,
1258 1786 1306 1821 qui
1322 1785 1390 1812 milii
1407 1784 1514 1811 laudeni
1527 1783 1600 1810 illam
1611 1792 1642 1810 eo
1655 1783 1706 1809 mi-

909 1834 960 1851 nus
971 1824 1093 1856 deberet,
1107 1824 1180 1859 quod
1196 1824 1265 1850 meis
1275 1823 1404 1850 omnibus
1420 1822 1514 1849 litteris
1527 1822 1553 1848 in
1565 1821 1707 1856 Pompeia-

886 1880 887 1900 2
908 1871 941 1889 na
954 1861 1033 1889 laude
1044 1862 1202 1897 perstrictus
1213 1866 1293 1887 essct.
1316 1862 1340 1887 4.
1357 1861 1404 1887 1110
1416 1860 1474 1886 dies
1485 1868 1526 1885 me
1539 1858 1616 1885 valde
1627 1859 1707 1885 Cras·

907 1909 937 1926 so
949 1900 1086 1932 adiunxit,
1105 1904 1130 1926 et
1147 1893 1248 1926 tamen.
1267 1898 1300 1924 ab
1315 1898 1361 1925 illo
1372 1902 1475 1932 aperte,
1493 1901 1559 1923 tecte
1570 1894 1706 1932 quidquid

907 1942 948 1964 est
958 1937 1052 1964 datum
1061 1958 1067 1968 ,
1086 1936 1201 1963 libenter
1211 1936 1313 1971 accepi.
1353 1935 1410 1971 Ego
1421 1940 1509 1961 autem
1523 1935 1594 1969 ipse,
1607 1933 1646 1959 dii
1658 1933 1707 1959 bo·

908 1975 949 2002 ni!
967 1974 1039 2010 quod
1055 1974 1134 2001 modo
1149 1973 1409 2009 oe‘vensomoawdwfl·
1422 1981 1490 1999 novo
1501 1971 1616 1998 auditori
1628 1971 1707 1997 Pom-

908 2013 982 2048 [10101
1005 2012 1032 2039 Si
1044 2020 1174 2048 umquam
1186 2011 1253 2038 mihi
1266 2010 1382 2046 περίοδοι
1394 2010 1408 2044 ἢ
1418 2009 1520 2045 καμπαῖ
1531 2007 1707 2043 firminiana-

886 2068 887 2086 ,
908 2061 940 2076 τα
954 2049 1138 2084 ἢκατασκευαί
1148 2048 1400 2084 suppeditaverunt,
1414 2047 1460 2074 illo
1471 2052 1599 2082 tempore.
1635 2044 1706 2078 Quid

886 2087 887 2103 ³
909 2086 1011 2114 multa‘?
1021 2086 1162 2113 clamores.
1187 2086 1294 2113 Etenim
1306 2085 1371 2112 haec
1382 2090 1438 2111 erat
1448 2084 1588 2114 ὑπόθεσις,
1601 2083 1634 2109 (10
1645 2091 1707 2117 gra-

886 2139 887 2146 .
909 2125 990 2151 vitate
1001 2124 1118 2155 ordinis,
1137 2123 1170 2150 de
1181 2124 1300 2159 equestri
1311 2122 1467 2153 concordia,
1485 2121 1518 2147 de
1530 2122 1706 2147 consensione

910 2161 1009 2193 ltaliae,
1023 2161 1055 2187 (10
1068 2161 1251 2188 intermortuis
1263 2160 1388 2195 reliquiis
1399 2159 1606 2186 coniurationis.
1620 2157 1653 2183 de
1666 2157 1707 2183 vi—

1166 2199 1241 2225 Nosti
1253 2198 1307 2224 iam
1319 2198 1345 2223 in
1358 2197 1407 2223 hac
1420 2196 1529 2222 materia
1543 2196 1647 2222 sonitus
1659 2202 1707 2220 no-

909 2241 990 2262 stros:
1009 2236 1074 2262 tanti
1091 2235 1212 2265 fuerunt,
1230 2239 1320 2269 1110ᾳο
1331 2243 1362 2260 eo
1374 2234 1482 2260 brevior
1492 2233 1558 2263 sini,
1575 2231 1647 2267 quod
1661 2239 1706 2257 eos

909 2281 996 2308 usquo
1016 2273 1088 2299 istim
1110 2272 1251 2298 exauditos
1275 2276 1377 2306 putem.
1417 2272 1442 2296 5.
1466 2271 1598 2296 Romanae
1617 2274 1706 2295 autem

909 2320 937 2336 se
950 2318 991 2336 res
1007 2311 1046 2335 sic
1064 2309 1175 2335 habent:
1199 2314 1308 2334 senatus
1323 2308 1410 2343 (ἴρεως
1421 2308 1516 2343 πάγος.
1558 2305 1631 2332 Nihil
1643 2314 1707 2332 con-

909 2348 1037 2378 stantius,
1060 2346 1127 2372 nihil
1143 2346 1279 2377 severius,
1303 2344 1371 2371 nihil
1388 2344 1492 2371 fortius.
1533 2344 1600 2369 Nam
1621 2351 1706 2378 quum

909 2385 968 2410 dics
984 2385 1103 2410 venisset
1119 2383 1250 2418 rogationi
1266 2391 1300 2408 cx
1315 2386 1424 2408 senatus
1437 2381 1560 2407 consulto
1571 2380 1704 2408 ferendae.

909 2421 1105 2448 concursabant
1116 2419 1250 2447 barbatuli
1262 2420 1384 2450 iuvenes,
1399 2423 1468 2445 totus
1481 2418 1525 2444 illc
1536 2426 1603 2453 grex
1614 2417 1707 2444 Catili-

911 2468 968 2489 nae,
981 2458 1050 2484 duce
1063 2457 1144 2484 liliola
1155 2458 1293 2486 Curionis,
1307 2462 1332 2483 ct
1343 2456 1488 2491 populum,
1505 2461 1533 2482 ut
1544 2455 1704 2490 antiquaret.

911 2497 1048 2531 rogabant.
1090 2496 1150 2522 Piso
1161 2500 1250 2521 autem
1261 2494 1366 2523 consul,
1381 2494 1445 2519 lator
1457 2493 1616 2528 rogationis,
1634 2492 1705 2518 idem

910 2539 966 2560 erut
976 2533 1125 2559 dissuasor.
1160 2533 1262 2567 Operae
1273 2531 1417 2558 Clodianae
1428 2536 1522 2566 pontes
1533 2535 1704 2566 occuparant.

910 2570 1034 2597 Tabellae
1047 2570 1269 2597 ministrabuntur
1281 2570 1328 2599 ita,
1344 2574 1371 2595 ut
1383 2568 1456 2595 nulla
1468 2568 1577 2594 daretur
1587 2576 1633 2595 uri
1655 2577 1706 2593 no-

1021 2608 1068 2634 llic
1079 2608 1128 2634 tibi
1141 2613 1222 2634 rostra
1234 2608 1298 2633 Cato
1309 2606 1428 2637 advolat,
1449 2606 1603 2632 convicium
1615 2605 1705 2631 Pisoni

909 2645 1014 2672 consuli
1039 2645 1183 2672 mirificum
1206 2644 1280 2676 facin
1313 2644 1337 2670 si
1366 2643 1393 2670 id
1408 2648 1449 2670 est
1467 2644 1635 2673 convicium,
1654 2650 1706 2668 vox

911 2683 989 2719 plena
1016 2683 1170 2719 gravitatis,
1203 2681 1280 2717 plena
1309 2681 1488 2712 auctoritatis,
1524 2680 1602 2716 plena
1628 2679 1705 2707 (10111-

1419 2729 1468 2755 103
1489 2731 1497 2743 '
