1941 3052
383 143 439 169 AD
471 142 768 169 HERENNIUM
801 143 886 169 LIB.

21 219 59 246 ut,
83 213 157 241 nullo
178 221 274 250 genere
295 214 368 239 vocis
390 212 482 244 effuso,
503 213 530 239 in
548 213 619 239 omni
634 221 698 239 voce
711 213 806 248 integri

20 252 116 279 simus.
150 251 183 277 Et
200 254 288 277 acutas
306 251 379 276 vocis
397 250 600 276 exclamationes
623 250 705 276 vitare
726 250 808 276 debe-

21 298 95 322 mus,
111 289 179 315 ictus
190 288 261 314 enim
271 287 300 313 sit
309 291 334 314 et
343 287 516 313 vulnerantur
525 287 634 313 arteriae
644 292 718 314 acuta
729 292 808 322 atque

21 330 152 353 attenuata
170 325 251 352 nimis
265 324 458 355 acclamatione,
479 329 504 350 et
517 324 540 350 si
554 324 616 358 quis
630 324 756 358 splendor
769 329 809 350 est

20 363 102 394 vocis,
127 362 293 389 consumitur
315 371 368 388 uno
391 361 504 388 clamore
527 362 684 394 universus3
712 366 737 388 et
754 370 808 388 uno

20 401 117 436 spiritu
134 400 298 426 continenter
315 399 400 425 multa
413 399 500 425 dicere
514 399 541 425 in
555 403 671 425 extrema
685 399 809 425 convenit

20 438 148 465 oratione:
169 436 258 463 fauces
276 437 347 462 enim
361 435 492 467 calefiunt,
513 440 538 462 et
551 436 659 462 arteriae
672 436 809 470 complen-

21 479 64 502 tur
85 479 110 501 et
120 483 180 506 vox,
192 483 261 509 quae
272 475 343 500 varie
354 478 460 500 tractata
471 478 518 505 est,
530 473 666 499 reducitur
676 473 703 498 in
713 482 809 507 quem-

21 512 82 539 dam
95 520 191 538 sonum
205 511 371 546 aequabilem
386 515 465 546 atque
477 514 649 537 constantem.
670 510 753 544 Saepe
767 519 809 536 re-

20 558 80 576 rum
98 554 207 576 naturae
224 549 308 584 gratia
326 548 457 584 quaedam
471 548 529 574 iure
542 548 661 578 debetur,
678 547 752 573 velut
765 556 808 573 ac-

20 586 85 613 cidit
101 587 129 613 in
147 586 196 612 hac
214 595 251 612 re.
285 586 351 612 Nam
374 594 442 621 quae
460 585 579 611 diximus
597 584 630 611 ad
648 593 738 611 vocem
753 593 808 610 ser-

21 623 135 650 vandam
157 623 291 659 prodesse,
316 623 407 649 eadem
430 623 541 649 attinent
562 622 594 648 ad
608 622 807 648 suavitudinem

21 661 250 696 pronuntiationis,
276 665 314 691 ut,
327 660 399 695 quod
422 665 525 687 nostrae
548 660 605 686 voci
625 660 716 694 prosit,
737 659 807 685 idem

21 698 155 733 voluptate
173 698 299 724 auditoris
317 698 452 732 probetur.
486 699 527 724 22.
542 696 612 723 Utile
625 701 665 723 est
678 696 711 722 ad
725 696 808 722 sirmi—

21 736 140 762 tudinem
163 735 252 761 sedata
275 743 327 761 vox
347 735 375 761 in
394 734 534 769 principio.
567 733 638 766 Quid
655 734 805 764 insuavius,

20 781 102 808 quam
123 772 221 798 clamor
241 773 270 798 in
284 772 391 798 exordio
409 771 537 798 caussae‘?
561 771 701 798 Intervalla
717 780 807 797 vocem

19 809 188 842 confirmant,
212 809 303 836 eadem
324 810 467 836 sententias
481 809 662 836 concinniores
676 809 807 835 divisione

19 846 134 874 reddunt
155 851 181 873 et
201 846 315 873 auditori
337 847 453 881 spatium
477 846 610 882 cogitandi
641 846 805 881 relinquunt.

19 884 162 911 Conservat
176 893 267 910 vocem
280 884 398 910 continui
413 884 535 910 clamoris
546 884 680 910 remissio:
697 888 721 910 et
731 884 807 909 audi-

19 925 102 948 torem
116 921 225 956 quidem
239 922 352 948 varietas
370 921 486 947 maxime
500 921 624 954 delectat,
651 930 736 956 quum
751 930 807 947 ser-

19 967 96 985 mone
119 959 240 985 animum
262 959 321 985 eius
344 959 439 985 retinet
461 963 506 985 aut
523 959 668 985 exsuscitat
682 958 804 985 clamore.

19 996 101 1023 Acuta
119 996 274 1023 exclamatio
292 1004 383 1023 vocem
401 1000 427 1022 et
444 995 533 1023 fauces
551 995 686 1029 vulnerat,
715 996 806 1022 eadem

19 1033 99 1060 laedit
116 1033 276 1067 auditorem;
304 1034 384 1060 habet
401 1035 471 1060 enim
490 1033 620 1069 quiddam
639 1033 768 1059 illiberale
782 1038 807 1060 et

18 1070 51 1097 ad
69 1071 227 1097 muliebrem
245 1071 333 1106 potius
352 1071 574 1102 vociferationem,
595 1080 676 1106 quam
696 1071 728 1097 ad
742 1071 807 1097 viri-

19 1106 70 1134 lem
84 1108 240 1144 dignitatem
253 1109 281 1135 in
295 1109 406 1135 dicendo
420 1108 655 1135 accommodatum.
677 1109 706 1134 In
720 1113 807 1134 extre-

18 1153 59 1171 ma
78 1146 193 1172 oratione
209 1146 347 1173 continens
364 1155 417 1173 vox
438 1146 555 1173 remedio
572 1150 611 1172 est
629 1146 695 1172 voci.
719 1145 807 1177 Quid‘?

17 1182 82 1209 haec
95 1182 186 1209 eadem
205 1192 291 1210 nonne
305 1184 425 1210 animum
439 1184 674 1211 vehementissime
687 1183 807 1210 calefacit

17 1220 145 1247 auditoris
159 1221 186 1247 in
200 1221 280 1247 totius
294 1221 463 1248 conclusione
474 1220 601 1248 caussae?
614 1220 744 1253 Quoniam
756 1221 807 1256 igi-

16 1261 60 1285 tur
82 1267 123 1284 res
146 1258 253 1284 eaedem
276 1259 348 1286 vocis
367 1259 525 1286 firmitudini
544 1263 569 1285 et
582 1259 805 1293 pronuntiationis

16 1295 182 1322 suavitudini
196 1301 315 1331 prosunt,
331 1296 364 1323 de
378 1301 489 1331 utraque
503 1305 530 1323 re
540 1296 621 1322 simul
633 1296 681 1322 erit
692 1296 719 1322 in
730 1305 806 1331 prae-

17 1333 101 1359 sentia
123 1333 233 1365 dictum,
261 1332 303 1369 [de
327 1334 498 1365 firmitudine,
524 1342 592 1368 quae
606 1333 662 1360 visa
681 1338 752 1365 sunt,
773 1333 805 1359 de

16 1370 197 1402 suavitudine,
212 1379 281 1405 quae
294 1372 433 1397 coniuncta
448 1369 580 1406 suerunt:]
595 1376 679 1397 cetera
690 1380 739 1397 suo
750 1370 806 1397 loco

15 1407 107 1443 paullo
121 1412 180 1443 post
193 1407 322 1434 dicemus.
345 1408 414 1434 xm.
430 1410 471 1435 23.
488 1408 627 1435 Mollitudo
641 1408 722 1443 igitur
734 1409 804 1434 vocis

16 1446 142 1480 quoniam
162 1446 248 1472 omnis
266 1445 299 1471 ad
317 1445 428 1471 rhetoris
452 1446 662 1480 praeceptionem
681 1446 802 1479 pertinet,

16 1482 172 1518 diligentius
191 1483 267 1509 nobis
285 1483 474 1509 consideranda
489 1487 538 1509 est.
573 1483 638 1508 Earn
656 1483 805 1508 dividimus

15 1520 43 1546 in
57 1528 215 1551 sermonem,
231 1521 434 1551 contentionem,
451 1520 693 1554 amplificationem.
713 1520 806 1546 Sermo

15 1561 56 1584 est
72 1557 154 1584 oratio
171 1557 281 1583 remissa
299 1561 324 1583 et
342 1557 453 1583 finitima
479 1557 648 1592 quotidianae
664 1557 802 1589 locutioni,

15 1594 147 1622 contentio
164 1599 204 1621 est
221 1595 302 1621 oratio
320 1595 387 1620 acris
410 1599 434 1620 et
457 1595 489 1620 ad
504 1594 714 1620 confirmandum
733 1599 758 1620 et
772 1594 805 1620 ad

15 1631 207 1659 confutandum
230 1632 438 1664 accommodata,
467 1631 637 1666 amplificatio
654 1636 694 1658 est
712 1632 802 1663 oratio,

15 1677 84 1705 quae
97 1673 142 1695 aut
155 1669 183 1695 in
196 1668 360 1695 iracundiam
375 1669 478 1695 inducit
492 1673 536 1695 aut
550 1669 582 1694 ad
596 1669 803 1695 misericordiam

15 1706 95 1733 trahit
112 1706 240 1733 auditoris
258 1707 388 1732 animum.
423 1707 515 1733 Sermo
532 1706 662 1732 dividitur
676 1707 702 1732 in
717 1711 804 1741 partes

15 1748 137 1779 quatuor,
153 1743 318 1779 dignitatem,
338 1743 599 1774 demonstrationem,
617 1744 801 1775 narrationem,

15 1781 179 1808 iocationem.
213 1781 332 1816 Dignitas
350 1786 390 1807 est
403 1782 485 1808 oratio
498 1790 559 1807 cum
574 1780 662 1816 aliqua
676 1782 803 1816 gravitate

16 1822 41 1845 et
62 1819 135 1846 vocis
159 1818 329 1851 remissione,
361 1818 550 1845 demonstratio
567 1823 607 1844 est
624 1819 715 1850 oratio,
735 1827 804 1854 quae
832 1833 833 1855 3

15 1855 90 1883 docet
107 1856 219 1883 remissa
236 1864 308 1887 voce,
329 1856 462 1890 quomodo
479 1856 546 1891 quid
561 1856 616 1882 lieri
632 1857 745 1891 potuerit
760 1860 804 1882 aut
832 1859 833 1887 ζ

15 1901 67 1920 non
77 1894 204 1929 potuerit3
220 1893 333 1919 narratio
343 1897 382 1919 est
393 1902 481 1920 rerum
492 1898 628 1929 gestarum
639 1899 683 1920 aut
695 1894 804 1929 perinde

14 1934 45 1957 ut
57 1935 190 1966 gestarum
205 1931 349 1965 expositio,
365 1931 458 1958 iocatio
471 1935 511 1957 cst
524 1931 613 1962 oratio,
626 1940 694 1966 quae
709 1940 741 1958 ex
755 1931 804 1957 ali·
832 1949 833 1972 ἶ

15 1975 68 2003 qua
81 1977 108 1995 re
122 1969 207 1995 risum
221 1968 365 2002 pudentem
379 1973 404 1994 et
419 1968 554 1995 liberalem
569 1972 654 2003 potest
668 1978 804 2003 compara·
832 1989 833 1997 t

832 2008 833 2016 ¹
856 2005 1002 2032 narratione
1012 2015 1106 2037 sermo,
1121 2007 1190 2033 idem
1202 2012 1288 2033 motus
1300 2008 1392 2042 poterit
1405 2008 1515 2034 idoneus
1526 2009 1643 2043 esse,qui

14 2013 52 2032 re.
86 2005 224 2033 contentio
240 2005 370 2032 dividitur
388 2006 414 2031 in
433 2006 656 2032 continuationem
675 2011 700 2032 et
713 2006 805 2032 distri-

14 2041 161 2070 butionem.
196 2042 363 2069 Continuatio
379 2047 419 2069 est
432 2043 556 2070 orationis
570 2044 747 2070 enuntiandae
761 2053 804 2070 ac-

14 2079 135 2108 celeratio
148 2079 275 2112 clamosa,
292 2080 444 2106 distributio
457 2085 497 2107 est
511 2081 537 2107 in
547 2081 712 2107 contentione
722 2081 803 2107 oratio
832 2111 833 2117 1

15 2115 150 2153 frequens,
171 2126 232 2143 cum
252 2117 317 2143 raris
335 2122 360 2143 et
374 2118 501 2144 brevibus
516 2118 672 2149 intervallis,
690 2119 741 2144 acri
758 2127 803 2144 vo-

15 2153 175 2182 ciferatione.
209 2155 251 2182 24.
266 2154 443 2189 Amplilicatio
461 2155 591 2182 dividitur
606 2155 632 2182 in
646 2155 804 2182 cohortatio-

15 2199 76 2219 nem
94 2196 120 2218 et
136 2192 363 2226 conquestionem.
402 2192 550 2219 Cohortatio
568 2197 608 2219 est
625 2194 714 2223 oratio,
734 2202 802 2228 quae

15 2228 122 2265 aliquod
137 2234 274 2264 peccatum
288 2229 453 2263 amplificans
467 2230 613 2256 auditorem
625 2230 657 2256 ad
669 2230 803 2257 iracundi·

15 2273 57 2293 am
71 2266 192 2299 adducit3
216 2266 372 2301 conquestio
385 2271 425 2293 est
438 2267 527 2298 oratio,
543 2276 611 2302 quae
622 2267 803 2294 incommodo-

15 2312 76 2330 rum
97 2303 301 2339 amplificatione
323 2304 442 2330 animum
461 2305 588 2330 auditoris
607 2305 639 2331 ad
654 2305 803 2331 misericor—

15 2340 86 2368 diam
109 2341 238 2376 perducit.
281 2340 411 2373 Quoniam
426 2341 507 2377 igitur
525 2342 665 2368 mollitudo
684 2343 756 2368 vocis
776 2342 802 2369 in

15 2381 68 2405 tres
81 2383 168 2413 partes
181 2378 267 2405 divisa
281 2383 329 2410 est,
345 2382 371 2404 et
384 2378 432 2404 bae
447 2382 532 2413 partes
547 2379 619 2413 ipsae
634 2379 659 2405 in
670 2384 728 2406 octo
737 2380 802 2405 alias

15 2414 172 2442 distributae
189 2420 260 2447 sunt,
280 2424 348 2451 quae
367 2416 499 2450 cuiusque
517 2415 608 2442 idonea
624 2417 802 2451 pronuntiatio

15 2452 58 2484 sit,
74 2452 309 2479 demonstrandum
325 2453 439 2480 videtur.
473 2452 542 2479 XIV.
558 2453 650 2480 Sermo
663 2463 748 2488 quum
762 2458 802 2480 est

14 2489 43 2516 in
55 2489 192 2525 dignitate,
208 2489 295 2524 plenis
308 2489 431 2516 saucibus
445 2499 525 2525 quarn
539 2490 706 2517 sedatissima
720 2495 745 2517 et
755 2491 802 2517 de-

15 2527 183 2562 pressissima
201 2535 264 2554 voce
283 2528 320 2554 uti
339 2528 491 2560 conveniet,
520 2528 554 2553 ita
569 2532 663 2558 tamen,
681 2533 709 2554 ut
723 2537 754 2554 no
768 2528 801 2554 ab

15 2564 124 2591 oratoria
137 2565 329 2592 consuetudine
343 2565 375 2591 ad
390 2565 515 2600 tragicam
530 2565 800 2597 transennins.Qiuim

15 2605 102 2628 autem
116 2605 156 2628 est
169 2602 196 2628 in
210 2601 440 2633 demonstratione,
457 2610 519 2629 voce
533 2601 683 2636 paullulum
699 2607 802 2629 attenu—

16 2641 65 2670 ata,
79 2639 179 2666 crebris
190 2639 335 2666 intervallis
346 2643 372 2666 et
381 2639 561 2666 divisionibus
572 2639 609 2665 uti
621 2640 760 2674 oportebit,
773 2644 801 2666 ut

15 2674 73 2710 ipsa
94 2677 307 2712 pronuntiatione
324 2685 368 2704 eas
386 2685 436 2708 res,
461 2685 530 2712 quus
547 2676 797 2708 demonstrabimus,

921 143 964 168 111.
999 143 1096 169 CAP.
1132 145 1156 169 8.
1179 159 1215 163 -—
1238 145 1277 169 ⁴5.
1616 149 1646 173 t9

859 213 973 239 inserere
990 218 1069 248 atque
1088 214 1243 240 intersecare
1263 214 1401 240 videamur
1419 216 1446 241 in
1460 217 1556 242 animis
1570 217 1647 243 audi-

859 254 955 276 torum.
989 250 1078 282 Quum
1096 256 1183 277 autem
1202 260 1289 278 sermo
1307 252 1333 277 in
1353 253 1499 279 narratione
1516 258 1568 284 est,
1589 259 1646 280 tum

860 296 953 313 vocum
969 288 1093 314 varietate
1106 297 1173 323 opus
1188 293 1235 319 est,
1256 293 1294 320 ut,
1310 298 1364 323 quo
1377 289 1497 324 quidque
1512 296 1587 324 pacto
1601 300 1648 326 ge-

859 329 930 350 stum
945 325 987 355 sit,
1005 326 1039 351 ita
1053 326 1151 351 narrari
1166 326 1294 352 videatur.
1317 326 1428 353 Strenue
1439 327 1511 362 quod
1522 328 1647 354 volumus

859 361 995 388 ostendere
1010 362 1117 393 sactum,
1131 363 1304 389 celeriuscule
1318 364 1451 396 dicemus,
1472 370 1497 391 at
1511 365 1584 391 aliud
1598 367 1648 392 oti-

859 407 912 429 ose,
926 399 1127 425 retardabimus.
1150 400 1249 426 Deinde
1260 401 1338 427 modo
1349 402 1449 432 acriter,
1464 407 1520 428 tum
1531 402 1648 429 clemen-

859 440 905 466 ter,
932 441 1038 467 moeste,
1061 437 1142 463 bilare
1161 438 1187 463 in
1202 447 1293 464 omnes
1311 443 1397 473 partes
1411 440 1645 471 commutabimus,

860 477 889 498 ut
906 473 994 505 verba,
1016 474 1050 500 ita
1070 475 1320 508 pronuntiationem.
1355 476 1383 502 Si
1397 485 1449 511 qua
1465 477 1606 503 inciderint
1621 478 1647 504 in

860 511 1035 537 narrationem
1054 512 1131 543 dicta,
1152 517 1248 547 rogata,
1266 522 1400 548 responsa,
1417 514 1439 540 si
1453 523 1522 548 quae
1533 515 1648 540 admira—

860 548 953 578 tiones,
969 548 1002 574 de
1016 549 1116 583 quibus
1131 558 1178 575 nos
1190 550 1364 581 narrabimus,
1377 551 1518 587 diligenter
1528 552 1647 578 animum

860 585 1037 616 advertemus,
1064 590 1093 611 ut
1115 588 1234 613 omnium
1259 596 1431 622 personarum
1455 598 1550 615 sensus
1569 594 1647 624 atque

859 622 961 648 animos
976 631 1039 648 voce
1053 624 1242 657 exprimamus.
1266 627 1305 651 25
1319 626 1365 651 Sin
1377 626 1425 651 erit
1439 635 1526 652 sermo
1540 627 1566 652 in
1579 627 1648 653 ioca-

860 659 937 690 tione,
961 659 1054 686 leniter
1072 661 1273 687 tremebundam
1293 663 1406 694 vocem‘,
1435 672 1497 689 cum
1517 672 1596 698 parva
1610 664 1648 690 si-

836 726 837 730 *
858 696 1026 731 gnificatione
1040 698 1119 728 risus,
1136 699 1194 724 sine
1208 698 1261 724 ulla
1276 701 1428 734 suspicione
1443 701 1564 727 mimicae
1578 701 1590 713 *
1604 710 1648 727 ca-

836 756 837 775 ,
858 734 1036 760 cbinnationis
1051 734 1143 761 leviter
1157 736 1286 770 oportebit
1300 746 1314 762 a
1325 746 1444 763 sermone
1459 739 1527 764 serio
1541 743 1648 773 torque-

859 779 885 796 re
899 771 931 796 ad
947 771 1081 798 liberalem
1096 773 1191 799 iocum.
1206 773 1295 805 Quum
1307 779 1394 800 autem
1404 775 1560 801 contendere
1570 784 1648 810 opor-

835 806 836 809 ’
859 808 935 841 tebit,
961 810 1086 843 quoniam
1110 810 1137 836 id
1155 816 1200 836 aut
1219 820 1266 845 per
1283 812 1507 837 continuationem
1533 818 1578 838 aut
1601 822 1648 847 per

858 845 1073 872 distributionem
1096 847 1247 874 faciendum
1271 853 1318 879 est,
1340 849 1367 875 in
1380 849 1583 880 continuatione,
1601 850 1648 876 ad-

858 888 934 909 aucto
958 884 1124 910 mediocriter
1145 894 1210 911 sono
1233 886 1314 916 vocis,
1339 887 1428 912 verbis
1450 887 1645 918 continuandis,

857 929 949 946 vocem
972 930 1080 956 quoque
1098 922 1207 957 iungere
1225 923 1356 957 oportebit
1373 928 1398 950 et
1416 928 1537 958 torquere
1552 933 1647 950 sonum

858 962 883 983 et
900 958 1018 984 celeriter
1035 967 1096 984 cum
1115 959 1229 986 clamore
1244 961 1322 986 verba
1336 961 1472 992 conficere,
1489 966 1518 987 ut
1532 963 1586 988 vim
1601 971 1648 988 vo-

859 994 970 1021 lubilem
984 996 1109 1022 orationis
1124 997 1274 1024 vociferatio
1288 999 1415 1033 consequi
1432 999 1529 1033 possit,
1555 1000 1581 1025 in
1592 999 1648 1025 dis-

858 1033 1000 1059 tributione
1014 1034 1047 1059 ab
1061 1034 1122 1059 imis
1137 1034 1260 1061 saucibus
1273 1035 1491 1062 exclamationem
1502 1045 1583 1071 quam
1595 1036 1648 1062 cla-

858 1070 992 1096 rissimam
1015 1071 1142 1097 adhibere
1164 1077 1277 1106 oportet;
1310 1077 1335 1099 et
1358 1078 1489 1108 quantum
1508 1074 1586 1108 spatii
1602 1083 1648 1108 per

858 1107 978 1143 singulas
993 1108 1197 1135 exclamationes
1211 1111 1417 1144 sumpserimus,
1434 1115 1536 1137 tantum
1550 1111 1577 1137 in
1591 1112 1648 1137 sin-

857 1145 921 1179 gula
936 1145 1073 1172 intervalla
1087 1147 1166 1181 spatii
1180 1156 1337 1174 consumere
1351 1148 1485 1174 iubemur.
1508 1149 1536 1174 ln
1551 1149 1648 1183 ampli-

835 1190 836 1194 ¹
858 1182 1025 1209 ticationibus
1042 1191 1104 1209 cum
1122 1184 1300 1211 cohortatione
1318 1189 1425 1212 utemur
1439 1194 1502 1212 voce
1528 1191 1648 1212 attenua·-

858 1220 969 1250 tissima,
990 1220 1103 1247 clamore
1118 1221 1180 1253 leni,
1197 1231 1261 1248 sono
1275 1223 1417 1257 aequabili,
1433 1224 1648 1250 commutationi-

834 1254 836 1271 ἶ
857 1257 908 1282 bus
922 1257 1031 1288 crebris,
1048 1259 1164 1285 maxima
1178 1259 1324 1292 celeritate,
1345 1260 1372 1286 in
1386 1261 1575 1295 conquestione
1590 1266 1647 1287 ute-

857 1303 918 1320 mur
932 1304 995 1320 voce
1009 1295 1143 1330 depressa,
1157 1297 1282 1324 inclinato
1292 1306 1365 1329 son0,
1377 1298 1477 1324 crebris
1488 1298 1645 1329 intervallis,

858 1331 943 1367 longis
957 1333 1059 1366 spatiis,
1076 1335 1180 1369 magnis
1195 1335 1456 1362 commutationibus.

872 1383 875 1385 >
912 1369 969 1396 XV.
994 1370 1029 1395 De
1052 1370 1136 1406 ligura
1154 1372 1227 1398 vocis
1245 1373 1309 1398 satis
1328 1372 1430 1399 dictum
1449 1377 1501 1399 est:
1530 1382 1601 1400 nunc
1615 1373 1647 1399 de

856 1407 972 1440 corporis
987 1411 1058 1433 motu
1073 1408 1217 1435 dicendum
1232 1410 1347 1436 videtur.
1381 1412 1421 1437 ⁶26.
1436 1411 1523 1437 Motus
1537 1416 1577 1437 est
1590 1420 1647 1437 cor·-

857 1445 928 1479 poris
942 1450 1035 1480 gestus
1049 1450 1074 1471 et
1084 1446 1176 1472 vultus
1188 1447 1332 1473 moderatio
1345 1447 1485 1482 quaedam,
1503 1457 1572 1483 quae
1586 1457 1647 1483 pro-

857 1482 988 1508 nuntianti
1003 1483 1127 1508 convenit
1140 1488 1166 1509 et
1179 1484 1356 1518 probabiliora
1368 1485 1453 1511 reddit
1467 1494 1496 1511 ea
1507 1494 1575 1520 quae
1587 1494 1647 1520 pro-

857 1519 1020 1545 nuntiantur.
1036 1520 1164 1546 Convenit
1178 1521 1259 1556 igitur
1273 1522 1299 1547 in
1314 1521 1390 1548 vultu
1406 1522 1533 1556 pudorem
1545 1527 1569 1549 et
1580 1523 1647 1548 acri-

833 1567 835 1585 ³
857 1557 972 1582 moniam
995 1565 1066 1589 esse,
1093 1557 1119 1583 in
1137 1563 1214 1593 gestu
1234 1567 1280 1584 nec
1294 1564 1460 1585 venustatem
1474 1560 1646 1594 conspicuam

856 1602 903 1620 nec
922 1594 1124 1628 turpitudinem,
1145 1604 1177 1621 ne
1195 1600 1240 1621 aut
1259 1595 1399 1622 histriones
1418 1602 1462 1622 aut
1479 1598 1591 1631 operarii
1606 1598 1647 1623 vi-

856 1631 966 1656 deamur
984 1640 1052 1657 csse.
1086 1632 1126 1658 Ad
1145 1632 1251 1658 easdem
1265 1634 1347 1668 igitur
1360 1639 1455 1668 partes,
1473 1635 1498 1660 in
1513 1643 1580 1669 quas
1595 1643 1646 1661 vox

833 1700 834 1703 Ἰ
855 1672 895 1694 est
917 1667 1073 1700 distributa,
1094 1674 1182 1696 motus
1204 1678 1312 1704 quoque
1329 1671 1446 1705 corporis
1465 1672 1530 1698 ratio
1541 1672 1646 1698 videtur

855 1714 913 1731 esse
927 1706 1156 1733 accommodanda.
1178 1708 1244 1733 Nam
1259 1709 1281 1734 si
1296 1709 1344 1734 erit
1358 1718 1445 1735 sermo
1458 1718 1519 1735 cuni
1530 1709 1646 1744 dignita-

826 1744 833 1774 Ἃ
856 1747 888 1773 te,
905 1747 1004 1769 stantes
1019 1744 1045 1770 in
1060 1745 1181 1779 vestigio,
1199 1744 1250 1771 tevi
1265 1745 1387 1771 dexterae
1402 1751 1473 1772 motu
1486 1746 1557 1781 loqui
1568 1756 1646 1781 opor-

832 1786 833 1790 *
856 1781 928 1810 tebit,
946 1780 1086 1812 hilaritate,
1108 1782 1221 1813 tristitia,
1243 1782 1422 1809 mediocritate.
1437 1783 1529 1810 vultus
1543 1784 1575 1809 ad
1590 1794 1646 1811 scr-

856 1818 941 1843 monis
955 1819 1098 1845 sententias
1109 1820 1316 1853 accommodata,
1332 1821 1373 1847 sin
1385 1822 1432 1847 erit
1445 1822 1470 1847 in
1480 1822 1645 1848 demonstra—

855 1856 924 1882 tione
938 1864 1033 1887 sernm,
1055 1857 1206 1891 paullulum
1220 1866 1317 1892 corpus
1331 1867 1344 1883 a
1359 1859 1508 1885 cervicibus
1523 1859 1645 1885 demitte—

856 1902 929 1926 mus;
945 1893 1016 1927 (nain
1029 1893 1077 1919 boc
1091 1898 1130 1920 est
1144 1903 1157 1920 a
1173 1899 1264 1920 natura
1275 1895 1376 1926 datum,
1394 1901 1512 1931 utquam
1525 1898 1644 1931 proxime

855 1935 911 1956 tum
931 1930 1036 1956 vultum
1055 1931 1245 1958 admoveamus
1256 1932 1287 1958 ad
1299 1933 1439 1962 auditores,
1457 1935 1479 1960 si
1493 1943 1573 1968 quam
1589 1944 1643 1960 rein

854 1968 947 1994 docere
957 1976 1002 1994 eos
1012 1973 1037 1994 et
1047 1969 1216 1995 veliementer
1227 1970 1351 2005 instigare
1358 1971 1473 1997 velimus
1481 1972 1497 2006 :Ji
1508 1972 1549 1997 sin
1560 1972 1608 1998 crit
1618 1972 1644 1998 in

855 2042 946 2077 paullo
959 2047 1017 2069 ante
1031 2043 1262 2070 demonstrabatur
1276 2045 1301 2071 in
1316 2045 1457 2080 dignitate:
1477 2046 1519 2072 sin
1534 2047 1559 2072 in
1575 2046 1645 2072 ioca——

856 2081 933 2111 tione,
954 2080 1031 2107 vultu
1049 2081 1193 2116 quamdam
1212 2082 1372 2108 debebimus
1387 2083 1544 2109 bilaritatem
1559 2084 1644 2119 signi-

855 2117 941 2149 ficare,
962 2119 1019 2144 sine
1038 2119 1243 2145 commutatione
1260 2125 1362 2154 gestus.
1398 2121 1438 2147 27.
1459 2120 1487 2146 Si
1501 2121 1644 2147 contende-

855 2163 915 2181 mus
929 2164 976 2190 pcr
986 2156 1219 2187 continuationem,
1234 2157 1340 2183 bruchio
1351 2157 1438 2187 celeri,
1451 2158 1542 2184 mobili
1555 2158 1640 2188 vultu,

854 2193 906 2218 acri
921 2198 1029 2227 aspectu
1045 2198 1164 2225 utemur,
1192 2194 1234 2220 sin
1252 2195 1384 2220 contentio
1398 2195 1439 2220 liet
1455 2204 1500 2229 per
1514 2195 1643 2221 ‹listi-ibu-

855 2230 961 2260 tionem,
977 2230 1055 2256 celeri
1071 2231 1230 2265 proiectione
1242 2231 1350 2261 bracliii,
1369 2232 1583 2262 inambulatione.
1597 2241 1643 2267 pe-

853 2266 895 2293 dis
909 2267 993 2293 dextri
1006 2276 1062 2293 rara
1076 2268 1257 2302 supplosionc,
1274 2269 1324 2294 aeri
1340 2274 1365 2295 et
1381 2269 1468 2295 ‹lt-lixo
1481 2274 1588 2303 aspectu
1604 2270 1641 2295 uti

853 2304 992 2338 oportebit.
1028 2305 1055 2331 Si
1076 2309 1182 2332 utemur
1200 2305 1402 2340 amplificatione
1422 2315 1468 2340 per
1485 2307 1643 2332 cohortatio-

854 2350 923 2372 nem,
941 2341 1030 2376 paullo
1045 2342 1156 2369 tardiore
1170 2347 1194 2368 et
1204 2343 1406 2369 consideratiore
1416 2349 1492 2377 gestu
1503 2344 1643 2370 eorweniet

854 2379 901 2409 uti,
917 2379 1053 2405 similibus
1067 2381 1160 2406 ceteris
1174 2380 1262 2410 rebus,
1283 2385 1362 2414 atque
1377 2381 1402 2406 in
1416 2381 1581 2407 contentione
1596 2390 1643 2416 per

852 2416 1090 2449 continuationem,
1118 2417 1159 2443 sin
1179 2422 1284 2443 utemur
1303 2417 1506 2451 amplificatione
1520 2426 1566 2452 per
1579 2428 1642 2445 ron·

852 2454 1029 2488 questionem,
1051 2453 1157 2480 seminis
1176 2454 1301 2488 plangore
1327 2460 1351 2480 et
1374 2455 1468 2489 capitis
1488 2455 1550 2485 ictu,
1576 2465 1641 2482 non-

854 2499 1000 2525 numquam
1019 2490 1109 2517 sedato
1127 2495 1152 2517 et
1169 2491 1296 2517 constanti
1316 2496 1402 2525 gestu.
1424 2497 1524 2518 moesto
1540 2498 1564 2519 ct
1578 2502 1642 2519 con-

854 2527 957 2554 turbato
971 2527 1047 2554 vultu
1063 2528 1100 2554 uti
1115 2528 1254 2563 oportebit.
1278 2529 1334 2555 Non
1348 2538 1409 2555 suin
1425 2530 1538 2556 nescius.
1555 2539 1641 2565 quan-

853 2569 909 2591 tum
933 2566 1096 2599 susceperim
1120 2566 1226 2601 negotii,
1251 2566 1297 2600 qui
1318 2571 1405 2592 motus
1423 2567 1539 2601 corporis
1551 2568 1640 2602 expri-

853 2611 923 2628 mere
946 2602 1048 2632 verbis,
1074 2603 1171 2629 imitari
1193 2603 1324 2637 scriptura
1347 2608 1456 2630 conatus
1479 2606 1530 2630 sim
1552 2614 1638 2631 voces.

853 2639 947 2666 Verum
963 2648 1011 2666 nec
1028 2640 1076 2666 boc
1089 2640 1205 2666 conlisus
1220 2649 1280 2666 suin
1296 2649 1373 2675 posse
1384 2641 1448 2671 lieri,
1462 2646 1489 2667 ut
1501 2642 1533 2668 de
1548 2642 1589 2668 liis
1601 2651 1640 2668 re-

853 2676 902 2703 bus
915 2677 980 2704 satis
995 2677 1133 2704 commode
1146 2677 1226 2704 scribi
1239 2683 1341 2712 posset,
1365 2687 1422 2707 nec.
1438 2679 1461 2705 si
1478 2679 1504 2705 id
1520 2679 1575 2706 sieri
1588 2688 1639 2705 non

1394 2725 1435 2750 a·
