1941 3052
427 150 613 177 ORATIO
645 150 734 178 PRO
766 151 796 177 L.
831 150 1034 177 FLACCO.
1068 151 1165 178 CAP.

68 221 204 248 communi
223 220 348 252 consilio,
371 229 425 248 una
447 226 537 248 mente
556 231 586 248 ac
600 222 698 248 virtute
713 226 863 257 gesserunt,

69 259 163 286 harum
175 266 264 284 rerum
275 263 403 290 auctores,
413 259 503 291 duces,
512 260 648 295 principes
658 259 767 294 spoliari
778 260 866 285 omni-

68 296 120 323 bus
137 295 250 322 fortunis
265 300 344 330 atque
359 297 466 323 civitate
481 297 579 332 expelli
594 306 674 332 posse
693 297 863 323 arbitrantur.

67 334 174 360 Etenim
186 333 396 368 populiRomani
408 335 575 369 perspiciunt
585 343 642 360 eam
655 339 772 360 mentem
784 338 809 360 et
819 343 866 360 vo-

69 370 198 397 luntatem
208 380 214 396 z
226 371 352 397 omnibus
364 371 453 402 rebuS,
466 372 568 406 quibus
580 376 672 406 potest,
687 371 804 406 populus
814 372 866 397 Ro-

69 416 165 434 manus
177 407 318 443 significat,
332 408 399 443 quid
410 410 520 435 sentiat:
538 409 612 435 nulla
623 410 735 435 varietas
747 413 786 435 est
798 409 866 434 inter

68 445 191 472 homines
202 445 350 480 opinionis.
369 446 442 472 nulla
458 446 616 477 voluntatis,
634 446 709 472 nulla
720 447 862 472 sermonis.

69 483 110 509 97.
122 482 218 515 Quare,
231 483 254 508 si
265 483 327 518 quis
340 482 405 509 illue
416 492 458 509 me
469 488 553 515 vocat,
567 484 659 510 venio:
672 483 802 518 populum
814 484 866 509 Ro-

67 528 179 546 manum
190 519 393 555 disceptatorem
405 530 457 547 non
470 521 548 548 modo
559 530 611 548 non
622 530 723 551 recuso,
733 520 779 547 sed
786 521 864 547 etiam

67 557 193 592 deposco.
233 558 280 584 Vis
292 558 375 584 absit:
397 557 497 584 ferrum
509 567 539 584 ac
550 558 651 593 lapides
662 562 862 584 removeantur:

67 603 162 630 operae
174 594 314 626 facessant,
328 596 436 622 servitia
447 595 556 622 sileant:
580 604 658 622 nemo
668 596 718 621 erit
728 600 781 621 tam
793 595 865 621 iniu-

67 637 136 663 stus,
149 633 196 667 qui
208 641 251 658 me
262 632 384 664 audierit,
398 633 432 659 sit
445 633 522 659 modo
533 633 600 659 liber
611 637 636 659 et
645 633 725 663 civis,
739 633 805 667 quin
819 641 865 667 po-

67 670 122 696 tius
133 669 166 696 de
177 670 303 704 praemiis
315 670 390 701 meis,
399 679 480 705 quam
491 670 524 696 de
535 679 618 705 poena
630 670 801 705 cogitandum
814 679 865 704 pu-

69 712 113 734 tet.
154 707 280 733 XXXIX.
297 706 319 734 O
335 707 372 733 dii
389 707 566 734 immortales!
582 707 648 742 quid
659 707 708 733 hoc
721 706 865 733 miserius?

67 745 134 775 Nos,
152 745 200 779 qui
218 745 246 770 P.
258 744 371 771 Lentulo
388 744 487 771 ferrum
503 750 528 771 et
543 744 676 771 flammam
693 745 726 770 de
738 745 863 770 manibus

67 783 242 812 extorsimus.
269 782 408 816 imperitae
427 782 609 809 multitudinis
630 782 730 808 iudicio
751 782 863 808 conlidi—

67 828 137 850 mus,
147 819 353 845 lectissimorum
365 820 466 845 civium
478 824 503 846 et
514 819 743 854 amplissimorum
756 824 864 845 senten-

67 857 117 883 tias
132 856 358 899 pertimescimus.
389 858 431 883 98.
452 857 496 883 M'.
509 857 660 892 Aquinium
676 861 765 892 patres
781 857 862 883 nostri

66 893 160 920 multis
172 894 296 920 avaritiae
308 894 467 920 criminibus
479 895 862 930 testimoniisqueconvictum,

66 932 130 966 quia
141 939 203 957 cum
215 930 338 967 fugitivis
350 931 450 958 fortiter
462 932 564 958 bellum
576 936 704 967 gesserat,
718 932 819 958 iudicio
832 932 863 958 li—

66 968 236 995 beraverunt
277 968 376 995 Consul
393 978 442 1005 ego
457 978 543 1004 nuper
557 969 665 996 defendi
680 970 709 996 C.
722 970 861 996 Pisonem.

65 1007 113 1042 qui
128 1007 192 1041 quia
207 1006 301 1032 consul
317 1005 392 1032 sortis
407 1012 586 1042 constansque
598 1006 696 1038 suerat,
720 1006 863 1033 incolumis

66 1048 106 1070 est
116 1043 279 1078 reipublicae
295 1049 477 1070 conservatus.
518 1044 629 1071 Defendi
645 1045 707 1071 item
724 1044 818 1071 consul
832 1045 861 1070 L.

65 1081 212 1112 Murenam,
226 1081 363 1107 consulem
376 1081 555 1117 designatum.
578 1082 661 1108 Nemo
672 1081 779 1108 illorum
791 1082 864 1108 iudi-

65 1127 137 1150 cum,
159 1118 316 1144 clarissimis
333 1119 398 1145 viris
409 1119 608 1151 accusantibus,
631 1119 797 1146 audiendum
809 1120 861 1145 sibi

65 1155 98 1183 de
109 1156 211 1182 ambitu
223 1157 340 1190 putavit,
356 1165 442 1191 quum
451 1177 457 1188 ‚
475 1156 577 1184 bellum
589 1157 641 1183 iam
653 1162 760 1192 gerente
772 1157 864 1183 Catili-

65 1202 107 1224 na,
120 1202 212 1220 omnes
223 1202 266 1220 me
277 1198 383 1220 auctore
394 1194 462 1220 duos
472 1194 596 1221 consules
608 1194 735 1220 Kalendis
743 1195 796 1221 Ian.
810 1195 863 1220 sci-

65 1235 124 1257 rent
134 1239 193 1257 esse
203 1235 332 1266 oportere.
372 1232 501 1258 Innocens
513 1236 538 1258 et
550 1232 636 1258 bonus
649 1233 689 1258 vir
700 1237 725 1258 et
735 1232 862 1258 omnibus

66 1268 147 1295 rebus
158 1273 268 1294 ornatus
278 1268 320 1294 bis
332 1268 380 1295 1100
391 1277 471 1300 anno,
486 1278 528 1295 me
539 1269 707 1301 defendente,
722 1269 861 1295 absolutus

66 1310 106 1332 est
117 1305 148 1332 A.
161 1305 303 1332 Thermus.
344 1305 457 1338 Quanta,
471 1306 635 1341 reipublicae
646 1315 749 1338 caussa,
765 1307 861 1333 laetitia

65 1342 158 1378 populi
169 1343 290 1373 Romani,
303 1348 402 1378 quanta
413 1343 555 1379 gratulatio
566 1348 707 1370 consecuta
719 1343 777 1370 est‘?
787 1344 863 1370 Sem—

65 1388 112 1416 per
130 1388 226 1416 graves
246 1384 272 1406 et
290 1381 424 1415 sapientes
439 1381 542 1407 iudices
557 1382 584 1407 in
601 1381 681 1407 rebus
697 1381 859 1412 iudicandis,

64 1417 131 1453 quid
144 1418 245 1444 utilitas
255 1418 381 1449 civitatis,
395 1418 461 1452 quid
471 1419 623 1445 communis
635 1418 717 1449 salus,
731 1419 797 1453 quid
810 1420 861 1445 rci-

65 1454 189 1490 publieae
200 1460 317 1490 tempora
330 1460 481 1490 poscerent,
495 1457 686 1492 cogitaverunt.
716 1458 758 1482 99.
770 1456 860 1488 Quum

65 1492 162 1519 tabella
174 1492 250 1519 vobis
261 1492 381 1524 dabitur,
400 1493 516 1524 iudices,
536 1502 587 1520 non
603 1494 635 1520 de
647 1494 740 1520 Flacco
754 1494 862 1520 dabitur

64 1530 167 1556 solum:
189 1530 296 1556 dabitur
310 1530 343 1556 de
354 1530 470 1557 ducibus
481 1531 690 1566 auctoribusque
700 1539 862 1558 conservan-

64 1568 113 1594 dae
123 1568 255 1594 civitatis:
269 1568 376 1594 dabitur
386 1567 419 1594 de
430 1569 556 1594 omnibus
568 1569 645 1595 bonis
659 1567 785 1605 [civibus]
796 1579 801 1595 ς
814 1569 861 1595 da-

63 1605 137 1633 bitur
147 1605 180 1632 de
191 1605 324 1632 vobismet
339 1605 420 1640 ipsis:
441 1605 549 1632 dabitur
559 1606 592 1632 de
606 1606 697 1632 liberis
710 1607 814 1637 vestris,
828 1607 861 1632 de

64 1643 131 1674 vita,
144 1642 178 1669 de
188 1643 286 1678 patria,
299 1643 332 1669 de
342 1643 428 1669 salute
438 1644 586 1670 communi.
627 1644 684 1670 Non
697 1644 821 1670 iudicatis
834 1645 860 1670 in

63 1679 113 1707 bae
123 1688 218 1707 caussa
228 1680 261 1706 de
273 1681 370 1706 exteris
383 1681 544 1712 nationibus,
554 1689 605 1707 non
617 1681 650 1707 de
661 1681 755 1707 sociis:
769 1681 801 1707 de
814 1690 861 1707 vo-

63 1717 106 1745 bis
118 1726 148 1744 ac
158 1717 191 1744 de
202 1722 290 1744 vestra
303 1718 441 1753 republica
453 1719 588 1745 iudicatis.
611 1719 668 1745 XL.
679 1721 736 1745 ⁴00.
749 1719 825 1751 Quod
837 1719 859 1745 si

63 1755 262 1791 provinciarum
283 1763 330 1782 vos
351 1756 418 1782 ratio
437 1757 523 1792 magis
543 1761 641 1787 movet,
664 1765 745 1791 quam
763 1761 858 1787 vestra,

63 1801 112 1829 ego
123 1801 185 1819 vero
196 1801 248 1820 non
260 1793 339 1820 modo
350 1802 402 1820 non
414 1802 521 1825 recuso,
538 1794 585 1820 sed
597 1795 676 1820 etiam
693 1794 812 1829 postulo,
833 1798 861 1820 ut

63 1830 262 1866 provinciarum
273 1831 427 1857 auctoritate
438 1832 609 1858 moveamini.
624 1832 729 1858 Etenim
741 1840 861 1867 oppone-

63 1875 125 1894 mus
135 1867 214 1894 Asiae
230 1869 381 1911 provinciae
396 1869 515 1903 primum
531 1878 654 1905 magnam
671 1874 772 1904 partem
788 1870 861 1895 eius—

63 1904 124 1932 dem
136 1906 301 1948 provinciae,
319 1914 388 1940 quae
399 1914 447 1940 pro
458 1906 539 1932 huius
551 1906 679 1949 periculis
692 1906 791 1942 legatos
804 1907 861 1933 lau-

62 1942 223 1985 datoresque
234 1943 320 1970 misit:
334 1943 430 1969 deinde
442 1952 606 1978 provinciam
614 1944 738 1974 Galliam
752 1945 862 1979 provin-

62 1981 131 2006 ciam
153 1979 288 2011 Ciliciam,
311 1981 476 2015 provinciam
497 1981 666 2015 Hispaniam,
696 1982 860 2016 provinciam

63 2017 182 2043 Cretam:
205 2017 314 2044 Graecis
325 2022 428 2048 autem,
447 2018 528 2053 Lydis
540 2023 565 2044 et
577 2019 646 2054 Phry
648 2019 730 2054 ’.1111115
741 2024 766 2045 et
777 2019 861 2054 Mysis

62 2054 194 2082 obsistent
204 2054 400 2085 Massilienses
417 2055 527 2086 Rhodii,
546 2056 760 2087 Lacedaemonii,
780 2057 862 2082 Athe-

64 2093 181 2122 menses,
194 2097 289 2118 cuncta
300 2092 408 2123 Achaia,
422 2093 569 2123 Thessalia,
582 2094 698 2119 Boeotia.
729 2094 860 2128 Septimio

63 2133 90 2156 et
104 2129 193 2156 Caelio
209 2129 324 2155 testibus
340 2129 368 2155 P.
386 2129 517 2156 Servilius
532 2135 557 2156 et
573 2131 620 2162 Q!
637 2131 760 2157 Metellus
778 2131 860 2157 liuius

63 2166 175 2202 pudoris
186 2167 403 2202 integritatisque
415 2171 495 2193 testes
506 2167 704 2203 repugnabunt.
731 2169 861 2194 Asiaticae

63 2204 244 2231 iurisdictioni
261 2204 361 2230 urbana
378 2204 528 2231 iurisdictio
548 2205 730 2240 respondebit.
771 2206 861 2232 Annui

64 2242 191 2277 temporis
207 2242 420 2268 criminationem
437 2242 523 2268 omnis
540 2247 611 2268 aetas
623 2243 652 2269 L.
666 2243 751 2269 Flacci
765 2248 790 2269 et
802 2252 862 2277 per-

64 2283 143 2314 petua
155 2279 209 2305 vita
221 2279 355 2305 desendet.
399 2281 455 2305 tot.
477 2280 523 2309 Et,
541 2280 563 2306 si
576 2280 702 2314 prodesse
714 2281 743 2307 L.
757 2280 858 2311 Fiat-eo,

63 2315 176 2349 iudices,
188 2316 276 2347 debet,
285 2316 357 2351 quod
368 2325 396 2342 59
408 2317 546 2343 tribunum
559 2317 685 2347 militum.
694 2318 766 2353 1111011
778 2327 862 2353 quae-

63 2358 175 2385 storem,
192 2354 265 2389 quod
278 2354 413 2396 legatum
408 2355 614 2388 imperatoribus
624 2355 795 2385 clarissimis,
814 2364 861 2381 ex—

64 2374 192 2418 ercitibiis
203 2392 391 2422 ornatissimis
411 2400 474 2426 prox
479 2391 555 2417 inciis
567 2393 736 2425 gravissimis
747 2392 860 2435 dignuin

63 2428 122 2455 suis
132 2429 280 2455 maioribus
292 2429 435 2463 praestitit:
455 2429 550 2463 prosit,
568 2429 640 2464 quod
657 2429 714 2460 liic,
733 2430 809 2455 vobis
821 2431 862 2455 vi-

64 2464 204 2497 dentibus,
225 2467 252 2492 in
265 2466 393 2500 periculis
404 2466 595 2492 eominunibus
607 2467 727 2493 omnium
741 2472 860 2493 vestrum

64 2510 112 2529 51111
127 2502 245 2538 pericula
261 2512 321 2530 cum
334 2504 401 2530 meis
412 2505 565 2530 coniunxit:
588 2505 691 2538 prosint
703 2504 861 2530 honestissi—

65 2547 170 2567 morum
195 2541 404 2576 municipiorum
432 2541 651 2576 coloniarumque
680 2541 858 2568 laudationes:

65 2577 148 2612 prosit
163 2578 242 2604 etiam
259 2583 368 2604 senatus
388 2578 535 2613 populique
551 2579 662 2604 Romani
683 2579 814 2613 praeclara
836 2584 861 2605 et

66 2622 126 2641 vera
138 2614 263 2642 laudatio
306 2617 363 2642 ⁴02⁷..
385 2615 540 2646 Onoxilla,
558 2625 626 2651 1111110
644 2624 726 2650 paene
742 2621 861 2642 tie-urnas

66 2650 129 2678 huic
142 2652 202 2679 urbi
218 2653 340 2679 tenebras
356 2653 482 2684 attulisti,
506 2662 590 2688 quum
608 2653 677 2679 Galli
699 2653 730 2679 1111
748 2653 857 2683 111-,1111111

66 2687 177 2716 Catilina
193 2690 226 2716 ad
240 2690 351 2721 Urbem
373 2691 503 2717 coniurati
520 2691 551 2717 ad
570 2691 669 2717 serrtun
686 2695 710 2717 et
727 2690 859 2717 llannnam
883 2701 885 2717 1

893 833 894 839 =
915 819 1022 846 Flacci‘?
1035 818 1112 854 (nihil
1129 819 1216 845 dicam
1232 819 1303 845 enim
1319 819 1352 845 de
1368 820 1432 854 me.)

891 1362 893 1371 1
914 1353 1000 1370 caram
1014 1343 1141 1370 suturam.

892 1511 893 1515 =
914 1494 976 1520 stris
988 1494 1142 1528 poenitebit.

1201 152 1233 177 35
1253 167 1289 170 —
1310 151 1341 177 42
1660 152 1707 178 467

916 222 1092 248 vocabantur:
1114 230 1199 257 quum
1210 230 1260 258 ego
1270 226 1308 253 te,
1324 221 1425 253 Flacce,
1438 221 1541 248 caelum
1554 226 1712 256 noctemque

916 263 1080 290 contestans,
1097 258 1162 285 ssens
1173 258 1278 285 flentem
1291 259 1454 285 obtestabar:
1477 267 1562 294 quum
1579 263 1639 285 tuae
1651 259 1712 286 fidei

916 298 1032 331 optimae
1052 301 1078 323 et
1097 297 1309 331 spectatissimae
1329 296 1442 323 salutem
1462 296 1542 323 Urbis
1562 301 1588 322 et
1609 297 1711 323 civium

916 334 1147 360 commendabam.
1188 335 1241 365 Tu,
1255 339 1297 364 tu,
1311 334 1416 365 Flacce,
1431 339 1546 369 praetor,
1560 335 1712 360 communis

917 372 992 398 exitii
1004 372 1112 397 nuntios
1124 372 1232 406 cepisti:
1251 376 1279 397 tu
1291 372 1423 398 inclusam
1435 372 1461 397 in
1476 371 1569 397 litteris
1581 371 1713 406 reipubli-

917 418 962 435 cae
973 414 1074 443 pestem
1087 409 1301 443 deprehendisti:
1324 414 1352 435 tu
1365 409 1544 444 periculorum
1556 408 1669 439 indicia,
1684 413 1712 435 tu

916 446 1011 472 salutis
1023 446 1122 472 auxilia
1135 446 1166 472 ad
1178 455 1220 472 me
1231 446 1300 472 etad
1314 451 1436 472 senatum
1449 446 1572 472 attulisti.
1594 445 1667 478 Quae
1680 446 1713 472 ti-

917 484 943 510 bi
956 488 1011 509 tum
1023 484 1122 519 gratiae
1133 489 1221 510 sunta
1233 492 1275 509 me
1286 484 1372 510 actae!
1389 492 1458 519 quae
1469 484 1501 510 ab
1512 488 1606 510 senatu
1617 484 1621 509 l
1643 492 1713 518 quae

916 530 930 547 a
942 521 1020 547 bonis
1030 521 1172 547 omnibus!
1185 520 1251 552 Quis
1263 521 1320 551 tibi,
1333 522 1396 556 quis
1408 521 1436 548 C.
1450 521 1608 556 Pomptinio,
1624 520 1713 547 fortis-

916 559 985 584 simo
996 559 1065 589 viro,
1083 567 1246 593 quemquam
1263 558 1362 584 bonum
1378 564 1482 593 putaret
1498 567 1641 593 umquam,
1660 567 1712 585 non

916 595 1039 626 salutem,
1054 604 1146 621 verum
1159 595 1285 621 honorem
1298 595 1383 622 ullum
1395 596 1608 631 denegaturum?
1628 595 1649 622 Ο
1660 596 1714 622 No-

917 642 965 659 nae
977 633 1037 659 illae
1049 633 1220 664 Decembres,
1238 641 1307 667 quae
1323 642 1365 659 me
1380 633 1490 659 consule
1507 633 1608 659 fuistis!
1631 642 1712 668 quem

915 679 965 706 ego
979 670 1051 696 diem
1068 678 1130 696 vere
1146 670 1260 696 natalem
1276 670 1358 696 huius
1370 671 1459 701 urbis,
1477 675 1522 697 aut
1532 675 1601 697 certe
1612 671 1713 696 saluta-

916 716 970 733 rem
982 707 1116 742 appellare
1128 716 1248 742 possum.
1289 708 1358 734 XLI.
1378 709 1434 734 ⁴03.
1457 707 1478 734 Ο
1491 717 1542 734 nox
1554 708 1612 738 illa,
1630 716 1712 742 quam

915 746 965 771 iste
981 750 1021 770 est
1036 744 1094 770 dies
1107 749 1281 775 consecutus,
1305 744 1390 771 fausta
1407 745 1470 771 huic
1485 746 1559 771 urbi!
1583 746 1710 771 miserum

917 783 972 808 me!
995 786 1099 813 metuo,
1123 790 1156 808 ne
1176 781 1280 808 funesta
1303 782 1394 808 nobis!
1417 782 1467 814 Qui
1485 787 1541 808 tum
1559 783 1664 808 animus
1681 783 1711 809 L.

1471 819 1521 852 Qui
1538 828 1612 845 amor
1627 821 1653 846 in
1666 829 1713 854 pa-

916 857 1006 883 triam!
1028 865 1098 891 quae
1110 856 1210 883 virtus!
1233 865 1301 892 quae
1311 858 1428 892 gravitas
1440 857 1555 883 exstitit!
1578 856 1630 883 Sed
1646 857 1712 891 quid

915 903 944 921 ea
955 902 1143 925 commemoro,
1157 903 1225 929 quae
1236 899 1303 925 tum,
1316 903 1400 929 quum
1413 894 1572 929 agebantur,
1587 903 1640 920 uno
1650 903 1713 920 con-

915 940 997 958 sensu
1012 932 1147 962 omnium,
1166 940 1219 958 una
1236 940 1298 958 voce
1314 932 1408 967 populi
1424 932 1548 961 Romani,
1573 940 1625 958 uno
1640 932 1713 958 orbis

893 964 894 982 ³
915 975 998 996 terrae
1018 969 1171 996 testimonio
1195 969 1221 995 in
1244 969 1348 996 caelum
1369 969 1495 996 laudibus
1520 968 1714 995 efferebantur?

893 1022 894 1030 1
915 1016 987 1033 1111110
1000 1015 1104 1038 vereor,
1123 1015 1155 1033 ne
1171 1015 1223 1033 non
1236 1007 1314 1033 modo
1326 1016 1377 1033 non
1390 1007 1504 1042 prosint,
1523 1015 1616 1032 verum
1632 1008 1711 1033 etiam

915 1044 1018 1079 aliquid
1034 1044 1132 1070 obsint.
1173 1044 1279 1070 Etenim
1294 1044 1378 1070 multo
1389 1045 1516 1070 acriorem
1528 1044 1712 1079 improborum

915 1081 1049 1108 interdum
1062 1082 1218 1108 memoriam
1228 1090 1287 1108 esse
1298 1083 1391 1113 sentio,
1404 1090 1485 1117 quam
1497 1082 1638 1108 bonorum.
1657 1082 1714 1118 Ego

915 1124 953 1150 te,
970 1120 994 1146 si
1004 1119 1071 1154 quid
1082 1119 1192 1155 gravius
1204 1119 1341 1151 acciderit,
1360 1128 1408 1155 ego
1419 1124 1456 1150 te,
1470 1120 1594 1154 inquam,
1608 1119 1710 1150 Flacco,

914 1156 1070 1192 prodidero:
1083 1165 1141 1183 mea
1152 1156 1260 1183 dextera
1272 1156 1326 1187 illa,
1341 1166 1397 1183 mea
1410 1156 1484 1187 fides,
1499 1165 1557 1183 mea
1568 1157 1710 1192 promissa,

914 1203 998 1230 quum
1012 1199 1045 1225 te,
1054 1194 1077 1221 si
1089 1194 1283 1229 rempublicam
1295 1203 1523 1225 conservaremus,
1532 1194 1652 1220 omnium
1665 1194 1713 1220 bo—

915 1241 1008 1258 norum
1022 1232 1167 1267 praesidio,
1181 1232 1268 1266 quoad
1281 1233 1398 1262 viveres,
1413 1240 1464 1258 non
1477 1232 1555 1258 modo
1566 1232 1710 1263 munitum,

914 1269 960 1296 sed
973 1271 1051 1295 etiam
1067 1274 1189 1295 ornatum
1205 1268 1259 1295 sore
1276 1269 1428 1304 pollicebar.
1470 1270 1577 1300 Putavi,
1594 1270 1710 1304 speravi,

914 1307 1018 1333 etiamsi
1032 1307 1114 1333 honos
1126 1311 1215 1333 noster
1227 1307 1303 1332 vobis
1317 1306 1393 1333 vilior
1404 1306 1628 1335 suisset,salutcm
1643 1312 1712 1333 certe

1177 1345 1233 1370 ⁴04.
1247 1345 1279 1370 At
1291 1345 1319 1370 L.
1328 1344 1451 1370 Flaccum
1463 1344 1583 1379 quidem,
1598 1344 1710 1373 iudices,

914 1382 935 1407 si
948 1381 1029 1416 (quod
1042 1381 1079 1407 dii
1091 1381 1255 1407 immortales
1266 1390 1343 1408 omen
1356 1386 1476 1408 avertant
1485 1382 1501 1415 !)
1512 1382 1602 1416 gravis
1615 1381 1711 1407 iniuria

915 1419 1047 1450 afflixerit,
1062 1427 1209 1453 numquam
1221 1423 1309 1445 tamen
1321 1419 1493 1454 prospexisse
1505 1424 1608 1444 vestrae
1619 1419 1709 1445 saluti.

913 1456 1084 1483 consuluisse
1105 1456 1190 1486 vobis,
1216 1456 1314 1486 liberis.
1338 1457 1508 1492 coniugibus,
1533 1456 1646 1482 fortunis
1668 1465 1713 1482 ve-

1178 1493 1290 1528 Semper
1300 1494 1335 1520 ita
1347 1494 1450 1524 sentiet,
1463 1494 1540 1519 talem
1553 1502 1581 1519 se
1592 1494 1712 1520 animum

913 1536 939 1558 et
954 1532 1060 1567 generis
1076 1531 1199 1567 dignitati
1217 1536 1241 1557 ct
1259 1531 1347 1565 pietati
1364 1540 1428 1557 suae
1443 1536 1467 1557 et
1485 1531 1584 1566 patriae
1601 1531 1712 1557 debuis-

914 1577 954 1595 se:
980 1577 1026 1594 vos
1039 1577 1070 1595 ne
1082 1569 1215 1604 poeniteat
1227 1569 1270 1594 tali
1281 1569 1334 1594 civi
1347 1577 1398 1595 non
1410 1570 1575 1603 pepercisse,
1590 1577 1636 1603 per
1647 1569 1712 1594 deos

914 1606 1090 1632 immortales!
1104 1606 1215 1636 iudices,
1231 1606 1376 1641 providete.
1399 1606 1502 1638 Quotus
1513 1606 1584 1632 enim
1596 1614 1713 1641 quisque

913 1648 961 1674 est,
970 1644 1018 1678 qui
1031 1644 1098 1669 lianc
1110 1644 1135 1669 in
1149 1643 1286 1678 republica
1297 1648 1396 1669 sectam
1408 1642 1554 1678 sequatur?
1564 1644 1610 1678 qui
1624 1643 1710 1674 vobis,

913 1682 961 1716 qui
974 1681 1055 1707 vestri
1066 1681 1203 1707 similibus
1216 1681 1318 1715 placere
1333 1680 1441 1716 cupiat?
1460 1681 1506 1716 qui
1523 1681 1617 1715 optimi
1634 1686 1713 1716 atque

913 1718 1075 1753 amplissimi
1091 1719 1224 1753 cuiusque
1237 1719 1354 1744 bominis
1366 1723 1445 1753 atque
1457 1718 1558 1744 ordinis
1571 1719 1713 1744 auctorita-

914 1761 965 1782 tem
979 1757 1068 1791 magni
1080 1756 1173 1791 putet‘?
1183 1765 1268 1791 quum
1281 1756 1354 1782 illam
1366 1757 1436 1782 viam
1449 1756 1500 1782 sibi
1514 1756 1621 1782 videant
1632 1764 1713 1790 expe-

913 1794 1035 1820 ditiorem
1047 1794 1080 1820 ad
1093 1794 1205 1820 honores
1218 1798 1243 1820 et
1255 1794 1287 1819 ad
1298 1794 1397 1823 omnia,
1410 1802 1479 1829 quae
1490 1794 1711 1828 concupiverunt.

913 1832 992 1858 XLII.
1009 1831 1062 1857 Sed
1073 1836 1158 1858 cetera
1170 1832 1224 1857 sint
1235 1840 1342 1858 corum:
1365 1832 1417 1857 sibi
1431 1831 1545 1857 babeant
1556 1831 1710 1866 potentiam,

913 1869 965 1895 sibi
982 1869 1107 1900 honores,
1131 1869 1183 1895 sibi
1199 1874 1347 1895 ceterorum
1369 1868 1570 1895 commodorum
1592 1877 1713 1894 summas

914 1906 1067 1934 facultates:
1094 1906 1170 1933 liceat
1185 1907 1233 1938 iis,
1251 1907 1298 1941 qui
1316 1907 1379 1932 baec
1395 1906 1468 1932 salva
1485 1915 1544 1932 esse
1560 1906 1711 1936 voluerunt,

913 1944 981 1979 ipsis
993 1953 1051 1970 esse
1062 1943 1154 1970 salvis.
1179 1945 1236 1970 ⁴05.
1249 1944 1344 1975 Nolite,
1358 1944 1471 1973 iudices,
1485 1944 1647 1973 existimare,
1657 1952 1710 1974 eos,

912 1982 1014 2017 quibus
1026 1982 1159 2017 integrum
1173 1986 1221 2013 est,
1234 1982 1282 2016 qui
1295 1981 1413 2008 nondum
1427 1981 1458 2007 1111
1471 1982 1582 2007 bonores
1594 1990 1714 2007 necesse-

914 2024 983 2050 runt,
998 2028 1049 2045 non
1061 2024 1214 2054 exspectare
1227 2019 1309 2045 buius
1320 2020 1422 2045 exitum
1434 2019 1536 2045 iudicii.
1561 2019 1588 2044 Si
1601 2018 1713 2044 1..1‹'ta‹·-

913 2065 943 2083 co
955 2061 1044 2083 tantus
1055 2066 1128 2083 amor
1139 2057 1166 2082 in
1179 2057 1261 2083 bonos
1276 2066 1382 2087 01111105,
1401 2061 1502 2082 tantum
1520 2057 1546 2082 in
1564 2056 1713 2091 rempubli-

912 2103 969 2120 cam
991 2094 1111 2120 studium
1133 2094 1275 2120 calamitati
1299 2094 1390 2120 luerit:
1424 2103 1504 2129 quem
1528 2094 1637 2128 1105111111·
1659 2098 1711 2119 tani

913 2137 1045 2158 amentem
1059 2131 1112 2157 sore
1124 2132 1232 2166 putatis,
1247 2132 1356 2166 quinon
1370 2131 1442 2157 illam
1456 2132 1526 2157 viam
1540 2132 1617 2161 vitae,
1630 2140 1711 2165 quam

913 2174 972 2195 ante
985 2169 1156 2203 praecipitem
1168 2174 1193 2195 et
1205 2169 1334 2195 lubricam
1347 2177 1405 2194 0550
1417 2169 1539 2198 ducebat,
1550 2168 1712 2202 liuicplanac

913 2212 938 2232 ct
953 2206 1043 2232 stabili
1060 2206 1274 2241 praeponendam
1290 2214 1348 2231 esse
1365 2206 1525 2232 arbitretur?
1543 2206 1620 2237 Quod
1635 2206 1657 2231 51
1674 2211 1712 2230 111-

891 2246 892 2273 ]
915 2244 980 2269 lium
991 2244 1092 2269 civium
1106 2252 1161 2273 vos,
1176 2243 1288 2273 iudices,
1303 2243 1397 2273 taedet,
1411 2243 1556 2269 ostendite:
1570 2243 1713 2268 mutabunt

891 2277 892 2284 ¹
913 2281 1088 2310 sententiam,
1110 2282 1158 2315 qui
1175 2281 1323 2315 potuerint:
1345 2281 1522 2309 constituent,
1539 2280 1605 2314 quid
1622 2285 1709 2313 11110111,

891 2319 893 2354 j*
913 2318 1014 2353 quibus
1027 2318 1162 2351 inte-urum
1174 2322 1226 2344 est:
1253 2326 1314 2347 nos,
1331 2318 1378 2352 qui
1395 2319 1445 2343 iuni
1459 2318 1591 2352 progressi
1604 2325 1709 2346 sumus,

891 2381 892 2390 ,
915 2356 985 2381 liunc
1006 2355 1108 2380 exitum
1130 2360 1233 2380 nostrae

891 2396 892 2412 ἲ
913 2394 1003 2418 animo
1013 2400 1093 2427 quain
1107 2391 1238 2426 plurimos
1250 2401 1308 2417 0550
1321 2392 1413 2421 vultis,
1427 2392 1596 2417 declarabitis
1609 2391 1657 2417 line
1670 2392 1712 2417 iu—

1255 2355 1408 2381 temcritutis
1427 2355 1552 2380 feremus.
1595 2354 1641 2380 Sin
1664 2354 1712 2380 1100

913 2430 995 2459 dit-io,
1009 2429 1075 2464 quid
1087 2429 1217 2455 senti-itis.
1263 2431 1318 2455 tofi.
1340 2429 1419 2457 lluie.
1435 2429 1496 2455 111111·
1509 2429 1606 2454 11115010
1618 2437 1709 2463 prtem,

914 2472 1001 2493 vestro
1012 2475 1041 2492 ac.
1054 2465 1198 2492 liberorum
1214 2471 1362 2492 vestroruin
1379 2466 1510 2501 supplici.
1527 2466 1643 2496 iudices,
1663 2466 1711 2492 boc.

914 2505 1013 2530 iudicio
1030 2503 1137 2529 vivendi
1155 2509 1293 2538 praecepta
1309 2504 1421 2529 dabitis:
1443 2504 1485 2529 cui
1501 2504 1522 2529 si
1537 2508 1636 2538 putrem
1647 2512 1711 2529 con-

913 2542 1039 2567 servatis:
1062 2541 1151 2576 qualis
1164 2542 1221 2576 ipse
1232 2541 1326 2567 debent
1337 2550 1396 2567 esse
1407 2542 1487 2570 civis,
1506 2541 1708 2576 praeseribetis:

912 2580 954 2605 sin
975 2579 1087 2613 eripitis,
1110 2579 1266 2608 ostendetis,
1289 2579 1373 2604 bonae
1389 2579 1483 2605 rationi
1499 2583 1524 2604 et
1539 2579 1668 2604 constanti
1686 2583 1711 2604 et

912 2617 986 2650 gravi
1003 2615 1108 2642 nullum
1125 2624 1138 2642 a
1155 2617 1231 2642 vobis
1245 2616 1360 2642 fructum
1373 2625 1431 2642 esse
1443 2616 1617 2651 propositum.
1658 2616 1708 2648 Qui

914 2663 973 2684 1115,
992 2654 1118 2689 quoniam
1131 2659 1170 2679 ost
1184 2654 1209 2679 id
1221 2654 1327 2681 aetatis.
1347 2658 1375 2679 nt
1386 2662 1496 2680 sensum
1510 2654 1560 2679 iani
1575 2654 1709 2688 percipere

913 2692 997 2726 possit
1008 2700 1040 2718 ex
1053 2699 1169 2718 maerore
1181 2691 1273 2726 patrio,
1287 2691 1418 2717 auxilium
1432 2690 1550 2717 nondum
1562 2691 1629 2726 patri
1643 2690 1710 2717 serre

1441 2741 1471 2764 59
1489 2738 1499 2748 ‘
