1941 3052
415 151 600 179 ORATIO
632 150 722 178 PRO
753 151 783 177 P.
818 149 1008 177 SESTIO.
1050 149 1146 177 CAP.
1179 150 1329 176 30—37.
1643 151 1691 176 509

53 225 117 252 turii
128 223 260 259 paludati:
276 223 377 258 quibus
387 223 564 258 utinamipsis
571 223 722 249 evenissent
732 231 770 254 ea,
779 231 847 257 quae

55 267 112 289 tum
137 262 258 288 homines
282 261 470 295 precabantur!
502 269 589 295 neque
613 269 662 286 nos
683 260 846 295 provinciam

54 298 235 326 Macedoniam
250 307 310 324 cum
322 298 453 327 exercitu,
467 306 553 332 neque
564 298 711 332 equitatum
727 298 754 323 in
770 297 847 333 Syria

54 341 80 363 et
94 336 213 363 cohortes
223 336 346 370 optimas,
360 335 583 369 perdidissemus.
622 336 664 361 72.
687 335 848 361 lneuntma-

53 374 195 410 gistratum
207 373 307 399 tribuni
319 372 414 407 plebis,
428 373 474 407 qui
486 381 579 398 omnes
590 380 619 398 se
629 372 662 398 de
674 381 715 398 me
727 371 848 406 promul-

54 415 162 447 gaturos
173 410 368 437 confirmarant.
404 410 445 435 Ex
455 410 498 435 his
509 409 633 444 princeps
643 410 741 436 emitur
752 409 784 435 ab
796 409 848 435 ini-

55 448 131 474 micis
155 448 223 474 meis
246 447 283 478 is,
308 455 389 482 quem
415 447 537 473 homines
561 447 589 473 in
613 446 686 472 luctu
706 446 847 472 irridentes

55 484 204 512 Gracchum
220 484 362 511 vocabant:
384 484 511 518 quoniam
526 483 552 510 id
569 484 648 510 etiam
660 483 743 510 fatum
755 484 848 510 civita-

54 522 89 549 tis
105 521 168 554 fuit,
184 526 214 548 ut
224 521 269 548 illa
280 530 313 548 ex
324 521 474 556 vepreculis
485 525 599 547 extracta
610 521 728 547 nitedula
740 529 848 555 rempu-

54 559 151 588 blicam
166 563 306 586 conaretur
320 558 451 585 arrodere.
491 558 564 584 Alter
579 567 653 589 vero,
667 567 719 584 non
731 558 775 583 ille
787 558 849 584 Ser—

54 605 135 624 ranus
151 596 184 623 ab
200 600 297 627 aratro,
316 596 363 622 sed
374 605 408 622 ex
418 596 522 622 deserto
533 595 612 622 Gavii
622 594 690 622 Oleli
703 595 795 621 horreo
805 603 849 621 ca-

56 633 115 660 latis
125 634 229 670 granis,
242 634 270 660 in
281 633 414 660 Calatinos
425 632 530 659 Attilios
541 633 647 663 insitus,
661 632 750 658 subito
762 633 848 658 nomi-

54 671 136 698 nibus
147 672 174 698 in
186 671 289 697 tabulas
301 670 399 701 relatis,
413 679 508 696 nomen
519 679 600 696 suum
612 670 644 696 de
655 669 744 696 tabula
755 674 848 695 sustu-

55 708 95 735 lit.
117 709 235 736 Veniunt
246 707 378 734 Kalendae
390 708 513 733 Ianuarii.
533 707 585 733 Vos
597 707 661 733 haec
672 707 768 732 melius
780 708 847 733 scire

54 746 179 781 potestis:
201 745 327 780 equidem
343 744 431 771 audita
447 745 520 771 dico:
542 753 611 779 quae
627 748 683 770 tum
699 743 848 778 frequentia

54 787 176 814 senatus,
190 791 258 818 quae
272 782 433 816 exspectatio
443 781 545 816 populi,
560 782 607 816 qui
618 790 764 808 concursus
777 781 848 817 lega-

54 825 141 847 torum
157 829 190 846 ex
204 819 277 846 Italia
292 823 400 850 cuncta,
413 827 481 854 quae
492 819 586 850 virtus,
600 819 676 850 actio,
689 819 805 854 gravitas
818 819 846 844 Ρ.

54 857 159 884 Lentuli
175 857 293 883 consulis
307 856 399 887 fuerit,
417 865 486 891 quae
501 857 580 882 etiam
594 856 711 892 collegae
722 857 780 882 eius
792 865 849 882 mo-

53 895 152 921 deratio
167 894 200 920 de
215 902 271 920 me:
293 894 340 929 qui
356 902 441 929 quum
458 894 612 920 inimicitias
627 894 679 920 sibi
695 902 800 920 mecum
816 902 849 920 ex

54 931 216 967 reipublicae
230 931 396 958 dissensione
407 935 546 966 susceptas
556 939 615 957 esse
626 931 751 962 dixisset,
765 940 809 957 eas
820 940 848 957 se

54 969 176 1004 patribus
191 969 361 1003 conscriptis,
375 968 444 995 dixit
463 973 489 994 et
504 969 670 1003 temporibus
686 968 848 1003 reipublicae

54 1007 259 1042 permissurum.
294 1006 419 1032 XXXIV.
445 1006 487 1032 73.
507 1006 575 1032 Tum
596 1007 720 1041 princeps
741 1010 848 1041 rogatus

54 1044 214 1070 sententiam
225 1044 255 1070 L.
268 1043 349 1075 Cotta,
358 1043 427 1070 dixit
436 1043 472 1074 id.
481 1043 553 1078 quod
564 1043 756 1079 dignissimum
768 1052 849 1078 repu-

54 1081 122 1108 blica
144 1081 207 1112 fuit,
226 1081 293 1107 nihil
314 1081 346 1107 de
361 1089 403 1107 me
421 1085 510 1107 actum
527 1089 586 1107 esse
600 1082 671 1112 iure,
689 1081 756 1107 nihil
777 1089 849 1107 more

54 1119 199 1148 maiorum,
218 1118 285 1145 nihil
298 1118 417 1153 legibus:
440 1127 491 1145 non
503 1127 581 1153 posse
592 1127 755 1154 quemquam
767 1118 800 1144 de
811 1119 849 1145 ci-

54 1156 135 1182 vitate
150 1155 207 1182 tolli
219 1156 276 1182 sine
288 1156 400 1182 iudicio:
423 1155 456 1182 de
466 1157 552 1190 capite
563 1164 615 1182 non
627 1156 705 1182 modo
717 1155 787 1187 ferri,
802 1156 849 1182 sed

54 1201 87 1220 ne
107 1193 219 1220 iudicari
240 1193 350 1228 quidem
366 1201 457 1228 posse,
479 1194 532 1220 nisi
547 1194 662 1220 comitiis
679 1194 846 1220 centuriatis:

54 1231 110 1257 vim
122 1230 207 1258 fuisse
218 1230 291 1257 illam
300 1251 306 1262 ,
318 1230 452 1257 flammam
463 1235 603 1266 quassatae
615 1231 778 1265 reipublicae
789 1240 850 1266 per-

55 1268 274 1303 turbatorumque
290 1272 453 1302 temporum,
467 1269 525 1294 iure
542 1268 704 1303 iudiciisque
720 1268 847 1295 sublatis:

55 1314 151 1341 magna
173 1314 261 1331 rerum
283 1305 481 1340 perturbatione
500 1305 684 1340 impendente,
702 1306 850 1332 declinasse

54 1351 98 1369 me
119 1342 270 1377 paullulum
285 1347 323 1373 et,
340 1351 387 1377 spe
408 1343 526 1378 reliquae
542 1343 756 1378 tranquillitatis,
775 1352 851 1378 prae-

54 1383 144 1406 sentes
157 1379 252 1406 fluctus
265 1384 502 1415 tempestatemque
513 1379 625 1416 fugisse.
656 1380 751 1412 Quare,
765 1389 850 1415 quum

55 1417 152 1444 absens
177 1417 370 1452 rempublicam
396 1426 447 1444 non
472 1418 562 1444 minus
587 1419 691 1453 magnis
711 1417 848 1453 perieulis,

55 1463 137 1490 quam
148 1454 265 1489 quodam
277 1459 394 1489 tempore
400 1463 526 1489 praesens
538 1455 702 1486 liberassem,
711 1464 762 1482 non
774 1455 851 1481 resti-

56 1492 94 1518 tui
107 1500 149 1518 me
160 1491 256 1523 solum,
265 1492 312 1518 sed
324 1493 402 1518 etiam
409 1493 496 1518 ornari
508 1497 621 1519 asenatu
628 1493 731 1519 decere.
753 1493 851 1527 Dispu-

56 1529 122 1556 tavit
135 1529 214 1555 etiam
230 1529 312 1555 multa
325 1529 477 1564 prudenter,
491 1530 525 1556 ita
537 1530 570 1556 de
581 1539 623 1556 me
634 1530 711 1556 illum
723 1531 851 1556 amentis-

55 1566 156 1593 simum
163 1570 189 1593 et
195 1565 441 1602 profligatissimum
449 1567 550 1593 bostem
558 1567 668 1602 pudoris
676 1568 850 1602 etpudicitiae

56 1604 198 1638 scripsisse
208 1612 277 1638 quae
288 1604 439 1638 scripserat,
452 1605 486 1630 iis
493 1605 590 1635 verbis,
600 1605 689 1636 rebus,
698 1606 847 1636 sententiis.

55 1645 99 1672 ut,
112 1641 216 1668 etiamsi
228 1641 285 1667 iure
296 1646 366 1668 esset
377 1646 507 1677 rogatum,
522 1646 609 1668 tamen
622 1642 677 1668 vim
690 1642 786 1668 habere
799 1651 849 1669 non

56 1682 155 1714 posset.
190 1677 277 1711 Quare
287 1687 338 1710 me,
352 1679 399 1714 qui
411 1679 484 1705 nulla
497 1678 554 1715 lege
565 1679 696 1711 abessem,
710 1688 761 1706 non
774 1681 851 1706 resti-

55 1716 95 1742 tui
120 1715 190 1751 lege,
212 1715 259 1742 sed
285 1716 402 1743 revocari
421 1720 529 1743 senatus
549 1717 701 1743 auctoritate
719 1721 848 1752 oportere.

55 1753 99 1780 74.
120 1753 209 1785 Iiunc,
228 1761 305 1780 nemo
320 1758 387 1785 erat,
400 1754 467 1788 quin
479 1754 619 1780 verissime
630 1755 727 1781 sentire
741 1755 848 1781 diceret.

56 1789 109 1817 Sed
121 1794 180 1825 post
190 1798 252 1817 eum
263 1795 370 1826 rogatus
382 1791 430 1818 Cn.
442 1791 745 1827 Pompeius,approbata
759 1792 850 1818 lauda-

56 1831 135 1863 taque
151 1827 240 1854 Cottae
254 1829 397 1859 sententia,
409 1828 491 1860 dixit,
505 1837 564 1855 sese
575 1830 621 1856 otii
633 1829 685 1856 mei
696 1838 804 1861 caussa,
822 1833 851 1856 ut

56 1865 128 1891 omni
143 1865 265 1900 populari
276 1866 448 1892 concitatione
459 1866 631 1902 defungerer,
643 1875 760 1898 censere,
779 1871 807 1893 ut
818 1867 849 1893 ad

56 1906 165 1929 senatus
183 1903 378 1934 auctoritatem,
397 1903 489 1938 populi
504 1912 612 1939 quoque
628 1904 738 1930 Romani
751 1904 850 1930 beneti-

56 1939 129 1966 cium
143 1947 204 1975 erga
220 1948 262 1966 me
276 1940 475 1976 adiungeretur.
515 1940 605 1973 Quum
616 1950 708 1968 omnes
719 1942 848 1973 certatim,

56 1976 181 2011 aliusque
201 1976 252 2003 alio
270 1977 381 2011 gravius
401 1982 481 2012 atque
501 1979 620 2005 ornatius
641 1979 674 2005 de
690 1988 748 2005 mea
764 1979 850 2005 salute

55 2013 182 2044 dixisset,
201 2013 327 2048 fieretque
342 2014 400 2040 sine
415 2015 470 2041 ulla
486 2015 611 2042 varietate
626 2015 768 2043 discessio:
791 2025 851 2043 sur-

55 2051 138 2082 rexit,
156 2054 185 2076 ut
195 2051 283 2082 scitis,
297 2051 405 2078 Attilins
418 2051 460 2078 hic
471 2052 623 2079 Gavianus:
646 2061 694 2079 nec
705 2062 788 2079 ausus
800 2058 848 2085 est,

55 2096 142 2123 quum
153 2092 223 2114 esset
233 2092 349 2123 emptus,
363 2089 539 2122 intercedere,
563 2094 664 2116 noctem
676 2091 728 2116 sibi
740 2091 772 2117 ad
783 2091 851 2117 deli-

55 2124 204 2152 berandum
231 2125 385 2160 postulavit.
431 2126 536 2153 Clamor
563 2132 685 2158 senatus,
716 2128 848 2162 querelae,

56 2170 161 2198 preeeS,
184 2171 258 2189 socer
277 2162 310 2189 ad
331 2163 411 2197 pedes
433 2163 561 2190 abiectus.
593 2164 639 2191 Ille
659 2173 688 2191 se
707 2165 849 2196 affirmare.

57 2203 162 2235 postero
176 2199 219 2226 die
235 2208 335 2226 moram
348 2200 448 2226 nullam
461 2209 519 2227 esse
531 2201 673 2228 facturum.
715 2202 850 2229 Creditum

56 2241 110 2264 est:
131 2237 283 2264 discessum
300 2242 349 2263 est.
391 2237 430 2263 Illi
446 2238 544 2264 interea
559 2238 727 2266 deliberatori
739 2249 849 2271 merceS,

58 2272 134 2310 longa
145 2275 300 2309 interposita
312 2279 393 2305 nocte,
407 2274 541 2309 duplicata
553 2280 602 2302 est.
642 2276 782 2304 Consecuti
794 2277 851 2304 dies

57 2312 136 2375 pauci
163 2313 271 2338 omnino
295 2313 415 2338 Ianuario
439 2321 544 2344 mense,
570 2321 617 2347 per
639 2322 708 2348 quos
728 2319 850 2341 senatum

79 2348 149 2375 aberi
162 2348 265 2376 liceret:
288 2349 335 2375 sed
347 2354 434 2376 tamen
445 2354 533 2376 actum
546 2350 622 2381 nihil,
635 2351 686 2377 nisi
698 2351 731 2377 de
742 2360 793 2378 me.

113 2385 226 2413 XXXV.
248 2387 290 2413 75.
306 2386 394 2419 Quum
406 2387 478 2414 omni
491 2396 572 2417 mora,
582 2387 852 2419 ludificatione.cuta-

59 2422 144 2454 mnia,
166 2428 274 2450 senatus
294 2425 436 2450 auctoritas
452 2424 639 2459 impedIretnr,
658 2426 730 2451 venit
745 2426 851 2452 tandem

58 2459 163 2487 concilii
174 2460 207 2487 de
218 2469 261 2488 me
275 2461 371 2497 agendi
387 2461 458 2492 dies,
472 2470 530 2487 viii
543 2461 674 2488 Kalendas
687 2463 763 2489 Febr.
777 2463 852 2489 l‘rin-

58 2503 122 2532 ceps
136 2498 292 2533 rogationis,
310 2499 351 2525 vir
366 2499 431 2525 1111111
447 2499 642 2530 amicissimus,
659 2499 690 2531 Q.
703 2500 850 2532 Fabricius,

58 2533 189 2569 templum
208 2535 345 2570 aliquanto
365 2540 424 2562 ante
446 2536 531 2562 lucem
550 2537 699 2571 occupavit.
739 2537 852 2569 Quietus

60 2577 91 2597 eo
100 2570 144 2598 die
157 2571 275 2604 Sestius,
288 2573 320 2605 is,
334 2574 381 2608 qui
393 2578 433 2600 est
442 2573 476 2599 de
487 2574 513 2600 vi
525 2582 600 2600 reus:
623 2578 694 2600 actor
706 2574 748 2600 bic
758 2573 852 2600 defen-

60 2615 157 2643 sorque
185 2617 295 2636 caussae
324 2619 399 2637 meae
430 2610 497 2637 nihil
528 2611 710 2646 progreditur,
739 2611 851 2638 consilia

60 2649 194 2680 exspectat
213 2647 382 2674 Inimicorum
403 2656 533 2674 meorum.
573 2646 644 2680 Quid
666 2648 718 2679 illi,
735 2657 850 2683 quorum

59 2681 171 2710 consilio
184 2683 214 2710 P.
230 2683 334 2712 Sestius
345 2685 372 2712 in
384 2685 514 2711 iudicium
527 2685 653 2713 vocatur?
671 2694 725 2721 quo
737 2694 764 2713 se
776 2690 851 2721 pacto

899 220 1012 257 gerunt?
1032 220 1121 253 Quum
1137 220 1237 252 forum,
1254 220 1406 252 comitium,
1425 220 1541 250 curiam,
1559 218 1643 246 multa
1659 219 1693 247 de

899 264 987 290 nocte,
1006 259 1113 285 armatis
1129 258 1284 285 hominibus
1296 266 1326 284 ac
1336 258 1420 284 servis
1432 257 1568 292 plerisque
1578 265 1693 292 occupa-

899 297 1014 327 vissent,
1031 297 1161 330 impetum
1178 295 1278 321 faciunt
1292 296 1319 321 in
1335 295 1500 325 Fabricium,
1517 303 1614 321 manus
1630 294 1693 320 atre-

899 338 972 364 runt,
989 334 1114 359 occidunt
1129 333 1279 363 nonnullos,
1293 332 1434 358 vulnerant
1445 331 1552 358 multos.
1583 333 1626 358 76.
1642 332 1693 358 Ve-

899 371 1016 397 nientem
1028 371 1055 397 in
1063 370 1158 401 forum,
1168 371 1255 396 virum
1262 370 1393 404 optimum
1401 369 1688 399 etconstantissimum,

899 409 933 434 M.
951 408 1085 442 Cispium,
1104 408 1242 434 tribunum
1259 407 1359 442 plebis,
1373 408 1399 433 vi
1410 406 1562 441 depellunt:
1585 406 1692 432 caedem

898 446 925 471 in
942 445 997 471 foro
1013 445 1156 471 maximam
1169 444 1283 471 faciunt:
1306 445 1479 479 universique
1490 444 1623 470 destrictis
1635 443 1693 478 gla-

898 482 950 508 diis
979 487 1004 508 et
1023 483 1140 508 cruentis
1161 482 1188 508 in
1207 482 1333 508 omnibus
1356 481 1405 508 fori
1426 481 1560 516 partibus,
1584 480 1692 507 fratrem

900 528 998 550 meum,
1012 520 1100 545 virum
1113 519 1253 553 optimum,
1264 519 1438 545 fortissimum
1452 519 1694 553 meiqueamantis—

899 558 1008 587 simum,
1021 556 1106 583 oculis
1121 556 1290 591 quaerebant,
1305 565 1368 582 voce
1380 556 1532 590 poscebant.
1573 554 1692 588 Quorum

899 594 943 620 ille
960 594 1019 620 telis
1037 594 1162 625 libenter,
1179 594 1206 619 in
1223 598 1296 619 tanto
1311 594 1383 619 luctu
1395 602 1424 619 ac
1435 593 1566 619 desiderio
1578 593 1630 619 mei
1641 601 1693 619 non

899 631 1079 667 repugnandi,
1101 631 1149 657 sed
1168 630 1298 657 moriendi
1319 639 1413 657 caussa
1433 639 1531 664 corpus
1552 630 1695 656 obtulisset

899 678 989 699 suum,
1004 669 1054 694 nisi
1067 677 1143 694 suam
1156 669 1237 694 vitam
1249 668 1282 694 ad
1293 677 1368 702 spem
1381 668 1432 693 mei
1446 668 1547 693 reditus
1559 676 1694 693 reservas—

899 711 947 732 set.
989 705 1078 731 Subiit
1093 710 1181 731 tamen
1196 705 1251 731 vim
1269 705 1341 731 illam
1359 705 1486 730 nefariam
1502 704 1694 731 conscelerato-

899 752 959 769 rum
981 742 1112 769 latronum
1129 747 1166 772 et,
1185 751 1270 777 quum
1287 742 1318 768 ad
1335 742 1423 768 fratris
1439 742 1552 768 salutem
1569 751 1582 767 a
1595 741 1694 776 populo

899 781 1016 806 Romano
1036 780 1229 814 deprecandam
1250 780 1380 809 venisset.
1404 779 1500 814 pulsus
1520 787 1533 804 e
1558 780 1651 805 rostris
1666 779 1694 805 in

899 818 1006 844 comitio
1021 818 1114 848 iacuit,
1132 826 1215 852 seque
1226 826 1364 843 servornm
1376 822 1401 842 et
1413 816 1567 842 libertorum
1578 816 1695 850 corpori-

900 855 951 881 bus
963 855 1076 886 obtexit,
1090 855 1227 889 vitamque
1239 859 1294 880 tum
1307 863 1383 880 suam
1396 855 1480 880 noctis
1492 858 1517 880 et
1529 853 1606 888 fugae
1619 862 1695 887 prae-

899 892 981 923 sidio,
1000 901 1051 918 non
1067 893 1134 918 iuris
1149 892 1365 926 iudiciorumque
1376 891 1504 917 defendit.
1545 892 1587 917 77.
1601 891 1695 917 Memi-

900 930 978 956 nistis
994 934 1064 960 tum,
1082 929 1198 960 iudices,
1212 929 1369 964 corporibus
1380 929 1480 955 civium
1493 928 1610 954 Tiberim
1622 937 1696 954 com-

900 967 983 1002 pleri,
1001 967 1102 993 cloacas
1118 966 1244 997 refercio,
1258 976 1271 992 e
1284 966 1339 993 foro
1349 967 1469 1002 spongiis
1481 965 1573 1001 effingi
1585 966 1696 1001 sangui-

900 1014 969 1036 nem,
984 1009 1013 1030 ut
1024 1009 1220 1031 omnestantam
1231 1004 1305 1030 illam
1312 1005 1415 1038 copiam
1426 1008 1510 1029 ettam
1523 1003 1695 1038 magnificum

900 1047 1056 1077 apparatum
1072 1051 1123 1068 non
1135 1042 1267 1077 privatum
1280 1046 1325 1067 aut
1336 1041 1481 1076 plebeium.
1496 1041 1542 1067 sed
1555 1041 1696 1075 patricium

901 1085 926 1106 et
950 1080 1112 1114 praetorium
1137 1088 1195 1105 esse
1216 1080 1415 1105 arbitrarentur.
1456 1078 1579 1104 XXXVI.
1610 1078 1693 1109 Nihil,

902 1126 988 1152 neque
1004 1121 1064 1143 ante
1080 1117 1129 1143 hoc
1144 1121 1264 1151 tempus,
1283 1125 1369 1151 neque
1385 1116 1434 1142 boc
1449 1116 1508 1151 ipso
1520 1115 1696 1142 turbulentis—

901 1155 971 1181 simo
981 1155 1032 1186 die,
1046 1155 1240 1181 criminationis
1252 1163 1310 1180 esse
1323 1154 1348 1180 in
1361 1153 1488 1180 Sestium.
1523 1153 1604 1188 Atqui
1617 1154 1657 1179 vis
1669 1153 1696 1179 in

902 1192 957 1219 foro
973 1196 1076 1218 versata
1088 1196 1137 1218 est.
1172 1192 1256 1219 Certe.
1290 1191 1402 1223 Quando
1412 1191 1484 1217 enim
1495 1189 1596 1217 maior‘?
1617 1190 1697 1225 Lapi-

901 1230 1021 1256 dationes
1033 1238 1160 1264 persaepe
1167 1229 1299 1255 vidimus:
1322 1238 1374 1255 non
1386 1229 1420 1255 ita
1432 1237 1519 1263 saepe,
1528 1227 1696 1254 sednimium

903 1271 989 1293 tamen
1015 1275 1094 1301 saepe
1114 1267 1231 1302 gladios:
1263 1266 1369 1293 caedem
1392 1274 1454 1292 vero
1475 1270 1588 1296 tantam,
1611 1269 1697 1292 tantos

902 1313 1009 1331 acervos
1030 1313 1171 1339 corporum
1187 1308 1349 1334 exstructos.
1367 1304 1418 1330 nisi
1436 1303 1501 1330 forte
1516 1303 1563 1330 illo
1579 1302 1698 1329 Cinnano

902 1347 981 1377 atque
997 1341 1141 1368 Octaviano
1151 1341 1204 1372 die,
1217 1342 1278 1377 quis
1294 1350 1423 1376 umquam
1434 1342 1461 1367 in
1474 1340 1528 1367 foro
1539 1339 1624 1366 vidit‘?
1643 1348 1696 1375 qua

902 1388 935 1406 ex
954 1380 1146 1405 concertatione
1166 1378 1335 1405 animorum?
1359 1379 1424 1404 Nam
1445 1386 1479 1404 ex
1495 1378 1637 1413 pertinacia
1652 1382 1698 1403 aut

902 1417 1049 1443 constantia
1073 1417 1256 1442 intercessoris
1276 1417 1361 1443 oritur
1381 1424 1460 1450 saepe
1485 1416 1594 1445 seditio,
1617 1414 1697 1449 culpa

902 1459 981 1489 atque
1002 1454 1170 1488 improbitate
1187 1453 1288 1484 latoris,
1306 1453 1445 1479 commodo
1460 1452 1550 1488 aliquo
1566 1453 1696 1487 imperitis

903 1496 948 1518 aut
964 1491 1102 1527 largitione
1118 1492 1265 1526 proposita:
1287 1491 1371 1517 oritur
1386 1499 1419 1516 ex
1433 1490 1625 1516 concertatione
1641 1498 1698 1515 ma-

902 1529 1076 1565 gistratuum:
1093 1527 1441 1555 oritursensimexclamore
1453 1528 1584 1562 primum,
1601 1526 1697 1553 deinde

903 1566 991 1601 aliqua
1003 1566 1167 1593 discessione
1173 1566 1321 1592 concionis:
1336 1566 1390 1595 vix,
1399 1569 1489 1591 sei-oet
1500 1574 1557 1590 raro
1563 1564 1595 1590 ad
1602 1572 1698 1590 manus

903 1604 1070 1639 pervenitur:
1104 1603 1178 1629 nullo
1198 1612 1259 1629 vero
1280 1603 1361 1629 verbo
1380 1602 1461 1632 facto,
1485 1601 1558 1628 nulla
1572 1602 1698 1628 concione

903 1641 1040 1672 advocata,
1065 1640 1137 1667 nulla
1160 1640 1217 1676 lege
1237 1641 1351 1671 recitata,
1364 1640 1520 1666 concitatam
1541 1644 1698 1665 nocturnam

903 1678 1061 1705 seditionem
1087 1678 1149 1713 quis
1169 1677 1290 1704 audivit‘?
1309 1678 1352 1703 78.
1371 1677 1409 1703 An
1425 1677 1481 1703 veri
1496 1676 1586 1702 simile
1601 1681 1655 1705 est,
1670 1681 1698 1702 ut

902 1716 970 1742 civis
987 1716 1122 1742 Romanus
1137 1720 1183 1741 aut
1199 1715 1278 1742 homo
1294 1714 1360 1741 liber
1374 1715 1520 1749 qnisquam
1536 1722 1597 1740 cum
1610 1713 1699 1749 gladio

903 1754 930 1780 in
946 1753 1032 1780 forum
1048 1753 1215 1779 descenderit
1230 1757 1288 1779 ante
1302 1752 1397 1783 lucem,
1412 1761 1443 1778 ne
1455 1752 1487 1778 de
1499 1760 1540 1778 me
1553 1751 1614 1777 ferri
1626 1756 1699 1785 pate-

903 1795 987 1822 retur,
1006 1795 1108 1825 praeter
1118 1799 1176 1821 eos,
1189 1791 1238 1825 qni
1248 1790 1281 1816 ab
1292 1789 1337 1816 illo
1350 1789 1474 1824 pestifero
1487 1798 1515 1814 ac
1528 1788 1630 1824 perdito
1640 1789 1699 1814 cive

902 1828 1062 1863 iampridem
1078 1827 1241 1863 reipublicae
1253 1828 1382 1863 sanguine
1394 1825 1567 1862 saginantur?
1589 1826 1634 1852 llic
1647 1826 1698 1852 iam

903 1866 936 1892 de
956 1866 1015 1900 ipso
1034 1870 1186 1892 accusatore
1206 1874 1318 1900 quaero,
1335 1864 1383 1899 qni
1400 1864 1427 1890 P.
1445 1864 1562 1890 Sestium
1578 1863 1699 1898 queritur

902 1912 963 1929 cum
977 1903 1150 1930 multitudine
1162 1903 1188 1929 in
1201 1903 1338 1929 tribunatu
1350 1906 1446 1928 etcum
1458 1901 1591 1936 praesidio
1603 1909 1699 1936 magno

904 1940 1001 1967 fuisse:
1024 1949 1090 1967 num
1111 1940 1157 1967 illo
1178 1940 1220 1966 die
1241 1939 1328 1966 fuerit.
1371 1939 1458 1970 Certe,
1482 1943 1551 1965 certe
1568 1938 1696 1964 nonfuit.

903 1978 976 2005 Victa
992 1978 1074 2013 igitur
1085 1982 1125 2003 est
1136 1986 1230 2004 caussa
1242 1976 1414 2012 reipublicae,
1428 1981 1453 2002 et
1464 1976 1532 2002 victa
1544 1985 1595 2002 non
1607 1976 1699 2010 auspi—

903 2016 965 2047 ciis,
983 2024 1034 2042 non
1050 2015 1248 2045 intercessione,
1263 2024 1314 2041 non
1326 2014 1474 2049 sum-agiis:
1497 2013 1543 2039 sed
1557 2013 1592 2043 vi,
1607 2021 1696 2043 mann,

904 2052 981 2079 ferro.
1017 2053 1082 2079 Nam
1095 2053 1118 2078 si
1131 2052 1315 2078 obnuntiasset
1327 2052 1447 2078 Fabricio
1459 2051 1490 2080 is.
1507 2051 1553 2085 qni
1567 2055 1699 2076 servasset

903 2090 935 2116 de
946 2089 1027 2121 caelo,
1041 2089 1187 2124 accepisset
1198 2089 1348 2124 respublica
1361 2088 1530 2123 plagarii,s‹·d
1542 2096 1698 2122 ean1‚qtia¹11

904 2132 1038 2162 acceptam
1053 2136 1160 2163 gemere
1172 2132 1273 2162 posset:
1296 2128 1319 2152 si
1332 2126 1526 2152 intercessisset
1537 2125 1638 2160 collega
1651 2125 1699 2151 Fa-

904 2165 1000 2196 bricio,
1019 2164 1140 2191 laesisset
1155 2164 1362 2199 rempublicam,
1376 2164 1422 2189 scd
1437 2162 1629 2197 rempublicam
1643 2163 1698 2188 iure

905 2202 1035 2228 laesisset.
1080 2201 1246 2228 Gladiatores
1272 2206 1298 2227 tu
1325 2201 1456 2230 novicios,
1482 2208 1529 2234 pro
1548 2204 1697 2234 exspettata

903 2239 1036 2265 aedilitate
1057 2239 1224 2273 suppositos.
1245 2247 1306 2264 cum
1327 2238 1430 2263 sicariis
1446 2246 1459 2263 e
1474 2245 1576 2263 carcere
1592 2236 1699 2262 emissis

904 2281 962 2302 ante
985 2276 1070 2301 lucem
1091 2275 1238 2301 immittas?
1264 2276 1434 2309 magistratus
1456 2273 1556 2308 templo
1570 2271 1700 2299 dciii-ias?

903 2313 1010 2339 caedem
1032 2313 1174 2339 maximam
1196 2312 1294 2338 facias‘?
1315 2311 1401 2337 sorum
1422 2310 1539 2346 purges'?
1559 2316 1596 2340 et,
1613 2318 1698 2345 quum

903 2350 991 2376 onmia
1009 2350 1034 2376 vi
1050 2354 1076 2376 et
1091 2350 1172 2375 armis
1187 2350 1283 2385 egeris,
1296 2357 1404 2374 accuses
1415 2356 1486 2378 eum,
1499 2348 1546 2382 qui
1558 2356 1586 2373 se
1599 2348 1699 2382 praesi-

903 2387 947 2413 dio
960 2387 1095 2417 munierit,
1109 2396 1160 2412 non
1173 2391 1201 2412 nt
1212 2392 1236 2413 te
1246 2385 1477 2421 oppugnaret‚sed
1490 2389 1518 2411 ut
1530 2385 1610 2411 vitam
1622 2393 1698 2410 suani

904 2429 993 2459 posset
1003 2423 1163 2450 defendere?

960 2461 1095 2487 xxxvu.
1112 2461 1155 2486 79.
1173 2460 1253 2495 Atqui
1271 2468 1302 2486 ne
1318 2468 1351 2486 ex
1366 2467 1397 2486 eo
1412 2458 1522 2494 quidem
1539 2463 1656 2493 tempore
1671 2458 1698 2485 id

904 2499 958 2534 egit
973 2499 1084 2529 Sestius,
1103 2502 1131 2524 ut
1146 2507 1160 2524 a
1171 2498 1228 2523 suis
1239 2497 1368 2526 munitus,
1384 2501 1439 2523 tuto
1450 2497 1477 2522 in
1493 2495 1547 2522 foro
1559 2496 1698 2531 magistra-

904 2541 960 2562 tum
972 2540 1082 2571 gereret,
1096 2534 1289 2570 rempublicam
1301 2534 1507 2560 administraret.
1544 2534 1633 2569 Itaque
1646 2532 1697 2559 fri»

904 2578 946 2599 tus
966 2573 1103 2599 sanctitate
1124 2573 1285 2602 tribunatus,
1303 2580 1388 2606 quum
1405 2580 1433 2596 se
1451 2579 1502 2597 non
1518 2571 1597 2597 modo
1607 2575 1696 2597 contra

904 2611 957 2636 vim
969 2615 994 2637 et
1006 2610 1168 2641 ferrun1,se‹l
1180 2610 1257 2636 etiam
1269 2614 1358 2635 contra
1370 2608 1449 2634 verba
1460 2613 1539 2643 atque
1551 2607 1696 2634 interfatio-

903 2656 962 2674 nem
985 2647 1090 2683 legibus
1104 2648 1214 2673 sacratis
1229 2655 1287 2672 esse
1303 2650 1433 2673 armatum
1450 2650 1568 2681 putaret,
1585 2645 1695 2671 venitin

903 2684 1032 2720 templum
1045 2684 1170 2717 Castoris,
1186 2684 1355 2712 obnuntiavit
1369 2682 1487 2710 consuli:
1510 2691 1594 2718 qutun
1607 2682 1696 2709 subito
