1941 3052
809 124 862 148 ¹02.
898 123 931 148 M.
966 123 995 148 Τ,
1031 123 1306 151 CICERONIS

247 123 307 148 1006

1061 194 1063 219 Ι
1084 202 1145 228 quo.
1161 199 1188 220 ut
1201 195 1228 223 ii.
1241 196 1288 229 qui
1301 204 1329 220 se
1339 195 1432 221 audire
1446 195 1550 225 velli-nt,
1561 205 1611 223 non
1623 197 1655 222 dc
1667 205 1695 222 ac
1706 204 1872 232 quaererent.

242 201 276 225 ct,
290 205 303 221 a
316 195 390 221 falsis
404 195 487 221 initiis
500 192 627 226 prosa-vta,
647 200 706 217 voro
718 199 776 217 esse
789 200 839 218 non
853 197 978 226 1mssunt:
995 198 1029 222 et,

1061 227 1063 251 ἶ
1084 231 1130 256 scd
1144 232 1195 265 ipsi
1207 232 1334 262 dicerent,
1350 233 1415 266 quid
1429 235 1565 260 sentirent.
1605 234 1681 266 Quod
1692 243 1776 269 quum
1788 235 1876 261 dixis·

242 234 264 258 si
277 237 366 258 essent
379 240 451 259 veru,
469 229 535 255 nihil
550 229 683 256 afferrent,
700 236 754 262 quo
766 229 924 259 iucundius,
945 229 970 255 id
982 234 1030 260 eat,

242 278 296 304 quo
312 269 408 295 melius
425 268 587 293 viveremus.
629 265 678 291 Eas
694 274 757 299 ergo
771 270 839 292 artos
859 274 1034 301 persequere-

243 312 297 332 tur:
316 305 424 331 vivs-ndi
436 308 516 329 artem
530 307 627 328 tantam
641 307 747 337 tamque
757 311 895 337 operosam
907 309 932 329 et
944 305 1034 337 poi-in·
1054 299 1055 315 l
1084 305 1263 332 defendebant
1278 307 1436 332 sententiam
1452 316 1538 333 suam.

241 343 274 369 de
287 342 448 369 fructuosam
460 340 639 374 relinqueret?
657 340 712 365 Non
724 347 787 374 ergo
799 340 931 374 Epicurus
943 341 1033 366 ineru-

241 380 327 409 ditus.
345 378 391 404 sed
410 378 427 404 ii
445 376 556 407 indocti,
574 377 636 411 qui,
653 384 721 410 quue
733 385 830 411 pueros
841 386 891 403 non
904 377 1032 403 didicisse

242 422 318 451 turpe
329 420 377 445 est.
391 423 420 441 ea
433 418 525 449 putant
540 421 625 448 usque
637 413 668 439 ad
680 418 843 440 senectutem
855 423 914 440 esse
925 414 1032 440 discen-

240 453 284 479 da.
323 452 396 484 Quae
407 460 492 487 quum
503 450 630 480 dixisset,
644 450 798 485 Explicavi.
813 451 909 486 inquit.
925 457 1033 478 sentcn-

242 491 304 517 tiam
316 497 416 520 meam,
435 493 460 516 et
470 496 500 515 eo
511 487 621 523 quidem
632 487 758 519 consilio,
772 493 847 514 tuum
861 488 991 514 iudicium
1005 493 1033 515 ut

239 534 438 562 cognoscerem.
473 525 546 558 Quae
558 525 625 551 milli
638 524 757 555 facultas,
772 529 800 551 ut
812 525 838 551 id
851 534 909 551 mco
920 525 1032 552 arbitra-

241 570 268 591 tu
281 564 404 595 facerem.
418 567 478 590 ante
490 562 538 590 hoc
549 567 655 597 tempus
667 570 815 598 numquam
826 567 867 590 est
877 562 946 590 data.

607 896 662 922 ΗΞ.

389 958 560 987 LIBER
600 956 917 988 SECUNDUS.

290 1086 308 1106 Δ
316 1085 367 1106 Ro.
380 1086 421 1106 Ilic
432 1085 488 1106 liber
498 1085 521 1106 in
532 1085 647 1106 refutanda
657 1092 720 1112 quum
731 1086 780 1107 unit
786 1093 835 1107 ersa
845 1086 934 1114 Epicuri
945 1087 1031 1107 ratione

238 1124 283 1141 tum
294 1120 404 1147 Torquati
419 1120 571 1148 «ti-putatione
580 1123 686 1140 versatur.
711 1121 742 1142 Ae
752 1121 844 1149 primum
855 1122 940 1148 quidem
951 1121 1029 1143 Cicero

237 1155 308 1182 iprum
327 1155 456 1176 vocabulum
472 1156 543 1178 ι’ῑδυνῆς
556 1162 574 1176 ι.
589 1155 710 1182 voluptatis
727 1156 784 1177 falso
799 1157 826 1177 ab
837 1156 932 1183 Epicuro
942 1156 1030 1177 definiri

237 1193 302 1218 atque
317 1190 382 1211 etiarn
398 1190 423 1210 ad
439 1190 604 1215 significandam
615 1189 758 1211 indolentiam
770 1191 870 1211 adhiberi
886 1194 959 1212 monet
973 1198 991 1212 c.
1004 1194 1029 1212 t·

237 1227 268 1246 to.
298 1225 383 1246 Deinde
394 1225 419 1245 ml
430 1225 547 1245 evertenda
557 1224 629 1251 ipsiu·
638 1224 751 1252 opinionis
759 1225 879 1253 Epicureae
889 1226 1031 1246 fundamenta

235 1259 320 1279 aceedit
327 1275 332 1283 ,
348 1262 370 1279 et
380 1262 492 1284 negatmec
499 1275 504 1284 ,
520 1259 577 1286 quud
588 1259 685 1280 infantes
695 1264 800 1287 appetant
809 1260 943 1288 voluptatem
950 1277 956 1285 ,
967 1260 1029 1281 (Iolo-

235 1300 280 1314 rem
290 1296 446 1321 aspernentur.
462 1293 597 1321 voluptatem
613 1300 662 1314 enne
676 1301 714 1321 pro
731 1302 813 1316 summo
828 1296 885 1316 bono
896 1295 1028 1320 habendum

235 1335 301 1355 quum
312 1335 355 1349 non
365 1331 409 1350 tam
419 1329 445 1349 ad
456 1328 590 1356 voluptatem
601 1330 744 1356 appetendam
755 1334 986 1351 moveantur-anatum
994 1330 1029 1351 in-

235 1363 320 1388 fantes,
335 1370 397 1390 quani
413 1363 469 1390 qnod
484 1370 508 1384 se
519 1363 626 1388 diligant,
642 1367 663 1384 et
673 1364 772 1390 integros
783 1372 807 1386 ne
818 1365 935 1392 alvosque
945 1365 1027 1391 velint,

235 1404 274 1418 nec
288 1399 427 1425 repetendam
443 1405 492 1419 ene
506 1398 612 1423 originem
628 1398 706 1419 summi
721 1399 774 1420 boni
788 1402 810 1420 et
825 1400 879 1420 mali
893 1407 905 1421 ι
916 1400 1027 1425 nensiliue,

234 1432 314 1459 quibus
324 1432 408 1454 nullum
419 1433 445 1453 de
454 1432 484 1453 iia
494 1433 600 1454 iudicium
610 1436 726 1460 competat,
733 1435 770 1455 sect
779 1435 806 1455 de
814 1435 926 1456 coloribus
937 1438 959 1456 et
969 1434 1028 1456 eius-

233 1467 292 1487 modi
306 1468 379 1488 rebun.
395 1474 414 1488 c.
432 1470 469 1489 ιο-
478 1470 509 1489 12.
542 1468 612 1489 Unam
627 1474 677 1492 ergo
696 1468 804 1490 rationem
822 1469 951 1490 audiendam
970 1477 1027 1495 ene,

233 1508 288 1528 quae
297 1501 355 1523 nihil
365 1501 475 1530 voluptati
484 1503 561 1523 doceat
571 1509 620 1523 ene
630 1501 682 1527 loci,
692 1510 736 1523 non
746 1504 816 1529 modo,
824 1507 849 1525 ut
858 1504 907 1525 tola
916 1504 939 1525 iu
949 1504 1028 1525 summi

233 1536 286 1557 boni
296 1537 347 1558 rede
357 1541 462 1564 ponatur,
478 1538 515 1558 sed
527 1544 553 1558 ne
563 1537 595 1558 ita
606 1537 700 1564 quidem,
711 1540 735 1558 ut
746 1539 772 1559 ad
784 1539 919 1560 honestatem
930 1539 1027 1567 applice-

234 1574 281 1596 tur,
296 1578 336 1593 nec
344 1571 413 1593 ullam
423 1578 472 1593 esse
480 1573 507 1593 de
517 1579 599 1593 nummo
611 1572 667 1592 bono
678 1573 811 1594 sententiam
821 1574 966 1601 probandam,
982 1574 1027 1595 nini

233 1613 288 1633 quae
298 1610 335 1627 aut
346 1607 414 1627 solam
424 1607 503 1634 probet
512 1606 660 1631 honestatem.
672 1610 709 1627 aut
719 1607 794 1629 initii·
804 1611 895 1629 naturae
905 1615 951 1629 eam
962 1612 983 1629 et
993 1612 1026 1629 to-

232 1641 278 1662 tius
288 1641 425 1669 perfectione
433 1641 493 1662 vitae
502 1641 630 1669 locupletet.
658 1642 738 1664 Totam
748 1647 820 1664 autem
831 1643 962 1664 sententiam
973 1643 1026 1671 Epi-

232 1683 318 1697 cuream
330 1676 370 1698 hoc
379 1684 423 1697 nno
434 1677 503 1697 everti
514 1684 591 1704 posse.
608 1677 628 1699 si
642 1677 758 1699 honestum
768 1685 818 1699 esne
828 1677 913 1704 aliquid
923 1679 1025 1699 ostenda-

233 1714 268 1731 tur
275 1727 280 1736 ‚
296 1712 352 1738 quod
363 1709 435 1738 ipsum
445 1716 536 1739 propter
543 1719 567 1732 se
577 1712 608 1733 sit
618 1713 776 1740 expetendum,
788 1712 811 1733 h.
822 1719 841 1733 e,
852 1713 917 1739 quod,
927 1714 1026 1734 detracta

232 1745 292 1766 omni
305 1746 417 1770 utilitate,
437 1746 486 1767 siue
500 1746 556 1768 um·
570 1747 676 1774 praemiis
691 1747 845 1774 fructibusque
858 1754 898 1775 per
912 1755 935 1768 se
953 1747 1025 1775 ipsum

232 1780 305 1807 ponit
319 1781 403 1801 laudari
411 1797 417 1806 ,
431 1781 498 1808 idque
512 1785 615 1809 quattuor
625 1782 745 1803 virtutibus
755 1781 803 1803 illia
813 1782 897 1803 stoici·
907 1783 1024 1804 confineri.

231 1815 263 1835 Eo
273 1815 394 1836 constituto
406 1823 425 1837 e.
437 1819 469 1837 Μ.
480 1823 512 1843 sq.
522 1816 634 1844 Torquati
642 1816 814 1844 disputationem
824 1824 863 1844 pro
875 1817 965 1844 Epicuri
975 1824 1025 1838 nen-

231 1849 302 1870 teutia
311 1850 344 1870 ita
353 1850 450 1875 refellit.
465 1854 490 1872 ut
498 1851 614 1879 inprimis,
624 1858 694 1878 neque
703 1851 824 1872 virtutihu·
834 1858 904 1878 neque
913 1851 1025 1873 amicitiae

230 1891 321 1911 uuquam
331 1884 403 1906 locum
413 1892 470 1910 esse,
480 1886 589 1911 ostendat,
597 1886 617 1907 ιί
627 1887 653 1907 nd
662 1886 797 1913 voluptutem
808 1886 882 1907 omnia
891 1887 1023 1912 referantur.

230 1925 248 1939 c.
262 1921 339 1940 ¹5-27.
350 1919 429 1940 deinde
438 1927 489 1941 vero
498 1920 564 1941 etiarn
573 1920 659 1947 reliqua
669 1924 819 1948 persequatur.

285 1975 306 2000 1.
330 1976 353 2001 ⁴.
374 1970 432 2001 Hic
444 1983 530 2010 quum
545 1980 658 2011 uterque
672 1985 717 2003 me
731 1977 893 2009 intueretur,
909 1986 1023 2013 seseque

231 2010 264 2037 ad
270 2011 436 2038 audiendum
442 2013 625 2048 significarent
630 2018 749 2048 paratos:
762 2015 890 2049 primum,
900 2015 1020 2050 inquam,

229 2048 366 2083 deprecor,
375 2057 407 2075 ne
414 2058 466 2081 me,
475 2054 611 2085 tamquam
623 2050 825 2086 philosophum,
833 2053 933 2086 putetis
943 2052 1023 2079 scho-

230 2085 283 2112 lam
298 2085 377 2112 vobis
392 2086 510 2121 aliquam
526 2087 738 2122 explicaturum:
760 2089 833 2123 quod
854 2097 887 2115 ne
906 2098 933 2116 in
954 2090 1022 2124 ipsis

227 2122 340 2157 quidem
355 2123 525 2159 philosophis
541 2133 638 2160 magno
652 2133 732 2159 opere
751 2134 881 2160 umquam
898 2126 1020 2161 probavi.

227 2159 340 2192 Quando
355 2161 428 2187 enim
438 2161 570 2192 Socrates,
589 2162 637 2196 qui
652 2170 749 2196 parens
763 2163 952 2198 philosophiae
963 2164 1022 2190 iure

227 2196 283 2223 dici
293 2201 388 2232 potest,
400 2198 550 2233 quidquam
560 2198 612 2225 tale
624 2199 704 2226 fecit?
714 2200 814 2226 Eorum
825 2205 880 2227 erat
891 2202 941 2227 iste
952 2210 1018 2232 mos,

227 2235 275 2269 qui
287 2238 345 2261 tum
360 2235 496 2270 sophistae
511 2236 731 2263 nominabantur:
747 2245 864 2272 quorum
879 2246 894 2264 e
909 2246 1021 2265 numero

226 2271 332 2305 primus
347 2276 388 2298 est
401 2281 485 2298 ausus
495 2273 641 2300 Leontinus
652 2274 766 2309 Gorgias
780 2275 809 2301 iu
824 2280 958 2302 conventu
972 2284 1021 2310 po-

226 2316 300 2335 scere
314 2310 513 2343 quaestionem,
536 2310 564 2336 id
579 2315 619 2337 est
638 2310 731 2337 iubere
746 2311 849 2343 dicere,
874 2320 929 2347 qua
942 2312 975 2339 de
991 2321 1019 2339 re

226 2345 289 2379 quis
299 2345 381 2372 vellet
391 2346 495 2374 audire.
528 2347 624 2374 Audax
635 2348 786 2383 negotium!
800 2348 917 2375 dicerem
928 2350 1020 2384 impu—

225 2382 307 2410 dens.
334 2383 387 2409 nisi
403 2383 452 2410 hoc
467 2385 620 2411 institutum
635 2389 726 2419 postea
741 2384 866 2412 tralatum
881 2385 914 2412 ad
929 2386 1020 2421 philo-

226 2419 325 2453 sophos
336 2424 439 2447 nostros
450 2426 530 2448 esset.
561 2423 586 2448 Ξ.
601 2421 655 2448 Sed
666 2426 692 2448 et
702 2421 789 2453 illum,
803 2431 884 2457 quem
895 2424 1018 2450 nomina-

226 2456 268 2485 vi,
286 2461 312 2482 et
327 2462 428 2484 ceteros
443 2458 591 2493 sophistas,
609 2463 639 2485 ut
649 2467 663 2485 e
674 2458 781 2485 Platone
793 2459 909 2495 intelligi
919 2465 1015 2495 potest,

227 2490 300 2518 lusos
310 2493 435 2521 videmus
446 2503 461 2521 a
472 2495 588 2522 Socrate.
628 2496 654 2522 Is
664 2496 737 2522 enim
748 2497 928 2530 percontando
937 2502 1018 2532 atque

227 2528 412 2564 interrogando
422 2531 518 2558 elicere
528 2532 631 2559 solebat
640 2541 732 2559 eorum
742 2534 893 2567 opiniones,
901 2534 1018 2569 quibus—

225 2573 288 2590 cum
299 2565 455 2599 disserebat,
463 2574 493 2595 ut
502 2569 535 2595 ad
545 2577 585 2601 ea,
593 2578 662 2604 quae
672 2570 693 2596 ii
701 2570 911 2604 respondissent,
919 2572 943 2598 si
949 2571 1016 2606 quid

227 2601 375 2633 videretur,
397 2604 506 2632 diceret.
544 2605 602 2638 Qui
617 2615 675 2633 mos
692 2615 778 2642 quum
792 2616 807 2633 a
821 2608 1016 2642 posterioribus

226 2646 278 2665 non
289 2643 359 2666 esset
369 2645 494 2673 retentus,
507 2641 642 2670 Arcesilas
650 2652 712 2670 eum
724 2645 871 2672 revocavit:
885 2646 1016 2674 instituit-

1084 273 1151 297 svnt,
1167 268 1211 294 ille
1222 274 1321 295 contra.
1356 270 1407 295 Sed
1419 271 1465 304 qui
1478 270 1630 300 audiebant.
1644 271 1731 306 quoad
1745 277 1872 306 [atterant.

1578 308 1656 342 Apud
1671 315 1771 335 ceteros
1786 315 1874 335 autem

1085 342 1268 377 philosophos,
1282 344 1329 377 qui
1341 345 1475 378 quae-,ivit
1486 344 1602 379 aliquid,
1616 351 1692 371 tacet.
1725 347 1802 377 Quod
1813 347 1875 380 qui-

1084 379 1145 405 dem
1159 380 1209 405 iam
1223 380 1250 406 Iit
1261 381 1339 406 etiarn
1354 381 1379 407 in
1392 380 1544 407 Academia.
1576 382 1626 408 Ubi
1637 383 1708 408 enim
1723 385 1752 410 is,
1767 384 1813 417 qui
1826 391 1875 408 au-

1084 416 1141 442 dire
1154 416 1223 447 vult,
1243 418 1276 443 ita
1292 417 1374 443 dixit:
1394 418 1521 452 Voluptas
1534 419 1601 445 mihi
1614 419 1718 445 videtur
1728 429 1787 445 esse
1799 429 1876 446 sum-

1085 462 1158 479 mum
1170 454 1284 483 bonum2
1299 459 1424 489 perpetua
1435 456 1552 481 oratione
1564 462 1652 482 contra
1665 456 1830 491 disputatur.-
1847 462 1876 484 ut

1084 490 1162 516 facile
1176 490 1288 526 intelligi
1301 493 1398 526 possit,
1415 500 1475 523 eos,
1492 493 1539 527 qui
1554 492 1657 528 aliquid
1669 494 1722 519 silai
1736 494 1820 521 videri
1832 494 1876 520 di-

1083 533 1156 557 cant.
1175 537 1226 554 non
1239 529 1311 564 ipsos
1323 529 1348 555 in
1361 537 1390 555 ea
1402 530 1531 556 sententia
1543 538 1616 560 esse.
1633 530 1680 556 sed
1696 531 1788 557 audire
1807 531 1875 557 velle

1083 566 1223 591 contraria.
1267 568 1291 592 3.
1315 567 1366 592 Nos
1381 567 1550 593 commodius
1567 568 1684 602 agimus.
1726 568 1781 594 Non
1801 570 1873 595 enirn

1083 602 1170 628 solum
1183 603 1332 637 Torquatus
1344 603 1426 633 dixit,
1440 604 1506 638 quid
1518 605 1636 634 sentiret,
1649 604 1696 630 sed
1708 606 1798 634 etiam,
1810 614 1871 632 cur:

1083 648 1132 675 ego
1143 645 1230 666 autem
1247 640 1373 671 arbitror,
1390 649 1554 676 quamquam
1569 641 1714 667 admodum
1729 642 1874 668 delectatus

1083 686 1143 703 sum
1155 678 1214 703 eius
1225 678 1342 704 oratione
1353 683 1490 713 perpetua,
1500 683 1587 704 tamen
1598 678 1775 706 commodius.
1789 688 1873 714 quum

1084 715 1110 740 in
1123 714 1203 740 rebus
1214 714 1330 751 singulis
1344 716 1463 745 insistas,
1479 720 1505 741 et
1517 715 1664 751 intelligas,
1679 716 1745 750 quid
1757 717 1874 751 quisque

1082 751 1222 782 concedat,
1240 752 1307 787 quid
1319 753 1431 782 abnuat.
1455 761 1487 779 ex
1500 753 1580 779 rebus
1591 754 1726 779 concessis
1737 753 1872 784 concludi,

1082 788 1154 824 quod
1167 789 1244 819 vetis,
1257 789 1325 816 etad
1337 790 1439 816 exitum
1451 791 1595 824 perveniri.
1636 790 1724 822 Quum
1737 791 1808 816 enim
1821 790 1874 817 Ier-

1083 831 1138 856 tur.
1156 828 1235 861 quasi
1250 832 1364 857 torrens.
1380 827 1477 856 oratio.
1494 828 1621 861 quamvis
1633 827 1714 853 multa
1726 828 1874 862 cuiusque-

1083 864 1154 890 modi
1167 864 1263 899 rapiat:
1287 864 1355 890 nibil
1368 869 1455 890 tamen
1471 869 1573 894 teneas.
1591 864 1660 891 nihil
1676 865 1872 900 apprehendas,

1082 909 1216 936 nusquam
1228 902 1373 927 orationem
1385 901 1505 936 rapidam
1516 910 1647 928 coerceas.

1136 939 1230 965 Omnis
1246 943 1335 964 autem
1352 939 1378 965 in
1393 938 1559 973 quaerendo,
1577 947 1645 974 quae
1662 939 1704 964 via
1719 938 1835 973 quadam
1848 943 1874 965 et

1082 976 1182 1002 ratione
1194 975 1320 1005 habetur,
1337 977 1421 1002 oratio
1452 976 1632 1010 praescribere
1648 977 1765 1010 primum
1777 975 1870 1002 debet:

1081 1012 1290 1048 (utquibusdam
1301 1013 1327 1039 in
1341 1012 1463 1039 formulis
1474 1021 1503 1039 ea
1516 1022 1557 1039 res
1565 1016 1722 1049 agatur,)ut,
1732 1014 1873 1047 interquos

1081 1049 1235 1080 disseritur,
1251 1051 1405 1080 conveniat,
1423 1049 1490 1084 quid
1501 1050 1536 1076 sit
1548 1050 1588 1079 id,
1605 1050 1637 1076 de
1648 1058 1702 1084 quo
1713 1050 1870 1076 disseratur.

1081 1087 1112 1113 11.
1128 1088 1153 1113 4.
1168 1087 1222 1113 Hoc
1233 1088 1350 1121 positum
1363 1088 1388 1113 in
1401 1087 1521 1113 Phaedro
1531 1096 1544 1113 a
1556 1087 1663 1113 Platone
1674 1087 1797 1121 probavit
1808 1087 1874 1121 Epi-

1080 1132 1175 1157 curus3
1192 1124 1344 1159 sensitque.
1361 1125 1389 1150 in
1404 1124 1477 1150 omni
1493 1123 1672 1158 disputatione
1688 1124 1715 1150 id
1727 1124 1782 1150 lieri
1793 1132 1874 1158 opor-

1081 1166 1145 1188 tere.
1186 1160 1239 1187 Sed
1258 1161 1330 1195 quod
1346 1161 1500 1196 proximum
1518 1161 1581 1192 suit,
1604 1169 1655 1187 non
1671 1160 1748 1187 vidit.
1788 1161 1874 1196 Negat

1080 1199 1153 1224 enim
1163 1197 1271 1224 definiri
1282 1206 1338 1224 rem
1349 1198 1468 1233 placere:
1481 1199 1540 1224 sine
1551 1207 1605 1233 quo
1615 1197 1872 1224 fieriinterdumnon

1080 1239 1174 1270 potest.
1188 1240 1218 1262 ut
1229 1235 1298 1262 inter
1308 1243 1363 1266 eos,
1376 1236 1424 1270 qui
1435 1235 1585 1271 ambigunt,
1598 1235 1747 1265 conveniat.
1759 1235 1826 1270 quid
1837 1235 1873 1262 sit

1080 1272 1117 1303 id,
1131 1272 1164 1298 de
1175 1280 1229 1308 quo
1239 1277 1346 1307 agatur:
1360 1272 1472 1299 velutin
1484 1272 1533 1299 hoc
1544 1273 1612 1307 ipso,
1625 1271 1658 1298 de
1669 1280 1722 1307 quo
1734 1281 1805 1298 nunc
1814 1272 1873 1298 dis-

1079 1314 1217 1345 putamus.
1257 1309 1417 1342 Quaerimus
1433 1310 1505 1336 enim
1521 1309 1601 1336 finem
1612 1309 1756 1336 bonorum:
1775 1317 1873 1344 possu—

1079 1355 1175 1373 musne
1189 1347 1271 1377 scire.
1294 1346 1344 1373 hoc
1359 1346 1438 1382 quale
1455 1348 1502 1377 sit,
1526 1347 1579 1373 nisi
1594 1347 1787 1373 contulerimus
1803 1347 1873 1373 inter

1079 1392 1136 1415 nos.
1149 1392 1235 1419 quum
1247 1384 1327 1410 tinem
1338 1384 1469 1410 bonorum
1480 1384 1639 1414 dixerimus,
1648 1384 1714 1418 quid
1727 1384 1796 1414 linis.
1804 1383 1872 1418 quid

1079 1422 1159 1448 etiam
1180 1422 1216 1448 sit
1238 1421 1328 1456 ipsum
1349 1420 1469 1448 bonum‘.>
1496 1423 1522 1448 5.
1543 1421 1625 1456 Atqui
1646 1421 1711 1448 haec
1731 1420 1872 1456 patefactio

1078 1459 1157 1493 quasi
1168 1467 1256 1484 rerum
1267 1463 1428 1493 operturum,
1437 1467 1531 1493 quum,
1539 1457 1606 1493 quid
1616 1458 1738 1493 quidque
1748 1459 1792 1488 sit.
1808 1465 1872 1492 ape-

1078 1496 1160 1527 ritur,
1177 1495 1298 1522 definitio
1313 1500 1366 1522 est:
1388 1504 1441 1531 qua
1457 1501 1486 1522 tu
1501 1496 1581 1522 etiam
1593 1495 1750 1530 imprudens
1761 1495 1871 1522 utebare

1078 1541 1293 1567 nonnumquam.
1332 1533 1399 1559 Nam
1421 1533 1493 1559 hunc
1512 1533 1604 1567 ipsum
1626 1534 1684 1559 sive
1707 1532 1788 1559 finem
1812 1533 1871 1558 sive

1078 1575 1228 1596 extremum
1253 1570 1312 1596 sive
1343 1569 1471 1597 ultimum
1496 1569 1643 1596 definiebas
1667 1569 1695 1596 id
1717 1578 1790 1600 esse,
1816 1577 1871 1604 quo

1077 1608 1177 1637 omnia,
1185 1615 1254 1642 quae
1265 1611 1335 1634 recte
1347 1607 1449 1638 fierent,
1462 1606 1633 1638 referrentur,
1642 1615 1729 1642 neque
1740 1606 1768 1633 id
1779 1607 1869 1641 ipsum

1077 1652 1193 1679 usquam
1205 1643 1356 1671 referretur.
1396 1643 1532 1670 Praeclare
1545 1644 1594 1671 hoc
1605 1644 1726 1679 quidem.
1766 1644 1869 1670 Bonum

1077 1682 1168 1716 ipsum
1178 1682 1258 1707 etiam
1270 1681 1337 1716 quid
1348 1686 1427 1712 esset,
1441 1681 1560 1713 fortasse,
1573 1682 1597 1707 si
1607 1689 1675 1716 opus
1686 1680 1790 1711 fuisset,
1803 1679 1871 1706 defi-

1076 1719 1177 1744 nisses:
1190 1723 1244 1749 aut,
1252 1718 1325 1753 quod
1335 1723 1405 1744 esset
1416 1723 1510 1744 natura
1520 1717 1714 1753 appetendum:
1729 1722 1783 1747 aut.
1796 1716 1869 1752 quod

1075 1755 1226 1790 prodesset;
1240 1759 1294 1785 aut.
1307 1755 1380 1790 quod
1390 1756 1506 1787 iuvaret3
1521 1760 1574 1785 aut,
1588 1754 1660 1790 quod
1673 1755 1767 1781 liberet
1779 1754 1868 1781 modo.

1076 1791 1241 1822 Nuncidetn,
1249 1792 1302 1818 nisi
1309 1791 1451 1819 molestum
1457 1797 1506 1823 est,
1514 1793 1642 1827 quoniam
1654 1792 1704 1818 tibi
1715 1800 1768 1819 non
1779 1792 1869 1818 omni·

1075 1828 1367 1864 nodisplicetdefinire,
1376 1834 1402 1856 et
1414 1829 1441 1856 id
1452 1828 1528 1860 facis,
1541 1838 1626 1864 quum
1638 1830 1693 1861 νᾶες
1707 1828 1789 1855 velim
1800 1828 1869 1855 defi-

1075 1866 1148 1898 nias,
1165 1866 1233 1901 quid
1247 1867 1282 1893 sit
1296 1866 1435 1901 voluptas:
1457 1866 1491 1893 de
1506 1875 1560 1901 quo
1570 1867 1659 1893 omnis
1671 1866 1735 1892 haec
1746 1866 1868 1901 quaestio

1075 1908 1124 1930 est.
1164 1905 1190 1929 6.
1211 1903 1278 1935 Quis
1288 1911 1398 1938 quaeso.
1415 1904 1514 1938 inquit,
1530 1909 1579 1934 est,
1591 1904 1649 1938 qui,
1663 1902 1730 1938 quid
1741 1904 1776 1929 sit
1789 1902 1868 1929 volu-

1074 1945 1142 1975 ptus,
1156 1941 1270 1967 nesciat:
1284 1946 1330 1967 aut
1339 1941 1397 1975 qui,
1410 1948 1464 1975 quo
1475 1941 1562 1976 magis
1573 1940 1601 1967 id
1612 1940 1758 1976 intelligat.
1770 1939 1868 1966 defini-

1075 1978 1174 2004 tionem
1193 1977 1312 2012 aliquam
1328 1977 1480 2004 desideret?
1499 1978 1541 2004 Me
1556 1979 1647 2013 ipsum
1662 1985 1721 2004 esse
1736 1977 1864 2007 dicerem,

1074 2016 1184 2050 inquam
1193 2035 1199 2046 ,
1221 2015 1275 2041 nisi
1290 2015 1359 2041 mihi
1370 2015 1477 2041 viderer
1487 2015 1586 2042 habere
1595 2015 1663 2041 bene
1673 2015 1807 2050 cognitam
1818 2022 1867 2040 vo-

1074 2052 1204 2087 luptatem
1218 2057 1245 2079 et
1258 2053 1324 2079 satis
1339 2052 1415 2078 firme
1430 2057 1585 2087 conceptam
1599 2053 1689 2078 animo
1702 2056 1782 2087 atque
1791 2059 1867 2078 com—

1073 2089 1244 2124 prehensam.
1284 2089 1362 2116 Nunc
1372 2094 1461 2116 autem
1471 2089 1541 2117 dico.
1554 2090 1645 2124 ipsum
1658 2089 1805 2124 Epicurum
1817 2096 1867 2114 ne-

1072 2127 1141 2153 scire
1156 2127 1220 2153 etin
1231 2135 1263 2153 eo
1273 2131 1380 2153 nutare:
1397 2135 1529 2161 eumque,
1541 2127 1590 2162 qui
1600 2126 1694 2153 crebro
1704 2125 1788 2156 dicat,
1800 2124 1866 2151 dili-

1072 2168 1166 2200 genter
1175 2169 1294 2198 oportere
1305 2164 1431 2199 exprimi,
1439 2165 1556 2199 quaevis
1563 2163 1683 2190 subiecta
1693 2163 1730 2189 sit
1739 2162 1861 2193 vocibus,

1072 2209 1124 2228 non
1140 2200 1290 2236 intelligere
1305 2201 1455 2229 interdum.
1477 2201 1544 2236 quid
1559 2205 1634 2227 sonet
1644 2200 1710 2226 haec
1720 2208 1773 2226 vox
1785 2198 1864 2225 volu-

1071 2239 1160 2273 ptatis,
1169 2238 1197 2264 id
1207 2243 1256 2268 est,
1265 2246 1334 2273 quae
1344 2246 1387 2264 res
1399 2238 1462 2264 huic
1472 2239 1532 2265 voci
1542 2238 1712 2264 subiiciatur.
1732 2237 1776 2263 ΠΙ.
1788 2236 1863 2262 Tunc

1071 2275 1117 2302 ille
1128 2275 1233 2306 ridens,
1246 2275 1300 2301 Hoc
1314 2284 1390 2305 vero,
1404 2276 1506 2310 inquit,
1518 2275 1665 2310 optimum,
1678 2278 1708 2300 ut
1717 2274 1754 2304 is,
1771 2273 1819 2308 qui
1831 2273 1864 2299 fi-

1070 2320 1132 2339 nem
1148 2320 1238 2339 rerum
1253 2312 1465 2348 expetendarum
1479 2312 1643 2347 voluptatem
1655 2319 1714 2337 esse
1728 2310 1800 2336 dicat
1809 2331 1815 2341 ,
1833 2310 1862 2337 id

1069 2354 1234 2380 extremum.
1252 2349 1280 2375 id
1295 2349 1422 2376 ultimum
1436 2350 1581 2382 bonorum;
1599 2349 1627 2375 id
1637 2349 1727 2383 ipsum
1737 2347 1859 2382 quidem,

1069 2385 1148 2421 quale
1159 2387 1203 2417 sit,
1217 2387 1331 2413 nesciat!
1345 2387 1437 2421 Atqui,
1451 2387 1571 2421 inquam,
1583 2391 1628 2412 aut
1638 2385 1782 2419 Epicurus,
1793 2384 1861 2419 quid

1069 2424 1104 2450 sit
1117 2423 1255 2458 voluptas,
1278 2429 1324 2450 aut
1337 2431 1431 2450 omnes
1446 2423 1584 2453 mortales,
1605 2422 1653 2457 qui
1668 2421 1771 2455 ubique
1785 2426 1858 2451 sunt,

1069 2461 1203 2487 nesciunt.
1243 2460 1374 2492 Quonam,
1386 2461 1483 2496 inquit,
1501 2458 1598 2486 modo?
1615 2459 1683 2491 Quia
1694 2458 1860 2492 voluptatem

1068 2497 1137 2524 hanc
1147 2498 1268 2525 sentiunt
1277 2506 1380 2528 omnes,
1392 2506 1474 2532 quam
1484 2505 1580 2523 sensus
1590 2496 1726 2530 accipiens
1736 2500 1861 2522 movetur

1067 2539 1093 2561 et
1106 2534 1274 2562 iucunditate
1293 2534 1410 2570 quadam
1425 2533 1606 2569 perfunditur.
1645 2533 1671 2558 7.
1695 2531 1767 2563 Quid
1784 2540 1857 2567 ergo.

1068 2572 1146 2598 istam
1157 2571 1331 2607 voluptatem,
1339 2571 1437 2606 inquit,
1445 2571 1579 2605 Epicurus
1585 2568 1707 2605 ignorat?
1717 2570 1774 2595 Non
1785 2577 1859 2595 sem-

1066 2617 1127 2643 per,
1152 2609 1275 2644 inquam.
1314 2609 1383 2635 Nam
1407 2607 1542 2634 interdum
1567 2607 1650 2633 nimis
1669 2606 1751 2632 etiam
1771 2606 1856 2636 novit,

1065 2646 1168 2682 quippe
1178 2647 1227 2681 qui
1237 2645 1406 2677 testificetur,
1427 2652 1461 2672 ne
1470 2643 1620 2681 intelligere
1633 2642 1744 2680 quidem
1755 2651 1784 2669 se
1793 2651 1860 2678 pos-
