1941 3052
367 155 415 180 IN
446 154 478 186 Q.

67 226 166 253 litteras
181 225 362 260 suspicantur.
385 226 426 251 29.
442 225 542 251 Deinde
557 229 737 251 accusatorem
753 224 860 250 firmum

66 272 213 298 verumque
228 272 287 289 esse
301 267 412 297 oportet.
439 262 508 288 Eum
519 271 568 298 ego
582 263 605 288 si
620 267 643 288 te
657 267 749 297 putem
763 269 861 296 cupere

65 310 138 332 esse,
160 300 236 327 facile
254 300 376 335 intelligo
395 308 455 325 esse
473 308 526 326 non
545 308 634 334 posse.
675 301 728 325 Nec
746 307 776 325 ea
790 299 859 329 dico,

65 347 143 374 quae,
160 338 184 364 si
197 338 297 368 dicam,
315 342 403 363 tamen
414 337 548 363 infirmare
558 346 610 363 non
622 337 725 371 possis:
741 341 775 367 te,
789 339 863 362 ante-

65 384 147 410 quam
161 375 194 401 de
209 375 299 402 Sicilia
318 374 480 405 decesseris,
501 375 529 400 in
547 375 660 409 gratiam
678 373 781 400 redisse
800 381 862 399 cum

65 413 159 440 Verre:
178 413 358 442 Potamonem,
375 412 490 437 scribam
505 416 530 437 et
544 412 704 437 familiarem
719 415 805 441 tuum,
821 418 864 436 re-

66 454 169 476 tentum
184 458 243 475 esse
257 458 271 476 a
285 450 366 475 Verre
381 449 408 475 in
427 449 578 483 provincia,
599 457 684 483 quum
703 453 732 474 tu
750 447 863 473 decede-

65 496 122 514 res:
143 487 179 513 M.
195 486 350 517 Caecilium,
367 486 474 512 fratrem
489 490 574 517 tuum,
592 485 769 512 lectissimum
783 488 862 519 atque

65 524 269 551 ornatissimum
291 524 500 554 adolescentem,
525 532 577 549 non
600 523 679 549 modo
698 531 750 549 non
768 521 863 548 adesse

66 570 154 596 neque
173 566 260 588 tecum
279 565 338 587 tuas
357 561 470 587 iniurias
489 560 629 595 persequi:
658 559 705 586 sed
724 567 783 585 esse
801 567 863 584 cum

65 599 160 626 Verre:
183 608 245 624 cum
259 598 306 625 illo
320 598 532 624 familiarissime
546 601 625 631 atque
639 596 804 623 amicissime
822 596 864 621 vi—

67 645 138 662 vere.
180 636 248 662 Sunt
262 636 327 662 haec
341 640 366 662 et
379 635 430 661 alia
444 635 472 661 in
487 638 511 661 te
526 634 587 660 falsi
606 633 767 660 accusatoris
786 633 863 667 signa

66 672 213 708 permulta:
238 673 338 708 quibus
353 681 402 708 ego
415 681 487 698 nunc
500 681 553 698 non
568 675 640 698 utor:
666 671 716 697 hoc
733 671 806 701 dico,
827 674 860 701 tc,

66 711 90 737 si
109 711 226 737 maxime
243 711 350 744 cupias.
380 714 468 736 tamen
491 717 586 735 verum
604 712 784 734 accusatorem
803 715 863 733 esse

67 757 119 774 non
134 756 223 782 posse.
264 749 305 773 30.
326 747 410 774 Video
424 747 495 772 enim
510 745 642 780 permulta
661 753 721 772 esse
739 745 861 775 crimina,

66 794 182 820 quorum
197 785 245 811 tibi
259 785 372 811 societas
387 793 450 810 cum
464 784 544 810 Verre
559 783 694 810 eiusmodi
712 786 765 813 est,
786 785 815 808 ut
833 790 863 807 ea

66 823 94 849 in
108 822 258 849 accusando
271 822 400 857 attingere
414 829 465 847 non
480 820 590 847 audeas.
623 820 659 846 X.
680 819 807 852 Queritur
821 819 864 845 Si-

65 859 127 886 cilia
139 863 199 890 tota,
213 859 241 886 C.
254 859 363 886 Verrem
377 858 410 884 ab
424 858 583 889 aratoribus,
596 866 682 893 quum
696 857 863 883 frumentum

65 897 119 923 sibi
133 897 160 922 in
175 896 270 922 cellam
284 896 472 931 imperavisset
489 899 514 921 et
528 904 613 930 quum
627 899 699 921 esset
712 895 793 921 tritici
807 902 865 920 mo-

66 934 128 960 dius
142 934 206 960 H-S
220 935 255 965 11,
281 942 330 968 pro
347 933 482 959 frumento
500 933 527 958 iu
543 932 645 959 modios
659 932 783 968 singulos
797 931 865 958 duo-

65 971 149 998 denos
163 971 299 998 sestertios
314 971 446 1006 exegisse.
486 971 613 1005 Magnum
632 970 747 1001 crimen,
768 970 864 1004 ingens

66 1009 189 1044 pecunia,
202 1008 303 1035 furtum
313 1008 467 1042 impudens,
480 1008 580 1034 iniuria
590 1016 643 1034 non
654 1007 772 1033 ferenda.
808 1007 865 1042 Ego

66 1046 116 1073 hoc
130 1055 183 1073 uno
197 1046 309 1072 crimine
322 1046 402 1072 illum
420 1045 596 1072 condemnem
615 1053 726 1071 necesse
744 1048 798 1071 est:
823 1048 861 1075 tu,

66 1083 173 1115 Caecili,
190 1083 256 1118 quid
270 1082 370 1110 facies‘?
409 1085 449 1109 31.
472 1083 566 1109 Utrum
581 1082 631 1109 hoc
644 1086 748 1108 tantum
762 1081 873 1114 crimen,

66 1122 275 1156 praetermittes,
300 1130 333 1147 an
352 1119 482 1147 obiicies‘?
508 1119 538 1146 Si
556 1120 681 1151 obiicies,
706 1119 769 1146 idne
788 1118 864 1145 alteri

66 1159 173 1185 crimini
187 1158 278 1190 dabis,
299 1158 372 1193 quod
386 1157 479 1184 eodem
493 1161 626 1192 tempore,
648 1157 676 1184 in
695 1157 788 1183 eadem
803 1165 865 1191 pro-

66 1196 154 1222 vincia
169 1199 198 1222 tu
211 1196 270 1230 ipse
285 1195 390 1222 fecisti?
415 1195 535 1222 Audebis
550 1195 586 1222 ita
600 1203 725 1221 accusare
739 1194 861 1225 alterum,

65 1237 104 1264 ut,
116 1242 170 1269 quo
184 1233 275 1259 minus
290 1236 345 1259 tute
359 1233 544 1263 condemnere,
557 1241 680 1258 recusare
694 1241 746 1258 non
758 1231 866 1267 possis?

66 1270 114 1297 Sin
125 1270 334 1305 praetermittes:
355 1270 444 1305 qualis
458 1270 508 1296 erit
516 1270 567 1296 ista
578 1273 623 1296 tua
633 1270 779 1300 accusatio,
796 1277 865 1304 quae

65 1307 208 1334 domestici
225 1307 338 1342 periculi
356 1312 429 1334 metu
447 1307 592 1334 certissimi
610 1311 636 1333 et
649 1307 761 1333 maximi
774 1307 866 1333 crimi-

66 1346 109 1372 nis
124 1354 176 1372 non
191 1345 270 1371 modo
284 1345 481 1379 suspicionem,
497 1353 592 1371 verum
606 1345 686 1370 etiam
700 1344 865 1370 mentionem

65 1383 154 1418 ipsam
173 1381 362 1417 pertimescat?
400 1384 441 1408 32.
462 1382 591 1416 Emptum
610 1386 651 1408 est
668 1390 702 1408 ex
720 1381 747 1408 S.
764 1381 793 1408 C.
809 1380 866 1407 fru-

67 1425 189 1447 mentum
203 1420 236 1446 ab
247 1419 346 1446 Siculis
361 1423 481 1454 praetore
490 1419 585 1447 Verre:
601 1427 650 1454 pro
663 1427 717 1454 quo
731 1418 866 1445 frumento

66 1458 181 1493 pecunia
195 1457 283 1484 omnis
298 1456 385 1483 soluta
399 1465 451 1483 non
466 1460 516 1483 est.
545 1457 632 1483 Grave
646 1460 687 1482 est
700 1456 750 1483 hoc
763 1457 865 1482 crimen

65 1496 95 1522 in
108 1495 232 1523 Verrem:
252 1503 334 1531 grave
351 1503 395 1520 me
412 1498 521 1529 agente:
542 1498 567 1520 te
586 1498 728 1520 accusante
746 1493 863 1520 nullum.

65 1533 132 1560 Eras
146 1533 219 1559 enim
232 1536 262 1558 tu
275 1535 414 1567 quaestor:
431 1531 573 1566 pecuniam
583 1530 720 1566 publicam
731 1535 759 1557 tu
770 1535 866 1557 tracta—

66 1570 128 1597 bas:
150 1578 184 1596 ex
196 1578 262 1605 qua,
280 1569 386 1596 etiamsi
400 1573 509 1604 cuperet
523 1572 641 1603 praetor,
662 1572 750 1594 tamen
765 1577 798 1594 ne
812 1576 865 1603 qua

66 1607 192 1634 deductio
214 1606 301 1638 fieret,
325 1615 424 1642 magna
446 1614 480 1632 ex
502 1610 576 1640 parte
599 1610 644 1632 tua
662 1610 780 1640 potestas
799 1609 863 1632 erat.

66 1645 153 1672 Huius
175 1653 284 1680 quoque
305 1644 391 1679 igitur
412 1643 534 1670 criminis
557 1647 582 1669 te
604 1646 746 1669 accusante
765 1643 866 1669 mentio

67 1681 142 1710 nulla
155 1681 209 1709 fiet.
249 1681 379 1708 Silebitur
392 1684 446 1708 toto
459 1680 560 1707 iudicio
577 1680 611 1706 de
629 1680 756 1707 maximis
774 1685 800 1707 et
817 1688 866 1707 no-

66 1719 183 1747 tissimis
196 1718 272 1746 illius
286 1718 366 1746 furtis
381 1724 407 1745 et
419 1718 538 1744 iniuriis.
570 1718 638 1744 Mihi
652 1717 739 1749 crede,
755 1717 862 1748 Caecili.

67 1765 120 1784 non
134 1760 222 1792 potest
235 1757 263 1783 in
277 1755 428 1783 accusando
441 1756 528 1782 socios
542 1764 604 1782 vere
617 1754 761 1782 defendere
772 1755 804 1786 is,
817 1755 865 1790 qui

67 1803 130 1822 cum
140 1802 184 1821 reo
193 1794 339 1820 criminum
350 1793 475 1820 societate
485 1793 644 1820 coniunctus
655 1797 705 1819 est.
733 1794 774 1819 33.
790 1793 866 1819 Man-

67 1832 141 1867 cipes
151 1840 166 1858 a
175 1831 330 1858 civitatibus
340 1839 388 1866 pro
401 1830 536 1857 frumento
550 1831 692 1865 pecuniam
707 1833 864 1866 exegerunt.

68 1868 158 1902 Quid?
170 1869 224 1896 Hoc
232 1869 313 1896 Verre
323 1872 443 1904 praetore
453 1867 553 1894 factum
563 1872 604 1894 est
614 1867 721 1895 solnm‘?
734 1876 801 1894 non:
818 1867 865 1894 sed

68 1907 149 1934 etiam
166 1910 308 1942 quaestore
326 1905 450 1933 Caecilio.
490 1905 561 1938 Quid
579 1904 680 1941 igitur?
705 1904 817 1931 daturus
836 1913 865 1931 es

67 1943 132 1971 huic
145 1944 266 1976 crimini,
282 1943 354 1978 quod
368 1947 394 1969 et
407 1943 519 1977 potuisti
533 1942 676 1977 prohibere
690 1951 723 1968 ne
737 1942 824 1973 fieret,
841 1946 866 1968 et

67 1980 206 2008 debuisti?
231 1989 263 2008 an
283 1984 368 2008 totum
386 1980 415 2006 id
432 1979 589 2014 relinques?
613 1979 684 2015 Ergo
706 1979 734 2006 id
756 1979 866 2006 omnino

67 2019 163 2046 Verres
177 2019 205 2045 in
219 2018 320 2044 iudicio
333 2026 383 2044 suo
397 2026 449 2043 non
463 2017 567 2048 audiet,
588 2017 660 2052 quod
679 2025 765 2052 quum
785 2016 868 2043 facie-

68 2056 122 2088 bat,
138 2055 367 2091 quemadmodum
377 2053 539 2080 defensurus
550 2058 630 2086 esset,
642 2062 694 2080 non
705 2054 864 2089 reperiebat.

67 2093 116 2120 XI.
131 2092 219 2128 Atque
233 2101 282 2128 ego
295 2092 368 2124 haec,
380 2100 449 2127 quae
463 2091 491 2118 in
505 2091 594 2118 medio
607 2091 693 2126 posita
708 2095 780 2123 sunt,
793 2099 866 2118 com-

69 2138 196 2157 memoro.
237 2129 307 2156 Sunt
323 2129 374 2156 alia
392 2129 479 2164 magis
497 2128 600 2155 occulta
618 2128 701 2155 furta:
726 2137 795 2164 quae
809 2128 863 2160 ille,

71 2171 100 2195 ut
117 2168 211 2199 istius,
235 2166 327 2198 credo,
352 2166 456 2193 animos
475 2169 555 2201 atque
573 2166 691 2201 impetus
710 2166 864 2198 retardaret,

69 2213 131 2232 cum
144 2208 285 2240 quaestore
299 2212 349 2230 suo
363 2203 558 2239 benignissimo
571 2203 790 2230 communicavit.
822 2204 864 2229 34.

68 2242 139 2269 Haec
156 2246 185 2269 tu
203 2242 257 2268 scis
275 2241 308 2268 ad
327 2249 370 2267 me
388 2249 447 2267 esse
465 2240 566 2267 delata:
589 2249 659 2275 quae
672 2241 696 2267 si
711 2240 792 2267 velim
806 2249 867 2275 pro-

69 2279 151 2311 ferre,
172 2278 249 2306 facile
267 2287 360 2305 omnes
379 2277 542 2314 intelligent,
563 2278 640 2304 vobis
659 2278 729 2305 inter
746 2286 794 2304 vos
813 2286 865 2304 non

69 2316 149 2344 modo
159 2316 323 2343 voluntatem
337 2315 423 2342 fuisse
437 2315 615 2346 coniunctam,
631 2315 679 2341 sed
693 2323 726 2341 ne
740 2315 866 2350 praedam

69 2353 181 2389 quidem
195 2353 283 2380 adhuc
296 2361 356 2380 esse
370 2352 498 2379 divisam.
538 2351 706 2387 Quapropter
718 2353 742 2378 si
757 2352 806 2379 tibi
825 2353 867 2379 in-

69 2391 172 2418 dicium
190 2390 311 2426 postulas
329 2390 401 2421 dari,
421 2389 494 2424 quod
509 2393 596 2416 tecum
613 2398 664 2416 una
678 2389 783 2421 fecerit,
804 2398 868 2416 con-

69 2428 148 2461 cedo,
168 2428 193 2455 si
210 2428 238 2455 id
257 2428 315 2464 lege
332 2427 504 2463 permittitur.
545 2426 593 2453 Sin
607 2430 696 2453 autem
710 2426 744 2453 de
757 2435 868 2453 accusa—

70 2466 142 2493 tione
159 2465 290 2496 dicimus;
318 2464 448 2491 concedas
466 2468 570 2498 oportet
587 2464 634 2495 iis,
658 2464 706 2499 qui
725 2463 800 2490 nullo
818 2472 868 2490 suo

70 2506 179 2538 peccato
191 2502 386 2538 impediuntur,
402 2510 457 2536 quo
470 2501 561 2528 minus
575 2500 686 2527 alterius
701 2505 806 2535 peccata
820 2501 868 2527 de-

70 2543 218 2567 monstrare
237 2539 351 2574 possint.
390 2540 433 2566 35.
454 2538 492 2565 Ac
509 2538 583 2570 vide,
604 2542 736 2573 quantum
754 2537 868 2564 interfu-

71 2581 162 2604 turum
172 2577 286 2604 sitinter
295 2585 382 2603 meam
396 2581 476 2611 atque
490 2580 562 2602 tuam
577 2575 783 2602 accusationem.
811 2575 868 2611 Ego

71 2614 165 2646 etiam,
185 2622 255 2650 quae
272 2618 302 2641 tu
320 2614 379 2640 sine
392 2613 473 2641 Verre
491 2613 652 2640 commisisti
666 2613 741 2640 Verri
759 2613 867 2639 crimini

71 2651 183 2678 daturus
197 2659 274 2684 sum,
293 2651 366 2687 quod
380 2654 405 2678 te
418 2659 471 2677 non
485 2650 666 2686 prohibuerit,
686 2658 772 2685 quum
791 2658 868 2676 sum-

71 2696 143 2716 mam
157 2689 215 2724 ipse
229 2688 340 2716 haberet
352 2692 526 2724 potestatem:
545 2691 573 2715 tu
587 2691 677 2715 contra
691 2695 724 2714 ne
738 2695 807 2723 quae
821 2686 868 2714 illo

511 153 791 181 CAECILIUM
823 152 1100 180 DIVINATIO.
1136 152 1233 179 CAP.
1268 154 1400 179 5—13.

1657 155 1705 180 237

911 223 1022 259 quidem
1041 223 1103 250 fecit
1121 223 1245 255 obiicies,
1270 232 1303 250 ne
1325 232 1378 259 qua
1400 232 1434 250 ex
1455 228 1530 258 parte
1547 224 1707 250 coniunctus

912 270 974 287 cum
989 270 1019 287 eo
1033 269 1174 295 reperiare.

967 298 1038 330 Quid
1056 298 1114 328 illa,
1136 297 1252 324 Caecili?
1277 297 1505 324 contemnendane
1519 298 1568 324 tibi
1582 298 1709 324 videntur

914 344 982 366 esse,
999 336 1057 361 sine
1071 335 1171 370 quibus
1185 343 1282 361 caussa
1296 336 1436 366 sustineri,
1453 336 1610 370 praesertim
1626 340 1707 365 tanta,

914 373 988 399 nullo
1008 372 1086 399 modo
1104 371 1209 407 potest?
1234 372 1324 407 aliqua
1342 372 1455 398 facultas
1477 372 1593 408 agendi‘?
1619 372 1709 407 aliqua

914 410 1021 436 dicendi
1035 408 1219 436 consuetudo?
1241 409 1330 444 aliqua
1344 410 1372 436 in
1386 409 1450 440 foro,
1467 410 1585 441 iudiciis,
1603 410 1709 445 legibus

914 451 960 473 aut
977 447 1043 473 ratio
1061 451 1106 473 aut
1125 447 1295 473 exercitatio?
1333 449 1374 473 36.
1396 447 1530 482 Intelligo,
1551 456 1633 482 quam
1652 456 1710 473 sco-

914 484 1009 519 puloso
1023 484 1182 518 difficilique
1197 484 1224 510 in
1239 484 1295 510 loco
1309 493 1409 510 verser.
1441 485 1507 510 Nam
1522 493 1607 519 quum
1622 484 1710 511 omnis

914 522 1063 557 arrogantia
1077 521 1168 547 odiosa
1183 525 1230 551 est,
1245 525 1301 547 tum
1316 521 1361 547 illa
1376 522 1478 557 ingenii
1492 526 1572 556 atque
1582 521 1711 556 eloquen-

915 560 966 585 tiae
980 558 1065 584 multo
1078 558 1279 584 molestissima.
1320 558 1499 590 Quamobrem
1514 559 1581 585 nihil
1600 559 1660 585 dico
1678 558 1711 585 de

915 604 974 622 meo
988 596 1110 631 ingenio:
1127 604 1214 630 neque
1229 600 1277 626 est,
1290 596 1362 630 quod
1377 597 1479 630 possim
1493 596 1594 622 dicere:
1611 604 1708 631 neque,

915 633 939 659 si
953 637 1033 664 esset,
1049 632 1176 658 dicerem.
1216 632 1270 659 Aut
1283 633 1355 658 enim
1369 633 1397 659 id
1412 634 1479 659 mihi
1493 634 1559 659 satis
1573 638 1622 664 est,
1638 633 1712 668 quod

915 674 956 696 est
969 670 1002 695 de
1016 678 1059 695 me
1072 669 1222 704 opinionis,
1238 670 1373 704 quidquid
1387 675 1441 697 est:
1461 674 1519 702 aut,
1537 671 1560 697 si
1574 671 1601 697 id
1615 679 1711 705 parum

915 711 964 738 est,
977 715 1026 742 ego
1039 707 1127 733 maius
1142 707 1169 732 id
1183 707 1415 734 commemorando
1429 707 1514 734 facere
1525 716 1577 734 non
1588 716 1710 742 possum.

914 745 973 771 XII.
996 745 1037 770 37.
1059 745 1153 775 Dete,
1178 743 1289 775 Caecili,
1315 744 1368 770 iam
1391 745 1544 771 mehercule
1567 745 1615 771 hoc
1638 750 1712 771 extra

915 781 984 808 hanc
997 781 1193 808 contentionem
1207 785 1395 816 certamenque
1409 786 1531 808 nostrum
1546 781 1713 808 familiariter

915 823 1004 845 tecum
1024 818 1126 853 loquar.
1167 819 1207 844 Tu
1226 819 1285 853 ipse
1307 819 1538 854 quemadmodum
1561 820 1710 850 existimes,

915 856 977 883 vide
991 856 1072 882 etiam
1086 860 1166 890 atque
1179 856 1274 882 etiam:
1290 860 1316 882 et
1329 860 1359 882 tu
1372 860 1397 883 te
1411 856 1521 892 collige:
1537 861 1563 882 et
1576 857 1624 891 qui
1638 857 1676 882 sis
1687 861 1714 882 et

915 893 981 929 quid
995 893 1081 920 facere
1095 893 1197 928 possis,
1214 893 1364 920 considera.
1404 894 1530 925 Putasne,
1548 898 1572 920 te
1586 902 1666 928 posse
1679 894 1713 920 de

915 931 1042 957 maximis
1060 931 1298 966 acerbissimisque
1316 931 1411 963 rebus,
1432 940 1517 966 quum
1531 940 1655 957 caussam
1670 939 1714 957 so-

915 969 1018 995 ciorum
1037 968 1212 1003 fortunasque
1231 969 1398 1003 provinciae,
1419 969 1463 995 ius
1481 969 1575 1003 populi
1589 969 1711 999 Romani,

915 1006 1074 1042 gravitatem
1088 1005 1183 1031 iudicii
1199 1006 1346 1041 legumque
1361 1006 1523 1041 susceperis,
1540 1010 1577 1032 tot
1591 1014 1642 1037 res,
1660 1010 1713 1032 tam

915 1052 1025 1079 graves,
1041 1047 1095 1069 tam
1110 1043 1198 1069 varias
1213 1052 1290 1075 voce,
1307 1044 1449 1075 memoria,
1466 1043 1587 1074 consilio,
1604 1043 1714 1079 ingenio

916 1080 1069 1108 sustinere?
1107 1082 1148 1107 38.
1170 1081 1287 1107 Putasne
1301 1085 1326 1108 te
1340 1089 1432 1116 posse,
1449 1089 1518 1116 quae
1532 1081 1561 1107 C.
1577 1081 1671 1107 Verres
1686 1081 1714 1106 in

916 1123 1069 1153 quaestura,
1086 1126 1154 1153 quae
1168 1118 1196 1144 in
1212 1118 1351 1154 legatione,
1367 1127 1436 1153 quae
1450 1119 1478 1145 in
1492 1122 1629 1153 praetura,
1645 1126 1715 1152 quae

915 1156 1023 1187 Romae,
1039 1164 1108 1191 quae
1122 1156 1150 1182 in
1163 1155 1247 1188 Italia,
1264 1165 1333 1191 quae
1347 1156 1374 1182 in
1385 1156 1493 1187 Achaia,
1506 1156 1569 1182 Asia
1580 1155 1715 1190 Pamphy-

917 1193 1007 1229 liaque
1020 1194 1139 1228 patrarit,
1153 1201 1191 1224 ea,
1208 1193 1438 1228 quemadmodum
1453 1193 1518 1220 locis
1534 1193 1715 1228 temporibus—

916 1239 970 1266 que
979 1231 1067 1258 divisa
1078 1231 1141 1262 sint,
1150 1232 1189 1257 sic
1195 1231 1356 1257 criminibus
1366 1235 1392 1258 et
1401 1231 1520 1258 oratione
1529 1229 1716 1266 distinguere?

915 1269 1033 1295 Putasne
1046 1277 1139 1303 posse,
1160 1268 1188 1294 id
1202 1268 1274 1303 quod
1288 1269 1316 1295 in
1330 1268 1464 1295 eiusmodi
1479 1277 1522 1295 reo
1537 1269 1653 1294 maxime
1668 1276 1715 1294 ne-

916 1306 1065 1332 cessarium
1079 1310 1133 1337 est,
1149 1305 1248 1337 facere,
1265 1310 1307 1337 ut,
1323 1314 1393 1341 quae
1407 1305 1453 1332 ille
1468 1306 1624 1337 libidinose,
1645 1313 1715 1340 quae

916 1343 1031 1375 nefarie,
1051 1352 1120 1378 quae
1138 1343 1282 1369 crudeliter
1300 1343 1405 1375 fecerit,
1426 1352 1455 1370 ea
1474 1352 1559 1378 aeque
1576 1343 1670 1369 acerba
1690 1346 1716 1368 et

916 1380 1027 1417 indigna
1046 1380 1188 1407 videantur
1206 1389 1266 1407 esse
1283 1381 1332 1413 iis,
1352 1381 1399 1416 qui
1418 1380 1540 1412 audient,
1561 1384 1641 1415 atque
1659 1379 1714 1406 illis

917 1419 975 1444 visa
989 1422 1062 1449 sunt,
1078 1418 1126 1453 qui
1140 1418 1302 1445 senserunt?
1340 1420 1381 1444 39.
1403 1418 1498 1454 Magna
1513 1421 1577 1444 sunt
1590 1426 1629 1449 ea,
1645 1425 1715 1452 quae

917 1455 990 1487 dico,
1011 1455 1079 1481 mihi
1097 1455 1189 1481 crede:
1210 1455 1265 1482 noli
1284 1455 1350 1482 haec
1367 1460 1546 1482 contemnere.
1587 1454 1712 1484 Dicenda,

917 1492 1140 1524 demonstranda,
1160 1492 1319 1527 explicanda
1337 1497 1402 1519 sunt
1419 1493 1522 1519 omnia:
1547 1501 1642 1518 caussa
1662 1500 1714 1518 non

917 1529 1005 1556 solum
1032 1530 1202 1565 exponenda,
1231 1529 1279 1556 sed
1305 1530 1385 1556 etiam
1411 1530 1528 1565 graviter
1553 1530 1715 1564 copioseque

917 1567 1019 1603 agenda
1033 1572 1083 1594 est.
1116 1567 1312 1593 Perficiendum
1326 1571 1376 1598 est,
1389 1567 1488 1602 siquid
1503 1575 1581 1601 agere
1595 1571 1640 1592 aut
1654 1575 1715 1601 per-

918 1606 995 1631 ficere
1009 1605 1064 1636 vis,
1086 1608 1115 1631 ut
1130 1605 1252 1631 homines
1267 1609 1292 1631 te
1306 1613 1358 1631 non
1373 1604 1461 1631 solum
1476 1604 1599 1634 audiant,
1620 1612 1714 1630 verum

917 1642 997 1669 etiam
1009 1642 1122 1668 libenter
1132 1642 1307 1677 studioseque
1317 1642 1436 1668 audiant.
1464 1642 1492 1668 ln
1503 1650 1557 1677 quo
1567 1642 1590 1667 si
1606 1646 1629 1667 te
1644 1640 1716 1667 mul-

917 1684 975 1706 tum
990 1684 1083 1705 natura
1097 1679 1250 1711 adiuvaret;
1275 1680 1297 1705 si
1312 1679 1421 1714 optimis
1435 1688 1449 1705 a
1464 1679 1578 1713 pueritia
1592 1678 1715 1713 discipli-

917 1717 960 1743 nis
973 1721 1054 1752 atque
1068 1717 1170 1743 artibus
1185 1716 1338 1743 studuisses
1353 1721 1379 1743 et
1393 1717 1419 1743 in
1434 1716 1476 1742 his
1491 1716 1671 1745 elaborasses:
1691 1716 1714 1742 si

919 1754 1019 1781 litteras
1034 1754 1149 1781 Graecas
1163 1754 1289 1785 Athenis,
1311 1763 1363 1780 non
1382 1754 1516 1789 Lilybaei,
1538 1754 1645 1780 Latinas
1664 1754 1716 1779 Ro-

918 1800 985 1823 mae,
1002 1800 1055 1818 non
1069 1792 1096 1818 in
1108 1791 1198 1818 Sicilia
1213 1791 1370 1817 didicisses:
1387 1796 1475 1817 tamen
1490 1796 1562 1817 esset
1575 1799 1713 1826 magnum,

918 1833 1018 1856 tantam
1032 1837 1170 1860 caussam,
1191 1833 1244 1855 tam
1263 1833 1442 1863 exspectatam
1462 1833 1487 1855 et
1500 1828 1638 1864 diligentia
1653 1836 1716 1854 con-

918 1867 996 1902 sequi
1015 1870 1041 1893 ct
1058 1867 1186 1893 memoria
1203 1866 1345 1901 complecti
1365 1871 1390 1892 et
1407 1867 1525 1892 oratione
1544 1874 1677 1900 exponere
1691 1870 1717 1891 et

918 1912 982 1931 voce
995 1908 1021 1930 et
1035 1904 1139 1931 viribus
1154 1904 1297 1930 sustinere.
1330 1905 1370 1930 40.
1387 1904 1510 1930 Fortasse
1523 1903 1610 1930 dices:
1627 1901 1717 1935 Quid‘?

918 1950 981 1977 ergo
995 1941 1060 1968 haec
1074 1942 1101 1968 in
1116 1946 1140 1968 te
1155 1946 1219 1968 sunt
1231 1940 1339 1967 omnia‘?
1364 1941 1470 1968 Utinam
1485 1940 1595 1976 quidem
1610 1940 1714 1967 essent!

917 1979 1107 2006 Verumtamen
1129 1983 1157 2005 ut
1175 1987 1234 2005 esse
1252 1983 1376 2013 possent,
1397 1987 1494 2014 magno
1512 1978 1602 2004 studio
1620 1977 1686 2004 mihi
1701 1986 1715 2003 a

918 2016 1031 2051 pueritia
1051 2021 1092 2042 est
1109 2016 1285 2042 elaboratum.
1325 2016 1402 2048 Quod
1421 2017 1444 2042 si
1463 2024 1512 2051 ego
1530 2015 1595 2042 haec
1609 2019 1716 2050 propter

917 2053 1131 2090 magnitudinem
1155 2062 1245 2080 rerum
1267 2062 1297 2079 ac
1318 2053 1504 2080 difficultatem
1527 2053 1636 2087 assequi
1663 2060 1715 2078 non

918 2091 1006 2126 potui,
1027 2092 1074 2126 qui
1089 2091 1115 2117 in
1130 2091 1203 2117 omni
1218 2091 1271 2117 vitu
1286 2090 1353 2117 nihil
1368 2090 1442 2117 aliud
1456 2091 1512 2126 egi:
1537 2099 1619 2125 quam
1638 2089 1716 2124 longo

918 2133 947 2156 tu
961 2133 985 2155 te
999 2128 1033 2155 ab
1048 2129 1090 2155 his
1105 2128 1186 2155 rebus
1204 2128 1299 2154 abesse
1317 2128 1458 2159 arbitrare,
1479 2136 1546 2162 quas
1566 2136 1618 2154 non
1637 2126 1711 2153 mod(

917 2171 993 2192 antea
1008 2174 1156 2201 numquam
1171 2165 1302 2201 cogitasti,
1314 2165 1362 2191 scd
1373 2174 1406 2191 ne
1416 2174 1487 2191 nunc
1497 2164 1616 2200 quidem,
1629 2172 1714 2199 quum

917 2204 944 2230 in
959 2211 1003 2229 eas
1018 2203 1174 2237 ingrederis
1190 2211 1259 2238 quae
1273 2207 1298 2229 ct
1311 2207 1425 2237 quantae
1439 2203 1506 2233 sint,
1523 2202 1652 2236 suspicari
1668 2209 1714 2235 po-

918 2240 976 2267 tes‘?
1013 2240 1082 2266 xlu.
1099 2241 1140 2266 4⁴.
1160 2240 1226 2275 Ego,
1242 2241 1299 2275 qui,
1315 2240 1384 2266 sicut
1398 2248 1490 2266 omnes
1505 2240 1601 2269 sciunt,
1618 2240 1644 2265 in
1661 2238 1716 2264 foro

918 2278 1081 2312 iudiciisque
1100 2278 1134 2303 ita
1154 2286 1255 2308 verser,
1277 2281 1306 2303 ut
1324 2277 1444 2303 eiusdem
1464 2277 1556 2302 aetatis
1574 2281 1619 2302 aut
1638 2284 1715 2302 nenio

918 2319 963 2341 aut
982 2315 1059 2349 pauci
1079 2314 1170 2348 plures
1187 2322 1297 2340 caussas
1315 2313 1495 2345 defen‹lerint;
1520 2318 1545 2339 ct
1567 2314 1613 2348 qui
1637 2321 1715 2339 omno

918 2357 1038 2386 teinpus,
1058 2351 1131 2386 quod
1150 2351 1216 2377 milii
1234 2351 1267 2377 ab
1285 2352 1431 2377 amicorum
1451 2351 1563 2386 negotiis
1581 2350 1667 2380 datur,
1688 2351 1715 2377 in

920 2389 961 2415 his
975 2388 1073 2415 studiis
1090 2388 1280 2423 laboribusque
1297 2396 1467 2419 consumam,
1487 2397 1540 2422 quo
1555 2388 1668 2423 paratior
1682 2387 1715 2414 ad

919 2435 999 2452 usum
1015 2425 1146 2452 forensem
1161 2426 1361 2460 promptiorquc
1375 2434 1433 2451 csse
1448 2425 1562 2460 possim:
1581 2430 1667 2451 tamen
1680 2425 1715 2451 ita

918 2463 982 2490 deos
997 2463 1062 2489 mihi
1078 2462 1157 2489 veliin
1173 2463 1315 2498 propitios,
1337 2467 1378 2493 ut,
1398 2471 1484 2497 quum
1499 2462 1572 2488 illius
1587 2463 1715 2497 temporis

919 2501 986 2526 mibi
1001 2500 1073 2526 venit
1087 2500 1113 2526 in
1129 2504 1257 2530 mentem,
1278 2509 1332 2535 quo
1345 2499 1402 2530 die.
1421 2500 1501 2526 citato
1515 2508 1571 2530 reo,
1592 2499 1658 2526 mihi
1672 2499 1715 2526 di—

917 2537 1033 2564 cendum
1048 2538 1095 2568 sit,
1113 2546 1163 2563 non
1177 2536 1264 2563 solum
1279 2546 1447 2563 commoveor
1460 2537 1557 2568 animo,
1573 2536 1620 2563 sed
1635 2537 1714 2564 etiam

919 2579 972 2601 toto
985 2583 1092 2610 corpore
1107 2574 1287 2609 perhorresco.
1321 2576 1360 2601 42.
1377 2575 1429 2600 lum
1445 2583 1516 2601 nunc
1530 2579 1617 2601 mente
1631 2579 1657 2601 et
1669 2583 1714 2601 co·

918 2612 1044 2647 gitatione
1058 2612 1204 2647 prospicio.
1224 2616 1365 2647 quactum
1383 2612 1472 2638 studia
1492 2612 1645 2643 hominum,
1665 2613 1713 2647 qui

918 2658 1066 2676 concursus
1085 2648 1167 2675 futuri
1186 2649 1253 2676 sint:
1273 2654 1400 2685 quantam
1418 2649 1642 2684 exspectationem
1657 2657 1711 2675 ma-

917 2686 1031 2723 gnitudo
1044 2686 1138 2714 iudicii
1152 2686 1187 2713 sit
1200 2686 1324 2714 allatura:
1340 2691 1468 2722 quantam
1479 2686 1630 2714 auditorum
1643 2686 1709 2713 mul—
