1941 3052
227 147 275 172 aot
800 146 838 170 45.
875 145 908 170 M.
943 144 973 170 T.

227 225 274 243 non
285 216 371 242 edicto
380 215 472 241 consul
484 225 497 240 a
510 216 566 240 auis
578 214 629 240 diis
642 214 801 248 penatibns‘!
820 214 934 248 expellet
946 223 959 239 a
972 222 1015 248 pa-
1039 216 1041 225 ¹

228 253 293 280 trin‘?
312 253 419 286 deliget,
433 262 512 287 qinein
527 252 613 277 volet?
632 251 768 277 damnabit
781 256 860 285 atque
873 252 960 277 eiiciet
971 259 1018 277 no-

227 291 368 317 minatim?
389 291 447 319 llic,
461 290 482 314 si
497 297 622 323 uniquam
637 298 683 313 vos
694 297 748 317 eoa,
760 289 806 322 qui
821 297 891 314 nunc
903 289 976 318 estis,
991 288 1017 314 in

227 327 362 362 republica
375 327 428 352 fore
441 331 572 360 putasset,
591 326 612 351 si
624 325 739 359 denique
752 325 894 358 imaginem
906 325 1019 351 iudicio-

227 374 285 392 rum
302 369 346 390 aut
362 363 534 389 simulat-rum
547 362 655 397 aliquod
668 362 787 388 futurum
801 362 826 388 in
838 362 945 388 civitate
957 362 1019 388 reli-

226 411 310 437 quum
327 401 496 430 credidisset,
520 408 648 434 umquam
665 408 747 425 ausus
762 403 832 425 esset
847 404 969 425 senatum
985 399 1018 425 de

227 438 361 473 republica
375 437 483 463 tollere?
502 438 622 471 equitum
637 437 812 462 Romanorum
826 445 916 470 preces
928 445 1018 471 asper·
1040 443 1041 469 ᾖ

227 476 302 502 nuri?
316 475 417 501 civium
435 474 551 508 denique
566 474 685 500 omnium
699 474 774 499 novis
785 478 811 499 et
823 473 950 500 inauditis
961 473 1019 500 edi-

225 515 274 538 vtis
288 513 329 538 ius
343 512 546 546 libertatemque
559 511 726 545 pervertere?
972 510 975 517 '

282 551 322 575 31.
344 549 400 575 Etsi
417 557 459 574 me
474 548 658 574 attentissimis
674 548 771 574 animis
782 556 887 574 summa
899 556 960 574 cum
972 548 1019 574 be·
1039 557 1042 588 i

227 629 344 649 vestrum
360 623 483 654 miretur,
506 623 572 657 quid
589 623 652 649 haec
669 631 725 649 mea
741 623 824 648 oratio
835 627 886 648 tam
900 622 977 657 longa
989 631 1018 648 ac

226 667 278 687 tam
290 661 341 687 alte
351 661 461 695 repetita
478 660 554 691 velit,
572 665 617 686 aut
632 660 698 694 quid
714 660 746 686 ad
759 660 786 686 P.
800 660 879 685 Sestii
896 668 1017 685 caussam

225 707 329 729 eorum,
347 699 394 733 qui
410 702 470 724 ante
486 697 567 723 buius
583 698 748 723 tribunatum
766 697 957 732 rempublicam
974 705 1019 722 ve-

226 740 334 766 xarunt,
352 735 446 761 delicta
460 736 616 770 pertineant.
658 735 722 760 Μίίιί
735 739 823 760 autem
837 735 885 760 boc
897 734 1019 769 proposi-

226 777 282 799 tum
294 777 334 798 est
344 772 496 803 ostendere,
513 773 601 798 omnia
613 772 724 798 consilia
737 772 764 798 l'.
778 772 870 802 Sestii,
888 776 1019 797 mentem-

224 819 277 845 que
289 811 369 836 totius
380 810 531 835 tribunatus
544 809 610 835 banc
623 809 718 840 fuisse,
732 813 761 835 ut
772 808 882 835 afflictae
893 813 918 834 et
930 809 1019 843 perdi-

225 852 265 874 tae
277 847 448 881 reipublicae,
459 851 590 881 quantum
603 851 700 880 posset,
714 846 873 872 mederetur.
895 846 941 876 Ac.
955 847 978 872 si
991 847 1017 872 in

226 587 354 621 nignitate
366 586 473 617 auditis,
487 586 603 612 iudices:
622 590 709 612 tamen
722 594 821 616 vereor,
836 594 868 611 ne
879 585 941 620 quis
954 585 1018 611 forte
1046 591 1050 737 Ι

1040 625 1041 636 l

225 922 344 952 videbor,
358 921 523 956 ignoscitote.
558 922 623 947 Nam
635 925 660 947 et
672 920 745 947 illam
758 929 843 946 meam
855 920 957 946 cladem
971 929 1017 946 vos

211 962 251 985 ‘et
265 967 357 985 omnes
374 959 434 984 boni
451 959 598 984 maximum
615 966 674 984 esse
690 958 852 992 reipublicae
865 958 963 984 vulnus
975 958 1018 984 iu-

225 996 348 1027 dicastis;
371 1000 397 1022 et
409 996 434 1021 Ρ.
448 995 552 1021 Sestius
563 1000 603 1021 est
615 1004 690 1026 reus,
708 1004 759 1021 non
771 1004 829 1026 suo,
842 995 889 1021 sed
901 1003 958 1021 meo
971 1003 1018 1021 no-

226 1034 310 1065 mine,
333 1033 379 1068 qui
395 1041 480 1067 quum
497 1041 602 1059 omnem
619 1033 672 1058 vim
689 1033 732 1058 sui
749 1032 900 1058 tribunatus
916 1033 942 1058 in
959 1041 1017 1058 mea

225 1070 311 1097 salute
322 1071 526 1104 consumpserit.
536 1078 642 1096 neeesse
653 1074 702 1099 est,
711 1078 796 1095 meam
808 1078 930 1095 caussam
943 1078 1018 1104 prae-

226 1108 295 1134 teriti
316 1108 442 1142 temporis
462 1116 523 1133 cum
545 1108 626 1134 huius
643 1107 774 1142 praesenti
790 1106 944 1133 defensione
959 1115 1017 1133 esse

224 1146 403 1172 coniunctam.

280 1182 349 1208 XIV.
363 1184 404 1208 32.
427 1182 488 1208 Erat
503 1182 585 1217 igitur
601 1182 627 1208 in
645 1182 716 1208 luctu
732 1186 854 1208 senatus:
878 1180 1018 1216 squalebat

224 1220 327 1250 civitas,
338 1219 446 1254 publico
456 1219 566 1245 consilio
578 1224 677 1245 mutata
690 1224 775 1245 veste:
790 1218 894 1245 nullum
907 1219 1018 1245 eratlta-

227 1256 275 1283 liae
296 1257 488 1291 municipium,
512 1256 584 1282 nulla
605 1256 720 1287 colonia,
748 1256 820 1282 nulla
841 1256 1014 1290 praefectura,

225 1293 299 1320 nulla
310 1294 406 1320 Romae
418 1294 529 1320 societas
542 1293 726 1329 vectigalium,
745 1293 850 1319 nullum
862 1293 1014 1329 collegium,

225 1336 270 1357 aut
290 1331 431 1357 concilium
452 1335 497 1356 aut
516 1331 625 1357 omnino
645 1330 753 1365 aliquod
773 1339 914 1357 commune
929 1331 1018 1356 consi-

227 1368 305 1399 lium,
319 1368 390 1403 quod
402 1372 459 1394 tum
471 1376 522 1394 non
535 1368 802 1394 honorificentissime
813 1367 974 1394 decrevisset
985 1367 1018 1393 de
1039 1390 1040 1403 ,

225 1414 282 1431 mea
294 1405 393 1432 salute:
414 1414 499 1440 quum
511 1405 601 1431 subito
611 1405 719 1431 edicunt
730 1405 783 1432 duo
793 1405 931 1435 consules,
944 1410 974 1431 ut
984 1405 1017 1431 ad
1039 1405 1050 1449 ‘¹

797 1442 864 1474 Quis
887 1451 1017 1477 umquam
1039 1461 1049 1495 ι

224 1451 305 1469 suum
327 1443 454 1468 vestitum
475 1447 608 1468 senatores
631 1443 757 1469 redirent.

224 1479 317 1506 consul
329 1484 450 1506 senatum
462 1480 549 1514 ipsius
559 1480 673 1506 decretis
684 1488 775 1514 parere
786 1479 941 1514 prohibuit?
955 1480 1017 1514 quis

224 1522 353 1553 tyrannus
365 1518 476 1543 miseros
489 1517 579 1553 lugere
590 1517 692 1543 vetuit?
702 1518 833 1544 Parumne
844 1522 892 1547 est,
906 1517 975 1548 Piso,
989 1521 1019 1543 ut
1039 1540 1040 1551 ,

224 1555 344 1581 omittam
360 1554 519 1585 Gabinium,
541 1554 614 1589 quod
629 1559 731 1581 tantum
748 1554 870 1581 homines
887 1553 1015 1585 fefellisti,
1039 1556 1040 1564 ¹

224 1596 254 1618 ut
270 1591 419 1628 negligeres
434 1592 615 1618 auctoritatem
631 1591 757 1618 senatus?
777 1592 871 1626 optimi
884 1592 1018 1626 cuiusque

224 1629 334 1655 consilia
345 1628 546 1655 contemneres?
557 1629 749 1664 rempublicam
761 1628 905 1664 proderes‘.>
919 1637 1018 1656 consu-

226 1666 278 1692 lare
294 1675 390 1693 nomen
405 1665 554 1701 affligeres?
573 1666 694 1692 Etiamne
709 1667 811 1693 edicere
831 1665 962 1697 audebas,
985 1674 1018 1692 ne

225 1708 373 1729 maererent
383 1703 505 1729 homines
517 1711 616 1734 meam,
629 1712 706 1730 suam
715 1724 721 1734 ,
735 1703 898 1738 reipublicae
909 1703 1018 1729 calami-

225 1740 323 1767 tatem‘.²
343 1749 409 1766 neve
424 1740 496 1766 hunc
511 1749 591 1766 suum
606 1739 724 1767 dolorem
736 1745 809 1766 veste
820 1739 1019 1776 significarent‘.P

225 1777 288 1804 Sive
300 1777 344 1803 illa
356 1777 438 1803 vestis
450 1778 560 1804 mutatio
571 1777 603 1803 ad
615 1777 716 1804 luctum
728 1778 847 1812 ipsorum
859 1778 917 1803 sive
928 1777 960 1803 ad
972 1777 1019 1803 de-

225 1814 388 1850 precandum
404 1814 522 1844 valebat:
545 1815 607 1849 quis
622 1823 751 1849 umquam
763 1819 816 1840 tam
827 1814 945 1841 crudelis
957 1814 1016 1844 fuit,

225 1935 284 1953 rum
305 1925 433 1961 periculis
452 1926 578 1952 vestitum
599 1931 702 1952 mutare
722 1935 774 1953 non
797 1926 901 1952 solent‘?
923 1935 971 1961 pro
994 1931 1019 1952 te

225 1964 297 1998 ipso,
311 1964 385 1994 Piso,
399 1971 511 1989 nemone
522 1962 655 1989 mutabit?
664 1972 696 1989 ne
708 1964 752 1990 isti
763 1964 887 1998 quidem.
901 1972 969 1998 quos
981 1963 1019 1989 le-

223 2006 298 2036 gatos
310 2009 362 2027 non
374 2000 452 2027 modo
467 2000 541 2027 nullo
556 2001 802 2032 senatusconsulto,
819 2001 866 2027 sed
882 2002 960 2027 etiam
977 2009 1019 2027 re-

225 2042 361 2073 pugnante
376 2042 483 2068 senatu,
501 2042 556 2064 tute
572 2037 620 2064 tibi
633 2038 744 2074 legasti?
763 2039 832 2074 Ergo
845 2039 960 2065 bominis
972 2038 1019 2064 de-

225 2076 323 2110 sperati
339 2079 364 2101 et
380 2075 522 2109 proditoris
537 2075 700 2110 reipublicae
715 2084 807 2102 casum
824 2076 955 2111 lugebunt
966 2075 1020 2101 for·
1050 2077 1051 2083 ¹

225 2117 307 2143 tasse,
322 2113 368 2148 qui
381 2112 484 2138 volent:
506 2113 573 2138 civis
585 2112 766 2139 florentissimi
776 2113 960 2140 benevolentia
972 2113 1020 2139 bo·-

225 2158 329 2181 norum,
343 2155 367 2176 et
378 2151 478 2184 optime
489 2149 522 2175 de
533 2149 619 2176 salute
631 2151 730 2185 patriae
742 2151 838 2181 meriti,
855 2150 1016 2185 periculum,

224 2188 396 2214 coniunctum
408 2195 469 2213 cum
482 2187 600 2221 periculo
610 2188 735 2218 civitatis,
750 2188 840 2223 lugere
851 2188 955 2214 senatui
967 2196 1019 2214 non

225 2224 334 2251 licebit?
353 2224 436 2251 Iidem
447 2224 585 2256 consules,
603 2225 636 2259 (si
647 2225 799 2260 appellandi
811 2230 874 2252 sunt
883 2224 1016 2256 consules,

224 2270 292 2297 quos
305 2270 383 2288 nemo
393 2267 442 2293 est,
455 2262 521 2296 quin
534 2271 585 2288 non
597 2262 675 2289 modo
686 2271 719 2289 ex
730 2263 867 2294 memoria,
881 2263 927 2289 sed
939 2262 1019 2288 etiam

1039 743 1050 872 'r

225 884 390 919 exponendis
406 884 563 910 vulneribus
580 884 633 909 illis
648 883 681 909 de
697 892 739 909 me
755 884 812 918 ipso
833 883 909 918 plura
930 883 1018 909 dicere

1049 1331 1050 1334 ’
1071 1333 1158 1358 deero.

224 2307 257 2326 ex
270 2299 344 2325 fastis
356 2299 509 2325 evellendos
522 2299 618 2334 putet.)
633 2304 708 2334 pacto
723 2301 776 2326 iam
791 2300 897 2326 foedere
910 2300 1021 2334 provin-

223 2337 334 2367 ciarum,
347 2336 468 2371 producti
480 2337 507 2362 in
519 2338 588 2363 circo
598 2337 729 2364 Flaminio
739 2337 766 2363 in
776 2338 929 2364 concionem
942 2337 975 2363 ab
987 2336 1021 2363 il-
1042 2327 1045 2352 l

225 2373 249 2399 la
261 2373 329 2400 furia
340 2382 370 2400 ac
380 2378 454 2408 peste
465 2375 578 2408 patriae,
597 2374 714 2401 maximo
728 2383 791 2400 cum
805 2375 908 2410 gemitu
919 2378 1017 2405 vestro,

224 2410 269 2437 illa
285 2412 386 2442 omnia,
404 2419 473 2446 quae
489 2415 546 2437 tum
557 2416 646 2438 contra
657 2420 700 2438 me
717 2416 861 2447 contraque
872 2410 1021 2446 rempubli-

224 2455 282 2473 cam
297 2448 413 2479 dixerat,
435 2457 500 2475 voce
515 2457 545 2475 ac
559 2449 690 2475 sententia
704 2457 752 2475 sua
767 2448 1018 2483 comprobaverunt.

225 2484 283 2510 XV.
299 2485 397 2511 Iisdem
412 2485 570 2512 consulibus
585 2486 742 2512 sedentibus
756 2491 835 2521 atque
845 2486 1021 2520 inspectanti-

225 2520 286 2552 bus,
300 2521 350 2547 lata
362 2521 405 2548 lex
415 2527 468 2553 est,
484 2531 516 2549 ne
527 2523 647 2557 auspicia
658 2522 785 2553 valerent,
799 2532 831 2549 ne
841 2524 904 2558 quis
914 2523 1021 2549 obnun-

226 2558 309 2588 tiaret,
319 2567 350 2584 ne
360 2560 422 2593 quis
435 2559 486 2594 legi
497 2559 685 2586 intercederet:
698 2564 728 2586 ut
739 2560 864 2586 omnibus
876 2560 952 2586 fastis
963 2560 1021 2586 die-

226 2594 278 2620 bus
290 2594 375 2630 legem
387 2595 448 2622 ferri
461 2597 563 2623 liceret:
585 2602 615 2623 ut
626 2596 669 2623 lex
680 2596 766 2627 Aelia,
786 2596 828 2623 lex
839 2597 913 2623 Fufia
929 2606 962 2623 ne
973 2605 1020 2623 va-

228 2631 304 2657 leret:
325 2640 379 2666 qua
389 2641 441 2658 una
453 2634 599 2668 rogatione,
611 2634 674 2669 quis
685 2638 738 2664 est,
754 2634 865 2668 quinon
877 2634 1016 2669 intelligat,

227 2668 379 2695 universam
401 2670 594 2704 rempublicam
614 2679 673 2698 esse
695 2670 828 2697 deletam?
857 2672 898 2697 34.
920 2671 1018 2697 Iisdem

1008 144 1281 170 ClCEssONlS

1070 214 1227 240 consulibus
1248 215 1468 249 inspectantibus,
1491 224 1628 242 servorum
1644 215 1764 242 delectus
1779 215 1862 243 babe-

1071 252 1147 277 batur
1171 260 1218 286 pro
1242 252 1368 278 tribunali
1392 252 1512 282 Aurelio.
1543 255 1650 280 nomine
1677 253 1860 288 collegiorum,

1071 297 1155 323 quum
1173 289 1277 314 vicatim
1295 289 1415 315 bominea
1430 291 1672 321 conscriberentur,
1693 291 1863 317 decuria-en-

1072 331 1127 356 tur,
1141 325 1173 352 ad
1187 327 1250 355 vim,
1263 325 1295 351 ad
1308 334 1412 354 manua,
1421 326 1452 352 ad
1464 327 1620 357 caedem-d
1632 328 1810 362 direptionem
1822 328 1863 354 in·

1071 363 1223 389 citarentur.
1264 363 1360 389 lisdem
1376 363 1532 390 consulibua
1547 373 1618 390 arma
1634 366 1659 391 in
1672 365 1802 399 templum
1813 364 1863 391 Ca-

1072 401 1150 426 storis
1163 399 1248 434 palam
1260 400 1506 434 comportabantur.
1523 402 1622 436 gradus
1637 402 1756 428 eiusdem
1769 401 1863 436 templi

1072 437 1245 463 tollebantur:
1267 438 1359 463 armati
1376 437 1496 464 homines
1509 438 1594 464 forum
1604 444 1630 464 et
1640 440 1779 465 conciones
1791 444 1864 465 ten&

1072 475 1147 501 bant:
1170 474 1264 501 caedes
1282 474 1508 509 lapidationesque
1521 475 1631 502 fiebant:
1654 476 1746 502 nullus
1755 481 1810 502 erat
1820 484 1864 502 ae-

1072 517 1158 542 natus,
1168 511 1234 538 nibil
1246 512 1340 546 reliqui
1353 513 1536 547 magistratus:
1551 521 1620 538 unus
1630 514 1862 539 omnemomnium

1073 554 1227 583 potestatem
1239 550 1320 575 armis
1332 554 1357 575 et
1369 549 1512 575 latrociniis
1528 549 1693 584 possidebat,
1711 558 1762 576 non
1774 550 1863 585 aliqua

1073 587 1098 613 vi
1110 595 1172 613 sua.
1188 587 1234 612 sed
1245 595 1331 621 quum
1343 586 1397 612 duo
1407 587 1531 612 consules
1542 596 1555 612 a
1568 587 1702 621 republica
1715 587 1864 622 provincia-

1072 633 1130 650 rum
1145 623 1248 649 foedere
1259 624 1421 653 retraxisset,
1434 624 1587 654 insultabat,
1600 624 1864 655 dominabatur,aliia

1073 661 1255 696 pollicebatur,
1270 666 1366 687 terrore
1376 670 1405 687 ac
1417 666 1489 687 metu
1501 661 1609 692 multos,
1623 661 1714 696 plures
1725 662 1805 688 etiam
1816 669 1864 696 spe

1071 704 1096 725 ct
1107 699 1247 733 promissis
1259 698 1373 724 tenebat.

1127 737 1168 762 35.
1189 735 1262 767 Quae
1277 744 1361 770 quum
1378 740 1467 762 essent
1482 735 1628 766 eiusmodi,
1646 735 1761 766 iudices,
1777 743 1863 770 quum

1071 777 1179 799 senatus
1191 773 1273 799 duces
1285 772 1386 803 nullos,
1403 782 1433 798 ac
1449 782 1495 807 pro
1510 773 1625 799 ducibus
1641 773 1801 807 proditores,
1819 777 1865 799 aut

1072 811 1160 845 potius
1176 815 1279 845 apertos
1296 810 1385 836 hostes
1402 810 1523 836 baberet:
1546 815 1670 845 equester
1683 810 1748 836 ordo
1759 818 1820 836 reus
1830 809 1864 836 ab

1071 847 1228 874 consulibus
1239 848 1376 873 citaretur:
1394 847 1482 873 ltaliae
1494 848 1575 873 totius
1587 848 1727 874 auctoritas
1739 847 1865 881 repudia-

1071 890 1156 911 retur:
1179 885 1224 911 alii
1235 885 1391 911 nominatim
1404 884 1596 920 relegarentur,
1614 885 1658 911 alii
1671 889 1742 910 metu
1753 893 1782 910 ac
1794 884 1864 919 peri-

1070 922 1131 948 culo
1143 926 1316 948 terrerentur:
1329 931 1401 948 arma
1413 927 1501 948 essent
1513 923 1538 948 in
1552 922 1668 956 templis,
1681 922 1773 948 armati
1786 922 1813 948 in
1825 920 1864 948 fo-

1071 968 1112 986 ro:
1131 968 1215 994 eaque
1227 968 1278 985 non
1289 959 1396 985 silentio
1405 959 1547 985 consulum
1558 959 1803 988 dissimularentur,
1816 957 1862 984 sed

1071 1002 1096 1023 et
1108 1005 1170 1023 voce
1181 1002 1205 1022 et
1216 998 1346 1023 sententia
1356 996 1604 1030 comprobarentur:
1618 1005 1702 1030 quum
1714 1004 1808 1022 omnes
1814 995 1864 1022 Ur-

1048 1057 1049 1066 ,
1071 1034 1131 1060 bem
1144 1033 1261 1060 nondum
1273 1034 1389 1060 excisam
1401 1039 1426 1059 et
1436 1042 1556 1060 eversam
1565 1054 1571 1063 .
1588 1034 1634 1059 sed
1647 1035 1698 1059 iam
1709 1038 1813 1067 captam
1825 1037 1864 1059 at-

1048 1084 1049 1102 ]
1071 1080 1124 1106 que
1143 1079 1297 1105 oppressam
1320 1071 1486 1097 videremus:
1508 1076 1594 1097 tamen
1617 1071 1658 1096 his
1679 1071 1759 1096 tantis
1775 1070 1862 1100 malis,

1048 1107 1049 1142 l
1071 1113 1143 1134 tanto
1153 1109 1282 1134 bonorum
1294 1108 1391 1139 studio,
1405 1108 1520 1138 iudices.
1535 1109 1740 1134 restitissemus:
1763 1107 1810 1133 sed
1822 1115 1864 1133 me

1071 1145 1115 1172 alii
1127 1151 1213 1172 metus
1224 1150 1303 1180 atque
1315 1146 1380 1171 aliae
1391 1154 1469 1171 curae
1480 1146 1701 1180 suspicionesque
1712 1149 1862 1171 moverunt.

1071 1183 1140 1209 XVI.
1149 1185 1189 1209 36.
1202 1183 1340 1217 Exponam
1351 1183 1422 1208 enim
1434 1182 1562 1209 hodierno
1571 1182 1624 1212 die.
1637 1182 1863 1211 iudices.omnem

1048 1229 1049 1250 ;
1071 1221 1198 1246 rationem
1211 1219 1270 1246 facti
1282 1225 1307 1246 et
1317 1219 1422 1246 consilii
1435 1220 1501 1246 mei:
1519 1228 1606 1254 neque
1620 1219 1683 1245 huic
1695 1224 1782 1245 vestro
1793 1223 1865 1245 tanto

1070 1257 1160 1284 studio
1180 1257 1305 1283 audiendi
1326 1265 1413 1291 neque
1429 1265 1491 1283 vero
1507 1256 1570 1282 huie
1585 1261 1670 1282 tantae
1686 1255 1863 1286 multitudini,

1070 1300 1182 1329 quanta,
1197 1303 1254 1320 mea
1266 1295 1393 1320 memoria
1402 1314 1408 1324 ,
1426 1302 1575 1328 numquam
1587 1293 1643 1320 ullo
1653 1294 1680 1319 in
1692 1293 1792 1319 iudicio
1803 1293 1862 1323 fuit,

1200 1332 1265 1358 Nam
1274 1352 1280 1362 ,
1297 1332 1320 1358 si
1332 1340 1380 1367 ego
1391 1331 1418 1357 in
1429 1339 1523 1357 caussa
1535 1336 1587 1357 tam
1600 1330 1677 1361 bona,
1694 1335 1766 1357 tanto
1776 1329 1866 1356 studio

1070 1373 1193 1400 senatus,
1211 1377 1343 1395 consensu
1359 1373 1412 1395 tam
1428 1368 1579 1395 incredibili
1590 1368 1720 1395 bonorum
1731 1368 1862 1397 omnium,

1071 1412 1123 1433 tam
1136 1411 1234 1441 parato,
1243 1410 1294 1432 tota
1304 1405 1499 1441 deniqueltalia
1511 1406 1542 1432 ad
1554 1413 1659 1432 omnem
1670 1405 1864 1431 contentionem

1071 1444 1203 1479 expedita,
1216 1444 1283 1470 cessi
1297 1444 1396 1469 tribuni
1408 1443 1504 1478 plebis,
1516 1442 1724 1477 despicatissimi
1737 1442 1863 1472 hominis,

1072 1481 1166 1513 furori,
1183 1481 1472 1515 contemptissimorum
1483 1480 1624 1506 consulum
1638 1479 1770 1506 levitatem
1782 1478 1866 1505 auda-

1070 1520 1194 1554 ciamque
1205 1519 1345 1553 pertimui:
1364 1518 1477 1544 nimium
1489 1526 1532 1544 me
1544 1517 1678 1546 timidum.
1693 1516 1796 1543 nullius
1807 1517 1866 1543 ani·

1071 1557 1117 1586 mi,
1131 1556 1232 1583 nullius
1243 1555 1348 1582 consilii
1361 1555 1444 1581 fuisse
1455 1555 1589 1581 confiteor.
1611 1555 1652 1581 37.
1664 1553 1734 1586 Quid
1745 1554 1816 1580 enim
1827 1553 1866 1579 si-

1072 1593 1135 1620 mile
1147 1593 1198 1619 fuit
1209 1593 1235 1619 in
1242 1592 1274 1624 Q.
1282 1591 1406 1619 Metello?
1416 1593 1494 1618 cuius
1504 1600 1626 1618 caussam
1637 1592 1688 1618 etsi
1697 1599 1791 1618 omnes
1802 1591 1864 1617 boni

1048 1628 1049 1651 l
1071 1631 1231 1666 probabant,
1245 1635 1332 1656 tamen
1344 1637 1432 1664 neque
1442 1634 1551 1655 senatus
1562 1628 1679 1663 publice,
1693 1636 1780 1663 neque
1790 1627 1864 1654 ullus

1070 1668 1134 1694 ordo
1146 1667 1251 1702 proprie
1262 1675 1349 1701 neque
1359 1667 1417 1692 suis
1427 1666 1542 1692 decretis
1554 1666 1626 1692 ltalia
1638 1670 1689 1692 tota
1700 1670 1862 1699 susceperat.

1048 1732 1050 1742 k
1071 1705 1110 1731 Ad
1122 1713 1198 1731 suam
1210 1705 1281 1730 enim
1294 1704 1378 1739 magis
1389 1703 1533 1738 quamdam
1545 1702 1590 1729 ille
1600 1702 1722 1738 gloriam,
1738 1710 1819 1736 quam
1831 1701 1865 1728 ad

1071 1742 1241 1777 perspicuam
1261 1741 1375 1767 salutem
1400 1739 1563 1775 reipublicae
1587 1739 1748 1774 spectarat‘,
1779 1747 1865 1774 quum

1071 1788 1142 1806 unus
1154 1779 1181 1805 in
1194 1778 1280 1814 legem
1292 1786 1339 1813 per
1349 1778 1404 1804 vim
1416 1777 1494 1803 latam
1505 1777 1593 1803 iurare
1604 1776 1736 1803 noluerat:
1749 1776 1866 1811 denique

1048 1814 1051 1845 ἶ
1071 1816 1212 1843 videbatur
1226 1824 1255 1842 ea
1270 1815 1421 1842 conditione
1436 1819 1488 1840 tam
1504 1813 1579 1840 fortis
1591 1813 1688 1844 fuisse,
1705 1818 1734 1839 ut
1744 1822 1806 1839 cum
1819 1821 1866 1848 pa-

224 1852 272 1887 qui
284 1851 435 1886 prohiberet
445 1860 609 1886 quemquam
621 1856 666 1878 aut
676 1852 728 1878 sibi
740 1860 856 1878 maerere
867 1856 913 1878 aut
923 1853 1018 1878 ceteris
1041 1853 1050 1885 ,5

225 1888 394 1924 supplicare?
423 1890 463 1915 33.
485 1888 574 1920 Quid?
584 1897 632 1915 sua
643 1894 737 1923 sponte
748 1889 870 1915 homines
882 1890 908 1915 in
920 1889 1019 1915 amico-
1041 1894 1051 1921 ’ξ

1049 1947 1051 1950 ⁴
1071 1929 1211 1955 inimicum
1224 1927 1253 1954 C.
1267 1927 1394 1957 Marium,
1407 1930 1619 1952 conservatorem
1631 1925 1745 1960 patriae,
1757 1929 1865 1951 sextum

1072 1855 1136 1880 triae
1150 1853 1256 1879 caritate
1270 1853 1433 1879 constantiae
1451 1851 1563 1887 gloriam
1584 1855 1764 1877 commutaret.
1803 1850 1866 1877 Erat

1071 1896 1160 1917 autem
1175 1891 1199 1916 ei
1215 1899 1257 1916 res
1272 1898 1333 1916 cum
1349 1889 1467 1916 exercitu
1483 1888 1512 1915 C.
1525 1888 1601 1914 Marii
1615 1889 1729 1914 invicto:
1751 1887 1866 1914 babebat

1071 1966 1123 1992 iam
1139 1965 1217 1991 illum
1233 1964 1402 1991 consulatum
1413 1967 1563 1999 gerentem:
1584 1970 1627 1989 res
1637 1966 1692 1988 erat
1702 1970 1764 1988 cum
1774 1962 1806 1988 L.
1817 1961 1866 1988 Sa-

1041 2007 1051 2036 33
1072 2003 1186 2033 turnino,
1199 2003 1297 2028 iterum
1309 2001 1417 2028 tribuno
1427 2001 1523 2035 plebis,
1536 1999 1663 2036 vigilante
1674 1999 1791 2030 homine,
1802 1999 1865 2025 etin

1049 2039 1051 2062 ἶ
1071 2048 1165 2066 caussa
1177 2039 1300 2074 populari
1311 2039 1335 2064 si
1346 2046 1399 2064 non
1409 2037 1556 2068 moderate,
1579 2041 1605 2063 at
1618 2040 1688 2063 certe
1703 2035 1866 2071 populariter

1071 2077 1289 2111 abstinenterque
1300 2080 1415 2102 versato.
1455 2075 1555 2105 Cessit,
1567 2082 1601 2100 ne
1611 2079 1657 2100 aut
1667 2074 1754 2100 victus
1765 2081 1779 2099 a
1790 2073 1866 2100 forti—

1071 2115 1123 2141 bus
1134 2115 1200 2140 viris
1215 2122 1278 2140 curn
1293 2112 1422 2139 dedecore
1435 2111 1554 2143 caderet.
1572 2116 1619 2138 aut
1633 2112 1718 2138 victor
1731 2109 1825 2137 multis
1839 2114 1867 2136 et

1072 2152 1187 2178 fortibus
1211 2151 1318 2177 civibus
1340 2149 1536 2184 rempublicam
1559 2149 1672 2175 orbaret.
1712 2149 1754 2174 38.
1779 2147 1865 2174 Meam

1071 2197 1193 2215 caussam
1205 2193 1314 2214 senatus
1325 2186 1427 2222 palam,
1440 2190 1565 2221 equester
1574 2185 1639 2212 ordo
1648 2185 1784 2215 acerrime,
1796 2192 1866 2211 cun-

1071 2231 1111 2253 cta
1122 2225 1195 2252 ltalia
1207 2224 1324 2260 publice,
1337 2232 1429 2251 omnes
1440 2224 1502 2250 boni
1514 2223 1620 2258 proprie
1629 2223 1762 2256 enixeque
1772 2229 1866 2248 susce-

1072 2267 1173 2298 perant.
1212 2263 1264 2288 Eas
1275 2270 1318 2288 res
1328 2270 1462 2297 gesseram
1470 2281 1477 2291 ,
1492 2269 1607 2295 quarum
1618 2268 1671 2286 non
1682 2267 1753 2285 unus
1762 2262 1863 2288 auctor,

1071 2300 1119 2327 sed
1139 2300 1196 2326 dux
1215 2300 1336 2326 omnium
1357 2298 1502 2325 voluntatis
1521 2297 1646 2327 fuissem,
1668 2303 1792 2330 quaeque
1811 2303 1865 2322 non

1072 2337 1151 2364 modo
1164 2337 1198 2363 ad
1213 2336 1378 2372 singularem
1394 2344 1480 2361 meam
1495 2334 1621 2370 gloriam,
1643 2333 1691 2359 sed
1706 2332 1739 2359 ad
1750 2331 1865 2359 salutem

1050 2368 1051 2403 ]
1071 2382 1241 2401 communem
1251 2373 1373 2400 omnium
1383 2372 1498 2402 civium,
1511 2376 1537 2398 et
1548 2379 1629 2406 prope
1639 2370 1769 2406 gentium,
1782 2369 1865 2404 perti-

1050 2435 1052 2444 ,
1071 2416 1177 2438 nerent:
1190 2420 1220 2437 ea
1229 2410 1380 2437 conditione
1389 2412 1571 2445 gesseram,ut
1581 2416 1671 2434 meum
1683 2406 1781 2433 factum
1792 2414 1866 2432 sem·

1050 2445 1051 2465 ³
1072 2457 1119 2484 per
1133 2457 1226 2475 omnes
1241 2452 1375 2482 praestare
1390 2447 1512 2480 tuerique
1522 2445 1659 2471 deberent.
1698 2443 1781 2470 XVII.
1801 2443 1866 2470 Erat

1050 2482 1051 2515 ᾗ
1071 2490 1161 2512 autem
1177 2485 1245 2511 mihi
1259 2484 1393 2511 contentio
1407 2492 1459 2510 non
1474 2490 1537 2508 cum
1552 2483 1650 2508 victore
1661 2481 1793 2511 exercitu,
1815 2479 1864 2507 sed

1050 2523 1051 2531 ¹
1071 2532 1132 2549 cum
1146 2523 1235 2557 operis
1249 2521 1389 2548 conductis
1399 2524 1425 2546 et
1434 2519 1467 2546 ad
1477 2519 1655 2553 diripiendam
1666 2518 1763 2544 Urbem
1774 2517 1865 2544 eonci-

1071 2561 1142 2586 tatis.
1182 2559 1318 2585 Habebam
1332 2558 1472 2584 inimicum
1488 2564 1540 2582 non
1551 2555 1580 2582 C.
1592 2556 1720 2586 Marium,
1737 2559 1864 2581 terrorem

1071 2597 1198 2627 hostium,
1211 2604 1288 2630 spem
1298 2594 1506 2628 subsidiumque
1516 2593 1629 2627 patriae:
1641 2592 1688 2619 sed
1699 2591 1753 2618 duo
1762 2592 1864 2626 impor-

1071 2639 1134 2660 tuna
1145 2633 1279 2668 prodigia,
1296 2640 1364 2667 quos
1375 2635 1491 2666 egestas,
1507 2639 1576 2664 quos
1591 2631 1658 2656 aeris
1669 2629 1748 2655 alieni
1758 2629 1864 2663 magni-

1071 2671 1143 2702 tudo,
1165 2678 1234 2706 quos
1256 2669 1363 2699 levitas,
1384 2676 1453 2703 quos
1472 2667 1629 2702 improbitas
1648 2666 1756 2693 tribuno
1774 2664 1862 2700 plebis
