<?xml version="1.0" encoding="UTF-8"?>
<!DOCTYPE html PUBLIC "-//W3C//DTD XHTML 1.0 Transitional//EN"
    "http://www.w3.org/TR/xhtml1/DTD/xhtml1-transitional.dtd">
<html xmlns="http://www.w3.org/1999/xhtml" xml:lang="en" lang="en">
 <head>
  <title>
</title>
<meta http-equiv="Content-Type" content="text/html;charset=utf-8" />
  <meta name='ocr-system' content='tesseract 3.04.00' />
  <meta name='ocr-capabilities' content='ocr_page ocr_carea ocr_par ocr_line ocrx_word'/>
</head>
<body>
  <div class='ocr_page' id='page_1' title='image "./operaomniaunovol00ciceuoft/operaomniaunovol00ciceuoft_1026.png"; bbox 0 0 1941 3052; ppageno 0'>
   <div class='ocr_carea' id='block_1_1' title="bbox 240 129 976 160">
    <p class='ocr_par' dir='ltr' id='par_1_1' title="bbox 240 129 976 160">
     <span class='ocr_line' id='line_1_1' title="bbox 240 129 976 160; baseline -0.01 0"><span class='ocrx_word' id='word_1_1' title='bbox 240 136 301 160; x_wconf 70' lang='lat'><strong>¹002!</strong></span> <span class='ocrx_word' id='word_1_2' title='bbox 797 132 849 154; x_wconf 88' lang='grc' dir='ltr'>ΙΙΙ.</span> <span class='ocrx_word' id='word_1_3' title='bbox 883 129 915 154; x_wconf 76' lang='lat' dir='ltr'>M.</span> <span class='ocrx_word' id='word_1_4' title='bbox 948 129 976 154; x_wconf 51' lang='lat' dir='ltr'>T.</span> 
     </span>
    </p>
   </div>
   <div class='ocr_carea' id='block_1_2' title="bbox 1012 127 1281 153">
    <p class='ocr_par' dir='ltr' id='par_1_2' title="bbox 1012 127 1281 153">
     <span class='ocr_line' id='line_1_2' title="bbox 1012 127 1281 153; baseline 0 -2"><span class='ocrx_word' id='word_1_5' title='bbox 1012 127 1281 153; x_wconf 58' lang='lat' dir='ltr'>‹tttztittoxts</span> 
     </span>
    </p>
   </div>
   <div class='ocr_carea' id='block_1_3' title="bbox 236 197 1864 239">
    <p class='ocr_par' dir='ltr' id='par_1_3' title="bbox 236 197 1864 239">
     <span class='ocr_line' id='line_1_3' title="bbox 236 197 1864 239; baseline -0.002 -11"><span class='ocrx_word' id='word_1_6' title='bbox 236 213 321 239; x_wconf 87' lang='lat' dir='ltr'>quum</span> <span class='ocrx_word' id='word_1_7' title='bbox 337 203 497 228; x_wconf 63' lang='lat' dir='ltr'>conscientia</span> <span class='ocrx_word' id='word_1_8' title='bbox 515 200 656 228; x_wconf 67' lang='lat' dir='ltr'>sartorum,</span> <span class='ocrx_word' id='word_1_9' title='bbox 676 204 730 224; x_wconf 83' lang='lat' dir='ltr'>tum</span> <span class='ocrx_word' id='word_1_10' title='bbox 747 207 830 232; x_wconf 75' lang='lat' dir='ltr'>poena</span> <span class='ocrx_word' id='word_1_11' title='bbox 851 198 939 233; x_wconf 73' lang='lat' dir='ltr'>legum</span> <span class='ocrx_word' id='word_1_12' title='bbox 951 198 1026 223; x_wconf 71' lang='lat' dir='ltr'>mlio-</span> <span class='ocrx_word' id='word_1_13' title='bbox 1046 203 1049 235; x_wconf 61' lang='grc' dir='ltr'>ἱ</span> <span class='ocrx_word' id='word_1_14' title='bbox 1078 198 1182 223; x_wconf 67' lang='grc' dir='ltr'>(ΙειιιιιινΔ</span> <span class='ocrx_word' id='word_1_15' title='bbox 1223 198 1301 223; x_wconf 68' lang='lat' dir='ltr'>Stulti</span> <span class='ocrx_word' id='word_1_16' title='bbox 1313 202 1401 223; x_wconf 82' lang='lat' dir='ltr'>nutem</span> <span class='ocrx_word' id='word_1_17' title='bbox 1413 197 1542 223; x_wconf 77' lang='lat' dir='ltr'>malorum</span> <span class='ocrx_word' id='word_1_18' title='bbox 1555 199 1681 224; x_wconf 80' lang='lat' dir='ltr'>memoria</span> <span class='ocrx_word' id='word_1_19' title='bbox 1695 204 1864 232; x_wconf 76' lang='lat' dir='ltr'>torquentur.</span> 
     </span>
    </p>
   </div>
   <div class='ocr_carea' id='block_1_4' title="bbox 237 235 1049 276">
    <p class='ocr_par' dir='ltr' id='par_1_4' title="bbox 237 235 1049 276">
     <span class='ocr_line' id='line_1_4' title="bbox 237 235 1049 276; baseline -0.01 -9"><span class='ocrx_word' id='word_1_20' title='bbox 237 251 289 276; x_wconf 83' lang='lat' dir='ltr'>quc</span> <span class='ocrx_word' id='word_1_21' title='bbox 301 240 421 266; x_wconf 69' lang='lat' dir='ltr'>civiurn‘?</span> <span class='ocrx_word' id='word_1_22' title='bbox 442 239 471 263; x_wconf 67' lang='lat'>1⁴12</span> <span class='ocrx_word' id='word_1_23' title='bbox 483 243 568 263; x_wconf 79' lang='lat' dir='ltr'>tamen</span> <span class='ocrx_word' id='word_1_24' title='bbox 583 238 607 262; x_wconf 94' lang='lat' dir='ltr'>in</span> <span class='ocrx_word' id='word_1_25' title='bbox 620 235 784 271; x_wconf 69' lang='lat' dir='ltr'>quibusdam</span> <span class='ocrx_word' id='word_1_26' title='bbox 799 244 885 269; x_wconf 74' lang='lat' dir='ltr'>neque</span> <span class='ocrx_word' id='word_1_27' title='bbox 898 236 1026 269; x_wconf 66' lang='lat' dir='ltr'>pecuniae</span> <span class='ocrx_word' id='word_1_28' title='bbox 1047 262 1049 269; x_wconf 45' lang='grc' dir='ltr'>Ι</span> 
     </span>
    </p>
   </div>
   <div class='ocr_carea' id='block_1_5' title="bbox 235 272 1033 1871">
    <p class='ocr_par' dir='ltr' id='par_1_5' title="bbox 235 272 1033 1536">
     <span class='ocr_line' id='line_1_5' title="bbox 239 272 1026 308; baseline -0.008 -5"><span class='ocrx_word' id='word_1_29' title='bbox 239 278 334 304; x_wconf 67' lang='lat' dir='ltr'>modus</span> <span class='ocrx_word' id='word_1_30' title='bbox 350 281 402 305; x_wconf 67' lang='lat' dir='ltr'>cst,</span> <span class='ocrx_word' id='word_1_31' title='bbox 421 283 507 308; x_wconf 65' lang='lat' dir='ltr'>neque</span> <span class='ocrx_word' id='word_1_32' title='bbox 520 274 627 299; x_wconf 77' lang='lat' dir='ltr'>lionoris</span> <span class='ocrx_word' id='word_1_33' title='bbox 640 281 726 306; x_wconf 74' lang='lat' dir='ltr'>neque</span> <span class='ocrx_word' id='word_1_34' title='bbox 739 273 858 306; x_wconf 78' lang='lat' dir='ltr'>imperii,</span> <span class='ocrx_word' id='word_1_35' title='bbox 873 281 920 298; x_wconf 84' lang='lat' dir='ltr'>nee</span> <span class='ocrx_word' id='word_1_36' title='bbox 934 272 1026 298; x_wconf 84' lang='lat' dir='ltr'>libidi-</span> 
     </span>
     <span class='ocr_line' id='line_1_6' title="bbox 239 309 1023 346; baseline -0.01 -4"><span class='ocrx_word' id='word_1_37' title='bbox 239 324 317 344; x_wconf 81' lang='lat' dir='ltr'>num,</span> <span class='ocrx_word' id='word_1_38' title='bbox 345 322 392 339; x_wconf 66' lang='lat' dir='ltr'>ner</span> <span class='ocrx_word' id='word_1_39' title='bbox 413 312 553 346; x_wconf 71' lang='lat' dir='ltr'>epularum</span> <span class='ocrx_word' id='word_1_40' title='bbox 576 319 623 336; x_wconf 68' lang='lat' dir='ltr'>ner</span> <span class='ocrx_word' id='word_1_41' title='bbox 645 310 808 344; x_wconf 81' lang='lat' dir='ltr'>reliquarum</span> <span class='ocrx_word' id='word_1_42' title='bbox 831 309 1023 344; x_wconf 67' lang='lat' dir='ltr'>cupiditatum:</span> 
     </span>
     <span class='ocr_line' id='line_1_7' title="bbox 237 346 1024 387; baseline -0.006 -10"><span class='ocrx_word' id='word_1_43' title='bbox 237 361 304 387; x_wconf 61' lang='lat' dir='ltr'>quina</span> <span class='ocrx_word' id='word_1_44' title='bbox 325 350 397 376; x_wconf 78' lang='lat' dir='ltr'>nulla</span> <span class='ocrx_word' id='word_1_45' title='bbox 419 347 514 383; x_wconf 81' lang='lat' dir='ltr'>praeda</span> <span class='ocrx_word' id='word_1_46' title='bbox 537 356 665 382; x_wconf 82' lang='lat' dir='ltr'>umquam</span> <span class='ocrx_word' id='word_1_47' title='bbox 689 347 809 381; x_wconf 83' lang='lat' dir='ltr'>improbe</span> <span class='ocrx_word' id='word_1_48' title='bbox 829 352 900 381; x_wconf 82' lang='lat' dir='ltr'>parta</span> <span class='ocrx_word' id='word_1_49' title='bbox 918 346 1024 375; x_wconf 75' lang='lat' dir='ltr'>minuit.</span> 
     </span>
     <span class='ocr_line' id='line_1_8' title="bbox 237 383 1027 420; baseline -0.008 -6"><span class='ocrx_word' id='word_1_50' title='bbox 237 389 283 415; x_wconf 81' lang='lat' dir='ltr'>sed</span> <span class='ocrx_word' id='word_1_51' title='bbox 300 392 378 420; x_wconf 69' lang='lat' dir='ltr'>auget</span> <span class='ocrx_word' id='word_1_52' title='bbox 395 386 483 420; x_wconf 80' lang='lat' dir='ltr'>potius</span> <span class='ocrx_word' id='word_1_53' title='bbox 499 389 577 419; x_wconf 88' lang='lat' dir='ltr'>atque</span> <span class='ocrx_word' id='word_1_54' title='bbox 594 383 753 415; x_wconf 80' lang='lat' dir='ltr'>inflammat,</span> <span class='ocrx_word' id='word_1_55' title='bbox 771 389 799 410; x_wconf 95' lang='lat' dir='ltr'>ut</span> <span class='ocrx_word' id='word_1_56' title='bbox 814 383 954 409; x_wconf 63' lang='lat' dir='ltr'>voum-ndi</span> <span class='ocrx_word' id='word_1_57' title='bbox 971 392 1027 409; x_wconf 85' lang='lat' dir='ltr'>ma-</span> 
     </span>
     <span class='ocr_line' id='line_1_9' title="bbox 237 421 1027 459; baseline -0.005 -9"><span class='ocrx_word' id='word_1_58' title='bbox 237 426 292 459; x_wconf 67' lang='lat' dir='ltr'>gis,</span> <span class='ocrx_word' id='word_1_59' title='bbox 307 433 387 459; x_wconf 79' lang='lat' dir='ltr'>quani</span> <span class='ocrx_word' id='word_1_60' title='bbox 399 422 547 448; x_wconf 75' lang='lat' dir='ltr'>dedocendi</span> <span class='ocrx_word' id='word_1_61' title='bbox 560 430 618 447; x_wconf 72' lang='lat' dir='ltr'>esse</span> <span class='ocrx_word' id='word_1_62' title='bbox 632 421 782 447; x_wconf 70' lang='lat' dir='ltr'>videantur.</span> <span class='ocrx_word' id='word_1_63' title='bbox 813 421 1027 454; x_wconf 69' lang='lat' dir='ltr'>132.1nvitntigi-</span> 
     </span>
     <span class='ocr_line' id='line_1_10' title="bbox 238 458 1025 493; baseline -0.008 -4"><span class='ocrx_word' id='word_1_64' title='bbox 238 468 281 489; x_wconf 89' lang='lat' dir='ltr'>tur</span> <span class='ocrx_word' id='word_1_65' title='bbox 297 469 357 487; x_wconf 81' lang='lat' dir='ltr'>veru</span> <span class='ocrx_word' id='word_1_66' title='bbox 375 461 440 486; x_wconf 86' lang='lat' dir='ltr'>ratio</span> <span class='ocrx_word' id='word_1_67' title='bbox 457 460 523 485; x_wconf 78' lang='lat' dir='ltr'>bene</span> <span class='ocrx_word' id='word_1_68' title='bbox 539 467 618 484; x_wconf 79' lang='lat' dir='ltr'>sanos</span> <span class='ocrx_word' id='word_1_69' title='bbox 634 458 666 484; x_wconf 92' lang='lat' dir='ltr'>ad</span> <span class='ocrx_word' id='word_1_70' title='bbox 685 458 828 488; x_wconf 81' lang='lat' dir='ltr'>iustitiam,</span> <span class='ocrx_word' id='word_1_71' title='bbox 854 458 1025 493; x_wconf 76' lang='lat' dir='ltr'>aequitatem,</span> 
     </span>
     <span class='ocr_line' id='line_1_11' title="bbox 238 494 1028 532; baseline -0.006 -7"><span class='ocrx_word' id='word_1_72' title='bbox 238 499 331 525; x_wconf 81' lang='lat' dir='ltr'>iidem:</span> <span class='ocrx_word' id='word_1_73' title='bbox 355 505 442 532; x_wconf 83' lang='lat' dir='ltr'>neque</span> <span class='ocrx_word' id='word_1_74' title='bbox 454 496 555 523; x_wconf 88' lang='lat' dir='ltr'>homini</span> <span class='ocrx_word' id='word_1_75' title='bbox 568 495 661 522; x_wconf 77' lang='lat' dir='ltr'>infanti</span> <span class='ocrx_word' id='word_1_76' title='bbox 674 500 719 521; x_wconf 82' lang='lat' dir='ltr'>aut</span> <span class='ocrx_word' id='word_1_77' title='bbox 731 496 868 529; x_wconf 75' lang='lat' dir='ltr'>impotenti</span> <span class='ocrx_word' id='word_1_78' title='bbox 883 496 981 521; x_wconf 73' lang='lat' dir='ltr'>iniuste</span> <span class='ocrx_word' id='word_1_79' title='bbox 989 494 1028 520; x_wconf 83' lang='lat' dir='ltr'>sa-</span> 
     </span>
     <span class='ocr_line' id='line_1_12' title="bbox 236 532 1028 568; baseline -0.006 -6"><span class='ocrx_word' id='word_1_80' title='bbox 236 541 276 563; x_wconf 81' lang='lat' dir='ltr'>cta</span> <span class='ocrx_word' id='word_1_81' title='bbox 288 534 453 565; x_wconf 83' lang='lat' dir='ltr'>conducunt;</span> <span class='ocrx_word' id='word_1_82' title='bbox 476 534 523 568; x_wconf 90' lang='lat' dir='ltr'>qui</span> <span class='ocrx_word' id='word_1_83' title='bbox 536 541 584 559; x_wconf 90' lang='lat' dir='ltr'>nec</span> <span class='ocrx_word' id='word_1_84' title='bbox 595 532 670 558; x_wconf 80' lang='lat' dir='ltr'>facile</span> <span class='ocrx_word' id='word_1_85' title='bbox 682 532 786 558; x_wconf 72' lang='lat' dir='ltr'>officere</span> <span class='ocrx_word' id='word_1_86' title='bbox 799 533 890 567; x_wconf 76' lang='lat' dir='ltr'>possit.</span> <span class='ocrx_word' id='word_1_87' title='bbox 905 533 1028 566; x_wconf 68' lang='lat' dir='ltr'>quom-0-</span> 
     </span>
     <span class='ocr_line' id='line_1_13' title="bbox 236 569 1026 604; baseline -0.008 -4"><span class='ocrx_word' id='word_1_88' title='bbox 236 577 327 603; x_wconf 78' lang='lat' dir='ltr'>netur,</span> <span class='ocrx_word' id='word_1_89' title='bbox 342 580 389 598; x_wconf 83' lang='lat' dir='ltr'>nec</span> <span class='ocrx_word' id='word_1_90' title='bbox 402 571 535 600; x_wconf 79' lang='lat' dir='ltr'>obtinere.</span> <span class='ocrx_word' id='word_1_91' title='bbox 554 571 576 596; x_wconf 89' lang='lat' dir='ltr'>si</span> <span class='ocrx_word' id='word_1_92' title='bbox 588 570 717 596; x_wconf 76' lang='lat' dir='ltr'>effecerit:</span> <span class='ocrx_word' id='word_1_93' title='bbox 742 574 767 596; x_wconf 86' lang='lat' dir='ltr'>et</span> <span class='ocrx_word' id='word_1_94' title='bbox 777 578 842 604; x_wconf 83' lang='lat' dir='ltr'>opes</span> <span class='ocrx_word' id='word_1_95' title='bbox 854 569 895 596; x_wconf 85' lang='lat' dir='ltr'>vel</span> <span class='ocrx_word' id='word_1_96' title='bbox 908 569 1026 595; x_wconf 77' lang='lat' dir='ltr'>fortunae</span> 
     </span>
     <span class='ocr_line' id='line_1_14' title="bbox 241 606 1027 644; baseline -0.008 -7"><span class='ocrx_word' id='word_1_97' title='bbox 241 609 280 637; x_wconf 91' lang='lat' dir='ltr'>vel</span> <span class='ocrx_word' id='word_1_98' title='bbox 301 609 417 644; x_wconf 77' lang='lat' dir='ltr'>ingenii,</span> <span class='ocrx_word' id='word_1_99' title='bbox 442 607 594 634; x_wconf 78' lang='lat' dir='ltr'>liberalitati</span> <span class='ocrx_word' id='word_1_100' title='bbox 609 608 695 641; x_wconf 72' lang='lat' dir='ltr'>magis</span> <span class='ocrx_word' id='word_1_101' title='bbox 706 607 883 634; x_wconf 82' lang='lat' dir='ltr'>conveniunt:</span> <span class='ocrx_word' id='word_1_102' title='bbox 915 615 968 641; x_wconf 86' lang='lat' dir='ltr'>qua</span> <span class='ocrx_word' id='word_1_103' title='bbox 980 606 1027 640; x_wconf 86' lang='lat' dir='ltr'>qui</span> 
     </span>
     <span class='ocr_line' id='line_1_15' title="bbox 238 643 1028 678; baseline -0.006 -5"><span class='ocrx_word' id='word_1_104' title='bbox 238 651 358 676; x_wconf 82' lang='lat' dir='ltr'>utuntur.</span> <span class='ocrx_word' id='word_1_105' title='bbox 373 645 586 672; x_wconf 73' lang='lat' dir='ltr'>benevolentiam</span> <span class='ocrx_word' id='word_1_106' title='bbox 599 644 809 670; x_wconf 82' lang='lat' dir='ltr'>sibiconciliant.</span> <span class='ocrx_word' id='word_1_107' title='bbox 823 643 937 678; x_wconf 84' lang='lat' dir='ltr'>et‚quo‹1</span> <span class='ocrx_word' id='word_1_108' title='bbox 945 644 1028 678; x_wconf 86' lang='lat' dir='ltr'>aptis-</span> 
     </span>
     <span class='ocr_line' id='line_1_16' title="bbox 236 681 1027 717; baseline -0.005 -7"><span class='ocrx_word' id='word_1_109' title='bbox 236 685 337 710; x_wconf 85' lang='lat' dir='ltr'>simum</span> <span class='ocrx_word' id='word_1_110' title='bbox 354 683 437 709; x_wconf 79' lang='lat' dir='ltr'>estad</span> <span class='ocrx_word' id='word_1_111' title='bbox 449 683 538 717; x_wconf 89' lang='lat' dir='ltr'>quiete</span> <span class='ocrx_word' id='word_1_112' title='bbox 551 681 712 711; x_wconf 75' lang='lat' dir='ltr'>vivendum.</span> <span class='ocrx_word' id='word_1_113' title='bbox 730 682 880 713; x_wconf 84' lang='lat' dir='ltr'>caritatem;</span> <span class='ocrx_word' id='word_1_114' title='bbox 908 689 1027 715; x_wconf 86' lang='lat' dir='ltr'>praeser-</span> 
     </span>
     <span class='ocr_line' id='line_1_17' title="bbox 237 717 1028 756; baseline -0.006 -8"><span class='ocrx_word' id='word_1_115' title='bbox 237 722 284 748; x_wconf 91' lang='lat' dir='ltr'>tim</span> <span class='ocrx_word' id='word_1_116' title='bbox 296 729 381 756; x_wconf 90' lang='lat' dir='ltr'>quum</span> <span class='ocrx_word' id='word_1_117' title='bbox 395 720 505 746; x_wconf 90' lang='lat' dir='ltr'>omnino</span> <span class='ocrx_word' id='word_1_118' title='bbox 517 719 588 746; x_wconf 85' lang='lat' dir='ltr'>nulla</span> <span class='ocrx_word' id='word_1_119' title='bbox 601 719 734 745; x_wconf 84' lang='lat' dir='ltr'>sitcaussa</span> <span class='ocrx_word' id='word_1_120' title='bbox 742 718 879 753; x_wconf 89' lang='lat' dir='ltr'>peccandi.</span> <span class='ocrx_word' id='word_1_121' title='bbox 901 719 942 744; x_wconf 81' lang='lat'>53.</span> <span class='ocrx_word' id='word_1_122' title='bbox 955 717 1028 750; x_wconf 86' lang='lat' dir='ltr'>Quae</span> 
     </span>
     <span class='ocr_line' id='line_1_18' title="bbox 237 754 1029 792; baseline -0.006 -7"><span class='ocrx_word' id='word_1_123' title='bbox 237 759 309 785; x_wconf 90' lang='lat' dir='ltr'>enim</span> <span class='ocrx_word' id='word_1_124' title='bbox 333 757 494 792; x_wconf 78' lang='lat' dir='ltr'>cupiditates</span> <span class='ocrx_word' id='word_1_125' title='bbox 510 766 523 783; x_wconf 82' lang='lat' dir='ltr'>a</span> <span class='ocrx_word' id='word_1_126' title='bbox 540 761 632 783; x_wconf 89' lang='lat' dir='ltr'>natura</span> <span class='ocrx_word' id='word_1_127' title='bbox 648 756 866 790; x_wconf 76' lang='lat' dir='ltr'>proficiscuntur.</span> <span class='ocrx_word' id='word_1_128' title='bbox 885 754 962 781; x_wconf 78' lang='lat' dir='ltr'>facile</span> <span class='ocrx_word' id='word_1_129' title='bbox 980 763 1029 781; x_wconf 80' lang='lat' dir='ltr'>ex-</span> 
     </span>
     <span class='ocr_line' id='line_1_19' title="bbox 237 792 1028 831; baseline -0.006 -9"><span class='ocrx_word' id='word_1_130' title='bbox 237 796 344 831; x_wconf 83' lang='lat' dir='ltr'>plentur</span> <span class='ocrx_word' id='word_1_131' title='bbox 354 796 412 821; x_wconf 88' lang='lat' dir='ltr'>sine</span> <span class='ocrx_word' id='word_1_132' title='bbox 424 794 477 821; x_wconf 88' lang='lat' dir='ltr'>ulla</span> <span class='ocrx_word' id='word_1_133' title='bbox 490 794 601 820; x_wconf 88' lang='lat' dir='ltr'>iniuria:</span> <span class='ocrx_word' id='word_1_134' title='bbox 621 802 690 828; x_wconf 68' lang='lat' dir='ltr'>quim</span> <span class='ocrx_word' id='word_1_135' title='bbox 701 797 789 819; x_wconf 87' lang='lat' dir='ltr'>autem</span> <span class='ocrx_word' id='word_1_136' title='bbox 802 794 894 819; x_wconf 87' lang='lat' dir='ltr'>inanes</span> <span class='ocrx_word' id='word_1_137' title='bbox 901 797 972 823; x_wconf 86' lang='lat' dir='ltr'>sunt,</span> <span class='ocrx_word' id='word_1_138' title='bbox 986 792 1028 818; x_wconf 79' lang='lat' dir='ltr'>bis</span> 
     </span>
     <span class='ocr_line' id='line_1_20' title="bbox 237 829 1029 868; baseline -0.005 -9"><span class='ocrx_word' id='word_1_139' title='bbox 237 833 385 868; x_wconf 82' lang='lat' dir='ltr'>parendum</span> <span class='ocrx_word' id='word_1_140' title='bbox 396 840 447 858; x_wconf 91' lang='lat' dir='ltr'>non</span> <span class='ocrx_word' id='word_1_141' title='bbox 469 836 517 858; x_wconf 86' lang='lat' dir='ltr'>est.</span> <span class='ocrx_word' id='word_1_142' title='bbox 559 830 631 857; x_wconf 86' lang='lat' dir='ltr'>Nihil</span> <span class='ocrx_word' id='word_1_143' title='bbox 648 831 719 856; x_wconf 91' lang='lat' dir='ltr'>enim</span> <span class='ocrx_word' id='word_1_144' title='bbox 736 829 915 856; x_wconf 80' lang='lat' dir='ltr'>desiderabile</span> <span class='ocrx_word' id='word_1_145' title='bbox 930 838 1029 856; x_wconf 73' lang='lat' dir='ltr'>concu-</span> 
     </span>
     <span class='ocr_line' id='line_1_21' title="bbox 238 867 1028 906; baseline -0.006 -9"><span class='ocrx_word' id='word_1_146' title='bbox 238 872 356 906; x_wconf 77' lang='lat' dir='ltr'>piscunt,</span> <span class='ocrx_word' id='word_1_147' title='bbox 371 869 486 904; x_wconf 84' lang='lat' dir='ltr'>plusque</span> <span class='ocrx_word' id='word_1_148' title='bbox 502 869 528 894; x_wconf 89' lang='lat' dir='ltr'>in</span> <span class='ocrx_word' id='word_1_149' title='bbox 541 868 598 902; x_wconf 86' lang='lat' dir='ltr'>ipsa</span> <span class='ocrx_word' id='word_1_150' title='bbox 611 868 708 894; x_wconf 89' lang='lat' dir='ltr'>iniuria</span> <span class='ocrx_word' id='word_1_151' title='bbox 720 867 873 893; x_wconf 79' lang='lat' dir='ltr'>detrimenti</span> <span class='ocrx_word' id='word_1_152' title='bbox 885 872 933 897; x_wconf 82' lang='lat' dir='ltr'>est.</span> <span class='ocrx_word' id='word_1_153' title='bbox 947 875 1028 902; x_wconf 89' lang='lat' dir='ltr'>quam</span> 
     </span>
     <span class='ocr_line' id='line_1_22' title="bbox 237 905 1030 940; baseline -0.005 -6"><span class='ocrx_word' id='word_1_154' title='bbox 237 909 265 935; x_wconf 87' lang='lat' dir='ltr'>in</span> <span class='ocrx_word' id='word_1_155' title='bbox 277 908 311 934; x_wconf 89' lang='lat' dir='ltr'>iis</span> <span class='ocrx_word' id='word_1_156' title='bbox 325 907 406 933; x_wconf 88' lang='lat' dir='ltr'>rebus</span> <span class='ocrx_word' id='word_1_157' title='bbox 416 905 599 935; x_wconf 86' lang='lat' dir='ltr'>emolumenti.</span> <span class='ocrx_word' id='word_1_158' title='bbox 615 913 684 940; x_wconf 87' lang='lat' dir='ltr'>quae</span> <span class='ocrx_word' id='word_1_159' title='bbox 696 905 836 939; x_wconf 89' lang='lat' dir='ltr'>pariuntur</span> <span class='ocrx_word' id='word_1_160' title='bbox 847 905 956 930; x_wconf 89' lang='lat' dir='ltr'>iniuria.</span> <span class='ocrx_word' id='word_1_161' title='bbox 979 905 1030 930; x_wconf 85' lang='lat' dir='ltr'>lta-</span> 
     </span>
     <span class='ocr_line' id='line_1_23' title="bbox 237 941 1029 980; baseline -0.005 -9"><span class='ocrx_word' id='word_1_162' title='bbox 237 953 290 980; x_wconf 86' lang='lat' dir='ltr'>que</span> <span class='ocrx_word' id='word_1_163' title='bbox 312 953 344 970; x_wconf 87' lang='lat' dir='ltr'>ne</span> <span class='ocrx_word' id='word_1_164' title='bbox 365 944 496 970; x_wconf 84' lang='lat' dir='ltr'>iustitiam</span> <span class='ocrx_word' id='word_1_165' title='bbox 516 942 628 978; x_wconf 91' lang='lat' dir='ltr'>quidem</span> <span class='ocrx_word' id='word_1_166' title='bbox 648 947 717 968; x_wconf 91' lang='lat' dir='ltr'>recte</span> <span class='ocrx_word' id='word_1_167' title='bbox 737 943 800 976; x_wconf 88' lang='lat' dir='ltr'>quis</span> <span class='ocrx_word' id='word_1_168' title='bbox 825 941 923 968; x_wconf 84' lang='lat' dir='ltr'>dixerit</span> <span class='ocrx_word' id='word_1_169' title='bbox 938 950 986 976; x_wconf 87' lang='lat' dir='ltr'>per</span> <span class='ocrx_word' id='word_1_170' title='bbox 1001 949 1029 967; x_wconf 85' lang='lat' dir='ltr'>se</span> 
     </span>
     <span class='ocr_line' id='line_1_24' title="bbox 235 977 1028 1017; baseline -0.006 -8"><span class='ocrx_word' id='word_1_171' title='bbox 235 977 325 1017; x_wconf 75' lang='lat' dir='ltr'>¹ipsam</span> <span class='ocrx_word' id='word_1_172' title='bbox 337 980 493 1016; x_wconf 76' lang='lat' dir='ltr'>optabilem,</span> <span class='ocrx_word' id='word_1_173' title='bbox 505 979 552 1006; x_wconf 89' lang='lat' dir='ltr'>sed</span> <span class='ocrx_word' id='word_1_174' title='bbox 564 980 628 1014; x_wconf 86' lang='lat' dir='ltr'>quia</span> <span class='ocrx_word' id='word_1_175' title='bbox 641 979 816 1005; x_wconf 86' lang='lat' dir='ltr'>iucunditatis</span> <span class='ocrx_word' id='word_1_176' title='bbox 828 978 868 1005; x_wconf 86' lang='lat' dir='ltr'>vel</span> <span class='ocrx_word' id='word_1_177' title='bbox 880 978 1028 1013; x_wconf 90' lang='lat' dir='ltr'>plurimum</span> 
     </span>
     <span class='ocr_line' id='line_1_25' title="bbox 238 1016 1026 1052; baseline -0.006 -6"><span class='ocrx_word' id='word_1_178' title='bbox 238 1019 339 1046; x_wconf 77' lang='lat' dir='ltr'>atterat.</span> <span class='ocrx_word' id='word_1_179' title='bbox 380 1018 447 1044; x_wconf 83' lang='lat' dir='ltr'>Nam</span> <span class='ocrx_word' id='word_1_180' title='bbox 472 1017 551 1052; x_wconf 80' lang='lat' dir='ltr'>diligi</span> <span class='ocrx_word' id='word_1_181' title='bbox 566 1022 592 1043; x_wconf 89' lang='lat' dir='ltr'>et</span> <span class='ocrx_word' id='word_1_182' title='bbox 609 1025 702 1042; x_wconf 88' lang='lat' dir='ltr'>carum</span> <span class='ocrx_word' id='word_1_183' title='bbox 721 1025 780 1043; x_wconf 87' lang='lat' dir='ltr'>esse</span> <span class='ocrx_word' id='word_1_184' title='bbox 804 1016 954 1042; x_wconf 91' lang='lat' dir='ltr'>iucundum</span> <span class='ocrx_word' id='word_1_185' title='bbox 979 1020 1026 1045; x_wconf 82' lang='lat' dir='ltr'>est.</span> 
     </span>
     <span class='ocr_line' id='line_1_26' title="bbox 237 1052 1030 1092; baseline -0.005 -9"><span class='ocrx_word' id='word_1_186' title='bbox 237 1061 376 1092; x_wconf 85' lang='lat' dir='ltr'>propterea</span> <span class='ocrx_word' id='word_1_187' title='bbox 385 1076 391 1087; x_wconf 87' lang='grc'>,</span> <span class='ocrx_word' id='word_1_188' title='bbox 408 1055 472 1090; x_wconf 91' lang='lat' dir='ltr'>quia</span> <span class='ocrx_word' id='word_1_189' title='bbox 485 1056 608 1081; x_wconf 90' lang='lat' dir='ltr'>tutiorem</span> <span class='ocrx_word' id='word_1_190' title='bbox 620 1054 701 1080; x_wconf 81' lang='lat' dir='ltr'>vitam</span> <span class='ocrx_word' id='word_1_191' title='bbox 712 1075 717 1084; x_wconf 86' lang='lat'>,</span> <span class='ocrx_word' id='word_1_192' title='bbox 735 1058 761 1080; x_wconf 91' lang='lat' dir='ltr'>et</span> <span class='ocrx_word' id='word_1_193' title='bbox 771 1053 935 1088; x_wconf 85' lang='lat' dir='ltr'>voluptatem</span> <span class='ocrx_word' id='word_1_194' title='bbox 947 1052 1030 1079; x_wconf 79' lang='lat' dir='ltr'>efficit</span> 
     </span>
     <span class='ocr_line' id='line_1_27' title="bbox 238 1089 1027 1129; baseline -0.005 -9"><span class='ocrx_word' id='word_1_195' title='bbox 238 1094 398 1129; x_wconf 86' lang='lat' dir='ltr'>pleniorem.</span> <span class='ocrx_word' id='word_1_196' title='bbox 438 1093 529 1127; x_wconf 87' lang='lat' dir='ltr'>ltaque</span> <span class='ocrx_word' id='word_1_197' title='bbox 555 1100 606 1117; x_wconf 92' lang='lat' dir='ltr'>non</span> <span class='ocrx_word' id='word_1_198' title='bbox 631 1091 665 1117; x_wconf 91' lang='lat' dir='ltr'>ob</span> <span class='ocrx_word' id='word_1_199' title='bbox 689 1099 719 1117; x_wconf 86' lang='lat' dir='ltr'>ea</span> <span class='ocrx_word' id='word_1_200' title='bbox 739 1090 827 1117; x_wconf 85' lang='lat' dir='ltr'>solum</span> <span class='ocrx_word' id='word_1_201' title='bbox 850 1089 1027 1121; x_wconf 89' lang='lat' dir='ltr'>incommoda,</span> 
     </span>
     <span class='ocr_line' id='line_1_28' title="bbox 237 1127 1031 1166; baseline -0.005 -9"><span class='ocrx_word' id='word_1_202' title='bbox 237 1139 306 1166; x_wconf 88' lang='lat' dir='ltr'>quae</span> <span class='ocrx_word' id='word_1_203' title='bbox 317 1130 446 1157; x_wconf 88' lang='lat' dir='ltr'>eveniunt</span> <span class='ocrx_word' id='word_1_204' title='bbox 457 1128 597 1164; x_wconf 75' lang='lat' dir='ltr'>improbis,</span> <span class='ocrx_word' id='word_1_205' title='bbox 611 1127 971 1163; x_wconf 79' lang='lat' dir='ltr'>fugiendamimprobitatem</span> <span class='ocrx_word' id='word_1_206' title='bbox 979 1136 1031 1162; x_wconf 92' lang='lat' dir='ltr'>pu-</span> 
     </span>
     <span class='ocr_line' id='line_1_29' title="bbox 237 1165 1030 1200; baseline -0.006 -5"><span class='ocrx_word' id='word_1_207' title='bbox 237 1173 339 1198; x_wconf 81' lang='lat' dir='ltr'>tamus,</span> <span class='ocrx_word' id='word_1_208' title='bbox 356 1166 403 1193; x_wconf 90' lang='lat' dir='ltr'>sed</span> <span class='ocrx_word' id='word_1_209' title='bbox 419 1166 504 1193; x_wconf 89' lang='lat' dir='ltr'>multo</span> <span class='ocrx_word' id='word_1_210' title='bbox 515 1167 594 1192; x_wconf 89' lang='lat' dir='ltr'>etiam</span> <span class='ocrx_word' id='word_1_211' title='bbox 607 1166 701 1200; x_wconf 79' lang='lat' dir='ltr'>magis,</span> <span class='ocrx_word' id='word_1_212' title='bbox 715 1165 797 1200; x_wconf 86' lang='lat' dir='ltr'>quod,</span> <span class='ocrx_word' id='word_1_213' title='bbox 813 1165 892 1191; x_wconf 89' lang='lat' dir='ltr'>cuius</span> <span class='ocrx_word' id='word_1_214' title='bbox 902 1165 930 1191; x_wconf 90' lang='lat' dir='ltr'>in</span> <span class='ocrx_word' id='word_1_215' title='bbox 941 1165 1030 1191; x_wconf 82' lang='lat' dir='ltr'>animo</span> 
     </span>
     <span class='ocr_line' id='line_1_30' title="bbox 238 1203 1030 1238; baseline -0.005 -6"><span class='ocrx_word' id='word_1_216' title='bbox 238 1209 373 1235; x_wconf 72' lang='lat' dir='ltr'>versatur,</span> <span class='ocrx_word' id='word_1_217' title='bbox 397 1211 545 1238; x_wconf 80' lang='lat' dir='ltr'>numquam</span> <span class='ocrx_word' id='word_1_218' title='bbox 565 1203 630 1229; x_wconf 91' lang='lat' dir='ltr'>sinit</span> <span class='ocrx_word' id='word_1_219' title='bbox 644 1211 706 1228; x_wconf 87' lang='lat' dir='ltr'>eum</span> <span class='ocrx_word' id='word_1_220' title='bbox 723 1203 867 1237; x_wconf 84' lang='lat' dir='ltr'>respirare,</span> <span class='ocrx_word' id='word_1_221' title='bbox 881 1210 1030 1237; x_wconf 84' lang='lat' dir='ltr'>numquam</span> 
     </span>
     <span class='ocr_line' id='line_1_31' title="bbox 238 1239 1032 1277; baseline -0.005 -8"><span class='ocrx_word' id='word_1_222' title='bbox 238 1243 418 1277; x_wconf 81' lang='lat' dir='ltr'>acquiescere.</span> <span class='ocrx_word' id='word_1_223' title='bbox 458 1241 500 1267; x_wconf 69' lang='lat'>54.</span> <span class='ocrx_word' id='word_1_224' title='bbox 521 1239 598 1272; x_wconf 89' lang='lat' dir='ltr'>Quod</span> <span class='ocrx_word' id='word_1_225' title='bbox 611 1240 635 1266; x_wconf 89' lang='lat' dir='ltr'>si</span> <span class='ocrx_word' id='word_1_226' title='bbox 647 1247 678 1266; x_wconf 93' lang='lat' dir='ltr'>ne</span> <span class='ocrx_word' id='word_1_227' title='bbox 694 1240 813 1274; x_wconf 90' lang='lat' dir='ltr'>ipsarum</span> <span class='ocrx_word' id='word_1_228' title='bbox 824 1239 934 1274; x_wconf 89' lang='lat' dir='ltr'>quidem</span> <span class='ocrx_word' id='word_1_229' title='bbox 945 1240 1032 1266; x_wconf 87' lang='lat' dir='ltr'>virtu-</span> 
     </span>
     <span class='ocr_line' id='line_1_32' title="bbox 238 1276 1031 1313; baseline -0.005 -7"><span class='ocrx_word' id='word_1_230' title='bbox 238 1285 294 1307; x_wconf 89' lang='lat' dir='ltr'>tum</span> <span class='ocrx_word' id='word_1_231' title='bbox 314 1279 385 1310; x_wconf 79' lang='lat' dir='ltr'>laus,</span> <span class='ocrx_word' id='word_1_232' title='bbox 402 1279 429 1304; x_wconf 90' lang='lat' dir='ltr'>in</span> <span class='ocrx_word' id='word_1_233' title='bbox 444 1286 497 1313; x_wconf 89' lang='lat' dir='ltr'>qua</span> <span class='ocrx_word' id='word_1_234' title='bbox 518 1277 634 1303; x_wconf 85' lang='lat' dir='ltr'>maxime</span> <span class='ocrx_word' id='word_1_235' title='bbox 645 1281 794 1303; x_wconf 89' lang='lat' dir='ltr'>ceterorum</span> <span class='ocrx_word' id='word_1_236' title='bbox 808 1276 1031 1311; x_wconf 87' lang='lat' dir='ltr'>philosophorum</span> 
     </span>
     <span class='ocr_line' id='line_1_33' title="bbox 238 1314 1032 1349; baseline -0.004 -6"><span class='ocrx_word' id='word_1_237' title='bbox 238 1315 357 1343; x_wconf 84' lang='lat' dir='ltr'>exsultat</span> <span class='ocrx_word' id='word_1_238' title='bbox 366 1316 463 1346; x_wconf 76' lang='lat' dir='ltr'>oratio.</span> <span class='ocrx_word' id='word_1_239' title='bbox 477 1315 593 1349; x_wconf 89' lang='lat' dir='ltr'>reperire</span> <span class='ocrx_word' id='word_1_240' title='bbox 604 1318 691 1349; x_wconf 86' lang='lat' dir='ltr'>potest</span> <span class='ocrx_word' id='word_1_241' title='bbox 701 1315 818 1345; x_wconf 86' lang='lat' dir='ltr'>exitum,</span> <span class='ocrx_word' id='word_1_242' title='bbox 832 1314 885 1340; x_wconf 89' lang='lat' dir='ltr'>nisi</span> <span class='ocrx_word' id='word_1_243' title='bbox 898 1314 1032 1349; x_wconf 82' lang='lat' dir='ltr'>dirigatur</span> 
     </span>
     <span class='ocr_line' id='line_1_34' title="bbox 238 1351 1032 1388; baseline -0.004 -8"><span class='ocrx_word' id='word_1_244' title='bbox 238 1354 272 1380; x_wconf 90' lang='lat' dir='ltr'>ad</span> <span class='ocrx_word' id='word_1_245' title='bbox 284 1352 457 1388; x_wconf 86' lang='lat' dir='ltr'>voluptatem,</span> <span class='ocrx_word' id='word_1_246' title='bbox 475 1352 598 1386; x_wconf 89' lang='lat' dir='ltr'>voluptas</span> <span class='ocrx_word' id='word_1_247' title='bbox 609 1356 698 1378; x_wconf 90' lang='lat' dir='ltr'>autem</span> <span class='ocrx_word' id='word_1_248' title='bbox 712 1356 752 1378; x_wconf 86' lang='lat' dir='ltr'>est</span> <span class='ocrx_word' id='word_1_249' title='bbox 763 1351 827 1382; x_wconf 78' lang='lat' dir='ltr'>sola.</span> <span class='ocrx_word' id='word_1_250' title='bbox 844 1359 913 1386; x_wconf 91' lang='lat' dir='ltr'>quae</span> <span class='ocrx_word' id='word_1_251' title='bbox 925 1359 972 1377; x_wconf 94' lang='lat' dir='ltr'>nos</span> <span class='ocrx_word' id='word_1_252' title='bbox 984 1359 1032 1377; x_wconf 84' lang='lat' dir='ltr'>vo-</span> 
     </span>
     <span class='ocr_line' id='line_1_35' title="bbox 237 1388 1031 1423; baseline -0.004 -6"><span class='ocrx_word' id='word_1_253' title='bbox 237 1396 279 1417; x_wconf 89' lang='lat' dir='ltr'>cet</span> <span class='ocrx_word' id='word_1_254' title='bbox 299 1390 332 1416; x_wconf 88' lang='lat' dir='ltr'>ad</span> <span class='ocrx_word' id='word_1_255' title='bbox 352 1398 381 1416; x_wconf 89' lang='lat' dir='ltr'>se</span> <span class='ocrx_word' id='word_1_256' title='bbox 396 1394 422 1416; x_wconf 88' lang='lat' dir='ltr'>et</span> <span class='ocrx_word' id='word_1_257' title='bbox 439 1388 541 1416; x_wconf 88' lang='lat' dir='ltr'>alliciat</span> <span class='ocrx_word' id='word_1_258' title='bbox 555 1393 650 1423; x_wconf 89' lang='lat' dir='ltr'>suapte</span> <span class='ocrx_word' id='word_1_259' title='bbox 664 1393 771 1415; x_wconf 86' lang='lat' dir='ltr'>natura:</span> <span class='ocrx_word' id='word_1_260' title='bbox 806 1397 858 1415; x_wconf 90' lang='lat' dir='ltr'>non</span> <span class='ocrx_word' id='word_1_261' title='bbox 874 1393 1031 1423; x_wconf 82' lang='lat' dir='ltr'>potestesse</span> 
     </span>
     <span class='ocr_line' id='line_1_36' title="bbox 237 1425 1033 1462; baseline -0.003 -8"><span class='ocrx_word' id='word_1_262' title='bbox 237 1428 367 1458; x_wconf 85' lang='lat' dir='ltr'>dubium,</span> <span class='ocrx_word' id='word_1_263' title='bbox 388 1427 456 1462; x_wconf 92' lang='lat' dir='ltr'>quin</span> <span class='ocrx_word' id='word_1_264' title='bbox 471 1426 499 1453; x_wconf 91' lang='lat' dir='ltr'>id</span> <span class='ocrx_word' id='word_1_265' title='bbox 514 1427 549 1452; x_wconf 85' lang='lat' dir='ltr'>sit</span> <span class='ocrx_word' id='word_1_266' title='bbox 564 1434 703 1452; x_wconf 88' lang='lat' dir='ltr'>summum</span> <span class='ocrx_word' id='word_1_267' title='bbox 718 1430 797 1460; x_wconf 90' lang='lat' dir='ltr'>atque</span> <span class='ocrx_word' id='word_1_268' title='bbox 817 1431 968 1452; x_wconf 76' lang='lat' dir='ltr'>extremum</span> <span class='ocrx_word' id='word_1_269' title='bbox 984 1425 1033 1452; x_wconf 89' lang='lat' dir='ltr'>bo-</span> 
     </span>
     <span class='ocr_line' id='line_1_37' title="bbox 238 1463 1030 1498; baseline -0.004 -6"><span class='ocrx_word' id='word_1_270' title='bbox 238 1473 333 1492; x_wconf 93' lang='lat' dir='ltr'>norum</span> <span class='ocrx_word' id='word_1_271' title='bbox 363 1464 495 1495; x_wconf 88' lang='lat' dir='ltr'>omnium,</span> <span class='ocrx_word' id='word_1_272' title='bbox 526 1463 656 1498; x_wconf 84' lang='lat' dir='ltr'>beateque</span> <span class='ocrx_word' id='word_1_273' title='bbox 684 1463 776 1489; x_wconf 89' lang='lat' dir='ltr'>vivere</span> <span class='ocrx_word' id='word_1_274' title='bbox 797 1463 865 1489; x_wconf 90' lang='lat' dir='ltr'>nihil</span> <span class='ocrx_word' id='word_1_275' title='bbox 887 1463 961 1490; x_wconf 92' lang='lat' dir='ltr'>aliud</span> <span class='ocrx_word' id='word_1_276' title='bbox 986 1463 1030 1493; x_wconf 77' lang='lat' dir='ltr'>sit.</span> 
     </span>
     <span class='ocr_line' id='line_1_38' title="bbox 239 1501 626 1536; baseline -0.008 -7"><span class='ocrx_word' id='word_1_277' title='bbox 239 1503 292 1529; x_wconf 91' lang='lat' dir='ltr'>nisi</span> <span class='ocrx_word' id='word_1_278' title='bbox 303 1510 365 1528; x_wconf 89' lang='lat' dir='ltr'>cum</span> <span class='ocrx_word' id='word_1_279' title='bbox 378 1501 512 1536; x_wconf 88' lang='lat' dir='ltr'>voluptate</span> <span class='ocrx_word' id='word_1_280' title='bbox 524 1501 626 1527; x_wconf 86' lang='lat' dir='ltr'>vivere.</span> 
     </span>
    </p>

    <p class='ocr_par' dir='ltr' id='par_1_6' title="bbox 238 1536 1033 1871">
     <span class='ocr_line' id='line_1_39' title="bbox 294 1536 1033 1572; baseline -0.003 -7"><span class='ocrx_word' id='word_1_281' title='bbox 294 1539 376 1565; x_wconf 87' lang='lat' dir='ltr'>XVII.</span> <span class='ocrx_word' id='word_1_282' title='bbox 398 1539 440 1565; x_wconf 79' lang='lat'>55.</span> <span class='ocrx_word' id='word_1_283' title='bbox 457 1539 525 1565; x_wconf 82' lang='lat' dir='ltr'>Huic</span> <span class='ocrx_word' id='word_1_284' title='bbox 538 1543 625 1564; x_wconf 89' lang='lat' dir='ltr'>certae</span> <span class='ocrx_word' id='word_1_285' title='bbox 640 1536 786 1572; x_wconf 83' lang='lat' dir='ltr'>stabilique</span> <span class='ocrx_word' id='word_1_286' title='bbox 801 1537 948 1564; x_wconf 88' lang='lat' dir='ltr'>sententiae</span> <span class='ocrx_word' id='word_1_287' title='bbox 963 1545 1033 1572; x_wconf 86' lang='lat' dir='ltr'>quae</span> 
     </span>
     <span class='ocr_line' id='line_1_40' title="bbox 238 1574 1033 1610; baseline -0.004 -7"><span class='ocrx_word' id='word_1_288' title='bbox 238 1577 293 1603; x_wconf 86' lang='lat' dir='ltr'>sint</span> <span class='ocrx_word' id='word_1_289' title='bbox 307 1577 461 1606; x_wconf 82' lang='lat' dir='ltr'>coniuncta,</span> <span class='ocrx_word' id='word_1_290' title='bbox 479 1575 621 1610; x_wconf 87' lang='lat' dir='ltr'>explicabo</span> <span class='ocrx_word' id='word_1_291' title='bbox 634 1574 721 1601; x_wconf 85' lang='lat' dir='ltr'>brevi.</span> <span class='ocrx_word' id='word_1_292' title='bbox 761 1574 858 1601; x_wconf 91' lang='lat' dir='ltr'>Nullus</span> <span class='ocrx_word' id='word_1_293' title='bbox 873 1575 900 1601; x_wconf 91' lang='lat' dir='ltr'>in</span> <span class='ocrx_word' id='word_1_294' title='bbox 913 1575 980 1609; x_wconf 89' lang='lat' dir='ltr'>ipsis</span> <span class='ocrx_word' id='word_1_295' title='bbox 990 1583 1033 1600; x_wconf 86' lang='lat' dir='ltr'>er-</span> 
     </span>
     <span class='ocr_line' id='line_1_41' title="bbox 239 1611 1033 1643; baseline -0.004 -3"><span class='ocrx_word' id='word_1_296' title='bbox 239 1622 281 1640; x_wconf 87' lang='lat' dir='ltr'>ror</span> <span class='ocrx_word' id='word_1_297' title='bbox 296 1618 336 1640; x_wconf 90' lang='lat' dir='ltr'>est</span> <span class='ocrx_word' id='word_1_298' title='bbox 350 1613 450 1639; x_wconf 75' lang='lat' dir='ltr'>tinibus</span> <span class='ocrx_word' id='word_1_299' title='bbox 466 1612 597 1639; x_wconf 90' lang='lat' dir='ltr'>bonorum</span> <span class='ocrx_word' id='word_1_300' title='bbox 608 1611 790 1643; x_wconf 85' lang='lat' dir='ltr'>etmalorum,</span> <span class='ocrx_word' id='word_1_301' title='bbox 807 1611 835 1638; x_wconf 91' lang='lat' dir='ltr'>id</span> <span class='ocrx_word' id='word_1_302' title='bbox 845 1616 899 1643; x_wconf 88' lang='lat' dir='ltr'>est,</span> <span class='ocrx_word' id='word_1_303' title='bbox 915 1613 943 1638; x_wconf 91' lang='lat' dir='ltr'>in</span> <span class='ocrx_word' id='word_1_304' title='bbox 954 1611 1033 1638; x_wconf 84' lang='lat' dir='ltr'>volu-</span> 
     </span>
     <span class='ocr_line' id='line_1_42' title="bbox 238 1649 1033 1686; baseline -0.004 -8"><span class='ocrx_word' id='word_1_305' title='bbox 238 1656 309 1686; x_wconf 89' lang='lat' dir='ltr'>ptate</span> <span class='ocrx_word' id='word_1_306' title='bbox 321 1655 366 1677; x_wconf 88' lang='lat' dir='ltr'>aut</span> <span class='ocrx_word' id='word_1_307' title='bbox 377 1651 405 1676; x_wconf 88' lang='lat' dir='ltr'>in</span> <span class='ocrx_word' id='word_1_308' title='bbox 416 1649 520 1676; x_wconf 91' lang='lat' dir='ltr'>dolore:</span> <span class='ocrx_word' id='word_1_309' title='bbox 541 1649 588 1676; x_wconf 88' lang='lat' dir='ltr'>sed</span> <span class='ocrx_word' id='word_1_310' title='bbox 600 1650 627 1675; x_wconf 93' lang='lat' dir='ltr'>in</span> <span class='ocrx_word' id='word_1_311' title='bbox 639 1649 682 1675; x_wconf 87' lang='lat' dir='ltr'>his</span> <span class='ocrx_word' id='word_1_312' title='bbox 694 1649 902 1684; x_wconf 88' lang='lat' dir='ltr'>rebuspeccant,</span> <span class='ocrx_word' id='word_1_313' title='bbox 914 1657 1033 1684; x_wconf 85' lang='lat' dir='ltr'>quum,e</span> 
     </span>
     <span class='ocr_line' id='line_1_43' title="bbox 238 1686 1033 1723; baseline -0.003 -9"><span class='ocrx_word' id='word_1_314' title='bbox 238 1688 341 1723; x_wconf 90' lang='lat' dir='ltr'>quibus</span> <span class='ocrx_word' id='word_1_315' title='bbox 352 1688 418 1714; x_wconf 86' lang='lat' dir='ltr'>haec</span> <span class='ocrx_word' id='word_1_316' title='bbox 429 1686 593 1718; x_wconf 79' lang='lat' dir='ltr'>efficiantur,</span> <span class='ocrx_word' id='word_1_317' title='bbox 606 1687 740 1722; x_wconf 85' lang='lat' dir='ltr'>ignorant.</span> <span class='ocrx_word' id='word_1_318' title='bbox 780 1686 872 1712; x_wconf 84' lang='lat' dir='ltr'>Animi</span> <span class='ocrx_word' id='word_1_319' title='bbox 884 1691 973 1713; x_wconf 86' lang='lat' dir='ltr'>autern</span> <span class='ocrx_word' id='word_1_320' title='bbox 985 1694 1033 1712; x_wconf 87' lang='lat' dir='ltr'>vo-</span> 
     </span>
     <span class='ocr_line' id='line_1_44' title="bbox 240 1723 1033 1760; baseline -0.003 -9"><span class='ocrx_word' id='word_1_321' title='bbox 240 1725 354 1760; x_wconf 89' lang='lat' dir='ltr'>luptates</span> <span class='ocrx_word' id='word_1_322' title='bbox 366 1729 391 1751; x_wconf 85' lang='lat' dir='ltr'>et</span> <span class='ocrx_word' id='word_1_323' title='bbox 402 1723 507 1750; x_wconf 86' lang='lat' dir='ltr'>dolores</span> <span class='ocrx_word' id='word_1_324' title='bbox 518 1724 593 1750; x_wconf 88' lang='lat' dir='ltr'>nasci</span> <span class='ocrx_word' id='word_1_325' title='bbox 607 1723 722 1750; x_wconf 84' lang='lat' dir='ltr'>fatemur</span> <span class='ocrx_word' id='word_1_326' title='bbox 731 1731 745 1750; x_wconf 93' lang='lat' dir='ltr'>e</span> <span class='ocrx_word' id='word_1_327' title='bbox 755 1724 875 1758; x_wconf 87' lang='lat' dir='ltr'>corporis</span> <span class='ocrx_word' id='word_1_328' title='bbox 886 1723 1033 1758; x_wconf 86' lang='lat' dir='ltr'>voluptati-</span> 
     </span>
     <span class='ocr_line' id='line_1_45' title="bbox 238 1760 1033 1796; baseline -0.003 -8"><span class='ocrx_word' id='word_1_329' title='bbox 238 1762 291 1789; x_wconf 86' lang='lat' dir='ltr'>bus</span> <span class='ocrx_word' id='word_1_330' title='bbox 306 1767 332 1789; x_wconf 91' lang='lat' dir='ltr'>et</span> <span class='ocrx_word' id='word_1_331' title='bbox 342 1761 491 1788; x_wconf 88' lang='lat' dir='ltr'>doloribus.</span> <span class='ocrx_word' id='word_1_332' title='bbox 532 1762 623 1796; x_wconf 86' lang='lat' dir='ltr'>ltaque</span> <span class='ocrx_word' id='word_1_333' title='bbox 634 1760 759 1792; x_wconf 89' lang='lat' dir='ltr'>concedo,</span> <span class='ocrx_word' id='word_1_334' title='bbox 777 1761 850 1795; x_wconf 91' lang='lat' dir='ltr'>quod</span> <span class='ocrx_word' id='word_1_335' title='bbox 865 1761 944 1787; x_wconf 89' lang='lat' dir='ltr'>modo</span> <span class='ocrx_word' id='word_1_336' title='bbox 959 1760 1033 1786; x_wconf 89' lang='lat' dir='ltr'>dice-</span> 
     </span>
     <span class='ocr_line' id='line_1_46' title="bbox 239 1797 1029 1833; baseline -0.003 -7"><span class='ocrx_word' id='word_1_337' title='bbox 239 1799 288 1826; x_wconf 89' lang='lat' dir='ltr'>bas</span> <span class='ocrx_word' id='word_1_338' title='bbox 296 1820 302 1830; x_wconf 94' lang='lat'>,</span> <span class='ocrx_word' id='word_1_339' title='bbox 315 1799 409 1826; x_wconf 90' lang='lat' dir='ltr'>cadere</span> <span class='ocrx_word' id='word_1_340' title='bbox 421 1807 515 1825; x_wconf 85' lang='lat' dir='ltr'>caussa</span> <span class='ocrx_word' id='word_1_341' title='bbox 523 1819 529 1829; x_wconf 94' lang='lat'>,</span> <span class='ocrx_word' id='word_1_342' title='bbox 547 1799 570 1824; x_wconf 90' lang='lat' dir='ltr'>si</span> <span class='ocrx_word' id='word_1_343' title='bbox 582 1799 654 1833; x_wconf 86' lang='lat' dir='ltr'>quie</span> <span class='ocrx_word' id='word_1_344' title='bbox 665 1798 763 1824; x_wconf 85' lang='lat' dir='ltr'>nostris</span> <span class='ocrx_word' id='word_1_345' title='bbox 774 1797 851 1824; x_wconf 90' lang='lat' dir='ltr'>aliter</span> <span class='ocrx_word' id='word_1_346' title='bbox 861 1798 1029 1829; x_wconf 70' lang='lat' dir='ltr'>existimant,</span> 
     </span>
     <span class='ocr_line' id='line_1_47' title="bbox 239 1834 1033 1871; baseline -0.004 -8"><span class='ocrx_word' id='word_1_347' title='bbox 239 1845 308 1871; x_wconf 90' lang='lat' dir='ltr'>quos</span> <span class='ocrx_word' id='word_1_348' title='bbox 318 1836 430 1871; x_wconf 90' lang='lat' dir='ltr'>quidem</span> <span class='ocrx_word' id='word_1_349' title='bbox 440 1835 520 1862; x_wconf 89' lang='lat' dir='ltr'>video</span> <span class='ocrx_word' id='word_1_350' title='bbox 527 1844 585 1861; x_wconf 88' lang='lat' dir='ltr'>esse</span> <span class='ocrx_word' id='word_1_351' title='bbox 592 1834 700 1866; x_wconf 87' lang='lat' dir='ltr'>multos,</span> <span class='ocrx_word' id='word_1_352' title='bbox 708 1835 756 1861; x_wconf 91' lang='lat' dir='ltr'>sed</span> <span class='ocrx_word' id='word_1_353' title='bbox 763 1835 911 1869; x_wconf 83' lang='lat' dir='ltr'>imperitos¹</span> <span class='ocrx_word' id='word_1_354' title='bbox 932 1834 1033 1866; x_wconf 83' lang='lat' dir='ltr'>Quam-</span> 
     </span>
    </p>
   </div>
   <div class='ocr_carea' id='block_1_6' title="bbox 240 1870 1055 1908">
    <p class='ocr_par' dir='ltr' id='par_1_7' title="bbox 240 1870 1055 1908">
     <span class='ocr_line' id='line_1_48' title="bbox 240 1870 1055 1908; baseline -0.004 -8"><span class='ocrx_word' id='word_1_355' title='bbox 240 1882 322 1908; x_wconf 85' lang='lat' dir='ltr'>quam</span> <span class='ocrx_word' id='word_1_356' title='bbox 333 1878 423 1899; x_wconf 90' lang='lat' dir='ltr'>autem</span> <span class='ocrx_word' id='word_1_357' title='bbox 434 1877 459 1899; x_wconf 89' lang='lat' dir='ltr'>et</span> <span class='ocrx_word' id='word_1_358' title='bbox 471 1872 598 1899; x_wconf 80' lang='lat' dir='ltr'>laetitiam</span> <span class='ocrx_word' id='word_1_359' title='bbox 609 1872 688 1898; x_wconf 91' lang='lat' dir='ltr'>nobis</span> <span class='ocrx_word' id='word_1_360' title='bbox 699 1872 822 1906; x_wconf 86' lang='lat' dir='ltr'>voluptas</span> <span class='ocrx_word' id='word_1_361' title='bbox 833 1872 926 1902; x_wconf 86' lang='lat' dir='ltr'>animi,</span> <span class='ocrx_word' id='word_1_362' title='bbox 939 1876 965 1898; x_wconf 88' lang='lat' dir='ltr'>et</span> <span class='ocrx_word' id='word_1_363' title='bbox 975 1880 1033 1897; x_wconf 90' lang='lat' dir='ltr'>mo-</span> <span class='ocrx_word' id='word_1_364' title='bbox 1054 1870 1055 1878; x_wconf 66' lang='lat'>¹</span> 
     </span>
    </p>
   </div>
   <div class='ocr_carea' id='block_1_7' title="bbox 240 1909 1034 2688">
    <p class='ocr_par' dir='ltr' id='par_1_8' title="bbox 240 1909 1034 2688">
     <span class='ocr_line' id='line_1_49' title="bbox 241 1909 1033 1943; baseline -0.003 -6"><span class='ocrx_word' id='word_1_365' title='bbox 241 1910 346 1937; x_wconf 87' lang='lat' dir='ltr'>lestiam</span> <span class='ocrx_word' id='word_1_366' title='bbox 362 1910 440 1936; x_wconf 91' lang='lat' dir='ltr'>nobis</span> <span class='ocrx_word' id='word_1_367' title='bbox 456 1909 531 1936; x_wconf 92' lang='lat' dir='ltr'>dolor</span> <span class='ocrx_word' id='word_1_368' title='bbox 545 1909 648 1936; x_wconf 78' lang='lat' dir='ltr'>afferat:</span> <span class='ocrx_word' id='word_1_369' title='bbox 679 1917 772 1935; x_wconf 85' lang='lat' dir='ltr'>eorum</span> <span class='ocrx_word' id='word_1_370' title='bbox 788 1914 876 1935; x_wconf 89' lang='lat' dir='ltr'>tamen</span> <span class='ocrx_word' id='word_1_371' title='bbox 886 1914 1033 1943; x_wconf 89' lang='lat' dir='ltr'>utrumque</span> 
     </span>
     <span class='ocr_line' id='line_1_50' title="bbox 240 1945 1033 1981; baseline -0.003 -7"><span class='ocrx_word' id='word_1_372' title='bbox 240 1952 267 1974; x_wconf 92' lang='lat' dir='ltr'>et</span> <span class='ocrx_word' id='word_1_373' title='bbox 275 1952 363 1974; x_wconf 91' lang='lat' dir='ltr'>ortum</span> <span class='ocrx_word' id='word_1_374' title='bbox 378 1955 437 1972; x_wconf 88' lang='lat' dir='ltr'>esse</span> <span class='ocrx_word' id='word_1_375' title='bbox 452 1955 466 1972; x_wconf 90' lang='lat' dir='ltr'>e</span> <span class='ocrx_word' id='word_1_376' title='bbox 481 1954 604 1981; x_wconf 82' lang='lat' dir='ltr'>corpore,</span> <span class='ocrx_word' id='word_1_377' title='bbox 621 1950 647 1972; x_wconf 92' lang='lat' dir='ltr'>et</span> <span class='ocrx_word' id='word_1_378' title='bbox 657 1946 689 1972; x_wconf 86' lang='lat' dir='ltr'>ad</span> <span class='ocrx_word' id='word_1_379' title='bbox 699 1954 797 1980; x_wconf 89' lang='lat' dir='ltr'>corpus</span> <span class='ocrx_word' id='word_1_380' title='bbox 811 1945 917 1972; x_wconf 85' lang='lat' dir='ltr'>referri:</span> <span class='ocrx_word' id='word_1_381' title='bbox 939 1954 988 1972; x_wconf 88' lang='lat' dir='ltr'>nec</span> <span class='ocrx_word' id='word_1_382' title='bbox 999 1946 1033 1972; x_wconf 91' lang='lat' dir='ltr'>ob</span> 
     </span>
     <span class='ocr_line' id='line_1_51' title="bbox 241 1983 1033 2018; baseline -0.003 -7"><span class='ocrx_word' id='word_1_383' title='bbox 241 1992 300 2011; x_wconf 90' lang='lat' dir='ltr'>eam</span> <span class='ocrx_word' id='word_1_384' title='bbox 321 1992 444 2010; x_wconf 84' lang='lat' dir='ltr'>caussam</span> <span class='ocrx_word' id='word_1_385' title='bbox 465 1992 517 2010; x_wconf 90' lang='lat' dir='ltr'>non</span> <span class='ocrx_word' id='word_1_386' title='bbox 538 1983 622 2010; x_wconf 89' lang='lat' dir='ltr'>multo</span> <span class='ocrx_word' id='word_1_387' title='bbox 639 1984 753 2010; x_wconf 88' lang='lat' dir='ltr'>maiores</span> <span class='ocrx_word' id='word_1_388' title='bbox 768 1991 827 2009; x_wconf 86' lang='lat' dir='ltr'>esse</span> <span class='ocrx_word' id='word_1_389' title='bbox 842 1988 869 2010; x_wconf 89' lang='lat' dir='ltr'>et</span> <span class='ocrx_word' id='word_1_390' title='bbox 882 1983 1033 2018; x_wconf 78' lang='lat' dir='ltr'>voluptates</span> 
     </span>
     <span class='ocr_line' id='line_1_52' title="bbox 240 2020 1030 2056; baseline -0.001 -8"><span class='ocrx_word' id='word_1_391' title='bbox 240 2026 267 2048; x_wconf 89' lang='lat' dir='ltr'>et</span> <span class='ocrx_word' id='word_1_392' title='bbox 280 2020 384 2048; x_wconf 89' lang='lat' dir='ltr'>dolores</span> <span class='ocrx_word' id='word_1_393' title='bbox 395 2021 488 2052; x_wconf 83' lang='lat' dir='ltr'>animi,</span> <span class='ocrx_word' id='word_1_394' title='bbox 501 2029 582 2056; x_wconf 91' lang='lat' dir='ltr'>quam</span> <span class='ocrx_word' id='word_1_395' title='bbox 593 2021 722 2055; x_wconf 86' lang='lat' dir='ltr'>corporis.</span> <span class='ocrx_word' id='word_1_396' title='bbox 753 2021 820 2047; x_wconf 90' lang='lat' dir='ltr'>Nam</span> <span class='ocrx_word' id='word_1_397' title='bbox 832 2029 941 2055; x_wconf 87' lang='lat' dir='ltr'>corpore</span> <span class='ocrx_word' id='word_1_398' title='bbox 952 2020 1030 2052; x_wconf 83' lang='lat' dir='ltr'>nihil,</span> 
     </span>
     <span class='ocr_line' id='line_1_53' title="bbox 241 2057 1033 2093; baseline -0.001 -8"><span class='ocrx_word' id='word_1_399' title='bbox 241 2059 295 2085; x_wconf 90' lang='lat' dir='ltr'>nisi</span> <span class='ocrx_word' id='word_1_400' title='bbox 306 2066 434 2093; x_wconf 84' lang='lat' dir='ltr'>praesens</span> <span class='ocrx_word' id='word_1_401' title='bbox 444 2062 470 2084; x_wconf 91' lang='lat' dir='ltr'>et</span> <span class='ocrx_word' id='word_1_402' title='bbox 479 2057 552 2093; x_wconf 91' lang='lat' dir='ltr'>quod</span> <span class='ocrx_word' id='word_1_403' title='bbox 563 2057 646 2088; x_wconf 87' lang='lat' dir='ltr'>adest,</span> <span class='ocrx_word' id='word_1_404' title='bbox 661 2058 925 2092; x_wconf 86' lang='lat' dir='ltr'>sentirepossumus:</span> <span class='ocrx_word' id='word_1_405' title='bbox 943 2059 1033 2084; x_wconf 85' lang='lat' dir='ltr'>animo</span> 
     </span>
     <span class='ocr_line' id='line_1_54' title="bbox 241 2094 1034 2130; baseline -0.001 -8"><span class='ocrx_word' id='word_1_406' title='bbox 241 2100 331 2123; x_wconf 89' lang='lat' dir='ltr'>autem</span> <span class='ocrx_word' id='word_1_407' title='bbox 347 2100 373 2122; x_wconf 92' lang='lat' dir='ltr'>et</span> <span class='ocrx_word' id='word_1_408' title='bbox 390 2096 530 2130; x_wconf 88' lang='lat' dir='ltr'>praeterita</span> <span class='ocrx_word' id='word_1_409' title='bbox 541 2099 567 2121; x_wconf 90' lang='lat' dir='ltr'>et</span> <span class='ocrx_word' id='word_1_410' title='bbox 578 2094 677 2121; x_wconf 74' lang='lat' dir='ltr'>futura.</span> <span class='ocrx_word' id='word_1_411' title='bbox 717 2095 750 2122; x_wconf 87' lang='lat' dir='ltr'>Ut</span> <span class='ocrx_word' id='word_1_412' title='bbox 761 2096 833 2121; x_wconf 90' lang='lat' dir='ltr'>enim</span> <span class='ocrx_word' id='word_1_413' title='bbox 844 2103 928 2130; x_wconf 89' lang='lat' dir='ltr'>aeque</span> <span class='ocrx_word' id='word_1_414' title='bbox 942 2095 1034 2122; x_wconf 88' lang='lat' dir='ltr'>dolea-</span> 
     </span>
     <span class='ocr_line' id='line_1_55' title="bbox 241 2131 1034 2167; baseline 0 -9"><span class='ocrx_word' id='word_1_415' title='bbox 241 2141 302 2159; x_wconf 90' lang='lat' dir='ltr'>mus</span> <span class='ocrx_word' id='word_1_416' title='bbox 314 2133 413 2162; x_wconf 80' lang='lat' dir='ltr'>animo,</span> <span class='ocrx_word' id='word_1_417' title='bbox 426 2141 511 2167; x_wconf 92' lang='lat' dir='ltr'>quum</span> <span class='ocrx_word' id='word_1_418' title='bbox 525 2140 635 2166; x_wconf 90' lang='lat' dir='ltr'>corpore</span> <span class='ocrx_word' id='word_1_419' title='bbox 645 2131 782 2158; x_wconf 86' lang='lat' dir='ltr'>dolemus:</span> <span class='ocrx_word' id='word_1_420' title='bbox 804 2132 861 2158; x_wconf 84' lang='lat' dir='ltr'>fieri</span> <span class='ocrx_word' id='word_1_421' title='bbox 873 2137 960 2159; x_wconf 87' lang='lat' dir='ltr'>tamen</span> <span class='ocrx_word' id='word_1_422' title='bbox 971 2141 1034 2167; x_wconf 90' lang='lat' dir='ltr'>per-</span> 
     </span>
     <span class='ocr_line' id='line_1_56' title="bbox 241 2169 1034 2206; baseline 0 -10"><span class='ocrx_word' id='word_1_423' title='bbox 241 2178 339 2206; x_wconf 81' lang='lat' dir='ltr'>magna</span> <span class='ocrx_word' id='word_1_424' title='bbox 354 2170 472 2196; x_wconf 85' lang='lat' dir='ltr'>accessio</span> <span class='ocrx_word' id='word_1_425' title='bbox 489 2174 588 2204; x_wconf 86' lang='lat' dir='ltr'>potest,</span> <span class='ocrx_word' id='word_1_426' title='bbox 601 2170 624 2195; x_wconf 92' lang='lat' dir='ltr'>si</span> <span class='ocrx_word' id='word_1_427' title='bbox 635 2169 744 2204; x_wconf 89' lang='lat' dir='ltr'>aliquod</span> <span class='ocrx_word' id='word_1_428' title='bbox 756 2174 893 2196; x_wconf 82' lang='lat' dir='ltr'>aeternum</span> <span class='ocrx_word' id='word_1_429' title='bbox 905 2174 931 2196; x_wconf 84' lang='lat' dir='ltr'>et</span> <span class='ocrx_word' id='word_1_430' title='bbox 942 2170 1034 2196; x_wconf 85' lang='lat' dir='ltr'>infini-</span> 
     </span>
     <span class='ocr_line' id='line_1_57' title="bbox 241 2206 1033 2242; baseline -0.003 -7"><span class='ocrx_word' id='word_1_431' title='bbox 241 2213 298 2235; x_wconf 88' lang='lat' dir='ltr'>tum</span> <span class='ocrx_word' id='word_1_432' title='bbox 309 2206 465 2242; x_wconf 84' lang='lat' dir='ltr'>impendere</span> <span class='ocrx_word' id='word_1_433' title='bbox 477 2206 578 2232; x_wconf 84' lang='lat' dir='ltr'>malum</span> <span class='ocrx_word' id='word_1_434' title='bbox 590 2206 668 2233; x_wconf 91' lang='lat' dir='ltr'>nobis</span> <span class='ocrx_word' id='word_1_435' title='bbox 678 2207 831 2241; x_wconf 82' lang='lat' dir='ltr'>opinemur.</span> <span class='ocrx_word' id='word_1_436' title='bbox 871 2206 949 2239; x_wconf 82' lang='lat' dir='ltr'>Quod</span> <span class='ocrx_word' id='word_1_437' title='bbox 960 2207 1033 2233; x_wconf 86' lang='lat' dir='ltr'>idem</span> 
     </span>
     <span class='ocr_line' id='line_1_58' title="bbox 242 2243 1032 2278; baseline -0.001 -7"><span class='ocrx_word' id='word_1_438' title='bbox 242 2244 303 2271; x_wconf 90' lang='lat' dir='ltr'>licet</span> <span class='ocrx_word' id='word_1_439' title='bbox 313 2244 455 2271; x_wconf 77' lang='lat' dir='ltr'>transferre</span> <span class='ocrx_word' id='word_1_440' title='bbox 466 2244 494 2270; x_wconf 91' lang='lat' dir='ltr'>in</span> <span class='ocrx_word' id='word_1_441' title='bbox 506 2243 683 2278; x_wconf 69' lang='lat' dir='ltr'>voluptatem,</span> <span class='ocrx_word' id='word_1_442' title='bbox 699 2248 729 2270; x_wconf 89' lang='lat' dir='ltr'>ut</span> <span class='ocrx_word' id='word_1_443' title='bbox 742 2252 772 2270; x_wconf 87' lang='lat' dir='ltr'>ea</span> <span class='ocrx_word' id='word_1_444' title='bbox 782 2245 867 2270; x_wconf 90' lang='lat' dir='ltr'>maior</span> <span class='ocrx_word' id='word_1_445' title='bbox 877 2245 921 2275; x_wconf 88' lang='lat' dir='ltr'>sit,</span> <span class='ocrx_word' id='word_1_446' title='bbox 933 2244 958 2270; x_wconf 90' lang='lat' dir='ltr'>si</span> <span class='ocrx_word' id='word_1_447' title='bbox 964 2244 1032 2271; x_wconf 90' lang='lat' dir='ltr'>nihil</span> 
     </span>
     <span class='ocr_line' id='line_1_59' title="bbox 241 2280 1032 2316; baseline -0.003 -7"><span class='ocrx_word' id='word_1_448' title='bbox 241 2282 292 2309; x_wconf 90' lang='lat' dir='ltr'>tale</span> <span class='ocrx_word' id='word_1_449' title='bbox 312 2286 474 2308; x_wconf 79' lang='lat' dir='ltr'>metuamus.</span> <span class='ocrx_word' id='word_1_450' title='bbox 515 2282 558 2307; x_wconf 83' lang='lat'>56.</span> <span class='ocrx_word' id='word_1_451' title='bbox 577 2281 631 2307; x_wconf 91' lang='lat' dir='ltr'>Iam</span> <span class='ocrx_word' id='word_1_452' title='bbox 646 2280 715 2307; x_wconf 91' lang='lat' dir='ltr'>illud</span> <span class='ocrx_word' id='word_1_453' title='bbox 730 2281 841 2316; x_wconf 87' lang='lat' dir='ltr'>quidem</span> <span class='ocrx_word' id='word_1_454' title='bbox 856 2282 1032 2316; x_wconf 91' lang='lat' dir='ltr'>perspicuum</span> 
     </span>
     <span class='ocr_line' id='line_1_60' title="bbox 241 2318 1032 2353; baseline -0.001 -7"><span class='ocrx_word' id='word_1_455' title='bbox 241 2324 294 2349; x_wconf 82' lang='lat' dir='ltr'>est,</span> <span class='ocrx_word' id='word_1_456' title='bbox 316 2319 462 2345; x_wconf 84' lang='lat' dir='ltr'>maximam</span> <span class='ocrx_word' id='word_1_457' title='bbox 482 2319 566 2344; x_wconf 86' lang='lat' dir='ltr'>animi</span> <span class='ocrx_word' id='word_1_458' title='bbox 581 2323 626 2345; x_wconf 88' lang='lat' dir='ltr'>aut</span> <span class='ocrx_word' id='word_1_459' title='bbox 642 2318 806 2353; x_wconf 83' lang='lat' dir='ltr'>voluptatem</span> <span class='ocrx_word' id='word_1_460' title='bbox 822 2323 868 2345; x_wconf 91' lang='lat' dir='ltr'>aut</span> <span class='ocrx_word' id='word_1_461' title='bbox 882 2318 1032 2345; x_wconf 87' lang='lat' dir='ltr'>molestiam</span> 
     </span>
     <span class='ocr_line' id='line_1_61' title="bbox 241 2355 1033 2391; baseline -0.001 -8"><span class='ocrx_word' id='word_1_462' title='bbox 241 2356 304 2391; x_wconf 90' lang='lat' dir='ltr'>plus</span> <span class='ocrx_word' id='word_1_463' title='bbox 319 2361 364 2383; x_wconf 89' lang='lat' dir='ltr'>aut</span> <span class='ocrx_word' id='word_1_464' title='bbox 374 2355 408 2382; x_wconf 90' lang='lat' dir='ltr'>ad</span> <span class='ocrx_word' id='word_1_465' title='bbox 422 2356 527 2382; x_wconf 86' lang='lat' dir='ltr'>beatam</span> <span class='ocrx_word' id='word_1_466' title='bbox 538 2355 628 2382; x_wconf 88' lang='lat' dir='ltr'>autad</span> <span class='ocrx_word' id='word_1_467' title='bbox 638 2356 765 2381; x_wconf 90' lang='lat' dir='ltr'>miseram</span> <span class='ocrx_word' id='word_1_468' title='bbox 775 2357 859 2382; x_wconf 84' lang='lat' dir='ltr'>vitam</span> <span class='ocrx_word' id='word_1_469' title='bbox 873 2355 964 2382; x_wconf 86' lang='lat' dir='ltr'>afferre</span> <span class='ocrx_word' id='word_1_470' title='bbox 974 2364 1033 2382; x_wconf 89' lang='lat' dir='ltr'>mo-</span> 
     </span>
     <span class='ocr_line' id='line_1_62' title="bbox 241 2393 1034 2428; baseline -0.001 -8"><span class='ocrx_word' id='word_1_471' title='bbox 241 2394 334 2424; x_wconf 85' lang='lat' dir='ltr'>menti,</span> <span class='ocrx_word' id='word_1_472' title='bbox 347 2402 429 2428; x_wconf 90' lang='lat' dir='ltr'>quam</span> <span class='ocrx_word' id='word_1_473' title='bbox 440 2401 533 2419; x_wconf 88' lang='lat' dir='ltr'>eorum</span> <span class='ocrx_word' id='word_1_474' title='bbox 544 2393 688 2423; x_wconf 91' lang='lat' dir='ltr'>utrumvis,</span> <span class='ocrx_word' id='word_1_475' title='bbox 701 2393 725 2419; x_wconf 90' lang='lat' dir='ltr'>si</span> <span class='ocrx_word' id='word_1_476' title='bbox 735 2401 820 2428; x_wconf 88' lang='lat' dir='ltr'>aeque</span> <span class='ocrx_word' id='word_1_477' title='bbox 833 2393 882 2419; x_wconf 92' lang='lat' dir='ltr'>diu</span> <span class='ocrx_word' id='word_1_478' title='bbox 893 2393 929 2419; x_wconf 88' lang='lat' dir='ltr'>sit</span> <span class='ocrx_word' id='word_1_479' title='bbox 939 2393 966 2419; x_wconf 93' lang='lat' dir='ltr'>in</span> <span class='ocrx_word' id='word_1_480' title='bbox 973 2401 1034 2419; x_wconf 88' lang='lat' dir='ltr'>cor-</span> 
     </span>
     <span class='ocr_line' id='line_1_63' title="bbox 243 2429 1033 2466; baseline -0.001 -9"><span class='ocrx_word' id='word_1_481' title='bbox 243 2439 314 2464; x_wconf 88' lang='lat' dir='ltr'>pore.</span> <span class='ocrx_word' id='word_1_482' title='bbox 355 2431 413 2457; x_wconf 90' lang='lat' dir='ltr'>Non</span> <span class='ocrx_word' id='word_1_483' title='bbox 425 2430 511 2465; x_wconf 83' lang='lat' dir='ltr'>placet</span> <span class='ocrx_word' id='word_1_484' title='bbox 523 2435 612 2457; x_wconf 86' lang='lat' dir='ltr'>autem</span> <span class='ocrx_word' id='word_1_485' title='bbox 620 2450 627 2461; x_wconf 83' lang='lat'>,</span> <span class='ocrx_word' id='word_1_486' title='bbox 639 2429 755 2456; x_wconf 87' lang='lat' dir='ltr'>detracta</span> <span class='ocrx_word' id='word_1_487' title='bbox 766 2429 902 2464; x_wconf 85' lang='lat' dir='ltr'>voluptate</span> <span class='ocrx_word' id='word_1_488' title='bbox 913 2431 1033 2466; x_wconf 80' lang='lat' dir='ltr'>aegritu-</span> 
     </span>
     <span class='ocr_line' id='line_1_64' title="bbox 242 2466 1033 2502; baseline 0 -9"><span class='ocrx_word' id='word_1_489' title='bbox 242 2466 333 2494; x_wconf 86' lang='lat' dir='ltr'>dinem</span> <span class='ocrx_word' id='word_1_490' title='bbox 344 2468 432 2494; x_wconf 85' lang='lat' dir='ltr'>statim</span> <span class='ocrx_word' id='word_1_491' title='bbox 447 2468 585 2502; x_wconf 82' lang='lat' dir='ltr'>consequi,</span> <span class='ocrx_word' id='word_1_492' title='bbox 598 2467 653 2494; x_wconf 90' lang='lat' dir='ltr'>nisi</span> <span class='ocrx_word' id='word_1_493' title='bbox 663 2467 690 2493; x_wconf 90' lang='lat' dir='ltr'>in</span> <span class='ocrx_word' id='word_1_494' title='bbox 701 2466 847 2501; x_wconf 86' lang='lat' dir='ltr'>voluptatis</span> <span class='ocrx_word' id='word_1_495' title='bbox 858 2467 947 2493; x_wconf 85' lang='lat' dir='ltr'>locum</span> <span class='ocrx_word' id='word_1_496' title='bbox 957 2467 1033 2494; x_wconf 91' lang='lat' dir='ltr'>dolor</span> 
     </span>
     <span class='ocr_line' id='line_1_65' title="bbox 242 2503 1033 2539; baseline 0.001 -10"><span class='ocrx_word' id='word_1_497' title='bbox 242 2503 309 2530; x_wconf 77' lang='lat' dir='ltr'>forte</span> <span class='ocrx_word' id='word_1_498' title='bbox 328 2505 500 2531; x_wconf 82' lang='lat' dir='ltr'>successerit:</span> <span class='ocrx_word' id='word_1_499' title='bbox 540 2509 566 2531; x_wconf 85' lang='lat' dir='ltr'>at</span> <span class='ocrx_word' id='word_1_500' title='bbox 576 2508 666 2531; x_wconf 87' lang='lat' dir='ltr'>contra</span> <span class='ocrx_word' id='word_1_501' title='bbox 674 2524 680 2534; x_wconf 86' lang='lat'>,</span> <span class='ocrx_word' id='word_1_502' title='bbox 701 2504 818 2539; x_wconf 82' lang='lat' dir='ltr'>gaudere</span> <span class='ocrx_word' id='word_1_503' title='bbox 838 2509 943 2530; x_wconf 88' lang='lat' dir='ltr'>nosmet</span> <span class='ocrx_word' id='word_1_504' title='bbox 952 2505 1033 2531; x_wconf 87' lang='lat' dir='ltr'>omit-</span> 
     </span>
     <span class='ocr_line' id='line_1_66' title="bbox 242 2540 1031 2576; baseline 0.001 -10"><span class='ocrx_word' id='word_1_505' title='bbox 242 2540 331 2566; x_wconf 86' lang='lat' dir='ltr'>tendis</span> <span class='ocrx_word' id='word_1_506' title='bbox 345 2540 498 2572; x_wconf 91' lang='lat' dir='ltr'>doloribus,</span> <span class='ocrx_word' id='word_1_507' title='bbox 517 2542 598 2568; x_wconf 90' lang='lat' dir='ltr'>etiam</span> <span class='ocrx_word' id='word_1_508' title='bbox 612 2542 635 2568; x_wconf 91' lang='lat' dir='ltr'>si</span> <span class='ocrx_word' id='word_1_509' title='bbox 650 2540 774 2575; x_wconf 77' lang='lat' dir='ltr'>voluptas</span> <span class='ocrx_word' id='word_1_510' title='bbox 784 2549 828 2572; x_wconf 77' lang='lat' dir='ltr'>ea,</span> <span class='ocrx_word' id='word_1_511' title='bbox 841 2549 910 2576; x_wconf 89' lang='lat' dir='ltr'>quae</span> <span class='ocrx_word' id='word_1_512' title='bbox 921 2549 1031 2568; x_wconf 89' lang='lat' dir='ltr'>sensum</span> 
     </span>
     <span class='ocr_line' id='line_1_67' title="bbox 243 2577 1033 2614; baseline 0.004 -12"><span class='ocrx_word' id='word_1_513' title='bbox 243 2582 357 2607; x_wconf 85' lang='lat' dir='ltr'>moveat,</span> <span class='ocrx_word' id='word_1_514' title='bbox 366 2578 439 2604; x_wconf 87' lang='lat' dir='ltr'>nulla</span> <span class='ocrx_word' id='word_1_515' title='bbox 445 2579 617 2606; x_wconf 87' lang='lat' dir='ltr'>successerit:</span> <span class='ocrx_word' id='word_1_516' title='bbox 630 2586 715 2614; x_wconf 86' lang='lat' dir='ltr'>eoque</span> <span class='ocrx_word' id='word_1_517' title='bbox 721 2577 837 2613; x_wconf 84' lang='lat' dir='ltr'>intelligi</span> <span class='ocrx_word' id='word_1_518' title='bbox 842 2583 938 2612; x_wconf 87' lang='lat' dir='ltr'>potest,</span> <span class='ocrx_word' id='word_1_519' title='bbox 945 2587 1033 2613; x_wconf 90' lang='lat' dir='ltr'>quan-</span> 
     </span>
     <span class='ocr_line' id='line_1_68' title="bbox 243 2614 1033 2651; baseline 0.004 -12"><span class='ocrx_word' id='word_1_520' title='bbox 243 2618 268 2640; x_wconf 82' lang='lat' dir='ltr'>ta</span> <span class='ocrx_word' id='word_1_521' title='bbox 279 2614 403 2648; x_wconf 84' lang='lat' dir='ltr'>voluptas</span> <span class='ocrx_word' id='word_1_522' title='bbox 413 2615 448 2641; x_wconf 88' lang='lat' dir='ltr'>sit</span> <span class='ocrx_word' id='word_1_523' title='bbox 460 2624 512 2642; x_wconf 91' lang='lat' dir='ltr'>non</span> <span class='ocrx_word' id='word_1_524' title='bbox 523 2615 623 2642; x_wconf 74' lang='lat' dir='ltr'>dolere.</span> <span class='ocrx_word' id='word_1_525' title='bbox 662 2616 704 2641; x_wconf 85' lang='lat'>57.</span> <span class='ocrx_word' id='word_1_526' title='bbox 717 2615 770 2641; x_wconf 89' lang='lat' dir='ltr'>Sed</span> <span class='ocrx_word' id='word_1_527' title='bbox 781 2619 811 2641; x_wconf 91' lang='lat' dir='ltr'>ut</span> <span class='ocrx_word' id='word_1_528' title='bbox 821 2615 855 2641; x_wconf 88' lang='lat' dir='ltr'>iis</span> <span class='ocrx_word' id='word_1_529' title='bbox 865 2615 943 2642; x_wconf 86' lang='lat' dir='ltr'>bonis</span> <span class='ocrx_word' id='word_1_530' title='bbox 950 2616 1033 2651; x_wconf 82' lang='lat' dir='ltr'>erigi-</span> 
     </span>
     <span class='ocr_line' id='line_1_69' title="bbox 244 2652 1032 2688; baseline 0.004 -11"><span class='ocrx_word' id='word_1_531' title='bbox 244 2659 314 2681; x_wconf 87' lang='lat' dir='ltr'>mur,</span> <span class='ocrx_word' id='word_1_532' title='bbox 327 2659 395 2686; x_wconf 84' lang='lat' dir='ltr'>quae</span> <span class='ocrx_word' id='word_1_533' title='bbox 406 2657 606 2688; x_wconf 83' lang='lat' dir='ltr'>exspectamus:</span> <span class='ocrx_word' id='word_1_534' title='bbox 624 2653 663 2679; x_wconf 86' lang='lat' dir='ltr'>sic</span> <span class='ocrx_word' id='word_1_535' title='bbox 673 2652 803 2680; x_wconf 86' lang='lat' dir='ltr'>laetamur</span> <span class='ocrx_word' id='word_1_536' title='bbox 812 2652 857 2683; x_wconf 92' lang='lat' dir='ltr'>iis,</span> <span class='ocrx_word' id='word_1_537' title='bbox 869 2661 938 2687; x_wconf 86' lang='lat' dir='ltr'>quae</span> <span class='ocrx_word' id='word_1_538' title='bbox 944 2661 1032 2680; x_wconf 76' lang='lat' dir='ltr'>recor-</span> 
     </span>
    </p>
   </div>
   <div class='ocr_carea' id='block_1_8' title="bbox 1050 274 1057 2497">
    <p class='ocr_par' dir='ltr' id='par_1_9' title="bbox 1050 274 1057 2497">
     <span class='ocr_line' id='line_1_70' title="bbox 1050 274 1057 2497; baseline 0 0"><span class='ocrx_word' id='word_1_539' title='bbox 1050 274 1057 2497; x_wconf 95' lang='lat' dir='ltr'> </span> 
     </span>
    </p>
   </div>
   <div class='ocr_carea' id='block_1_9' title="bbox 1079 234 1878 2687">
    <p class='ocr_par' dir='ltr' id='par_1_10' title="bbox 1079 234 1878 2687">
     <span class='ocr_line' id='line_1_71' title="bbox 1079 234 1866 269; baseline 0.001 -10"><span class='ocrx_word' id='word_1_540' title='bbox 1079 236 1212 269; x_wconf 54' lang='lat' dir='ltr'>sapientes</span> <span class='ocrx_word' id='word_1_541' title='bbox 1233 234 1299 260; x_wconf 77' lang='lat' dir='ltr'>buna</span> <span class='ocrx_word' id='word_1_542' title='bbox 1322 235 1461 268; x_wconf 75' lang='lat' dir='ltr'>praeterita</span> <span class='ocrx_word' id='word_1_543' title='bbox 1471 255 1476 264; x_wconf 90' lang='grc'>,</span> <span class='ocrx_word' id='word_1_544' title='bbox 1498 240 1571 269; x_wconf 64' lang='lat' dir='ltr'>grata</span> <span class='ocrx_word' id='word_1_545' title='bbox 1593 235 1773 261; x_wconf 70' lang='lat' dir='ltr'>recordatione</span> <span class='ocrx_word' id='word_1_546' title='bbox 1790 244 1866 260; x_wconf 67' lang='lat' dir='ltr'>reno·</span> 
     </span>
     <span class='ocr_line' id='line_1_72' title="bbox 1081 271 1867 299; baseline 0 -3"><span class='ocrx_word' id='word_1_547' title='bbox 1081 277 1151 299; x_wconf 75' lang='lat' dir='ltr'>vata,</span> <span class='ocrx_word' id='word_1_548' title='bbox 1169 271 1311 297; x_wconf 75' lang='lat' dir='ltr'>delectant.</span> <span class='ocrx_word' id='word_1_549' title='bbox 1352 272 1398 297; x_wconf 74' lang='lat' dir='ltr'>Est</span> <span class='ocrx_word' id='word_1_550' title='bbox 1408 277 1496 297; x_wconf 80' lang='lat' dir='ltr'>autem</span> <span class='ocrx_word' id='word_1_551' title='bbox 1508 272 1589 298; x_wconf 67' lang='lat' dir='ltr'>situm</span> <span class='ocrx_word' id='word_1_552' title='bbox 1606 274 1630 298; x_wconf 88' lang='lat' dir='ltr'>in</span> <span class='ocrx_word' id='word_1_553' title='bbox 1645 273 1730 299; x_wconf 57' lang='lat' dir='ltr'>nobis.</span> <span class='ocrx_word' id='word_1_554' title='bbox 1746 277 1808 297; x_wconf 79' lang='lat' dir='ltr'>utet</span> <span class='ocrx_word' id='word_1_555' title='bbox 1820 271 1867 296; x_wconf 81' lang='lat' dir='ltr'>ad—</span> 
     </span>
     <span class='ocr_line' id='line_1_73' title="bbox 1081 308 1867 343; baseline 0 -9"><span class='ocrx_word' id='word_1_556' title='bbox 1081 318 1154 334; x_wconf 74' lang='lat' dir='ltr'>versa</span> <span class='ocrx_word' id='word_1_557' title='bbox 1170 310 1247 343; x_wconf 76' lang='lat' dir='ltr'>quasi</span> <span class='ocrx_word' id='word_1_558' title='bbox 1263 313 1389 343; x_wconf 80' lang='lat' dir='ltr'>perpetua</span> <span class='ocrx_word' id='word_1_559' title='bbox 1400 308 1536 334; x_wconf 86' lang='lat' dir='ltr'>oblivione</span> <span class='ocrx_word' id='word_1_560' title='bbox 1547 309 1702 336; x_wconf 67' lang='lat' dir='ltr'>obruamus.</span> <span class='ocrx_word' id='word_1_561' title='bbox 1716 315 1740 334; x_wconf 75' lang='lat' dir='ltr'>vt</span> <span class='ocrx_word' id='word_1_562' title='bbox 1752 308 1867 334; x_wconf 60' lang='lat' dir='ltr'>secunda</span> 
     </span>
     <span class='ocr_line' id='line_1_74' title="bbox 1081 345 1866 381; baseline -0.003 -9"><span class='ocrx_word' id='word_1_563' title='bbox 1081 345 1195 372; x_wconf 87' lang='lat' dir='ltr'>iucunde</span> <span class='ocrx_word' id='word_1_564' title='bbox 1216 354 1245 371; x_wconf 82' lang='lat' dir='ltr'>ac</span> <span class='ocrx_word' id='word_1_565' title='bbox 1266 346 1384 371; x_wconf 74' lang='lat' dir='ltr'>suaviter</span> <span class='ocrx_word' id='word_1_566' title='bbox 1406 346 1618 372; x_wconf 72' lang='lat' dir='ltr'>meminerimus.</span> <span class='ocrx_word' id='word_1_567' title='bbox 1659 347 1708 372; x_wconf 61' lang='lat' dir='ltr'>Sed</span> <span class='ocrx_word' id='word_1_568' title='bbox 1725 355 1809 381; x_wconf 77' lang='lat' dir='ltr'>qiinrn</span> <span class='ocrx_word' id='word_1_569' title='bbox 1827 354 1866 376; x_wconf 80' lang='lat' dir='ltr'>ea,</span> 
     </span>
     <span class='ocr_line' id='line_1_75' title="bbox 1079 383 1866 417; baseline 0.001 -11"><span class='ocrx_word' id='word_1_570' title='bbox 1079 392 1147 417; x_wconf 86' lang='lat' dir='ltr'>quac</span> <span class='ocrx_word' id='word_1_571' title='bbox 1170 384 1375 417; x_wconf 76' lang='lat' dir='ltr'>praeterierunt.</span> <span class='ocrx_word' id='word_1_572' title='bbox 1393 383 1447 408; x_wconf 85' lang='lat' dir='ltr'>acri</span> <span class='ocrx_word' id='word_1_573' title='bbox 1463 383 1552 409; x_wconf 86' lang='lat' dir='ltr'>animo</span> <span class='ocrx_word' id='word_1_574' title='bbox 1567 388 1593 409; x_wconf 84' lang='lat' dir='ltr'>et</span> <span class='ocrx_word' id='word_1_575' title='bbox 1607 388 1704 409; x_wconf 80' lang='lat' dir='ltr'>attento</span> <span class='ocrx_word' id='word_1_576' title='bbox 1722 384 1866 410; x_wconf 69' lang='lat' dir='ltr'>intuemur,</span> 
     </span>
     <span class='ocr_line' id='line_1_76' title="bbox 1079 419 1867 455; baseline -0.003 -10"><span class='ocrx_word' id='word_1_577' title='bbox 1079 425 1135 446; x_wconf 87' lang='lat' dir='ltr'>turn</span> <span class='ocrx_word' id='word_1_578' title='bbox 1151 420 1192 449; x_wconf 74' lang='lat' dir='ltr'>lit,</span> <span class='ocrx_word' id='word_1_579' title='bbox 1208 425 1236 446; x_wconf 88' lang='lat' dir='ltr'>ut</span> <span class='ocrx_word' id='word_1_580' title='bbox 1247 419 1386 455; x_wconf 77' lang='lat' dir='ltr'>aegritudo</span> <span class='ocrx_word' id='word_1_581' title='bbox 1396 424 1536 454; x_wconf 72' lang='lat' dir='ltr'>sequatur,</span> <span class='ocrx_word' id='word_1_582' title='bbox 1554 421 1576 446; x_wconf 73' lang='lat' dir='ltr'>si</span> <span class='ocrx_word' id='word_1_583' title='bbox 1590 419 1634 446; x_wconf 81' lang='lat' dir='ltr'>illa</span> <span class='ocrx_word' id='word_1_584' title='bbox 1647 420 1713 446; x_wconf 78' lang='lat' dir='ltr'>mala</span> <span class='ocrx_word' id='word_1_585' title='bbox 1726 421 1791 446; x_wconf 68' lang='lat' dir='ltr'>sint.</span> <span class='ocrx_word' id='word_1_586' title='bbox 1816 420 1867 445; x_wconf 59' lang='lat' dir='ltr'>lao-</span> 
     </span>
     <span class='ocr_line' id='line_1_77' title="bbox 1081 456 1867 491; baseline 0.003 -9"><span class='ocrx_word' id='word_1_587' title='bbox 1081 458 1150 487; x_wconf 81' lang='lat' dir='ltr'>titin,</span> <span class='ocrx_word' id='word_1_588' title='bbox 1167 458 1190 483; x_wconf 71' lang='lat' dir='ltr'>si</span> <span class='ocrx_word' id='word_1_589' title='bbox 1208 457 1285 483; x_wconf 83' lang='lat' dir='ltr'>bona.</span> <span class='ocrx_word' id='word_1_590' title='bbox 1328 457 1419 483; x_wconf 83' lang='lat' dir='ltr'>xvtn.</span> <span class='ocrx_word' id='word_1_591' title='bbox 1439 456 1461 482; x_wconf 92' lang='grc' dir='ltr'>Ο</span> <span class='ocrx_word' id='word_1_592' title='bbox 1477 456 1639 491; x_wconf 80' lang='lat' dir='ltr'>praeclaram</span> <span class='ocrx_word' id='word_1_593' title='bbox 1657 457 1731 483; x_wconf 83' lang='lat' dir='ltr'>beate</span> <span class='ocrx_word' id='word_1_594' title='bbox 1749 456 1867 484; x_wconf 67' lang='lat' dir='ltr'>vivendi.</span> 
     </span>
     <span class='ocr_line' id='line_1_78' title="bbox 1079 493 1869 528; baseline -0.003 -8"><span class='ocrx_word' id='word_1_595' title='bbox 1079 500 1103 520; x_wconf 77' lang='lat' dir='ltr'>ct</span> <span class='ocrx_word' id='word_1_596' title='bbox 1119 499 1251 528; x_wconf 85' lang='lat' dir='ltr'>apertam,</span> <span class='ocrx_word' id='word_1_597' title='bbox 1267 499 1292 520; x_wconf 81' lang='lat' dir='ltr'>et</span> <span class='ocrx_word' id='word_1_598' title='bbox 1307 493 1459 528; x_wconf 79' lang='lat' dir='ltr'>simplicem</span> <span class='ocrx_word' id='word_1_599' title='bbox 1476 499 1501 520; x_wconf 94' lang='lat' dir='ltr'>et</span> <span class='ocrx_word' id='word_1_600' title='bbox 1519 494 1646 520; x_wconf 68' lang='lat' dir='ltr'>directam</span> <span class='ocrx_word' id='word_1_601' title='bbox 1664 495 1747 520; x_wconf 70' lang='lat' dir='ltr'>viam!</span> <span class='ocrx_word' id='word_1_602' title='bbox 1779 494 1869 525; x_wconf 76' lang='lat' dir='ltr'>Quum</span> 
     </span>
     <span class='ocr_line' id='line_1_79' title="bbox 1080 531 1869 565; baseline -0.001 -8"><span class='ocrx_word' id='word_1_603' title='bbox 1080 532 1151 558; x_wconf 80' lang='lat' dir='ltr'>enim</span> <span class='ocrx_word' id='word_1_604' title='bbox 1164 536 1233 557; x_wconf 84' lang='lat' dir='ltr'>certe</span> <span class='ocrx_word' id='word_1_605' title='bbox 1245 531 1312 557; x_wconf 90' lang='lat' dir='ltr'>nibil</span> <span class='ocrx_word' id='word_1_606' title='bbox 1326 531 1428 557; x_wconf 85' lang='lat' dir='ltr'>bomini</span> <span class='ocrx_word' id='word_1_607' title='bbox 1441 532 1525 565; x_wconf 74' lang='lat' dir='ltr'>possit</span> <span class='ocrx_word' id='word_1_608' title='bbox 1539 531 1636 557; x_wconf 74' lang='lat' dir='ltr'>melius</span> <span class='ocrx_word' id='word_1_609' title='bbox 1647 539 1809 565; x_wconf 73' lang='lat' dir='ltr'>esse.quan1</span> <span class='ocrx_word' id='word_1_610' title='bbox 1824 539 1869 556; x_wconf 78' lang='lat' dir='ltr'>va-</span> 
     </span>
     <span class='ocr_line' id='line_1_80' title="bbox 1079 568 1871 603; baseline 0 -9"><span class='ocrx_word' id='word_1_611' title='bbox 1079 577 1138 595; x_wconf 84' lang='lat' dir='ltr'>care</span> <span class='ocrx_word' id='word_1_612' title='bbox 1153 569 1226 594; x_wconf 87' lang='lat' dir='ltr'>omni</span> <span class='ocrx_word' id='word_1_613' title='bbox 1243 568 1332 594; x_wconf 86' lang='lat' dir='ltr'>dolore</span> <span class='ocrx_word' id='word_1_614' title='bbox 1348 573 1373 595; x_wconf 88' lang='lat' dir='ltr'>et</span> <span class='ocrx_word' id='word_1_615' title='bbox 1389 568 1522 598; x_wconf 83' lang='lat' dir='ltr'>molestia,</span> <span class='ocrx_word' id='word_1_616' title='bbox 1536 568 1692 603; x_wconf 73' lang='lat' dir='ltr'>perfruique</span> <span class='ocrx_word' id='word_1_617' title='bbox 1709 568 1834 594; x_wconf 64' lang='lat' dir='ltr'>maximin</span> <span class='ocrx_word' id='word_1_618' title='bbox 1845 573 1871 594; x_wconf 80' lang='lat' dir='ltr'>et</span> 
     </span>
     <span class='ocr_line' id='line_1_81' title="bbox 1080 604 1870 640; baseline -0.003 -8"><span class='ocrx_word' id='word_1_619' title='bbox 1080 606 1162 632; x_wconf 91' lang='lat' dir='ltr'>animi</span> <span class='ocrx_word' id='word_1_620' title='bbox 1175 606 1325 640; x_wconf 79' lang='lat' dir='ltr'>etcorporis</span> <span class='ocrx_word' id='word_1_621' title='bbox 1337 605 1534 640; x_wconf 80' lang='lat' dir='ltr'>voluptatibus:</span> <span class='ocrx_word' id='word_1_622' title='bbox 1560 605 1700 634; x_wconf 72' lang='lat' dir='ltr'>videtisne,</span> <span class='ocrx_word' id='word_1_623' title='bbox 1713 614 1794 639; x_wconf 82' lang='lat' dir='ltr'>quam</span> <span class='ocrx_word' id='word_1_624' title='bbox 1803 604 1870 631; x_wconf 83' lang='lat' dir='ltr'>nibil</span> 
     </span>
     <span class='ocr_line' id='line_1_82' title="bbox 1080 641 1869 678; baseline 0 -9"><span class='ocrx_word' id='word_1_625' title='bbox 1080 644 1317 678; x_wconf 75' lang='lat' dir='ltr'>praetermittatur,</span> <span class='ocrx_word' id='word_1_626' title='bbox 1334 643 1406 678; x_wconf 89' lang='lat' dir='ltr'>quod</span> <span class='ocrx_word' id='word_1_627' title='bbox 1420 644 1500 669; x_wconf 82' lang='lat' dir='ltr'>vitam</span> <span class='ocrx_word' id='word_1_628' title='bbox 1513 642 1635 671; x_wconf 76' lang='lat' dir='ltr'>adiuvet.</span> <span class='ocrx_word' id='word_1_629' title='bbox 1649 651 1703 677; x_wconf 89' lang='lat' dir='ltr'>quo</span> <span class='ocrx_word' id='word_1_630' title='bbox 1714 641 1820 668; x_wconf 72' lang='lat' dir='ltr'>facilius</span> <span class='ocrx_word' id='word_1_631' title='bbox 1833 641 1869 669; x_wconf 85' lang='lat' dir='ltr'>id.</span> 
     </span>
     <span class='ocr_line' id='line_1_83' title="bbox 1079 678 1873 715; baseline -0.003 -9"><span class='ocrx_word' id='word_1_632' title='bbox 1079 680 1151 715; x_wconf 85' lang='lat' dir='ltr'>quod</span> <span class='ocrx_word' id='word_1_633' title='bbox 1163 681 1329 714; x_wconf 87' lang='lat' dir='ltr'>propositum</span> <span class='ocrx_word' id='word_1_634' title='bbox 1341 685 1389 710; x_wconf 82' lang='lat' dir='ltr'>est.</span> <span class='ocrx_word' id='word_1_635' title='bbox 1402 688 1539 706; x_wconf 86' lang='lat' dir='ltr'>summum</span> <span class='ocrx_word' id='word_1_636' title='bbox 1552 680 1652 706; x_wconf 88' lang='lat' dir='ltr'>bonurn</span> <span class='ocrx_word' id='word_1_637' title='bbox 1659 678 1873 714; x_wconf 77' lang='lat' dir='ltr'>consequamur?</span> 
     </span>
     <span class='ocr_line' id='line_1_84' title="bbox 1080 716 1871 752; baseline -0.004 -9"><span class='ocrx_word' id='word_1_638' title='bbox 1080 717 1182 744; x_wconf 76' lang='lat' dir='ltr'>Clamat</span> <span class='ocrx_word' id='word_1_639' title='bbox 1203 718 1345 752; x_wconf 73' lang='lat' dir='ltr'>Epicurus,</span> <span class='ocrx_word' id='word_1_640' title='bbox 1369 718 1404 747; x_wconf 82' lang='lat' dir='ltr'>is.</span> <span class='ocrx_word' id='word_1_641' title='bbox 1427 725 1509 752; x_wconf 83' lang='lat' dir='ltr'>quern</span> <span class='ocrx_word' id='word_1_642' title='bbox 1527 726 1573 743; x_wconf 84' lang='lat' dir='ltr'>vos</span> <span class='ocrx_word' id='word_1_643' title='bbox 1590 717 1671 743; x_wconf 87' lang='lat' dir='ltr'>nimis</span> <span class='ocrx_word' id='word_1_644' title='bbox 1688 716 1871 751; x_wconf 71' lang='lat' dir='ltr'>voluptatibus</span> 
     </span>
     <span class='ocr_line' id='line_1_85' title="bbox 1079 753 1872 789; baseline -0.001 -10"><span class='ocrx_word' id='word_1_645' title='bbox 1079 764 1138 780; x_wconf 81' lang='lat' dir='ltr'>esse</span> <span class='ocrx_word' id='word_1_646' title='bbox 1149 754 1270 781; x_wconf 86' lang='lat' dir='ltr'>deditum</span> <span class='ocrx_word' id='word_1_647' title='bbox 1282 755 1385 782; x_wconf 82' lang='lat' dir='ltr'>dicitis.</span> <span class='ocrx_word' id='word_1_648' title='bbox 1400 763 1451 780; x_wconf 93' lang='lat' dir='ltr'>non</span> <span class='ocrx_word' id='word_1_649' title='bbox 1463 762 1541 789; x_wconf 86' lang='lat' dir='ltr'>posse</span> <span class='ocrx_word' id='word_1_650' title='bbox 1553 753 1670 780; x_wconf 90' lang='lat' dir='ltr'>iucunde</span> <span class='ocrx_word' id='word_1_651' title='bbox 1683 754 1751 780; x_wconf 73' lang='lat' dir='ltr'>vivi.</span> <span class='ocrx_word' id='word_1_652' title='bbox 1766 754 1817 779; x_wconf 75' lang='lat' dir='ltr'>nisi</span> <span class='ocrx_word' id='word_1_653' title='bbox 1830 761 1872 778; x_wconf 74' lang='lat' dir='ltr'>sa-</span> 
     </span>
     <span class='ocr_line' id='line_1_86' title="bbox 1080 790 1872 826; baseline -0.004 -8"><span class='ocrx_word' id='word_1_654' title='bbox 1080 793 1191 826; x_wconf 75' lang='lat' dir='ltr'>pienter,</span> <span class='ocrx_word' id='word_1_655' title='bbox 1207 791 1315 818; x_wconf 82' lang='lat' dir='ltr'>honeste</span> <span class='ocrx_word' id='word_1_656' title='bbox 1328 792 1450 826; x_wconf 86' lang='lat' dir='ltr'>iusteque</span> <span class='ocrx_word' id='word_1_657' title='bbox 1463 792 1583 818; x_wconf 80' lang='lat' dir='ltr'>vivatur:</span> <span class='ocrx_word' id='word_1_658' title='bbox 1602 799 1650 817; x_wconf 88' lang='lat' dir='ltr'>nec</span> <span class='ocrx_word' id='word_1_659' title='bbox 1663 791 1810 825; x_wconf 74' lang='lat' dir='ltr'>sapienter.</span> <span class='ocrx_word' id='word_1_660' title='bbox 1825 790 1872 816; x_wconf 79' lang='lat' dir='ltr'>lio-</span> 
     </span>
     <span class='ocr_line' id='line_1_87' title="bbox 1080 827 1872 863; baseline -0.004 -8"><span class='ocrx_word' id='word_1_661' title='bbox 1080 834 1162 857; x_wconf 80' lang='lat' dir='ltr'>nesto,</span> <span class='ocrx_word' id='word_1_662' title='bbox 1176 830 1253 859; x_wconf 74' lang='lat' dir='ltr'>iuste,</span> <span class='ocrx_word' id='word_1_663' title='bbox 1267 830 1319 855; x_wconf 84' lang='lat' dir='ltr'>nisi</span> <span class='ocrx_word' id='word_1_664' title='bbox 1331 828 1458 855; x_wconf 89' lang='lat' dir='ltr'>iucunde.</span> <span class='ocrx_word' id='word_1_665' title='bbox 1489 830 1530 855; x_wconf 86' lang='lat'>58.</span> <span class='ocrx_word' id='word_1_666' title='bbox 1553 829 1645 863; x_wconf 80' lang='lat' dir='ltr'>Neque</span> <span class='ocrx_word' id='word_1_667' title='bbox 1655 829 1727 854; x_wconf 85' lang='lat' dir='ltr'>enim</span> <span class='ocrx_word' id='word_1_668' title='bbox 1738 828 1834 853; x_wconf 70' lang='lat' dir='ltr'>civitas</span> <span class='ocrx_word' id='word_1_669' title='bbox 1846 827 1872 853; x_wconf 95' lang='lat' dir='ltr'>in</span> 
     </span>
     <span class='ocr_line' id='line_1_88' title="bbox 1079 864 1873 900; baseline -0.003 -8"><span class='ocrx_word' id='word_1_670' title='bbox 1079 866 1210 892; x_wconf 89' lang='lat' dir='ltr'>seditione</span> <span class='ocrx_word' id='word_1_671' title='bbox 1226 866 1301 893; x_wconf 83' lang='lat' dir='ltr'>beata</span> <span class='ocrx_word' id='word_1_672' title='bbox 1317 874 1375 892; x_wconf 82' lang='lat' dir='ltr'>esse</span> <span class='ocrx_word' id='word_1_673' title='bbox 1391 870 1489 900; x_wconf 77' lang='lat' dir='ltr'>potest,</span> <span class='ocrx_word' id='word_1_674' title='bbox 1507 866 1593 892; x_wconf 85' lang='lat' dir='ltr'>necin</span> <span class='ocrx_word' id='word_1_675' title='bbox 1605 865 1738 891; x_wconf 86' lang='lat' dir='ltr'>discordia</span> <span class='ocrx_word' id='word_1_676' title='bbox 1749 864 1873 890; x_wconf 84' lang='lat' dir='ltr'>domino-</span> 
     </span>
     <span class='ocr_line' id='line_1_89' title="bbox 1080 902 1873 938; baseline -0.004 -8"><span class='ocrx_word' id='word_1_677' title='bbox 1080 912 1139 930; x_wconf 89' lang='lat' dir='ltr'>rum</span> <span class='ocrx_word' id='word_1_678' title='bbox 1151 903 1260 930; x_wconf 89' lang='lat' dir='ltr'>domus:</span> <span class='ocrx_word' id='word_1_679' title='bbox 1273 912 1327 938; x_wconf 92' lang='lat' dir='ltr'>quo</span> <span class='ocrx_word' id='word_1_680' title='bbox 1338 905 1427 929; x_wconf 84' lang='lat' dir='ltr'>minus</span> <span class='ocrx_word' id='word_1_681' title='bbox 1439 904 1546 929; x_wconf 87' lang='lat' dir='ltr'>animus</span> <span class='ocrx_word' id='word_1_682' title='bbox 1557 911 1570 928; x_wconf 84' lang='lat' dir='ltr'>a</span> <span class='ocrx_word' id='word_1_683' title='bbox 1582 911 1611 929; x_wconf 87' lang='lat' dir='ltr'>se</span> <span class='ocrx_word' id='word_1_684' title='bbox 1622 903 1679 936; x_wconf 90' lang='lat' dir='ltr'>ipse</span> <span class='ocrx_word' id='word_1_685' title='bbox 1688 902 1873 928; x_wconf 72' lang='lat' dir='ltr'>dissidensse-</span> 
     </span>
     <span class='ocr_line' id='line_1_90' title="bbox 1079 939 1872 976; baseline -0.004 -9"><span class='ocrx_word' id='word_1_686' title='bbox 1079 949 1195 975; x_wconf 85' lang='lat' dir='ltr'>cumque</span> <span class='ocrx_word' id='word_1_687' title='bbox 1206 940 1363 967; x_wconf 81' lang='lat' dir='ltr'>discordans</span> <span class='ocrx_word' id='word_1_688' title='bbox 1374 945 1481 976; x_wconf 74' lang='lat' dir='ltr'>gustare</span> <span class='ocrx_word' id='word_1_689' title='bbox 1494 945 1594 974; x_wconf 82' lang='lat' dir='ltr'>partem</span> <span class='ocrx_word' id='word_1_690' title='bbox 1607 940 1688 965; x_wconf 87' lang='lat' dir='ltr'>ullam</span> <span class='ocrx_word' id='word_1_691' title='bbox 1702 939 1819 974; x_wconf 87' lang='lat' dir='ltr'>liquidae</span> <span class='ocrx_word' id='word_1_692' title='bbox 1827 947 1872 964; x_wconf 79' lang='lat' dir='ltr'>vo-</span> 
     </span>
     <span class='ocr_line' id='line_1_91' title="bbox 1082 977 1873 1012; baseline -0.004 -8"><span class='ocrx_word' id='word_1_693' title='bbox 1082 978 1190 1012; x_wconf 85' lang='lat' dir='ltr'>luptatis</span> <span class='ocrx_word' id='word_1_694' title='bbox 1205 983 1230 1004; x_wconf 86' lang='lat' dir='ltr'>et</span> <span class='ocrx_word' id='word_1_695' title='bbox 1247 978 1344 1004; x_wconf 85' lang='lat' dir='ltr'>liberae</span> <span class='ocrx_word' id='word_1_696' title='bbox 1360 982 1458 1012; x_wconf 84' lang='lat' dir='ltr'>potest:</span> <span class='ocrx_word' id='word_1_697' title='bbox 1477 983 1556 1012; x_wconf 86' lang='lat' dir='ltr'>atque</span> <span class='ocrx_word' id='word_1_698' title='bbox 1571 977 1756 1012; x_wconf 74' lang='lat' dir='ltr'>pugnantibus</span> <span class='ocrx_word' id='word_1_699' title='bbox 1772 982 1797 1002; x_wconf 85' lang='lat' dir='ltr'>et</span> <span class='ocrx_word' id='word_1_700' title='bbox 1810 985 1873 1001; x_wconf 74' lang='lat' dir='ltr'>con-</span> 
     </span>
     <span class='ocr_line' id='line_1_92' title="bbox 1081 1013 1873 1050; baseline -0.004 -9"><span class='ocrx_word' id='word_1_701' title='bbox 1081 1016 1169 1042; x_wconf 81' lang='lat' dir='ltr'>trariis</span> <span class='ocrx_word' id='word_1_702' title='bbox 1185 1015 1283 1041; x_wconf 83' lang='lat' dir='ltr'>studiis</span> <span class='ocrx_word' id='word_1_703' title='bbox 1297 1015 1472 1050; x_wconf 86' lang='lat' dir='ltr'>consiliisque</span> <span class='ocrx_word' id='word_1_704' title='bbox 1483 1023 1590 1049; x_wconf 79' lang='lat' dir='ltr'>semper</span> <span class='ocrx_word' id='word_1_705' title='bbox 1601 1019 1692 1043; x_wconf 86' lang='lat' dir='ltr'>utens,</span> <span class='ocrx_word' id='word_1_706' title='bbox 1710 1013 1777 1040; x_wconf 87' lang='lat' dir='ltr'>nibil</span> <span class='ocrx_word' id='word_1_707' title='bbox 1788 1014 1873 1048; x_wconf 86' lang='lat' dir='ltr'>quieti</span> 
     </span>
     <span class='ocr_line' id='line_1_93' title="bbox 1081 1050 1874 1087; baseline -0.004 -9"><span class='ocrx_word' id='word_1_708' title='bbox 1081 1052 1185 1082; x_wconf 88' lang='lat' dir='ltr'>videre,</span> <span class='ocrx_word' id='word_1_709' title='bbox 1203 1052 1271 1079; x_wconf 85' lang='lat' dir='ltr'>nibil</span> <span class='ocrx_word' id='word_1_710' title='bbox 1287 1051 1424 1087; x_wconf 86' lang='lat' dir='ltr'>tranquilli</span> <span class='ocrx_word' id='word_1_711' title='bbox 1436 1057 1531 1087; x_wconf 84' lang='lat' dir='ltr'>potest.</span> <span class='ocrx_word' id='word_1_712' title='bbox 1571 1053 1613 1077; x_wconf 82' lang='lat'>59.</span> <span class='ocrx_word' id='word_1_713' title='bbox 1633 1050 1710 1083; x_wconf 86' lang='lat' dir='ltr'>Quod</span> <span class='ocrx_word' id='word_1_714' title='bbox 1722 1051 1744 1076; x_wconf 87' lang='lat' dir='ltr'>si</span> <span class='ocrx_word' id='word_1_715' title='bbox 1755 1051 1874 1085; x_wconf 85' lang='lat' dir='ltr'>corporis</span> 
     </span>
     <span class='ocr_line' id='line_1_94' title="bbox 1080 1088 1875 1125; baseline -0.004 -9"><span class='ocrx_word' id='word_1_716' title='bbox 1080 1089 1252 1125; x_wconf 81' lang='lat' dir='ltr'>gravioribus</span> <span class='ocrx_word' id='word_1_717' title='bbox 1265 1090 1365 1116; x_wconf 88' lang='lat' dir='ltr'>morbis</span> <span class='ocrx_word' id='word_1_718' title='bbox 1378 1088 1607 1115; x_wconf 88' lang='lat' dir='ltr'>vitaeiucunditas</span> <span class='ocrx_word' id='word_1_719' title='bbox 1615 1088 1774 1122; x_wconf 85' lang='lat' dir='ltr'>impeditur:</span> <span class='ocrx_word' id='word_1_720' title='bbox 1787 1096 1875 1122; x_wconf 89' lang='lat' dir='ltr'>quan-</span> 
     </span>
     <span class='ocr_line' id='line_1_95' title="bbox 1081 1125 1874 1162; baseline -0.003 -9"><span class='ocrx_word' id='word_1_721' title='bbox 1081 1132 1106 1154; x_wconf 87' lang='lat' dir='ltr'>to</span> <span class='ocrx_word' id='word_1_722' title='bbox 1123 1127 1209 1162; x_wconf 82' lang='lat' dir='ltr'>magis</span> <span class='ocrx_word' id='word_1_723' title='bbox 1225 1127 1309 1153; x_wconf 85' lang='lat' dir='ltr'>animi</span> <span class='ocrx_word' id='word_1_724' title='bbox 1325 1126 1426 1153; x_wconf 90' lang='lat' dir='ltr'>morbis</span> <span class='ocrx_word' id='word_1_725' title='bbox 1441 1126 1568 1161; x_wconf 89' lang='lat' dir='ltr'>impediri</span> <span class='ocrx_word' id='word_1_726' title='bbox 1585 1133 1693 1152; x_wconf 86' lang='lat' dir='ltr'>necesse</span> <span class='ocrx_word' id='word_1_727' title='bbox 1708 1126 1760 1151; x_wconf 77' lang='lat' dir='ltr'>est!</span> <span class='ocrx_word' id='word_1_728' title='bbox 1783 1125 1874 1151; x_wconf 78' lang='lat' dir='ltr'>Animi</span> 
     </span>
     <span class='ocr_line' id='line_1_96' title="bbox 1081 1162 1875 1198; baseline -0.004 -7"><span class='ocrx_word' id='word_1_729' title='bbox 1081 1169 1169 1191; x_wconf 92' lang='lat' dir='ltr'>autem</span> <span class='ocrx_word' id='word_1_730' title='bbox 1181 1164 1268 1191; x_wconf 89' lang='lat' dir='ltr'>morbi</span> <span class='ocrx_word' id='word_1_731' title='bbox 1279 1170 1343 1191; x_wconf 89' lang='lat' dir='ltr'>sunt</span> <span class='ocrx_word' id='word_1_732' title='bbox 1353 1163 1514 1198; x_wconf 84' lang='lat' dir='ltr'>cupiditates</span> <span class='ocrx_word' id='word_1_733' title='bbox 1526 1164 1672 1190; x_wconf 82' lang='lat' dir='ltr'>immensae</span> <span class='ocrx_word' id='word_1_734' title='bbox 1683 1166 1709 1188; x_wconf 86' lang='lat' dir='ltr'>et</span> <span class='ocrx_word' id='word_1_735' title='bbox 1719 1163 1821 1189; x_wconf 83' lang='lat' dir='ltr'>inanes.</span> <span class='ocrx_word' id='word_1_736' title='bbox 1832 1162 1875 1188; x_wconf 89' lang='lat' dir='ltr'>di-</span> 
     </span>
     <span class='ocr_line' id='line_1_97' title="bbox 1082 1199 1874 1237; baseline -0.005 -9"><span class='ocrx_word' id='word_1_737' title='bbox 1082 1202 1218 1232; x_wconf 88' lang='lat' dir='ltr'>vitiarum,</span> <span class='ocrx_word' id='word_1_738' title='bbox 1234 1201 1345 1237; x_wconf 80' lang='lat' dir='ltr'>gloriae,</span> <span class='ocrx_word' id='word_1_739' title='bbox 1361 1200 1561 1230; x_wconf 83' lang='lat' dir='ltr'>dominationis,</span> <span class='ocrx_word' id='word_1_740' title='bbox 1577 1199 1783 1226; x_wconf 86' lang='lat' dir='ltr'>libidinosarum</span> <span class='ocrx_word' id='word_1_741' title='bbox 1794 1199 1874 1225; x_wconf 88' lang='lat' dir='ltr'>etiam</span> 
     </span>
     <span class='ocr_line' id='line_1_98' title="bbox 1082 1236 1875 1273; baseline -0.004 -8"><span class='ocrx_word' id='word_1_742' title='bbox 1082 1238 1260 1273; x_wconf 81' lang='lat' dir='ltr'>voluptatum.</span> <span class='ocrx_word' id='word_1_743' title='bbox 1287 1238 1424 1265; x_wconf 76' lang='lat' dir='ltr'>Accedunt</span> <span class='ocrx_word' id='word_1_744' title='bbox 1434 1237 1626 1273; x_wconf 76' lang='lat' dir='ltr'>aegritudines,</span> <span class='ocrx_word' id='word_1_745' title='bbox 1640 1236 1786 1266; x_wconf 82' lang='lat' dir='ltr'>molestiae,</span> <span class='ocrx_word' id='word_1_746' title='bbox 1803 1244 1875 1263; x_wconf 88' lang='lat' dir='ltr'>mae-</span> 
     </span>
     <span class='ocr_line' id='line_1_99' title="bbox 1082 1273 1876 1311; baseline -0.005 -8"><span class='ocrx_word' id='word_1_747' title='bbox 1082 1284 1167 1307; x_wconf 85' lang='lat' dir='ltr'>rores,</span> <span class='ocrx_word' id='word_1_748' title='bbox 1185 1276 1233 1311; x_wconf 92' lang='lat' dir='ltr'>qui</span> <span class='ocrx_word' id='word_1_749' title='bbox 1248 1277 1353 1303; x_wconf 88' lang='lat' dir='ltr'>animos</span> <span class='ocrx_word' id='word_1_750' title='bbox 1366 1275 1485 1302; x_wconf 86' lang='lat' dir='ltr'>exedunt</span> <span class='ocrx_word' id='word_1_751' title='bbox 1495 1274 1693 1309; x_wconf 78' lang='lat' dir='ltr'>conficiuntque</span> <span class='ocrx_word' id='word_1_752' title='bbox 1703 1274 1776 1300; x_wconf 85' lang='lat' dir='ltr'>curis</span> <span class='ocrx_word' id='word_1_753' title='bbox 1788 1273 1876 1300; x_wconf 87' lang='lat' dir='ltr'>homi-</span> 
     </span>
     <span class='ocr_line' id='line_1_100' title="bbox 1083 1311 1874 1348; baseline -0.004 -8"><span class='ocrx_word' id='word_1_754' title='bbox 1083 1322 1147 1340; x_wconf 92' lang='lat' dir='ltr'>num</span> <span class='ocrx_word' id='word_1_755' title='bbox 1160 1321 1212 1340; x_wconf 90' lang='lat' dir='ltr'>non</span> <span class='ocrx_word' id='word_1_756' title='bbox 1224 1313 1447 1348; x_wconf 85' lang='lat' dir='ltr'>intelligentium,</span> <span class='ocrx_word' id='word_1_757' title='bbox 1463 1312 1532 1339; x_wconf 87' lang='lat' dir='ltr'>nihil</span> <span class='ocrx_word' id='word_1_758' title='bbox 1547 1311 1693 1338; x_wconf 86' lang='lat' dir='ltr'>dolendum</span> <span class='ocrx_word' id='word_1_759' title='bbox 1704 1319 1763 1337; x_wconf 86' lang='lat' dir='ltr'>esse</span> <span class='ocrx_word' id='word_1_760' title='bbox 1774 1311 1874 1338; x_wconf 87' lang='lat' dir='ltr'>animo.</span> 
     </span>
     <span class='ocr_line' id='line_1_101' title="bbox 1082 1348 1876 1386; baseline -0.004 -9"><span class='ocrx_word' id='word_1_761' title='bbox 1082 1350 1154 1386; x_wconf 86' lang='lat' dir='ltr'>quod</span> <span class='ocrx_word' id='word_1_762' title='bbox 1170 1351 1206 1378; x_wconf 89' lang='lat' dir='ltr'>sit</span> <span class='ocrx_word' id='word_1_763' title='bbox 1220 1359 1233 1377; x_wconf 88' lang='lat' dir='ltr'>a</span> <span class='ocrx_word' id='word_1_764' title='bbox 1250 1350 1340 1377; x_wconf 91' lang='lat' dir='ltr'>dolore</span> <span class='ocrx_word' id='word_1_765' title='bbox 1358 1350 1477 1385; x_wconf 87' lang='lat' dir='ltr'>corporis</span> <span class='ocrx_word' id='word_1_766' title='bbox 1492 1349 1625 1385; x_wconf 84' lang='lat' dir='ltr'>praesenti</span> <span class='ocrx_word' id='word_1_767' title='bbox 1642 1348 1764 1375; x_wconf 77' lang='lat' dir='ltr'>tutumve</span> <span class='ocrx_word' id='word_1_768' title='bbox 1783 1349 1876 1375; x_wconf 87' lang='lat' dir='ltr'>seiun—</span> 
     </span>
     <span class='ocr_line' id='line_1_102' title="bbox 1081 1385 1876 1423; baseline -0.005 -8"><span class='ocrx_word' id='word_1_769' title='bbox 1081 1393 1165 1415; x_wconf 90' lang='lat' dir='ltr'>ctum.</span> <span class='ocrx_word' id='word_1_770' title='bbox 1205 1388 1260 1415; x_wconf 90' lang='lat' dir='ltr'>Nec</span> <span class='ocrx_word' id='word_1_771' title='bbox 1272 1396 1334 1414; x_wconf 88' lang='lat' dir='ltr'>vero</span> <span class='ocrx_word' id='word_1_772' title='bbox 1347 1388 1493 1423; x_wconf 86' lang='lat' dir='ltr'>quisquam</span> <span class='ocrx_word' id='word_1_773' title='bbox 1510 1386 1609 1413; x_wconf 86' lang='lat' dir='ltr'>stultus</span> <span class='ocrx_word' id='word_1_774' title='bbox 1625 1395 1677 1412; x_wconf 94' lang='lat' dir='ltr'>non</span> <span class='ocrx_word' id='word_1_775' title='bbox 1693 1385 1789 1412; x_wconf 86' lang='lat' dir='ltr'>horum</span> <span class='ocrx_word' id='word_1_776' title='bbox 1805 1393 1876 1412; x_wconf 90' lang='lat' dir='ltr'>mor-</span> 
     </span>
     <span class='ocr_line' id='line_1_103' title="bbox 1082 1423 1874 1460; baseline -0.004 -8"><span class='ocrx_word' id='word_1_777' title='bbox 1082 1425 1178 1452; x_wconf 90' lang='lat' dir='ltr'>borum</span> <span class='ocrx_word' id='word_1_778' title='bbox 1190 1425 1281 1460; x_wconf 86' lang='lat' dir='ltr'>aliquo</span> <span class='ocrx_word' id='word_1_779' title='bbox 1292 1425 1406 1451; x_wconf 88' lang='lat' dir='ltr'>laborat:</span> <span class='ocrx_word' id='word_1_780' title='bbox 1425 1432 1503 1451; x_wconf 90' lang='lat' dir='ltr'>nemo</span> <span class='ocrx_word' id='word_1_781' title='bbox 1517 1424 1601 1459; x_wconf 80' lang='lat' dir='ltr'>igitur</span> <span class='ocrx_word' id='word_1_782' title='bbox 1615 1431 1707 1450; x_wconf 83' lang='lat' dir='ltr'>eorum</span> <span class='ocrx_word' id='word_1_783' title='bbox 1719 1431 1771 1449; x_wconf 91' lang='lat' dir='ltr'>non</span> <span class='ocrx_word' id='word_1_784' title='bbox 1782 1423 1874 1449; x_wconf 84' lang='lat' dir='ltr'>miser.</span> 
     </span>
     <span class='ocr_line' id='line_1_104' title="bbox 1083 1459 1874 1497; baseline -0.004 -8"><span class='ocrx_word' id='word_1_785' title='bbox 1083 1465 1124 1489; x_wconf 85' lang='lat'>60.</span> <span class='ocrx_word' id='word_1_786' title='bbox 1146 1462 1256 1489; x_wconf 75' lang='lat' dir='ltr'>Accedit</span> <span class='ocrx_word' id='word_1_787' title='bbox 1266 1463 1346 1489; x_wconf 87' lang='lat' dir='ltr'>etiam</span> <span class='ocrx_word' id='word_1_788' title='bbox 1357 1470 1442 1492; x_wconf 79' lang='lat' dir='ltr'>morS,</span> <span class='ocrx_word' id='word_1_789' title='bbox 1458 1469 1541 1497; x_wconf 76' lang='lat' dir='ltr'>quae.</span> <span class='ocrx_word' id='word_1_790' title='bbox 1559 1461 1637 1495; x_wconf 88' lang='lat' dir='ltr'>quasi</span> <span class='ocrx_word' id='word_1_791' title='bbox 1648 1468 1744 1487; x_wconf 79' lang='lat' dir='ltr'>saxum</span> <span class='ocrx_word' id='word_1_792' title='bbox 1755 1459 1874 1490; x_wconf 83' lang='lat' dir='ltr'>Tantalo,</span> 
     </span>
     <span class='ocr_line' id='line_1_105' title="bbox 1082 1497 1876 1535; baseline -0.004 -9"><span class='ocrx_word' id='word_1_793' title='bbox 1082 1508 1190 1535; x_wconf 90' lang='lat' dir='ltr'>semper</span> <span class='ocrx_word' id='word_1_794' title='bbox 1200 1499 1351 1535; x_wconf 87' lang='lat' dir='ltr'>impendet:</span> <span class='ocrx_word' id='word_1_795' title='bbox 1364 1504 1422 1526; x_wconf 87' lang='lat' dir='ltr'>tum</span> <span class='ocrx_word' id='word_1_796' title='bbox 1432 1498 1597 1533; x_wconf 79' lang='lat' dir='ltr'>superstitio,</span> <span class='ocrx_word' id='word_1_797' title='bbox 1609 1506 1662 1533; x_wconf 91' lang='lat' dir='ltr'>qua</span> <span class='ocrx_word' id='word_1_798' title='bbox 1675 1498 1724 1532; x_wconf 90' lang='lat' dir='ltr'>qui</span> <span class='ocrx_word' id='word_1_799' title='bbox 1735 1502 1775 1524; x_wconf 86' lang='lat' dir='ltr'>est</span> <span class='ocrx_word' id='word_1_800' title='bbox 1785 1497 1876 1523; x_wconf 88' lang='lat' dir='ltr'>imbu-</span> 
     </span>
     <span class='ocr_line' id='line_1_106' title="bbox 1083 1534 1876 1572; baseline -0.005 -8"><span class='ocrx_word' id='word_1_801' title='bbox 1083 1542 1139 1568; x_wconf 83' lang='lat' dir='ltr'>tus,</span> <span class='ocrx_word' id='word_1_802' title='bbox 1161 1538 1271 1572; x_wconf 89' lang='lat' dir='ltr'>quietus</span> <span class='ocrx_word' id='word_1_803' title='bbox 1284 1545 1343 1563; x_wconf 88' lang='lat' dir='ltr'>esse</span> <span class='ocrx_word' id='word_1_804' title='bbox 1358 1544 1508 1571; x_wconf 82' lang='lat' dir='ltr'>numquam</span> <span class='ocrx_word' id='word_1_805' title='bbox 1522 1539 1618 1570; x_wconf 81' lang='lat' dir='ltr'>potest.</span> <span class='ocrx_word' id='word_1_806' title='bbox 1658 1535 1792 1561; x_wconf 84' lang='lat' dir='ltr'>Praeterea</span> <span class='ocrx_word' id='word_1_807' title='bbox 1808 1534 1876 1560; x_wconf 90' lang='lat' dir='ltr'>bona</span> 
     </span>
     <span class='ocr_line' id='line_1_107' title="bbox 1083 1571 1878 1609; baseline -0.005 -8"><span class='ocrx_word' id='word_1_808' title='bbox 1083 1575 1223 1609; x_wconf 89' lang='lat' dir='ltr'>praeterita</span> <span class='ocrx_word' id='word_1_809' title='bbox 1239 1583 1292 1601; x_wconf 90' lang='lat' dir='ltr'>nou</span> <span class='ocrx_word' id='word_1_810' title='bbox 1304 1574 1497 1604; x_wconf 90' lang='lat' dir='ltr'>meminerunt,</span> <span class='ocrx_word' id='word_1_811' title='bbox 1514 1572 1702 1608; x_wconf 83' lang='lat' dir='ltr'>praesentibus</span> <span class='ocrx_word' id='word_1_812' title='bbox 1717 1580 1769 1599; x_wconf 92' lang='lat' dir='ltr'>non</span> <span class='ocrx_word' id='word_1_813' title='bbox 1781 1571 1878 1598; x_wconf 76' lang='lat' dir='ltr'>fruun-</span> 
     </span>
     <span class='ocr_line' id='line_1_108' title="bbox 1083 1610 1875 1646; baseline -0.004 -8"><span class='ocrx_word' id='word_1_814' title='bbox 1083 1616 1135 1642; x_wconf 83' lang='lat' dir='ltr'>tur.</span> <span class='ocrx_word' id='word_1_815' title='bbox 1148 1611 1237 1638; x_wconf 78' lang='lat' dir='ltr'>sutura</span> <span class='ocrx_word' id='word_1_816' title='bbox 1248 1611 1328 1638; x_wconf 92' lang='lat' dir='ltr'>modo</span> <span class='ocrx_word' id='word_1_817' title='bbox 1337 1614 1506 1646; x_wconf 77' lang='lat' dir='ltr'>exspectant,</span> <span class='ocrx_word' id='word_1_818' title='bbox 1518 1617 1588 1645; x_wconf 87' lang='lat' dir='ltr'>quae</span> <span class='ocrx_word' id='word_1_819' title='bbox 1598 1610 1662 1644; x_wconf 90' lang='lat' dir='ltr'>quia</span> <span class='ocrx_word' id='word_1_820' title='bbox 1673 1614 1742 1636; x_wconf 87' lang='lat' dir='ltr'>certa</span> <span class='ocrx_word' id='word_1_821' title='bbox 1753 1617 1812 1635; x_wconf 87' lang='lat' dir='ltr'>esse</span> <span class='ocrx_word' id='word_1_822' title='bbox 1823 1616 1875 1635; x_wconf 90' lang='lat' dir='ltr'>non</span> 
     </span>
     <span class='ocr_line' id='line_1_109' title="bbox 1083 1647 1876 1684; baseline -0.005 -9"><span class='ocrx_word' id='word_1_823' title='bbox 1083 1653 1206 1684; x_wconf 87' lang='lat' dir='ltr'>possunt,</span> <span class='ocrx_word' id='word_1_824' title='bbox 1219 1649 1398 1675; x_wconf 75' lang='lat' dir='ltr'>coniiciuntur</span> <span class='ocrx_word' id='word_1_825' title='bbox 1407 1652 1433 1674; x_wconf 92' lang='lat' dir='ltr'>et</span> <span class='ocrx_word' id='word_1_826' title='bbox 1443 1655 1541 1683; x_wconf 81' lang='lat' dir='ltr'>angore</span> <span class='ocrx_word' id='word_1_827' title='bbox 1551 1651 1578 1673; x_wconf 90' lang='lat' dir='ltr'>et</span> <span class='ocrx_word' id='word_1_828' title='bbox 1587 1651 1674 1672; x_wconf 88' lang='lat' dir='ltr'>metu:</span> <span class='ocrx_word' id='word_1_829' title='bbox 1687 1647 1804 1672; x_wconf 86' lang='lat' dir='ltr'>maxime</span> <span class='ocrx_word' id='word_1_830' title='bbox 1813 1654 1876 1672; x_wconf 86' lang='lat' dir='ltr'>cru-</span> 
     </span>
     <span class='ocr_line' id='line_1_110' title="bbox 1083 1682 1876 1721; baseline -0.005 -9"><span class='ocrx_word' id='word_1_831' title='bbox 1083 1687 1202 1717; x_wconf 85' lang='lat' dir='ltr'>ciantur,</span> <span class='ocrx_word' id='word_1_832' title='bbox 1215 1694 1300 1721; x_wconf 89' lang='lat' dir='ltr'>quum</span> <span class='ocrx_word' id='word_1_833' title='bbox 1315 1693 1374 1711; x_wconf 88' lang='lat' dir='ltr'>sero</span> <span class='ocrx_word' id='word_1_834' title='bbox 1389 1685 1521 1714; x_wconf 87' lang='lat' dir='ltr'>sentiunt,</span> <span class='ocrx_word' id='word_1_835' title='bbox 1538 1682 1635 1710; x_wconf 79' lang='lat' dir='ltr'>frustra</span> <span class='ocrx_word' id='word_1_836' title='bbox 1651 1692 1679 1709; x_wconf 92' lang='lat' dir='ltr'>se</span> <span class='ocrx_word' id='word_1_837' title='bbox 1690 1688 1735 1709; x_wconf 90' lang='lat' dir='ltr'>aut</span> <span class='ocrx_word' id='word_1_838' title='bbox 1746 1683 1876 1718; x_wconf 87' lang='lat' dir='ltr'>pecuniae</span> 
     </span>
     <span class='ocr_line' id='line_1_111' title="bbox 1083 1719 1877 1757; baseline -0.004 -8"><span class='ocrx_word' id='word_1_839' title='bbox 1083 1722 1231 1753; x_wconf 81' lang='lat' dir='ltr'>studuisse,</span> <span class='ocrx_word' id='word_1_840' title='bbox 1244 1727 1290 1749; x_wconf 90' lang='lat' dir='ltr'>aut</span> <span class='ocrx_word' id='word_1_841' title='bbox 1300 1722 1431 1757; x_wconf 74' lang='lat' dir='ltr'>imperiiS,</span> <span class='ocrx_word' id='word_1_842' title='bbox 1444 1726 1490 1748; x_wconf 90' lang='lat' dir='ltr'>aut</span> <span class='ocrx_word' id='word_1_843' title='bbox 1498 1720 1598 1755; x_wconf 91' lang='lat' dir='ltr'>opibus</span> <span class='ocrx_word' id='word_1_844' title='bbox 1608 1724 1654 1747; x_wconf 88' lang='lat' dir='ltr'>aut</span> <span class='ocrx_word' id='word_1_845' title='bbox 1663 1720 1774 1756; x_wconf 82' lang='lat' dir='ltr'>gloriae.</span> <span class='ocrx_word' id='word_1_846' title='bbox 1809 1719 1877 1746; x_wconf 80' lang='lat' dir='ltr'>Nul-</span> 
     </span>
     <span class='ocr_line' id='line_1_112' title="bbox 1084 1756 1876 1794; baseline -0.004 -8"><span class='ocrx_word' id='word_1_847' title='bbox 1084 1760 1123 1786; x_wconf 92' lang='lat' dir='ltr'>las</span> <span class='ocrx_word' id='word_1_848' title='bbox 1138 1760 1211 1786; x_wconf 91' lang='lat' dir='ltr'>enim</span> <span class='ocrx_word' id='word_1_849' title='bbox 1226 1763 1429 1794; x_wconf 87' lang='lat' dir='ltr'>consequuntur</span> <span class='ocrx_word' id='word_1_850' title='bbox 1443 1757 1606 1793; x_wconf 74' lang='lat' dir='ltr'>voluptates,</span> <span class='ocrx_word' id='word_1_851' title='bbox 1626 1765 1740 1792; x_wconf 84' lang='lat' dir='ltr'>quarum</span> <span class='ocrx_word' id='word_1_852' title='bbox 1756 1756 1876 1792; x_wconf 87' lang='lat' dir='ltr'>potiendi</span> 
     </span>
     <span class='ocr_line' id='line_1_113' title="bbox 1083 1795 1877 1832; baseline -0.005 -8"><span class='ocrx_word' id='word_1_853' title='bbox 1083 1806 1132 1832; x_wconf 90' lang='lat' dir='ltr'>spe</span> <span class='ocrx_word' id='word_1_854' title='bbox 1146 1796 1316 1827; x_wconf 80' lang='lat' dir='ltr'>inflammati,</span> <span class='ocrx_word' id='word_1_855' title='bbox 1333 1795 1432 1823; x_wconf 74' lang='lat' dir='ltr'>multos</span> <span class='ocrx_word' id='word_1_856' title='bbox 1449 1795 1553 1821; x_wconf 87' lang='lat' dir='ltr'>labores</span> <span class='ocrx_word' id='word_1_857' title='bbox 1567 1802 1733 1830; x_wconf 85' lang='lat' dir='ltr'>magnosque</span> <span class='ocrx_word' id='word_1_858' title='bbox 1748 1802 1877 1829; x_wconf 79' lang='lat' dir='ltr'>suscepe-</span> 
     </span>
     <span class='ocr_line' id='line_1_114' title="bbox 1084 1832 1877 1867; baseline -0.005 -6"><span class='ocrx_word' id='word_1_859' title='bbox 1084 1839 1153 1861; x_wconf 90' lang='lat' dir='ltr'>rant.</span> <span class='ocrx_word' id='word_1_860' title='bbox 1193 1836 1235 1861; x_wconf 74' lang='lat' dir='ltr'>et.</span> <span class='ocrx_word' id='word_1_861' title='bbox 1256 1834 1325 1860; x_wconf 89' lang='lat' dir='ltr'>Ecce</span> <span class='ocrx_word' id='word_1_862' title='bbox 1345 1838 1434 1860; x_wconf 88' lang='lat' dir='ltr'>autem</span> <span class='ocrx_word' id='word_1_863' title='bbox 1454 1832 1501 1859; x_wconf 88' lang='lat' dir='ltr'>alii</span> <span class='ocrx_word' id='word_1_864' title='bbox 1520 1833 1619 1858; x_wconf 91' lang='lat' dir='ltr'>minuti</span> <span class='ocrx_word' id='word_1_865' title='bbox 1639 1836 1665 1858; x_wconf 87' lang='lat' dir='ltr'>et</span> <span class='ocrx_word' id='word_1_866' title='bbox 1683 1833 1804 1867; x_wconf 81' lang='lat' dir='ltr'>angusti,</span> <span class='ocrx_word' id='word_1_867' title='bbox 1831 1835 1877 1857; x_wconf 86' lang='lat' dir='ltr'>aut</span> 
     </span>
     <span class='ocr_line' id='line_1_115' title="bbox 1083 1867 1877 1906; baseline -0.006 -7"><span class='ocrx_word' id='word_1_868' title='bbox 1083 1873 1172 1899; x_wconf 85' lang='lat' dir='ltr'>omnia</span> <span class='ocrx_word' id='word_1_869' title='bbox 1184 1879 1292 1906; x_wconf 87' lang='lat' dir='ltr'>semper</span> <span class='ocrx_word' id='word_1_870' title='bbox 1301 1868 1483 1905; x_wconf 72' lang='lat' dir='ltr'>desperantes,</span> <span class='ocrx_word' id='word_1_871' title='bbox 1496 1873 1543 1896; x_wconf 89' lang='lat' dir='ltr'>aut</span> <span class='ocrx_word' id='word_1_872' title='bbox 1555 1868 1695 1900; x_wconf 84' lang='lat' dir='ltr'>malevoli,</span> <span class='ocrx_word' id='word_1_873' title='bbox 1708 1868 1809 1900; x_wconf 77' lang='lat' dir='ltr'>invidi,</span> <span class='ocrx_word' id='word_1_874' title='bbox 1822 1867 1877 1894; x_wconf 77' lang='lat' dir='ltr'>dif-</span> 
     </span>
     <span class='ocr_line' id='line_1_116' title="bbox 1084 1904 1875 1944; baseline -0.005 -8"><span class='ocrx_word' id='word_1_875' title='bbox 1084 1909 1182 1940; x_wconf 84' lang='lat' dir='ltr'>ficiles,</span> <span class='ocrx_word' id='word_1_876' title='bbox 1205 1908 1334 1944; x_wconf 77' lang='lat' dir='ltr'>lucifugi,</span> <span class='ocrx_word' id='word_1_877' title='bbox 1356 1907 1496 1938; x_wconf 90' lang='lat' dir='ltr'>maledici,</span> <span class='ocrx_word' id='word_1_878' title='bbox 1517 1904 1698 1943; x_wconf 86' lang='lat' dir='ltr'>mo[nst]rosi:</span> <span class='ocrx_word' id='word_1_879' title='bbox 1721 1905 1767 1932; x_wconf 87' lang='lat' dir='ltr'>alii</span> <span class='ocrx_word' id='word_1_880' title='bbox 1787 1910 1875 1932; x_wconf 83' lang='lat' dir='ltr'>autem</span> 
     </span>
     <span class='ocr_line' id='line_1_117' title="bbox 1084 1942 1876 1978; baseline -0.005 -5"><span class='ocrx_word' id='word_1_881' title='bbox 1084 1947 1163 1973; x_wconf 87' lang='lat' dir='ltr'>etiam</span> <span class='ocrx_word' id='word_1_882' title='bbox 1175 1946 1311 1973; x_wconf 84' lang='lat' dir='ltr'>amatoriis</span> <span class='ocrx_word' id='word_1_883' title='bbox 1325 1944 1482 1971; x_wconf 86' lang='lat' dir='ltr'>levitatibus</span> <span class='ocrx_word' id='word_1_884' title='bbox 1493 1943 1588 1975; x_wconf 82' lang='lat' dir='ltr'>dediti,</span> <span class='ocrx_word' id='word_1_885' title='bbox 1600 1943 1647 1969; x_wconf 87' lang='lat' dir='ltr'>alii</span> <span class='ocrx_word' id='word_1_886' title='bbox 1657 1943 1817 1978; x_wconf 83' lang='lat' dir='ltr'>petulantes,</span> <span class='ocrx_word' id='word_1_887' title='bbox 1829 1942 1876 1969; x_wconf 84' lang='lat' dir='ltr'>alii</span> 
     </span>
     <span class='ocr_line' id='line_1_118' title="bbox 1084 1980 1874 2018; baseline -0.005 -8"><span class='ocrx_word' id='word_1_888' title='bbox 1084 1983 1213 2014; x_wconf 89' lang='lat' dir='ltr'>audaces,</span> <span class='ocrx_word' id='word_1_889' title='bbox 1240 1982 1371 2018; x_wconf 78' lang='lat' dir='ltr'>protervi.</span> <span class='ocrx_word' id='word_1_890' title='bbox 1393 1982 1477 2008; x_wconf 90' lang='lat' dir='ltr'>iidem</span> <span class='ocrx_word' id='word_1_891' title='bbox 1499 1982 1709 2015; x_wconf 88' lang='lat' dir='ltr'>intemperantes</span> <span class='ocrx_word' id='word_1_892' title='bbox 1727 1985 1753 2007; x_wconf 89' lang='lat' dir='ltr'>et</span> <span class='ocrx_word' id='word_1_893' title='bbox 1771 1980 1874 2016; x_wconf 84' lang='lat' dir='ltr'>ignavi,</span> 
     </span>
     <span class='ocr_line' id='line_1_119' title="bbox 1084 2017 1877 2056; baseline -0.006 -8"><span class='ocrx_word' id='word_1_894' title='bbox 1084 2029 1233 2056; x_wconf 88' lang='lat' dir='ltr'>numquam</span> <span class='ocrx_word' id='word_1_895' title='bbox 1244 2021 1273 2047; x_wconf 88' lang='lat' dir='ltr'>in</span> <span class='ocrx_word' id='word_1_896' title='bbox 1283 2020 1413 2046; x_wconf 87' lang='lat' dir='ltr'>sententia</span> <span class='ocrx_word' id='word_1_897' title='bbox 1425 2023 1626 2054; x_wconf 86' lang='lat' dir='ltr'>permanentes:</span> <span class='ocrx_word' id='word_1_898' title='bbox 1643 2026 1712 2052; x_wconf 85' lang='lat' dir='ltr'>quas</span> <span class='ocrx_word' id='word_1_899' title='bbox 1722 2017 1756 2044; x_wconf 93' lang='lat' dir='ltr'>ob</span> <span class='ocrx_word' id='word_1_900' title='bbox 1767 2025 1877 2044; x_wconf 86' lang='lat' dir='ltr'>caussas</span> 
     </span>
     <span class='ocr_line' id='line_1_120' title="bbox 1084 2054 1878 2090; baseline -0.006 -5"><span class='ocrx_word' id='word_1_901' title='bbox 1084 2059 1112 2085; x_wconf 92' lang='lat' dir='ltr'>in</span> <span class='ocrx_word' id='word_1_902' title='bbox 1123 2066 1216 2085; x_wconf 89' lang='lat' dir='ltr'>eorum</span> <span class='ocrx_word' id='word_1_903' title='bbox 1226 2058 1282 2084; x_wconf 88' lang='lat' dir='ltr'>vita</span> <span class='ocrx_word' id='word_1_904' title='bbox 1296 2056 1370 2083; x_wconf 92' lang='lat' dir='ltr'>nulla</span> <span class='ocrx_word' id='word_1_905' title='bbox 1380 2060 1421 2083; x_wconf 89' lang='lat' dir='ltr'>est</span> <span class='ocrx_word' id='word_1_906' title='bbox 1431 2054 1602 2090; x_wconf 84' lang='lat' dir='ltr'>intercapedo</span> <span class='ocrx_word' id='word_1_907' title='bbox 1612 2055 1759 2081; x_wconf 86' lang='lat' dir='ltr'>molestiae.</span> <span class='ocrx_word' id='word_1_908' title='bbox 1793 2055 1878 2090; x_wconf 82' lang='lat' dir='ltr'>Igitur</span> 
     </span>
     <span class='ocr_line' id='line_1_121' title="bbox 1084 2092 1875 2131; baseline -0.006 -9"><span class='ocrx_word' id='word_1_909' title='bbox 1084 2103 1172 2131; x_wconf 89' lang='lat' dir='ltr'>neque</span> <span class='ocrx_word' id='word_1_910' title='bbox 1183 2094 1326 2122; x_wconf 86' lang='lat' dir='ltr'>stultorum</span> <span class='ocrx_word' id='word_1_911' title='bbox 1337 2094 1483 2129; x_wconf 88' lang='lat' dir='ltr'>quisquam</span> <span class='ocrx_word' id='word_1_912' title='bbox 1493 2093 1598 2123; x_wconf 85' lang='lat' dir='ltr'>beatus,</span> <span class='ocrx_word' id='word_1_913' title='bbox 1615 2100 1703 2127; x_wconf 89' lang='lat' dir='ltr'>neque</span> <span class='ocrx_word' id='word_1_914' title='bbox 1713 2092 1875 2126; x_wconf 89' lang='lat' dir='ltr'>sapientium</span> 
     </span>
     <span class='ocr_line' id='line_1_122' title="bbox 1084 2129 1873 2165; baseline -0.008 -5"><span class='ocrx_word' id='word_1_915' title='bbox 1084 2141 1137 2160; x_wconf 90' lang='lat' dir='ltr'>non</span> <span class='ocrx_word' id='word_1_916' title='bbox 1158 2132 1263 2159; x_wconf 86' lang='lat' dir='ltr'>beatus.</span> <span class='ocrx_word' id='word_1_917' title='bbox 1311 2130 1450 2165; x_wconf 80' lang='lat' dir='ltr'>Multoque</span> <span class='ocrx_word' id='word_1_918' title='bbox 1469 2130 1519 2156; x_wconf 86' lang='lat' dir='ltr'>boc</span> <span class='ocrx_word' id='word_1_919' title='bbox 1538 2129 1637 2156; x_wconf 83' lang='lat' dir='ltr'>melius</span> <span class='ocrx_word' id='word_1_920' title='bbox 1652 2138 1700 2156; x_wconf 90' lang='lat' dir='ltr'>nos</span> <span class='ocrx_word' id='word_1_921' title='bbox 1718 2130 1873 2163; x_wconf 81' lang='lat' dir='ltr'>veriusque.</span> 
     </span>
     <span class='ocr_line' id='line_1_123' title="bbox 1083 2166 1876 2206; baseline -0.006 -10"><span class='ocrx_word' id='word_1_922' title='bbox 1083 2178 1166 2206; x_wconf 91' lang='lat' dir='ltr'>quam</span> <span class='ocrx_word' id='word_1_923' title='bbox 1176 2169 1270 2196; x_wconf 77' lang='lat' dir='ltr'>Stoici.</span> <span class='ocrx_word' id='word_1_924' title='bbox 1309 2168 1351 2195; x_wconf 92' lang='lat' dir='ltr'>llli</span> <span class='ocrx_word' id='word_1_925' title='bbox 1367 2168 1440 2194; x_wconf 86' lang='lat' dir='ltr'>enim</span> <span class='ocrx_word' id='word_1_926' title='bbox 1451 2171 1549 2203; x_wconf 85' lang='lat' dir='ltr'>negant</span> <span class='ocrx_word' id='word_1_927' title='bbox 1559 2166 1661 2193; x_wconf 89' lang='lat' dir='ltr'>bonum</span> <span class='ocrx_word' id='word_1_928' title='bbox 1671 2166 1821 2201; x_wconf 87' lang='lat' dir='ltr'>quidquam</span> <span class='ocrx_word' id='word_1_929' title='bbox 1832 2173 1876 2191; x_wconf 80' lang='lat' dir='ltr'>es-</span> 
     </span>
     <span class='ocr_line' id='line_1_124' title="bbox 1083 2201 1876 2241; baseline -0.008 -7"><span class='ocrx_word' id='word_1_930' title='bbox 1083 2217 1126 2238; x_wconf 86' lang='lat' dir='ltr'>se,</span> <span class='ocrx_word' id='word_1_931' title='bbox 1143 2207 1197 2233; x_wconf 88' lang='lat' dir='ltr'>nisi</span> <span class='ocrx_word' id='word_1_932' title='bbox 1211 2206 1302 2233; x_wconf 88' lang='lat' dir='ltr'>nescio</span> <span class='ocrx_word' id='word_1_933' title='bbox 1317 2213 1399 2241; x_wconf 87' lang='lat' dir='ltr'>quam</span> <span class='ocrx_word' id='word_1_934' title='bbox 1414 2204 1489 2231; x_wconf 90' lang='lat' dir='ltr'>illam</span> <span class='ocrx_word' id='word_1_935' title='bbox 1503 2204 1642 2234; x_wconf 88' lang='lat' dir='ltr'>umbram,</span> <span class='ocrx_word' id='word_1_936' title='bbox 1657 2203 1729 2239; x_wconf 88' lang='lat' dir='ltr'>quod</span> <span class='ocrx_word' id='word_1_937' title='bbox 1740 2201 1876 2238; x_wconf 86' lang='lat' dir='ltr'>appellant</span> 
     </span>
     <span class='ocr_line' id='line_1_125' title="bbox 1084 2240 1872 2276; baseline -0.008 -5"><span class='ocrx_word' id='word_1_938' title='bbox 1084 2245 1240 2275; x_wconf 89' lang='lat' dir='ltr'>honestum,</span> <span class='ocrx_word' id='word_1_939' title='bbox 1257 2252 1310 2270; x_wconf 91' lang='lat' dir='ltr'>non</span> <span class='ocrx_word' id='word_1_940' title='bbox 1321 2247 1375 2269; x_wconf 88' lang='lat' dir='ltr'>tam</span> <span class='ocrx_word' id='word_1_941' title='bbox 1385 2241 1485 2273; x_wconf 88' lang='lat' dir='ltr'>solido,</span> <span class='ocrx_word' id='word_1_942' title='bbox 1507 2249 1589 2276; x_wconf 90' lang='lat' dir='ltr'>quam</span> <span class='ocrx_word' id='word_1_943' title='bbox 1598 2240 1740 2275; x_wconf 88' lang='lat' dir='ltr'>splendido</span> <span class='ocrx_word' id='word_1_944' title='bbox 1751 2240 1872 2266; x_wconf 88' lang='lat' dir='ltr'>nomine:</span> 
     </span>
     <span class='ocr_line' id='line_1_126' title="bbox 1083 2276 1876 2312; baseline -0.008 -4"><span class='ocrx_word' id='word_1_945' title='bbox 1083 2283 1210 2308; x_wconf 87' lang='lat' dir='ltr'>virtutem</span> <span class='ocrx_word' id='word_1_946' title='bbox 1221 2285 1320 2311; x_wconf 77' lang='lat' dir='ltr'>autem,</span> <span class='ocrx_word' id='word_1_947' title='bbox 1332 2280 1424 2307; x_wconf 82' lang='lat' dir='ltr'>nixam</span> <span class='ocrx_word' id='word_1_948' title='bbox 1435 2279 1485 2306; x_wconf 88' lang='lat' dir='ltr'>hoc</span> <span class='ocrx_word' id='word_1_949' title='bbox 1495 2278 1615 2308; x_wconf 81' lang='lat' dir='ltr'>honesto,</span> <span class='ocrx_word' id='word_1_950' title='bbox 1631 2276 1733 2304; x_wconf 86' lang='lat' dir='ltr'>nullam</span> <span class='ocrx_word' id='word_1_951' title='bbox 1739 2277 1876 2312; x_wconf 84' lang='lat' dir='ltr'>requirere</span> 
     </span>
     <span class='ocr_line' id='line_1_127' title="bbox 1083 2315 1875 2353; baseline -0.008 -8"><span class='ocrx_word' id='word_1_952' title='bbox 1083 2318 1248 2353; x_wconf 82' lang='lat' dir='ltr'>voluptatem</span> <span class='ocrx_word' id='word_1_953' title='bbox 1264 2322 1344 2352; x_wconf 88' lang='lat' dir='ltr'>atque</span> <span class='ocrx_word' id='word_1_954' title='bbox 1354 2316 1388 2343; x_wconf 83' lang='lat' dir='ltr'>ad</span> <span class='ocrx_word' id='word_1_955' title='bbox 1398 2316 1475 2343; x_wconf 88' lang='lat' dir='ltr'>beate</span> <span class='ocrx_word' id='word_1_956' title='bbox 1485 2315 1634 2342; x_wconf 86' lang='lat' dir='ltr'>vivendum</span> <span class='ocrx_word' id='word_1_957' title='bbox 1643 2315 1733 2349; x_wconf 81' lang='lat' dir='ltr'>seipsa</span> <span class='ocrx_word' id='word_1_958' title='bbox 1742 2322 1802 2340; x_wconf 88' lang='lat' dir='ltr'>esse</span> <span class='ocrx_word' id='word_1_959' title='bbox 1811 2322 1875 2340; x_wconf 88' lang='lat' dir='ltr'>con-</span> 
     </span>
     <span class='ocr_line' id='line_1_128' title="bbox 1084 2350 1875 2388; baseline -0.009 -5"><span class='ocrx_word' id='word_1_960' title='bbox 1084 2360 1193 2383; x_wconf 88' lang='lat' dir='ltr'>tentam.</span> <span class='ocrx_word' id='word_1_961' title='bbox 1233 2355 1308 2381; x_wconf 86' lang='lat' dir='ltr'>XlX.</span> <span class='ocrx_word' id='word_1_962' title='bbox 1329 2356 1372 2381; x_wconf 77' lang='lat'>62.</span> <span class='ocrx_word' id='word_1_963' title='bbox 1392 2353 1445 2380; x_wconf 90' lang='lat' dir='ltr'>Sed</span> <span class='ocrx_word' id='word_1_964' title='bbox 1460 2356 1574 2388; x_wconf 89' lang='lat' dir='ltr'>possunt</span> <span class='ocrx_word' id='word_1_965' title='bbox 1587 2352 1653 2378; x_wconf 86' lang='lat' dir='ltr'>haec</span> <span class='ocrx_word' id='word_1_966' title='bbox 1667 2350 1784 2386; x_wconf 83' lang='lat' dir='ltr'>quadam</span> <span class='ocrx_word' id='word_1_967' title='bbox 1795 2351 1875 2377; x_wconf 84' lang='lat' dir='ltr'>ratio-</span> 
     </span>
     <span class='ocr_line' id='line_1_129' title="bbox 1083 2388 1873 2426; baseline -0.008 -7"><span class='ocrx_word' id='word_1_968' title='bbox 1083 2401 1116 2419; x_wconf 89' lang='lat' dir='ltr'>ne</span> <span class='ocrx_word' id='word_1_969' title='bbox 1131 2393 1199 2423; x_wconf 86' lang='lat' dir='ltr'>dici,</span> <span class='ocrx_word' id='word_1_970' title='bbox 1216 2400 1269 2419; x_wconf 89' lang='lat' dir='ltr'>non</span> <span class='ocrx_word' id='word_1_971' title='bbox 1279 2391 1359 2418; x_wconf 85' lang='lat' dir='ltr'>modo</span> <span class='ocrx_word' id='word_1_972' title='bbox 1372 2399 1425 2418; x_wconf 91' lang='lat' dir='ltr'>non</span> <span class='ocrx_word' id='word_1_973' title='bbox 1440 2389 1666 2426; x_wconf 78' lang='lat' dir='ltr'>repugnantibuS,</span> <span class='ocrx_word' id='word_1_974' title='bbox 1683 2396 1778 2414; x_wconf 78' lang='lat' dir='ltr'>verum</span> <span class='ocrx_word' id='word_1_975' title='bbox 1793 2388 1873 2414; x_wconf 91' lang='lat' dir='ltr'>etiam</span> 
     </span>
     <span class='ocr_line' id='line_1_130' title="bbox 1084 2425 1875 2465; baseline -0.008 -8"><span class='ocrx_word' id='word_1_976' title='bbox 1084 2429 1296 2465; x_wconf 87' lang='lat' dir='ltr'>approbantibus</span> <span class='ocrx_word' id='word_1_977' title='bbox 1310 2428 1399 2455; x_wconf 83' lang='lat' dir='ltr'>nobis.</span> <span class='ocrx_word' id='word_1_978' title='bbox 1438 2427 1484 2454; x_wconf 91' lang='lat' dir='ltr'>Sic</span> <span class='ocrx_word' id='word_1_979' title='bbox 1497 2427 1570 2453; x_wconf 85' lang='lat' dir='ltr'>enim</span> <span class='ocrx_word' id='word_1_980' title='bbox 1585 2425 1619 2452; x_wconf 83' lang='lat' dir='ltr'>ab</span> <span class='ocrx_word' id='word_1_981' title='bbox 1633 2425 1750 2460; x_wconf 88' lang='lat' dir='ltr'>Epicuro</span> <span class='ocrx_word' id='word_1_982' title='bbox 1765 2425 1875 2460; x_wconf 90' lang='lat' dir='ltr'>sapiens</span> 
     </span>
     <span class='ocr_line' id='line_1_131' title="bbox 1083 2462 1871 2502; baseline -0.004 -9"><span class='ocrx_word' id='word_1_983' title='bbox 1083 2475 1190 2502; x_wconf 85' lang='lat' dir='ltr'>semper</span> <span class='ocrx_word' id='word_1_984' title='bbox 1200 2466 1295 2493; x_wconf 82' lang='lat' dir='ltr'>beatus</span> <span class='ocrx_word' id='word_1_985' title='bbox 1305 2465 1453 2492; x_wconf 87' lang='lat' dir='ltr'>inducitur.</span> <span class='ocrx_word' id='word_1_986' title='bbox 1492 2464 1594 2490; x_wconf 81' lang='lat' dir='ltr'>Finitas</span> <span class='ocrx_word' id='word_1_987' title='bbox 1605 2462 1685 2488; x_wconf 82' lang='lat' dir='ltr'>habet</span> <span class='ocrx_word' id='word_1_988' title='bbox 1695 2462 1871 2497; x_wconf 82' lang='lat' dir='ltr'>cupiditates:</span> 
     </span>
     <span class='ocr_line' id='line_1_132' title="bbox 1083 2498 1873 2540; baseline -0.008 -9"><span class='ocrx_word' id='word_1_989' title='bbox 1083 2503 1198 2540; x_wconf 82' lang='lat' dir='ltr'>negligit</span> <span class='ocrx_word' id='word_1_990' title='bbox 1207 2508 1333 2536; x_wconf 87' lang='lat' dir='ltr'>mortem;</span> <span class='ocrx_word' id='word_1_991' title='bbox 1349 2502 1382 2529; x_wconf 84' lang='lat' dir='ltr'>de</span> <span class='ocrx_word' id='word_1_992' title='bbox 1392 2502 1447 2529; x_wconf 85' lang='lat' dir='ltr'>diis</span> <span class='ocrx_word' id='word_1_993' title='bbox 1456 2499 1654 2528; x_wconf 81' lang='lat' dir='ltr'>immortalibus</span> <span class='ocrx_word' id='word_1_994' title='bbox 1664 2499 1723 2525; x_wconf 77' lang='lat' dir='ltr'>sine</span> <span class='ocrx_word' id='word_1_995' title='bbox 1734 2498 1790 2526; x_wconf 89' lang='lat' dir='ltr'>ullo</span> <span class='ocrx_word' id='word_1_996' title='bbox 1800 2504 1873 2526; x_wconf 87' lang='lat' dir='ltr'>metu</span> 
     </span>
     <span class='ocr_line' id='line_1_133' title="bbox 1083 2535 1873 2573; baseline -0.009 -5"><span class='ocrx_word' id='word_1_997' title='bbox 1083 2550 1146 2568; x_wconf 88' lang='lat' dir='ltr'>vera</span> <span class='ocrx_word' id='word_1_998' title='bbox 1156 2541 1249 2573; x_wconf 83' lang='lat' dir='ltr'>sentit;</span> <span class='ocrx_word' id='word_1_999' title='bbox 1263 2547 1315 2567; x_wconf 87' lang='lat' dir='ltr'>non</span> <span class='ocrx_word' id='word_1_1000' title='bbox 1325 2539 1444 2569; x_wconf 85' lang='lat' dir='ltr'>dubitat,</span> <span class='ocrx_word' id='word_1_1001' title='bbox 1461 2538 1486 2564; x_wconf 88' lang='lat' dir='ltr'>si</span> <span class='ocrx_word' id='word_1_1002' title='bbox 1496 2538 1532 2564; x_wconf 81' lang='lat' dir='ltr'>ita</span> <span class='ocrx_word' id='word_1_1003' title='bbox 1542 2536 1641 2563; x_wconf 87' lang='lat' dir='ltr'>melius</span> <span class='ocrx_word' id='word_1_1004' title='bbox 1651 2537 1699 2567; x_wconf 90' lang='lat' dir='ltr'>sit,</span> <span class='ocrx_word' id='word_1_1005' title='bbox 1712 2537 1828 2572; x_wconf 81' lang='lat' dir='ltr'>migrare</span> <span class='ocrx_word' id='word_1_1006' title='bbox 1839 2535 1873 2562; x_wconf 88' lang='lat' dir='ltr'>de</span> 
     </span>
     <span class='ocr_line' id='line_1_134' title="bbox 1082 2573 1871 2609; baseline -0.008 -4"><span class='ocrx_word' id='word_1_1007' title='bbox 1082 2579 1148 2605; x_wconf 88' lang='lat' dir='ltr'>vita.</span> <span class='ocrx_word' id='word_1_1008' title='bbox 1187 2578 1235 2604; x_wconf 82' lang='lat' dir='ltr'>His</span> <span class='ocrx_word' id='word_1_1009' title='bbox 1250 2577 1332 2604; x_wconf 90' lang='lat' dir='ltr'>rebus</span> <span class='ocrx_word' id='word_1_1010' title='bbox 1346 2577 1493 2603; x_wconf 77' lang='lat' dir='ltr'>insu-uetus</span> <span class='ocrx_word' id='word_1_1011' title='bbox 1506 2581 1614 2609; x_wconf 87' lang='lat' dir='ltr'>semper</span> <span class='ocrx_word' id='word_1_1012' title='bbox 1627 2578 1668 2600; x_wconf 86' lang='lat' dir='ltr'>est</span> <span class='ocrx_word' id='word_1_1013' title='bbox 1681 2574 1710 2600; x_wconf 89' lang='lat' dir='ltr'>in</span> <span class='ocrx_word' id='word_1_1014' title='bbox 1725 2573 1871 2608; x_wconf 83' lang='lat' dir='ltr'>voluptate.</span> 
     </span>
     <span class='ocr_line' id='line_1_135' title="bbox 1082 2610 1874 2650; baseline -0.008 -8"><span class='ocrx_word' id='word_1_1015' title='bbox 1082 2616 1176 2650; x_wconf 87' lang='lat' dir='ltr'>Neque</span> <span class='ocrx_word' id='word_1_1016' title='bbox 1189 2615 1263 2641; x_wconf 89' lang='lat' dir='ltr'>enim</span> <span class='ocrx_word' id='word_1_1017' title='bbox 1279 2619 1385 2649; x_wconf 85' lang='lat' dir='ltr'>tempus</span> <span class='ocrx_word' id='word_1_1018' title='bbox 1398 2617 1439 2639; x_wconf 87' lang='lat' dir='ltr'>est</span> <span class='ocrx_word' id='word_1_1019' title='bbox 1451 2610 1553 2642; x_wconf 87' lang='lat' dir='ltr'>ullum,</span> <span class='ocrx_word' id='word_1_1020' title='bbox 1568 2619 1623 2646; x_wconf 90' lang='lat' dir='ltr'>quo</span> <span class='ocrx_word' id='word_1_1021' title='bbox 1638 2619 1690 2637; x_wconf 90' lang='lat' dir='ltr'>non</span> <span class='ocrx_word' id='word_1_1022' title='bbox 1704 2610 1766 2645; x_wconf 88' lang='lat' dir='ltr'>plus</span> <span class='ocrx_word' id='word_1_1023' title='bbox 1777 2610 1874 2636; x_wconf 84' lang='lat' dir='ltr'>habeat</span> 
     </span>
     <span class='ocr_line' id='line_1_136' title="bbox 1082 2648 1874 2687; baseline -0.008 -8"><span class='ocrx_word' id='word_1_1024' title='bbox 1082 2651 1260 2687; x_wconf 84' lang='lat' dir='ltr'>voluptatum,</span> <span class='ocrx_word' id='word_1_1025' title='bbox 1271 2659 1353 2687; x_wconf 90' lang='lat' dir='ltr'>quam</span> <span class='ocrx_word' id='word_1_1026' title='bbox 1363 2648 1496 2677; x_wconf 88' lang='lat' dir='ltr'>dolorum.</span> <span class='ocrx_word' id='word_1_1027' title='bbox 1534 2648 1603 2675; x_wconf 81' lang='lat' dir='ltr'>Nam</span> <span class='ocrx_word' id='word_1_1028' title='bbox 1613 2652 1639 2675; x_wconf 90' lang='lat' dir='ltr'>et</span> <span class='ocrx_word' id='word_1_1029' title='bbox 1649 2648 1788 2683; x_wconf 86' lang='lat' dir='ltr'>praeterita</span> <span class='ocrx_word' id='word_1_1030' title='bbox 1798 2651 1874 2684; x_wconf 78' lang='lat' dir='ltr'>grate</span> 
     </span>
    </p>
   </div>
  </div>
 </body>
</html>
