1941 3052
196 163 243 186 2223
665 158 700 182 17.
733 157 768 182 Μ,
804 156 832 182 Τ.

252 230 315 256 Llll.
334 231 389 255 ⁴53.
405 228 480 260 Quod
495 229 516 254 si
533 228 558 254 id
571 237 616 253 vos
628 227 764 261 suscipitis
779 230 803 251 et
817 225 848 251 ad
863 225 984 251 eamdem

196 276 250 294 rem
269 276 374 302 operum
395 271 506 292 vestrum
527 265 699 299 pruliu·inini;
723 265 745 289 ni
766 263 862 289 idcirco
876 262 983 293 sedetis,

197 309 224 331 ut
239 305 269 330 nd
287 314 331 329 vos
346 303 510 328 mlducuntur
523 311 613 327 vorum
630 301 715 330 liberi.
729 309 843 335 quorum
859 299 925 325 bonu
941 307 986 324 vc-

197 343 314 368 nim-unt:
341 345 442 369 caveto,
465 349 509 373 per
529 340 592 364 Deos·
613 336 787 366 immortales.
814 336 928 366 iudices,
954 344 986 361 no

197 388 262 405 nova
277 383 301 403 et
317 377 399 403 multo
412 376 544 402 crum-lior
558 384 604 409 per
620 384 664 400 vos
676 374 831 409 proscriptio
843 374 985 399 instaurata

196 426 254 441 essu
271 415 398 440 videatur.
440 413 512 439 lllum
529 413 656 446 priorem,
672 420 740 446 quoe
756 411 820 437 fucta
835 414 874 436 ost
889 410 915 436 in
931 418 984 439 cos.

196 454 241 487 qui
258 461 327 478 nrum
342 459 434 485 cuper(-
447 454 601 484 putucrunt,
623 454 708 474 uniit-n
729 453 837 474 senatus
851 447 986 481 suscipere

198 490 293 518 notuit,
311 497 342 514 no
356 487 421 522 quid
437 487 536 517 acrius,
557 495 637 520 (fliium
653 494 724 511 more
739 485 869 511 maiorum
880 492 987 518 compn-

198 531 281 552 rntum
301 529 352 554 ost,
375 524 482 558 publico
500 523 612 549 consilio
630 523 728 549 factum
748 522 895 548 videretur:
921 521 987 547 banc

199 573 270 592 veru,
292 570 360 596 quae
373 561 405 586 ud
419 569 509 586 eorum
527 560 622 586 liberos
637 565 716 595 utque
731 559 872 586 infantium
892 566 988 593 pucro-

198 609 255 626 rum
279 597 438 624 incunabula
462 597 588 632 pertinet,
614 597 663 623 nisi
687 597 735 623 hoc
758 596 857 623 iudicio
879 604 892 621 a
912 595 987 621 vobis

197 636 304 663 wiicitis
319 640 344 661 et
357 635 545 669 aspernamini,
563 634 658 665 videte,
675 642 721 669 per
734 634 800 660 Deos
814 632 985 663 immortales,

196 682 276 709 quem
290 673 317 699 in
334 672 420 698 locum
435 671 626 706 rempublicam
642 676 827 706 perventuram
843 670 949 705 putetis.

254 710 310 737 454.
333 710 458 737 Homines
476 710 610 746 sapientes
628 713 653 737 et
671 709 719 736 ista
734 709 886 735 auctoritate
901 711 926 733 ct
940 714 987 741 po-

869 154 1142 181 ‹ztcztittoxls
1175 153 1360 179 ottArlo

1037 229 1128 250 umtau.»
1143 223 1283 258 praeditos.
1299 231 1351 258 qua
1367 231 1413 249 von
1427 223 1498 253 estis.
1515 231 1547 250 ex
1561 223 1661 258 quibus
1675 223 1755 250 rebus
1770 232 1825 250 ma-

1038 263 1107 287 xime
1122 260 1270 294 respublica
1287 260 1393 288 laborm.
1407 260 1440 286 iis
1451 262 1565 287 maxime
1579 260 1677 287 mederi
1691 262 1815 287 convenit

1038 298 1160 324 Vestrum
1172 302 1301 326 nemoest.
1310 298 1375 332 quin
1383 297 1520 330 intelligat,
1529 297 1658 333 populum
1667 298 1824 328 Romanum.

1037 335 1083 369 qui
1098 334 1231 369 quondam
1247 334 1273 360 in
1289 334 1376 360 hostes
1392 333 1545 360 lenissimus
1555 335 1764 363 existimabatur.
1777 334 1827 361 hoc

1039 377 1155 406 tempore
1169 372 1311 397 ‹tome-stim
1325 370 1480 397 crudelitate
1495 371 1620 398 laborare.
1659 372 1730 398 lianc
1744 371 1828 398 tollite

1038 418 1071 435 ex
1089 409 1207 439 civitate.
1229 408 1344 438 iudices.
1365 408 1432 434 banc
1450 409 1502 442 pati
1522 408 1602 435 nolite
1619 408 1723 435 diutius
1738 409 1764 434 in
1780 408 1828 435 bac

1039 446 1173 480 republica
1190 446 1301 471 versari:
1317 454 1385 480 quae
1400 453 1451 471 non
1463 445 1541 472 modo
1551 446 1577 472 id
1589 446 1666 472 babet
1677 446 1703 472 in
1715 455 1743 471 se
1754 446 1825 476 mali.

1038 483 1109 518 quod
1125 487 1160 508 tot
1174 483 1246 509 cives
1260 483 1423 508 atrocissime
1437 482 1559 513 sustulit,
1580 491 1673 509 verum
1687 484 1765 509 etiam
1781 483 1827 509 bo-

1040 520 1158 546 minibus
1179 519 1322 546 lenissimis
1341 518 1439 545 ademit
1458 519 1665 546 misericordiam
1684 525 1828 546 consuctu-

1038 558 1100 584 dine
1114 557 1349 583 incommodorum.
1376 556 1440 582 Nam
1454 565 1539 591 quum
1553 557 1679 583 omnibus
1693 557 1765 583 horis
1779 556 1828 583 ali·

1038 594 1102 629 quid
1117 595 1237 620 atrociter
1251 594 1305 620 fieri
1321 593 1444 619 videmus
1458 598 1502 619 aut
1520 594 1659 620 audimus:
1683 594 1761 620 etiam
1780 595 1827 628 qui

1039 636 1130 658 natura
1145 631 1279 657 mitissimi
1294 639 1398 661 sumus,
1411 630 1565 657 assiduitate
1576 630 1757 657 molestiarum
1767 639 1828 657 sen—

1038 678 1098 695 sum
1112 677 1218 696 omnem
1233 668 1404 695 humanitatis
1417 676 1452 695 ex
1463 668 1561 695 animis
1574 668 1731 695 amittimus,

902 795 1129 811 *040*—

688 1090 723 1119 M.
766 1089 965 1120 TULLII
1009 1085 1332 1117 CICERONIS

976 1181 1049 1201 Plto

533 1253 575 1299 Q.
639 1254 985 1293 ROSCIO

1049 1248 1488 1290 COMOEDO

842 1345 1183 1398 ORATIO.

249 1532 324 1552 ΛΚΕ.
353 1532 377 1552 C.
392 1530 491 1551 Fannius
506 1529 605 1551 Chaerea
619 1536 666 1550 cum
683 1530 709 1554 Q.
724 1529 806 1550 Roscio
822 1536 907 1549 sewum
925 1534 987 1548 suum

195 1568 318 1591 vnum-gum
330 1572 462 1587 connuunem
473 1565 557 1586 fecerat
567 1568 588 1585 et
599 1565 638 1585 tune
648 1564 697 1590 lege
707 1564 728 1585 ei
738 1564 871 1588 tradiderat,
886 1567 911 1584 ut
925 1563 987 1583 illum

195 1606 241 1623 orte
252 1601 383 1622 histrionico
394 1600 499 1625 erudiret,
510 1600 589 1620 deinde
598 1603 703 1626 quaestus
713 1599 834 1620 communis
845 1601 911 1618 esset.
939 1597 987 1618 Ali-

195 1640 274 1663 quanto
295 1640 345 1663 pust
364 1637 390 1660 Q.
409 1635 501 1656 Flavius
521 1635 608 1661 qui-lom
627 1636 751 1659 Panurgum
771 1633 859 1654 occidit.
888 1632 988 1653 Flavium

194 1672 288 1693 Roscius
302 1671 385 1692 iudicio
401 1669 505 1697 persequi
519 1676 583 1696 quum
596 1669 676 1694 vellet,
695 1668 829 1694 cognitorem
844 1667 868 1688 in
883 1673 928 1687 eam
943 1674 987 1687 rem

195 1706 301 1727 Fannium
311 1705 379 1726 dedit.
409 1705 459 1725 Lite
469 1707 600 1728 contestata.
610 1704 695 1724 iudicio
706 1703 779 1724 damni
789 1702 873 1723 iniuria
888 1709 900 1722 s
910 1702 987 1723 Flavio

194 1741 241 1762 dati
251 1740 373 1761 constituto
380 1756 385 1764 ,
396 1739 480 1760 decidit
489 1746 536 1760 curu
546 1739 625 1760 Flavio
635 1739 730 1759 Roscius
738 1754 743 1762 ,
754 1742 779 1758 ut
788 1738 837 1765 ipse
847 1737 920 1757 aiebat
927 1753 933 1761 ,
948 1744 987 1764 pro

195 1783 234 1796 suu
244 1778 318 1802 parter,
333 1779 358 1796 ut
367 1775 479 1800 Fannius,
494 1781 533 1801 pro
545 1777 591 1794 tota
601 1773 720 1798 societate5
732 1773 822 1793 fundum
833 1772 929 1799 accepit,
944 1779 988 1792 non

195 1810 317 1838 pecuniam.
349 1809 442 1836 Aliquot
459 1809 524 1830 annis
542 1811 594 1836 post
613 1808 711 1829 Fannius
725 1807 837 1828 Roscium
855 1807 933 1834 adegit
949 1814 986 1827 ar-

194 1845 278 1866 birrum
286 1861 291 1870 ‚
307 1845 356 1872 qui,
372 1848 474 1872 quantum
485 1843 578 1870 aequius
587 1842 674 1868 melius,
686 1842 790 1863 Roscium
801 1842 892 1869 petitori
902 1841 987 1862 Fannio

194 1881 247 1901 dare
259 1880 353 1901 iuberet.
385 1879 476 1900 Arbiter
489 1879 534 1899 fuit
547 1878 616 1903 idem,
636 1877 674 1904 qui
685 1877 710 1898 in
723 1877 764 1898 hnc
777 1884 856 1898 caussa
866 1876 935 1897 iudex
945 1879 986 1899 est,

195 1916 219 1936 0.
231 1914 365 1942 Calpurnius
375 1914 438 1936 Piso.
464 1914 486 1935 ls
497 1914 523 1934 de
533 1920 556 1934 re
567 1912 698 1933 sententiam
709 1919 753 1932 non
763 1911 823 1935 tulit.
835 1912 873 1932 sed
883 1911 987 1932 Roscium

194 1950 291 1975 rogavit.
302 1952 327 1970 ut
336 1949 421 1970 Fannio
432 1956 471 1976 pro
483 1948 570 1973 labore,
582 1947 639 1974 quod
649 1947 750 1973 cognitor
759 1947 848 1971 fuisset,
859 1946 916 1973 quud
925 1946 987 1966 vadi-

194 1985 268 2005 monis
278 1984 375 2009 obisset,
387 1985 406 2004 fl
414 1984 443 2004 -S
455 1983 538 2004 celo.)
554 1983 638 2009 (decern
649 1982 731 2009 millia)
741 1982 814 2007 dni-et,
825 1981 858 2002 ita
868 1984 939 2001 tamen
947 1997 952 2005 ,
963 1984 988 2001 ut

194 2019 294 2041 Fannius
302 2018 485 2046 restipularetur,
501 2017 521 2038 si
531 2017 583 2045 quid
593 2017 706 2042 exegisset
715 2023 727 2037 a
736 2016 815 2038 Fluvio
823 2032 828 2041 ‚
845 2019 928 2043 partem
939 2015 987 2036 eius

194 2054 308 2075 dimidiam
322 2061 346 2075 se
359 2054 441 2074 Roscio
455 2053 563 2074 daturum.
592 2052 716 2080 Spopondit
729 2052 762 2072 im
773 2058 797 2072 se
812 2051 919 2071 facturum
929 2051 987 2071 Fan-

194 2090 253 2111 nius.
282 2089 369 2110 Deinde
382 2088 460 2109 Flu-iu
480 2088 541 2108 litem
559 2088 663 2108 intendit.
691 2087 762 2108 ludex
782 2086 827 2107 fuit
844 2087 868 2107 0.
886 2085 986 2107 Cluvius.

194 2125 250 2146 Eius
269 2124 380 2146 sententia
394 2123 485 2144 Flavius
502 2124 558 2144 H-S
573 2123 695 2144 CCCUQO
710 2123 813 2148 (centena
832 2120 914 2145 millia)
929 2121 986 2141 Pan-

193 2160 244 2185 urgi
262 2159 350 2180 noniine
367 2159 452 2180 Fannio
471 2158 583 2179 dissolvit.
612 2157 682 2179 Cuius
700 2156 806 2184 pecuniae
825 2163 876 2183 pus
895 2155 987 2175 dimidiu

194 2202 258 2221 quum
275 2201 302 2215 ex
316 2193 488 2221 restipulatione
495 2193 577 2214 Roscio
593 2193 721 2213 deberetur:
740 2195 811 2212 tamen
821 2194 905 2211 tantum
916 2191 986 2214 abest,

194 2233 219 2250 ut
229 2229 250 2250 ei
259 2229 376 2256 quidquam
386 2229 485 2250 Fannius
496 2228 592 2253 dederit,
603 2231 628 2248 nt
638 2234 685 2248 eum
696 2227 761 2247 etism
771 2226 795 2246 in
805 2225 912 2246 iudicium
922 2231 986 2245 voca-

194 2265 258 2289 verit,
270 2268 378 2291 tanlquam
390 2270 430 2285 sua
439 2267 501 2291 parte
510 2263 534 2284 in
543 2266 618 2284 vetere
627 2262 668 2282 illa
677 2261 792 2282 decisione
802 2261 924 2281 fraudatus.
943 2261 987 2280 Ae-

195 2300 299 2320 stinmbnt
309 2299 366 2320 enim
377 2299 466 2320 fundum
474 2314 480 2323 ,
495 2305 556 2325 quem
568 2305 580 2318 n
590 2297 641 2318 Plan
646 2297 668 2317 io
678 2296 773 2317 Roscius
788 2298 915 2322 acceperat,
931 2295 950 2315 fl
957 2295 987 2316 -S

195 2335 318 2355 eccm-D
327 2343 332 2354 ς
342 2334 393 2354 inde
403 2334 491 2361 petebat
503 2333 522 2353 Η
528 2345 537 2349 -
543 2333 558 2353 S
566 2333 630 2354 mo.)
638 2330 810 2359 (quinquaginta
819 2329 912 2357 millin):
923 2329 987 2356 quasi

194 2369 290 2389 Roscius
303 2376 342 2396 pru
358 2368 477 2393 societate,
497 2375 541 2388 non
554 2375 593 2395 pru
608 2374 632 2388 se
646 2370 730 2387 tautum
743 2365 872 2386 decidisset.
903 2365 929 2385 ln
945 2371 986 2391 quo

195 2403 266 2424 omnis
281 2410 360 2424 caussa
373 2407 481 2424 versatur.
505 2403 561 2423 Actu
575 2405 610 2423 est
623 2402 663 2423 Cn.
674 2400 764 2422 Octaui-1
774 2401 804 2421 M.
816 2399 932 2421 Scribonio
944 2399 987 2420 Cu-

196 2438 258 2458 rione
269 2440 332 2459 Coss.
343 2440 399 2464 (678.
411 2446 432 2465 p.
442 2439 470 2459 U.
481 2439 519 2464 c.).
547 2439 667 2458 Praeterea
681 2443 758 2461 magna
771 2435 881 2456 orationis
891 2441 943 2462 pars
952 2433 987 2454 in-

196 2473 285 2493 tercidit
295 2476 317 2493 et
327 2473 497 2498 fragmentorum
507 2475 610 2500 superest
619 2478 721 2492 numerus
730 2470 872 2498 perexiguus.

493 2518 599 2544 Initium
611 2518 685 2543 deese.

196 2570 324 2597 malitiam
347 2575 468 2602 naturae,
493 2570 652 2601 crederetur,
686 2569 706 2595 1.
731 2570 754 2595 ⁴.
778 2568 802 2595 is
823 2567 925 2594 scilicet
945 2567 988 2593 vir

195 2608 313 2642 optimus
327 2612 353 2634 et
365 2607 495 2643 singulari
509 2607 561 2634 fide
573 2606 718 2642 praeditus,
730 2605 778 2640 qui
788 2605 816 2631 in
827 2613 876 2631 suo
887 2604 987 2630 iudicio

196 2644 295 2671 tabulis
309 2645 366 2671 suis
380 2645 493 2670 testibus
507 2645 546 2670 uti
560 2648 678 2671 conatur.
717 2642 807 2669 Solent
821 2641 873 2668 fere
886 2641 984 2672 dicere,

195 2682 243 2717 qui
257 2690 304 2716 pei·
318 2680 420 2708 tabulas
435 2681 555 2708 homines
565 2681 578 2694 ⁸
588 2681 600 2695 *
612 2680 623 2694 *
635 2681 679 2707 citi
689 2680 830 2715 pecuniam
841 2686 986 2713 expensam

1039 1527 1171 1555 tulerunt:
1198 1527 1289 1562 Egone
1306 1524 1384 1552 talem
1403 1525 1491 1552 virum
1505 1533 1674 1560 corrumpere
1692 1525 1780 1560 potui,
1800 1530 1831 1552 ut

1040 1573 1097 1592 mea
1115 1572 1208 1591 caussa
1227 1563 1324 1589 falsum
1342 1563 1370 1589 in
1388 1563 1505 1589 codicem
1525 1561 1650 1588 referret?
1686 1562 1828 1597 Exspecto,

1039 1610 1119 1637 quam
1134 1610 1196 1627 mox
1210 1600 1324 1627 Chaerea
1338 1599 1386 1625 bac
1399 1600 1514 1626 oratione
1529 1604 1631 1625 utatur:
1658 1599 1748 1635 Egone
1763 1599 1831 1625 banc

1039 1647 1147 1665 manum
1163 1637 1267 1673 plenam
1283 1636 1408 1671 perfidiae
1421 1641 1446 1662 et
1461 1636 1508 1663 bos
1526 1636 1624 1672 digitos
1642 1645 1715 1662 meos
1733 1635 1831 1671 impel-

1040 1676 1092 1702 lere
1106 1675 1193 1710 potui,
1213 1679 1244 1701 ut
1257 1673 1354 1700 falsum
1369 1673 1561 1708 perscriberent
1575 1672 1689 1699 nomen?
1712 1672 1789 1705 Quod
1806 1674 1829 1700 si

1040 1713 1084 1739 ille
1102 1721 1165 1739 suas
1183 1711 1297 1747 proferet
1311 1710 1428 1737 tabulas:
1453 1710 1567 1745 proferet
1580 1719 1643 1736 suas
1656 1719 1765 1745 quoque
1778 1711 1831 1737 Ro-

1039 1751 1121 1776 scius.
1161 1749 1218 1776 Erit
1231 1749 1258 1775 in
1272 1748 1346 1774 illius
1361 1747 1459 1774 tabulis
1474 1747 1523 1774 hoc
1537 1756 1646 1774 nomen:
1666 1752 1691 1773 at
1706 1748 1732 1774 in
1748 1747 1830 1774 huius

1039 1796 1091 1813 non
1105 1787 1164 1813 erit.
1204 1787 1230 1812 2.
1252 1785 1305 1812 Cur
1318 1785 1406 1819 potius
1420 1784 1508 1815 illius.
1527 1793 1609 1819 quam
1623 1785 1718 1815 huius.
1738 1784 1829 1811 crede-

1039 1823 1100 1851 tur‘?
1120 1823 1276 1858 Scripsisset
1293 1822 1352 1853 ille,
1372 1822 1395 1848 si
1414 1830 1466 1848 non
1484 1823 1561 1848 iussu
1581 1822 1663 1848 huius
1681 1830 1830 1856 expensum

1039 1860 1162 1888 tulisset?
1176 1869 1228 1886 nou
1241 1860 1393 1894 scripsisset
1403 1859 1454 1890 hic,
1463 1858 1535 1894 quod
1546 1859 1597 1885 sibi
1608 1867 1756 1894 expensum
1768 1858 1829 1885 ferri

1038 1897 1181 1925 iussisset?
1209 1897 1288 1927 Nam,
1309 1896 1536 1931 quemadmodum
1555 1901 1632 1931 turpe
1649 1900 1689 1922 est
1702 1896 1827 1926 scribere.

1038 1935 1111 1971 quod
1130 1943 1181 1961 non
1199 1934 1341 1961 debeatur:
1370 1933 1409 1960 sic
1426 1933 1580 1968 improbum
1598 1937 1637 1959 est
1656 1941 1707 1959 non
1721 1932 1827 1964 referre.

1038 1972 1110 2008 quod
1136 1972 1243 1998 debeas.
1282 1971 1374 2006 Aeque
1399 1971 1471 1997 enim
1493 1970 1598 1996 tabulae
1620 1969 1830 1997 condemnantur

1039 2011 1105 2041 eius,
1121 2009 1169 2044 qui
1184 2017 1276 2035 verum
1290 2016 1342 2034 non
1356 2007 1460 2038 retulit,
1475 2012 1500 2034 et
1513 2008 1581 2039 eius,
1596 2008 1644 2042 qui
1658 2006 1756 2034 falsum
1770 2015 1829 2042 per-

1038 2047 1154 2082 scripsit.
1177 2045 1230 2073 Sed
1242 2054 1300 2081 ego,
1315 2045 1390 2080 copia
1404 2049 1429 2071 et
1443 2044 1566 2071 facultate
1579 2053 1689 2071 caussae
1701 2044 1827 2075 confisus.

1039 2084 1099 2111 vide
1113 2092 1168 2119 quo
1185 2082 1348 2118 progrediar.
1388 2081 1417 2108 Si
1435 2081 1539 2108 tabulas
1552 2081 1582 2108 C.
1596 2082 1715 2108 Fannius
1729 2082 1828 2116 accepti

1038 2126 1064 2148 et
1077 2121 1188 2156 expensi
1202 2119 1301 2155 profert
1313 2128 1390 2150 suas,
1411 2119 1438 2145 in
1451 2127 1528 2145 suam
1546 2127 1616 2150 rem,
1635 2127 1685 2145 suo
1701 2118 1827 2145 arbitratu

1038 2159 1164 2194 scriptas,
1184 2166 1239 2192 quo
1252 2157 1343 2183 minus
1355 2156 1505 2183 secundum
1522 2155 1600 2182 illum
1618 2155 1755 2186 iudicetis,
1776 2164 1829 2182 non

1039 2204 1142 2223 recuso.
1183 2197 1208 2221 3.
1229 2193 1296 2226 Quis
1309 2193 1360 2220 hoc
1377 2193 1456 2220 frater
1474 2192 1560 2224 fratri,
1581 2193 1643 2228 quis
1661 2201 1756 2228 parens
1775 2192 1830 2219 filio

1039 2233 1140 2263 tribuit,
1153 2237 1191 2263 ut,
1204 2231 1394 2266 quodcumque
1407 2230 1550 2261 retulisset,
1562 2230 1591 2256 id
1604 2234 1689 2256 ratum
1704 2228 1830 2256 haberet?

1037 2271 1134 2297 Ratum
1148 2269 1257 2295 babebit
1269 2269 1391 2294 Roscius.
1411 2267 1511 2294 Profer.
1531 2266 1608 2300 Quod
1618 2267 1666 2293 tibi
1678 2265 1758 2293 fuerit
1769 2275 1829 2301 per—

1038 2315 1163 2337 suasum,
1184 2306 1247 2332 huic
1264 2306 1314 2332 erit
1331 2313 1504 2340 persuasum:
1527 2303 1598 2340 quod
1612 2303 1660 2330 tibi
1675 2303 1755 2330 fuerit
1767 2311 1829 2338 pro—

1039 2345 1144 2375 batum,
1161 2343 1225 2369 huic
1238 2343 1287 2369 erit
1300 2342 1451 2378 probatum.
1489 2341 1582 2368 Paullo
1594 2345 1655 2367 ante
1667 2341 1703 2367 M.
1718 2340 1829 2376 Perper-

1039 2390 1100 2412 nae.
1127 2381 1155 2407 P.
1182 2380 1281 2406 Saturii
1307 2379 1412 2406 tabulas
1436 2378 1625 2413 poscebamus:
1661 2386 1733 2404 nunc
1758 2382 1826 2408 tuas.

1038 2419 1068 2446 C.
1083 2418 1167 2444 Fanni
1186 2417 1313 2448 Chaerea,
1334 2416 1418 2443 solius
1435 2415 1585 2451 flagitamus
1607 2419 1646 2446 et,
1666 2423 1721 2449 quo
1738 2415 1828 2441 minus

1038 2455 1188 2482 secundum
1201 2463 1245 2480 eas
1260 2453 1292 2480 lis
1307 2453 1392 2484 detur,
1408 2461 1460 2479 non
1473 2460 1638 2478 recusamus.
1670 2453 1694 2478 4.
1709 2450 1780 2484 Quid
1792 2452 1829 2478 ita

1039 2501 1090 2519 non
1105 2490 1225 2527 profers?
1247 2492 1306 2517 Non
1319 2490 1423 2517 conficit
1435 2488 1558 2516 tabulas?
1581 2490 1665 2515 Immo
1677 2488 1828 2524 diligentis-

1037 2531 1115 2556 sime.
1155 2529 1213 2555 Non
1231 2527 1310 2555 refert
1327 2535 1408 2562 parva
1425 2526 1532 2553 nomina
1549 2526 1577 2552 in
1595 2524 1718 2552 codices?
1744 2526 1829 2552 Immo

1037 2575 1131 2593 omnes
1148 2574 1278 2592 summas.
1318 2564 1388 2590 Leve
1405 2568 1430 2590 et
1453 2568 1531 2590 tenue
1553 2563 1603 2590 hoc
1623 2561 1739 2589 nomen?
1762 2562 1828 2589 H-S

1038 2612 1144 2630 ccciooo
1158 2607 1230 2629 sunt.
1270 2600 1408 2634 Quomodo
1425 2600 1475 2627 tibi
1493 2604 1563 2627 tanta
1580 2600 1693 2635 pecunia
1710 2604 1828 2626 extraor-

1038 2640 1139 2667 dinaria
1148 2638 1233 2666 iacet?
1244 2637 1379 2673 quomodo
1388 2637 1452 2664 H-S
1463 2645 1570 2664 ccciooo
1583 2638 1611 2663 in
1624 2636 1715 2663 codice
1727 2636 1828 2671 accepti

1037 2681 1064 2704 et
1085 2677 1195 2712 expensi
1218 2684 1271 2702 non
1292 2674 1373 2702 sunt?
1402 2674 1453 2701 Pro
1474 2674 1512 2701 dii
1534 2673 1711 2700 immortales:
1733 2681 1827 2700 essene
