1941 3052
248 130 308 154 ¹258
813 127 866 150 tim.
901 125 934 150 Μ,

244 197 356 224 iurando
368 199 480 223 iuniores
492 197 590 223 arctius
604 204 662 221 esse
680 195 829 222 voluerunt.

245 236 315 269 legiis
328 236 353 261 in
367 244 401 260 ¹iiii
415 234 524 262 tabulis,
541 233 658 258 iudicant
669 237 798 261 sacratae,
814 232 933 258 indicant
945 231 1034 257 loede-

244 283 280 301 rn,
294 272 394 307 quilius
406 272 484 296 etium
497 279 558 295 cuin
572 270 644 295 hoste
656 269 809 295 devincitur
821 269 900 295 tides:
916 269 1034 294 indicant

244 312 362 336 notione-s
375 307 674 340 nnimmtversionesque
686 315 826 332 censorum
836 327 841 336 ,
857 308 904 341 qui
917 306 989 332 nulla
1001 306 1034 331 de

244 356 269 372 rc
280 346 446 378 diligentius-i,
461 353 540 378 quum
553 343 586 369 de
599 344 772 369 iureiurando
783 343 947 369 iudicabant.
977 345 1032 370 ΗΞ.

244 385 271 409 Ι..
286 382 395 412 Manlio,
415 383 443 407 Α.
458 381 497 410 F..
515 389 598 415 quum
615 380 727 407 dictator
743 380 850 411 suisset,
870 381 903 406 Μ.
922 381 1034 415 I'ompo-

243 422 313 450 iiius,
327 419 451 445 triliunus
463 418 559 452 plebis.
573 418 644 444 diem
656 417 738 447 dixit,
752 417 823 452 quod
837 419 859 444 is
871 426 969 453 paucos
981 418 1034 444 sibi

241 458 299 483 dics
311 456 342 482 ud
354 456 512 482 dictaturam
526 455 671 490 gerendam
685 455 848 482 addidisset:
871 456 1034 481 criminaba-
1054 470 1056 477 ·

243 500 283 520 tur
294 494 383 523 ctiam,
397 495 463 526 quod
477 493 558 518 Titum
569 494 662 525 silium,
675 493 721 527 qui
734 497 823 527 postea
835 497 875 519 est
885 493 1034 528 Torquatus

241 530 399 565 appellatus,
413 531 445 555 ab
456 531 596 556 hominibus
608 531 742 562 reteynnset
753 535 775 555 ct
786 533 844 555 ruri
854 532 970 556 habitare
981 533 1034 556 ius·

240 571 321 594 sisset.
362 567 438 599 Quod
453 575 539 601 quum
556 566 705 593 audivisset
715 566 870 593 adolescens
883 566 968 598 lilius,
988 576 1034 593 ne-

240 605 342 640 gotium
355 604 478 631 exhiberi
491 604 572 638 patri,
586 605 733 630 accurrisse
749 605 856 630 llomam
869 609 966 630 etcum
979 606 1034 639 pri-

242 652 282 668 ma
296 642 354 668 luce
367 641 505 676 Pomponii
516 641 626 667 domum
640 642 746 668 venisse
757 641 864 668 dicitur.
887 642 936 668 Cui
948 651 1032 677 quum

240 684 310 705 esset
331 679 495 710 nuntiatum,
517 679 564 713 qui
586 678 662 704 illum
685 679 781 705 iratum
798 678 940 705 allaturum
957 679 988 705 ad
1005 688 1033 705 se

239 716 342 751 aliquid
354 721 444 742 contra
459 720 560 750 patrem
572 716 758 747 arbitraretur,
776 717 893 743 surrexit
906 725 920 742 e
938 716 1034 744 lectulo

240 754 402 788 remotisque
419 753 526 779 arbitris
541 753 574 779 ad
589 762 618 779 se
634 753 829 780 adolescentem
840 755 919 780 iussit
931 755 1031 780 venire.

239 791 271 817 At
283 790 336 821 ille,
346 795 375 817 ut
387 791 525 826 ingressus
537 790 734 821 est‚contestim
745 791 867 827 gladium
879 791 1031 822 destrinxit.

240 829 402 862 iuravitque,
410 837 436 853 se
448 830 519 854 illum
530 831 616 854 statim
628 831 827 862 interfecturum,
840 831 891 855 nisi
901 831 1034 855 iusiuran-

238 868 298 891 dum
309 867 357 891 sibi
367 867 482 893 dedisset.
495 874 521 891 sa
530 870 629 898 patrem
639 868 743 891 missum
753 874 805 892 esse
815 869 953 899 facturum.
991 867 1034 893 Iu-

240 903 308 929 rnvit
325 902 373 928 hoc
384 906 491 929 coactus
502 907 599 929 terrore
611 903 784 937 Pomponius
825 903 890 929 Rem
902 903 934 930 ad
947 912 1034 938 popu-

241 939 295 966 lum
308 939 403 966 detulit
415 950 419 966 :
442 939 541 970 docuit,
555 948 604 966 cur
613 940 667 966 sibi
677 949 772 966 caussa
784 940 912 967 desistere
924 949 1033 967 necesse

234 978 320 1003 'css-et:
343 976 471 1003 Manlium
488 977 602 1003 missum
619 977 690 1004 fecit.
730 978 844 1004 Tantum
867 978 1033 1013 temporibus

240 1014 294 1040 illis
312 1014 500 1040 iusiurandum
519 1013 633 1041 valebat.
674 1015 760 1050 Atque
778 1015 821 1041 hic
836 1015 866 1041 T.
883 1015 999 1042 Manlius
1010 1017 1033 1042 is

239 1056 287 1081 est,
301 1051 347 1086 qui
360 1051 392 1077 ad
404 1052 534 1078 Anienem
546 1051 626 1081 Galli,
640 1060 720 1087 quem
733 1052 766 1078 ab
777 1061 808 1078 eo
819 1058 977 1087 provocatus
988 1061 1034 1079 oc-

237 1088 348 1120 ciderat,
363 1093 455 1124 torque
466 1088 583 1116 detracto
593 1098 742 1124 cognomen
755 1090 871 1116 invenit:
889 1092 969 1116 cuius
981 1095 1033 1116 ter—

239 1127 274 1152 tio
285 1125 425 1153 consulatu
434 1126 519 1152 Latini
530 1126 562 1152 ad
570 1126 689 1153 Veserim
702 1126 755 1152 t'usi
766 1132 791 1153 et
803 1126 901 1162 fugati:
919 1136 1033 1163 magnus

239 1163 280 1189 vir
302 1164 327 1189 in
348 1164 442 1198 primis
463 1164 551 1197 etqui
568 1163 760 1198 perindulgens
776 1164 802 1190 in
822 1169 938 1198 patrem,
961 1165 1033 1191 idem

238 1200 332 1227 acci-be
344 1209 454 1227 severus
466 1201 492 1226 in
505 1200 600 1227 lilium.
642 1201 753 1227 xxxtt.
779 1203 833 1227 ¹43.
855 1201 921 1232 Sed,
935 1207 964 1228 ut
976 1201 1034 1228 lau-

238 1237 343 1264 dandus
358 1237 477 1274 Regulus
489 1238 515 1263 in
530 1238 713 1264 conservando
728 1238 913 1269 iureiurando.
931 1240 970 1265 sic
986 1240 1034 1266 de-

237 1284 294 1300 cem
308 1275 356 1306 itti,
374 1284 441 1310 quos
454 1279 513 1309 post
524 1274 690 1302 Cannensem
703 1284 822 1311 pugnam
834 1276 934 1303 iuratos
946 1276 978 1303 ad
990 1285 1033 1303 se-

238 1317 329 1338 natum
341 1313 415 1339 misit
427 1311 556 1338 Hannibal
567 1333 571 1343 ,
588 1313 654 1339 sein
666 1317 751 1339 castra
764 1313 896 1340 redituros
908 1322 950 1345 ea,
964 1323 1033 1349 quo-

240 1357 298 1375 rum
319 1350 393 1384 potiti
411 1353 485 1376 erant
500 1349 594 1380 Poeni,
617 1350 670 1376 nisi
686 1350 719 1377 de
736 1350 901 1377 redimendis
917 1352 1032 1386 captivis

238 1386 467 1420 impetravissent,
490 1387 513 1412 si
533 1395 584 1413 non
601 1387 750 1418 redierunt,
775 1388 956 1423 vituperandi.
997 1389 1032 1415 De

236 1423 337 1458 quibus
350 1432 400 1450 non
412 1431 505 1450 omnes
517 1432 570 1450 uno
581 1424 669 1451 modo.
710 1425 777 1451 Nam
788 1424 926 1461 Polybius,
945 1425 1032 1453 bonus

236 1465 327 1487 auctor
343 1461 370 1487 in
386 1461 495 1496 primis.
515 1460 640 1498 [scribit,]
657 1471 690 1488 ea:
701 1464 785 1488 decem
795 1464 971 1493 nobilissimis,
988 1467 1033 1498 qui

237 1502 289 1523 tum
298 1503 371 1525 erant
384 1501 462 1529 missi,
475 1508 562 1525 novem
573 1502 714 1529 revertisse,
727 1509 744 1526 a
753 1505 844 1526 senatu
854 1509 882 1526 re
893 1509 943 1526 non
954 1504 1033 1534 impe-

237 1540 320 1561 trata:
342 1545 432 1566 imum,
451 1537 498 1570 qui
514 1536 604 1571 paullo
620 1541 692 1570 post,
710 1545 792 1572 quam
808 1545 935 1572 egressus
949 1543 1005 1564 erat
1018 1547 1032 1564 e

235 1573 344 1603 castris,
365 1572 492 1604 redisset,
509 1574 586 1608 quasi
602 1573 706 1608 aliquid
722 1579 794 1601 esset
807 1574 922 1606 oblitus,
940 1576 1033 1601 Romae

235 1612 397 1636 renmnsisse.
438 1611 534 1638 Reditu
550 1612 622 1637 enim
639 1611 666 1637 in
682 1616 767 1638 castra
779 1611 922 1638 liberatum
933 1621 962 1638 se
973 1621 1032 1639 esse

237 1647 422 1678 iureiurando,
445 1648 681 1683 interpretabatur3
700 1657 752 1675 non
769 1653 851 1681 recte;
874 1649 946 1676 fraus
959 1651 1032 1676 enim

236 1685 374 1719 astringit,
392 1693 444 1711 non
455 1685 580 1712 dissolvit
590 1686 750 1720 periurium.
785 1686 847 1713 Fuit
858 1687 942 1722 igitur
951 1687 1032 1714 stulta

236 1720 378 1752 calliditas,
391 1730 516 1756 perverse
527 1724 629 1749 imitata
641 1722 823 1758 prudentiam.
838 1724 929 1759 Itaque
939 1724 1033 1750 decre-

236 1759 276 1784 vit
290 1763 414 1790 senatus,
439 1764 468 1786 ut
483 1759 528 1786 ille
546 1765 675 1787 veterator
690 1765 716 1787 et
735 1760 851 1787 callidus
871 1761 979 1788 vinctus
999 1761 1032 1788 ad

237 1796 414 1822 Hannibalem
429 1796 582 1824 duceretur.
627 1798 684 1824 tit.
706 1797 759 1824 Sed
777 1797 847 1824 illud
870 1799 1030 1825 maximum.

235 1832 300 1859 Octo
313 1833 453 1860 hominum
469 1834 554 1860 millia
571 1834 678 1861 tenebat
688 1835 834 1866 llannibal,
852 1844 904 1861 non
920 1843 988 1870 quos
1004 1837 1031 1862 in

235 1871 291 1896 acie
301 1871 425 1905 cepisset,
439 1876 485 1898 aut
495 1873 543 1906 qui
554 1872 674 1906 periculo
686 1873 778 1898 mortis
789 1871 970 1907 diffugissent,
984 1872 1031 1899 sed

235 1908 283 1941 qui
298 1907 383 1934 relicti
399 1908 426 1934 in
440 1909 535 1935 castris
551 1908 666 1935 fuissent
676 1917 690 1935 a
701 1908 794 1935 Paullo
804 1913 830 1935 et
841 1909 956 1936 Varrone
967 1918 1032 1936 con-

235 1943 353 1970 sulibus.
385 1945 438 1971 Eos
452 1950 560 1972 senatus
573 1954 624 1972 non
635 1947 742 1972 censuit
752 1945 932 1977 redimendos,
945 1955 1031 1981 quum

236 1981 263 2007 id
276 1990 356 2015 parva
368 1983 482 2016 pecunia
497 1982 554 2008 fieri
566 1987 668 2017 posset;
692 1987 721 2009 ut
731 1987 802 2009 esset
812 1983 925 2010 insitum
937 1983 1033 2011 militi-

236 2017 287 2044 bus
303 2019 414 2049 nostris,
437 2024 483 2045 aut
498 2020 605 2046 vincere
620 2024 665 2046 aut
680 2021 774 2046 emori.
817 2021 874 2052 Qua
888 2023 989 2054 quidem
1004 2031 1032 2048 re

235 2057 334 2085 audita,
345 2058 458 2089 fractum
468 2059 581 2083 animum
592 2057 753 2088 Hannibalis,
764 2057 859 2084 scribit
870 2057 952 2089 idem,
965 2061 1032 2092 quod

235 2097 338 2118 senatus
346 2094 505 2127 populusque
516 2094 644 2120 Romanus
658 2096 733 2121 rebus
746 2097 852 2129 afflictis
867 2100 919 2122 tam
931 2097 1032 2122 excelso

235 2132 322 2155 animo
331 2132 427 2163 suisset.
467 2130 512 2157 Sic
529 2131 675 2158 honestatis
689 2133 887 2167 comparatione
901 2141 945 2163 ea,
961 2141 1031 2168 quae

235 2166 363 2193 videntur
373 2166 460 2198 utilia,
472 2168 627 2195 vincuntur.
670 2170 726 2195 ⁴⁴5.
748 2169 852 2196 Acilius
863 2174 966 2201 autem,
982 2171 1030 2205 qui

235 2203 335 2230 Graece
346 2205 456 2239 scripsit
466 2204 604 2232 historiam
612 2226 619 2236 ,
632 2207 722 2240 plures
733 2207 770 2233 ait
779 2209 870 2240 sui-sse,
892 2210 976 2241 quiin
987 2216 1031 2234 ca-

234 2245 290 2267 stra
300 2244 473 2273 revertissent,
491 2245 577 2269 eadem
588 2245 693 2276 lraude,
709 2248 737 2269 ut
752 2246 920 2270 iureiurando
936 2246 1031 2271 libera-

234 2283 336 2309 rentur,
350 2287 440 2312 eosque
449 2288 466 2305 a
485 2283 631 2307 censoribus
640 2283 756 2307 omnibus
766 2283 912 2314 iynorninits
922 2287 1030 2309 notatos.

235 2314 276 2341 Sit
287 2316 340 2342 iam
352 2315 435 2342 huius
446 2315 497 2343 loci
509 2317 580 2344 finis.
620 2318 798 2352 Perspicuum
809 2322 850 2344 est
860 2319 943 2349 enim,
960 2327 1030 2354 quae

235 2352 330 2379 timido
341 2353 441 2384 animo,
455 2353 563 2385 humili,
576 2354 696 2382 demisso
706 2354 842 2390 fractoque
854 2355 927 2386 fiant,
940 2355 1029 2391 (quale

235 2388 330 2416 fuisset
348 2390 444 2426 Reguli
460 2390 574 2423 tactum,
596 2392 619 2418 si
634 2397 680 2418 aut
694 2392 728 2418 de
742 2392 873 2427 captivis,
891 2393 964 2428 quod
975 2393 1030 2420 sibi

234 2434 301 2460 opus
313 2435 371 2453 esse
382 2427 527 2459 videretur,
540 2437 593 2455 non
603 2429 676 2464 quod
691 2429 865 2464 reipublicae,
879 2431 1030 2457 censuisset

234 2467 280 2488 aut
294 2463 366 2490 domi
381 2473 518 2492 remanere
534 2465 690 2501 voluisset:)
705 2475 758 2493 non
773 2475 834 2493 esse
851 2466 943 2499 utilia,
964 2468 1028 2503 quia

235 2500 289 2526 sint
299 2500 438 2535 flagitiosa,
452 2502 538 2533 foeda,
552 2504 650 2538 turpia.

288 2536 411 2565 XXXIII.
435 2541 490 2566 ⁴⁴6.
513 2541 603 2567 Restat
622 2545 715 2576 quarta
738 2548 814 2575 ρει-ε,
841 2549 911 2576 quae
929 2544 1027 2572 decore,

233 2576 418 2605 moderatione,
430 2579 565 2607 modestia,
578 2579 746 2608 continentia,
759 2581 928 2611 temperantia
942 2579 1029 2605 conti-

234 2615 321 2636 netur.
359 2611 447 2638 Potest
466 2614 549 2648 igitur
563 2614 714 2650 quidquam
729 2613 796 2641 utile
811 2623 883 2645 esse,
904 2615 977 2650 quod
992 2616 1029 2642 sit

234 2647 299 2674 huic
319 2647 412 2674 talium
434 2650 564 2677 virtutum
584 2651 665 2678 choro
684 2651 867 2678 contrarium?
887 2652 970 2687 Atqui
993 2652 1027 2679 ab

872 195 899 221 ld
916 194 1034 220 indicant
1054 194 1055 226 j

970 125 999 150 T.
1031 124 1303 150 (litii-:iitixts

1087 195 1222 228 Aristippo
1233 195 1371 230 Cyrenaici
1383 200 1461 229 atque
1473 196 1608 223 Annicerii
1625 197 1779 233 philosophi
1791 199 1877 225 nomi-

1087 232 1139 257 nati
1156 241 1226 256 mnm·
1242 234 1331 257 Ιιοιιυηι
1348 235 1373 257 in
1389 234 1515 265 rot-aptate
1530 240 1690 268 posuerunt,
1712 241 1879 269 ιἰνΙυιτπιιμιε

1085 273 1247 294 censuerunt
1257 271 1287 293 ob
1297 278 1351 294 eam
1364 278 1414 294 rem
1430 278 1482 295 esan
1497 271 1665 299 tumtumtum.
1687 275 1754 305 qnod
1769 276 1879 304 efficiens

1085 310 1146 330 «mm-t
1172 308 1317 338 voluptatis.
1357 306 1462 337 Quibus
1486 307 1613 334 obsoletis
1638 308 1710 335 floret
1734 310 1876 343 Epicurus.

1086 342 1207 368 ciusdem
1221 342 1273 368 sere
1285 342 1389 368 adiutor
1400 348 1545 378 auctorque
1556 347 1712 372 sententiae.
1744 347 1810 372 Cuiu
1825 347 1876 376 liis,

1088 381 1152 405 viris
1164 381 1306 414 equisque,
1321 385 1348 406 ut
1359 380 1471 411 dicitur,
1484 382 1506 406 si
1520 382 1682 408 honestatem
1695 385 1762 409 tueri
1775 393 1803 409 ac
1816 385 1879 410 reti-

1087 426 1148 442 nere
1160 418 1289 443 sententia
1302 422 1350 446 est,
1363 417 1552 445 decertandum
1564 425 1613 445 est.
1642 421 1697 446 it7.
1715 422 1779 447 Nam
1793 423 1815 447 si
1826 430 1878 447 non

1087 453 1165 480 modo
1177 454 1290 483 utilitas,
1310 454 1356 480 sed
1369 458 1421 480 vita
1432 464 1513 481 omnis
1523 458 1596 482 beata
1608 460 1723 490 corporis
1733 461 1806 490 firma
1819 467 1878 484 con·

1085 496 1216 517 stitutione
1226 495 1328 525 eiusque
1339 495 1526 519 coriatitutioniu
1535 503 1579 527 epe
1589 496 1737 527 erplorntu.
1756 500 1783 520 ut
1798 504 1812 520 a
1825 496 1879 521 Me-

1087 528 1190 554 trodoro
1201 530 1330 563 scriptum
1342 534 1390 559 est.
1405 533 1560 556 continetur:
1573 537 1643 557 certe
1656 531 1720 557 haec
1732 532 1841 559 utilitas.
1854 537 1879 558 et

1085 565 1196 600 quidem
1210 575 1325 595 summa,
1339 568 1378 592 sic
1389 567 1460 592 enim
1472 573 1590 598 censent,
1607 577 1668 594 cum
1682 569 1816 595 honestate
1828 578 1879 604 pu-

1085 604 1188 637 gnabit.
1230 604 1296 629 Nam
1313 604 1359 629 ubi
1376 605 1492 638 primum
1507 607 1659 638 prudentiae
1671 606 1743 632 locus
1754 605 1880 633 dabitur?

1086 641 1317 675 An‚=1ic0nquirat
1329 641 1449 676 undique
1459 642 1623 669 suavitates?
1633 644 1718 675 Quam
1731 644 1813 670 miser
1825 645 1879 670 vir-

1086 679 1150 704 tutis
1163 677 1467 708 famulatus,servientis
1475 679 1618 714 voluptati!
1631 681 1706 712 Quod
1719 686 1806 706 autem
1819 689 1879 706 mu-

1086 724 1136 740 nus
1157 714 1332 749 prudentiae?
1352 717 1391 742 An
1414 715 1500 751 legere
1516 717 1695 753 intelligenter
1712 717 1880 752 voluptates?

1086 752 1136 778 Fae
1149 752 1214 778 nihil
1229 753 1278 779 isto
1289 753 1515 780 essciucundius:
1529 755 1595 789 quid
1605 756 1715 790 cogitari
1728 760 1813 790 potest
1823 760 1879 781 tur-

1086 789 1166 824 pius‘?
1187 790 1253 819 lam,
1270 791 1317 825 qui
1329 792 1440 816 dotorem
1455 800 1580 817 summum
1595 795 1689 818 matum
1704 793 1789 822 dicat,
1806 792 1877 827 apud

1085 835 1146 852 eum
1158 835 1239 861 quem
1253 827 1331 853 habet
1343 828 1429 853 locum
1441 831 1571 861 fortitudo.
1584 838 1652 864 quae
1663 835 1702 855 est
1713 832 1827 855 dotorum
1840 831 1879 855 la-

1086 866 1222 898 bor-umque
1237 866 1404 898 contemptio?
1418 864 1548 896 Quamvis
1563 868 1635 893 enim
1653 867 1745 893 multis
1762 866 1826 893 locis
1836 866 1880 892 di-

1085 906 1126 927 cat
1138 902 1284 936 Epicurus,
1301 902 1371 928 sicut
1382 902 1460 931 dicit,
1478 904 1543 929 satis
1560 903 1661 930 sortiter
1669 904 1702 930 de
1713 903 1816 930 dolore:
1840 909 1879 929 ta-

1086 947 1145 965 men
1159 948 1209 965 non
1224 939 1249 965 id
1261 940 1567 975 spectandiimest.quid
1580 941 1663 968 dicat:
1678 941 1724 967 scd
1736 941 1802 976 quid
1814 949 1879 967 con-

1085 981 1241 1002 sentaneum
1253 978 1287 1003 sit
1298 978 1322 1003 ei
1335 977 1437 1007 dicere,
1453 979 1501 1012 qui
1518 978 1584 1004 bona
1601 978 1736 1013 voluptate
1751 979 1879 1004 termina-

1086 1014 1162 1043 verit,
1177 1013 1244 1039 mala
1256 1014 1360 1040 dolore:
1374 1020 1412 1045 ut,
1425 1016 1448 1041 si
1461 1015 1538 1042 illum
1550 1016 1657 1041 audiam
1670 1016 1702 1041 de
1714 1016 1877 1041 continentia

1084 1056 1110 1076 et
1120 1052 1304 1085 temperantia.
1339 1052 1407 1078 Dicit
1419 1052 1463 1078 ille
1473 1053 1585 1087 quidem
1598 1053 1680 1079 multa
1693 1052 1785 1079 multis
1798 1052 1876 1078 locis:

1085 1087 1131 1113 sed
1144 1096 1211 1122 aqua
1225 1089 1323 1119 haeret,
1336 1094 1365 1115 ut
1376 1090 1458 1116 aiunt.
1493 1090 1559 1116 Nam
1571 1093 1618 1124 qui
1630 1096 1716 1125 potest
1727 1095 1879 1124 temperan-

1085 1126 1147 1151 tiam
1162 1125 1268 1151 laudare
1281 1126 1316 1155 is,
1334 1127 1382 1160 qui
1399 1132 1479 1162 ponat
1494 1136 1631 1153 summum
1649 1127 1748 1153 bonum
1763 1128 1789 1153 in
1803 1126 1879 1152 volu-

1085 1162 1173 1196 ptate?
1192 1162 1237 1189 Est
1248 1164 1320 1189 enim
1334 1166 1507 1199 temperantia
1522 1164 1666 1190 libidinum
1678 1165 1801 1190 inimica:
1817 1164 1879 1190 libi-

1085 1199 1162 1225 dines
1174 1204 1262 1226 autem
1274 1202 1476 1228 consectatrices
1488 1201 1642 1236 voluptatis.
1676 1203 1732 1227 ⁴⁴8.
1755 1202 1840 1236 Atque
1852 1202 1878 1227 in

1086 1237 1128 1263 his
1144 1241 1231 1263 tamen
1248 1237 1334 1264 tribus
1352 1239 1511 1273 generibus,
1533 1247 1643 1274 quoquo
1658 1238 1736 1265 modo
1756 1243 1877 1273 possunt.

1085 1283 1136 1300 non
1158 1274 1283 1301 incallide
1309 1277 1528 1311 tergiversantur.
1570 1277 1733 1302 Prudentiam
1758 1275 1879 1302 introdu-

1084 1316 1161 1342 cunt,
1183 1314 1316 1338 scientiam
1330 1316 1531 1347 suppeditantem
1545 1315 1698 1347 voluptates,
1719 1315 1879 1346 depellentem

1084 1351 1191 1375 dotores.
1213 1349 1397 1377 Fortitudinem
1408 1359 1517 1386 quoque
1529 1350 1620 1386 aliquo
1631 1350 1708 1377 modo
1719 1350 1877 1385 expediunt.

1084 1394 1169 1421 quum
1182 1386 1290 1413 tradunt
1306 1391 1431 1414 rationem
1442 1390 1605 1422 negligendae
1615 1391 1712 1417 mortis,
1723 1389 1880 1420 perpetiendi

1084 1425 1189 1450 doloris.
1229 1424 1315 1450 Etiam
1327 1429 1520 1458 temperantiam
1531 1425 1672 1455 inducunt,
1687 1433 1738 1451 non
1751 1424 1879 1451 facillime

1085 1460 1125 1486 illi
1137 1461 1261 1496 quidem,
1279 1461 1326 1488 sed
1339 1467 1440 1493 tamen,
1458 1471 1567 1498 quoquo
1582 1462 1661 1489 modo
1671 1467 1793 1497 possunt.
1834 1462 1880 1488 Di-

1084 1503 1149 1524 cunt
1161 1499 1244 1528 enim,
1260 1501 1398 1532 voluptatis
1409 1502 1607 1533 nuiynitudinem
1617 1501 1714 1526 doloris
1724 1501 1880 1525 detractione

1083 1537 1164 1568 finiri.
1187 1536 1288 1562 Iustitia
1301 1536 1417 1567 vacillat,
1431 1537 1472 1563 vel
1486 1538 1553 1563 iacet
1563 1538 1662 1572 potius,
1674 1544 1822 1571 omnesque
1833 1544 1879 1562 eae

1084 1573 1211 1604 virtutes,
1229 1582 1298 1608 quae
1314 1574 1341 1601 in
1358 1575 1548 1601 communitate
1559 1579 1706 1600 cernuntur
1719 1579 1744 1600 ct
1755 1574 1782 1600 in
1794 1575 1879 1600 socie-

1084 1614 1135 1636 tate
1146 1611 1253 1646 generis
1265 1611 1386 1638 humani.
1417 1612 1510 1646 Neque
1521 1612 1594 1637 enim
1606 1611 1710 1638 bonitas
1722 1619 1769 1637 nec
1782 1610 1879 1637 libera-

1085 1646 1145 1673 litas
1157 1656 1205 1674 nec
1215 1649 1326 1674 comitas
1337 1657 1396 1675 esse
1409 1653 1507 1683 potest,
1521 1657 1572 1675 non
1584 1648 1646 1683 plus
1657 1657 1737 1683 quam
1750 1648 1876 1677 amicitia,

1084 1685 1108 1710 si
1121 1685 1185 1711 haec
1197 1694 1249 1712 non
1260 1694 1308 1720 per
1318 1694 1347 1711 se
1357 1691 1530 1720 expetantur,
1546 1686 1594 1712 sed
1605 1686 1638 1712 ad
1651 1685 1814 1720 voluptatem
1826 1685 1879 1711 uti-

1085 1721 1220 1748 litatemve
1240 1722 1397 1749 referantur.
1437 1722 1614 1749 Conferamus
1634 1723 1717 1757 igitur
1737 1723 1764 1748 in
1783 1730 1876 1757 pauca.

1086 1760 1144 1785 ⁴⁴9.
1166 1760 1233 1786 Nam
1243 1764 1272 1786 ut
1285 1759 1427 1786 utilitatem
1444 1759 1546 1786 nullam
1561 1768 1620 1786 esse
1637 1759 1792 1790 docuimus,
1809 1767 1878 1794 quae

1084 1795 1215 1823 honestati
1227 1801 1297 1822 esset
1307 1797 1452 1823 contraria:
1465 1798 1504 1823 sic
1514 1805 1622 1823 omnem
1633 1796 1797 1831 voluptatem
1808 1796 1879 1822 dici-

1084 1841 1145 1859 mus
1158 1833 1289 1860 honestati
1301 1842 1359 1860 esse
1370 1835 1539 1860 contrariam.
1567 1834 1626 1866 Quo
1636 1834 1722 1869 magis
1734 1833 1879 1868 reprehen-

1083 1870 1186 1897 dendos
1201 1870 1387 1905 Calliphonem
1405 1876 1431 1897 et
1446 1871 1640 1897 Dinomachum
1657 1870 1760 1902 iudico.
1781 1872 1829 1906 qui
1849 1879 1878 1897 se

1083 1907 1264 1943 dirempturos
1275 1909 1483 1935 controversiam
1495 1913 1671 1943 putaverunt,
1687 1909 1710 1934 si
1721 1916 1783 1934 cum
1795 1908 1879 1934 hone-

1083 1949 1150 1971 state
1165 1945 1329 1980 voluptatem
1345 1950 1481 1981 tamquam
1498 1954 1560 1972 cum
1572 1945 1680 1972 bomine
1691 1945 1822 1980 pecudem
1833 1953 1878 1972 co—

1083 1981 1261 2016 putavissent.
1301 1983 1360 2009 Non
1372 1983 1467 2018 recipit
1477 1984 1556 2009 istam
1566 1983 1781 2009 coniunctionem
1795 1982 1878 2009 hone-

1083 2024 1150 2052 stas,
1167 2025 1338 2055 aspernatur,
1355 2020 1471 2055 repellit.
1511 2021 1566 2046 Nec
1581 2028 1644 2047 vero
1659 2020 1720 2046 finis
1735 2020 1875 2050 bonorum,

1085 2055 1120 2093 [et
1131 2056 1340 2093 malorum,]qui
1350 2057 1468 2092 simplex
1479 2065 1537 2084 esse
1549 2057 1637 2088 debet,
1650 2065 1684 2084 ex
1695 2056 1878 2083 dissimilibus

1083 2094 1164 2120 rebus
1179 2095 1287 2121 misceri
1302 2099 1327 2121 et
1343 2095 1486 2129 temperari
1500 2099 1595 2129 potest.
1638 2096 1694 2120 ⁴20.
1715 2094 1768 2121 Sed
1783 2094 1816 2120 de
1827 2094 1878 2120 hoc

1081 2132 1188 2167 (magna
1207 2132 1279 2158 enim
1300 2140 1343 2158 res
1362 2132 1412 2167 est)
1429 2131 1482 2158 alio
1503 2132 1560 2159 loco
1575 2131 1710 2166 pluribus.
1751 2132 1828 2158 Nunc
1843 2131 1876 2158 ad

1082 2169 1260 2204 propositum.
1300 2168 1534 2201 Quemadmodum
1550 2169 1646 2205 igitur,
1667 2169 1691 2194 si
1706 2168 1815 2203 quando
1835 2176 1874 2198 ea,

1081 2215 1150 2241 quae
1162 2206 1269 2232 videtur
1279 2206 1390 2236 utilitas,
1404 2206 1537 2233 honestati
1549 2210 1688 2242 repugnat,
1702 2205 1875 2232 diiudicanda

1082 2253 1124 2270 res
1139 2245 1188 2275 sit,
1205 2244 1271 2270 satis
1285 2248 1326 2270 est
1340 2253 1422 2279 supra
1436 2244 1613 2279 disputatum.
1653 2244 1699 2270 Sin
1714 2248 1803 2270 autem
1813 2251 1877 2278 spe-

1081 2281 1151 2307 ciem
1167 2280 1292 2308 utilitatis
1306 2282 1387 2308 etiam
1403 2281 1527 2316 voluptas
1543 2281 1641 2307 habere
1661 2280 1778 2312 dicetur,
1801 2279 1874 2306 nulla

1081 2323 1168 2353 potest
1176 2326 1235 2344 esse
1246 2319 1271 2344 ei
1281 2326 1343 2344 cum
1355 2318 1492 2345 honestate
1503 2319 1663 2345 coniunctio.
1698 2318 1774 2348 Nam,
1787 2322 1817 2344 ut
1828 2318 1876 2344 tri-

1081 2356 1198 2382 buamus
1208 2355 1312 2390 aliquid
1324 2355 1465 2390 voluptati.
1480 2356 1645 2382 oondImenti
1657 2355 1767 2382 fortasse
1778 2355 1875 2381 nonni-

1082 2392 1130 2423 hil,
1144 2393 1268 2420 utilitatis
1279 2397 1348 2419 certe
1361 2392 1429 2419 nihil
1440 2393 1560 2419 habebit.

1139 2431 1194 2456 ⁴2¹.
1217 2429 1304 2456 Habes
1317 2438 1332 2456 a
1348 2435 1422 2465 patre
1433 2439 1547 2460 munus,
1564 2430 1651 2456 Marce
1667 2428 1719 2459 titi,
1741 2436 1800 2454 mea
1810 2429 1874 2463 qui-

1080 2467 1141 2493 dem
1153 2468 1283 2493 sententia
1311 2475 1455 2503 maguum;
1469 2467 1517 2494 sed
1528 2466 1639 2502 perinde
1649 2466 1711 2496 erit,
1724 2470 1753 2491 ut
1764 2473 1875 2500 accepe-

1080 2505 1126 2530 ris.
1167 2504 1337 2539 Quamquam
1348 2504 1376 2530 hi
1388 2504 1439 2531 tibi
1449 2509 1503 2530 tres
1514 2504 1577 2530 libri
1590 2504 1660 2530 inter
1668 2503 1789 2537 Cratippi
1800 2511 1874 2529 com-

1079 2542 1238 2572 mentarios,
1255 2546 1392 2576 tamquam
1404 2541 1534 2576 hospites,
1544 2545 1622 2567 erunt
1635 2539 1796 2574 recipiendi;
1813 2539 1872 2569 sed,

1079 2583 1118 2608 ut,
1130 2579 1154 2605 si
1166 2579 1224 2613 ipse
1235 2579 1371 2605 venissem
1382 2578 1514 2608 Athenas,
1530 2577 1612 2612 (quod
1627 2576 1738 2612 quidem
1752 2581 1824 2603 esset
1833 2577 1874 2603 fa-

1078 2620 1161 2645 cturn.
1170 2616 1222 2642 uisi
1235 2624 1277 2642 me
1287 2624 1302 2642 e
1311 2615 1402 2642 medio
1411 2623 1492 2641 cursu
1502 2614 1572 2641 clara
1583 2623 1648 2641 voce
1658 2614 1742 2649 patria
1750 2622 1873 2640 revocas-

1078 2653 1144 2686 set.)
1154 2652 1300 2688 aliquando
1310 2661 1353 2679 me
1363 2660 1472 2687 quoque
1483 2651 1590 2678 audires
1598 2672 1604 2683 ,
1621 2652 1661 2678 sic
1668 2672 1674 2681 ,
1689 2652 1819 2686 quoniam
1829 2650 1873 2678 his
