1941 3052
219 127 266 151 ¹125
789 124 842 148 ¹02.
878 122 912 148 M.

221 197 309 230 ipsunt
326 204 376 221 uon
396 195 471 220 novi.
495 193 541 218 sed
558 191 638 218 audio
655 191 810 218 laudabilia.

221 233 316 259 titiam.
353 230 595 259 1·n›u=n··1w‹·‹·‹iit,
609 229 709 263 siquid
723 229 771 254 lior
783 228 815 254 nd
829 237 897 254 rem:
911 229 1011 264 εὐγενέ-

220 269 464 303 ille(111<t··⁴l.‹*llsstit‚
482 275 562 301 quam
575 271 657 300 pater.
699 267 792 291 (loram
807 267 900 299 igitur,
915 271 940 292 et
951 266 1013 300 qui-

219 307 280 332 ‹lein
298 313 429 340 propt-nso
443 305 532 329 animo
546 303 578 328 ad
591 303 769 337 probandum.
810 303 918 329 Accedit
929 304 1011 332 enim.

219 343 290 378 quod
304 348 418 376 patri-ui,
437 345 465 366 ut
476 341 545 366 scire
557 345 580 366 te
593 345 670 374 puto,
689 340 750 374 plus
761 340 855 370 etiam,
868 348 949 374 quam
962 349 1012 366 non

221 380 298 405 niodo
311 385 351 409 tu,
365 378 412 404 scd
423 386 505 412 quam
519 378 575 412 ipse
586 378 646 408 scit,
661 386 729 408 amo,
744 377 826 412 idque
836 381 861 404 et
873 377 976 408 merito,
989 382 1014 403 et

220 419 272 443 iam
283 416 340 442 diu.

275 484 348 504 ΧΧΙΙ.
378 487 408 507 (Ιιι
418 485 513 508 Arpinati,
523 486 602 503 (uu-rr
615 485 646 502 IV.
657 492 693 501 cn..
706 492 720 502 ι,
731 486 774 503 cun.
786 487 842 506 70⁴3.)

403 528 572 555 CICERO
602 527 768 555 ATTICO
799 527 827 553 S.

276 569 298 592 l.
313 562 356 592 I)e
369 567 492 596 Varrone,
507 574 557 592 non
569 566 628 592 sine
639 573 742 595 caussa,
756 564 823 599 quid
836 564 884 591 tibi
900 564 1010 599 placeat,

221 610 272 630 tuin
289 603 433 638 diligenter
448 603 571 638 exquiro.
612 604 762 629 Occurrunt
783 601 848 628 milii
870 602 1013 636 quaedam.

219 641 270 667 Sed
287 649 317 667 ca
333 649 431 667 coram.
472 641 508 666 To
526 645 615 666 autem
635 640 816 674 ἁσμενέσιαιιι
832 639 949 669 intexui,

219 680 343 713 ciamque
356 678 381 704 id
393 677 525 704 crebrius.
559 678 692 704 Proximis
703 677 775 703 enim
789 676 841 702 tuis
854 676 949 702 litteris
960 677 1016 711 pri-

221 724 304 746 mum,
319 720 342 742 tc
355 715 379 741 id
394 724 444 742 non
458 714 537 746 nolle,
550 715 674 749 cognovi.
720 715 745 740 2.
767 714 802 740 De
814 713 938 739 Marcello
949 714 1016 739 scri-

220 758 309 788 pserat
319 752 351 778 ad
364 761 406 778 me
417 753 527 779 Cassius
538 757 627 784 antem
645 752 677 778 τὰ
688 751 754 778 κατὰ
764 753 842 786 μέρος
852 751 972 777 ξέοι-νίας.
994 750 1016 777 O

221 799 276 817 rem
296 790 432 816 acerbum!
456 789 495 816 Ad
518 790 603 824 prima
625 789 713 815 redeo.
755 790 779 815 3.
802 788 904 823 Scripta
926 793 1014 814 nostra

221 836 354 863 nusquam
368 827 437 853 malo
451 835 523 857 esse,
541 835 622 861 quam
634 826 706 861 apud
721 831 758 854 te:
777 825 824 852 sed
836 834 865 851 ea
879 830 934 852 tum
947 825 1015 851 foras

219 865 287 895 (lari,
301 873 385 899 quum
398 865 504 898 utrique
516 869 636 890 nostrum
649 863 795 890 videbitur.
830 863 886 898 Ego
896 867 921 889 et
934 862 1016 889 libra-

220 903 273 928 rios
286 907 344 928 tuos
355 901 433 935 culpa
447 901 530 927 libero
545 910 631 936 neque
644 905 668 927 te
678 909 786 931 accuso;
805 906 829 927 et
842 906 929 927 tamen
941 899 1015 925 aliud

220 939 350 974 quiddam
362 938 394 964 ad
407 944 430 965 te
442 940 611 973 scripseram,
620 938 776 964 Caerelliam
789 937 920 973 quaedam
934 937 1016 963 liabe—

221 982 257 1007 re,
271 984 349 1010 quac,
365 977 416 1002 nisi
428 985 441 1002 a
454 981 486 1006 te,
501 985 551 1002 non
565 976 688 1010 potuerit.
719 975 802 1002 Balbo
812 974 923 1010 quidem
937 974 1016 1000 intel-

222 1013 338 1049 ligebam
350 1013 569 1040 satisfaciendum
583 1012 679 1040 fuisse:
699 1018 801 1039 tantum
815 1012 951 1042 nolebam,
970 1016 1015 1037 aut

219 1050 370 1077 obsoletum
382 1051 460 1077 Bruto
472 1055 517 1078 aut
527 1050 608 1076 Balbo
620 1050 774 1076 inchoatum
786 1050 854 1076 dari.
892 1049 1012 1077 Varroni.

219 1088 302 1115 simul
314 1096 344 1114 ac
355 1093 379 1114 te
395 1088 499 1118 videro,
516 1089 539 1114 si
556 1088 605 1114 tihi
621 1087 770 1117 videbitur.
790 1088 903 1114 mittam.

219 1130 309 1152 autem
321 1125 477 1155 dubitarim,
490 1134 575 1160 quum
588 1124 679 1151 videro
689 1130 722 1155 te,
735 1125 815 1151 scies.
847 1125 871 1150 1i.
893 1123 1016 1150 Attribu-

221 1168 259 1190 tos
271 1162 343 1197 quod
355 1162 483 1197 appellas,
498 1162 575 1188 valde
588 1162 680 1196 probe.
718 1162 754 1187 Te
768 1161 801 1188 de
813 1161 922 1196 praedio
932 1161 1015 1187 Oviae

219 1200 348 1230 exerceri,
363 1199 472 1226 moleste
485 1199 549 1226 fero.
576 1200 611 1225 De
623 1200 702 1226 Bruto
714 1204 811 1229 nostro.
826 1198 1012 1233 perodiosum:

219 1237 267 1264 sed
280 1238 333 1263 vita
347 1236 403 1263 sert.
433 1236 559 1263 Mulieres
570 1241 659 1263 autem
671 1237 718 1262 vix
729 1237 794 1262 satis
805 1236 932 1266 humane,
946 1243 1015 1270 quae

220 1275 331 1301 inimico
345 1275 434 1300 animo
456 1273 553 1304 serant,
575 1282 661 1308 quum
677 1278 791 1308 utraque
810 1273 899 1300 officio
913 1277 1013 1307 pareat.

219 1311 339 1338 Tullium
352 1311 482 1342 scribam,
501 1310 567 1336 nihil
584 1310 647 1341 fuit,
664 1311 736 1345 quod
747 1310 907 1345 appellares.
949 1310 1016 1335 Nam

219 1349 269 1376 tibi
281 1348 460 1379 mandassem,
474 1349 497 1374 si
510 1347 614 1374 fuisset.
650 1348 723 1374 Nihil
736 1349 808 1374 enim
820 1353 860 1374 est
870 1347 940 1382 apud
952 1355 1015 1373 cum

220 1386 337 1421 positum
359 1386 467 1412 nomine
488 1385 556 1412 voti:
579 1384 627 1411 sed
648 1390 688 1412 est
703 1385 834 1420 quiddam
849 1385 921 1420 apud
937 1384 1015 1410 illum

218 1432 320 1449 meum.
362 1423 390 1449 Id
405 1431 454 1458 ego
469 1423 497 1448 in
510 1422 578 1449 hanc
591 1430 647 1448 rem
659 1423 739 1449 statui
753 1422 882 1449 conferre.

218 1466 245 1487 et
255 1469 304 1496 ego
316 1465 385 1486 recte
397 1460 447 1486 tibi
457 1459 525 1490 dixi,
542 1459 591 1486 ubi
602 1464 685 1486 esset:
698 1465 724 1486 et
735 1460 785 1486 tibi
796 1459 841 1486 ille
853 1464 922 1486 recte
933 1467 1016 1494 nega-

218 1498 267 1524 vit.
292 1497 344 1524 Sed
357 1497 405 1524 hoc
416 1505 524 1532 quoque
536 1498 626 1532 ipsum
638 1497 765 1523 continuo
776 1497 939 1524 adoriamur.
961 1497 1016 1522 Lu-

218 1543 281 1561 cum
298 1534 454 1561 hominibus
471 1543 523 1561 non
538 1543 602 1561 sane
619 1534 715 1569 probo,
732 1534 805 1569 quod
819 1539 859 1561 est
870 1533 1012 1560 desertior:

219 1572 266 1598 sed
279 1572 358 1598 habet
370 1571 501 1608 εὐλογίαν.
542 1572 642 1598 Verum
656 1571 706 1598 hoc
721 1580 843 1607 quoque,
861 1576 891 1598 ut
901 1579 1017 1597 censue-

219 1610 270 1642 ris;
284 1610 385 1644 quippe
397 1610 445 1644 qui
455 1609 556 1636 omnia.
596 1609 661 1644 Ego,
675 1610 852 1639 utconstitui‚
865 1608 959 1635 adero:
975 1613 1016 1634 at-

218 1655 272 1681 que
284 1647 386 1673 utinam
399 1651 426 1673 tu
438 1654 547 1681 quoque
558 1646 652 1673 eodem
664 1646 720 1672 die!
743 1646 790 1672 Sin
806 1645 873 1681 quid
882 1661 920 1665 —
931 1645 1015 1671 multa

219 1684 434 1718 enim—utique
441 1683 581 1718 postridie.
598 1684 704 1710 Etenim
715 1683 875 1710 coheredes:
888 1692 901 1709 a
909 1683 1016 1718 quissi—

219 1726 287 1747 nete
297 1721 424 1755 opprimi,
437 1720 539 1747 malitia
550 1725 600 1747 est.
624 1722 649 1747 5.
665 1720 763 1747 Alteris
774 1721 828 1747 iam
840 1720 935 1747 litteris
946 1718 1014 1746 nihil

219 1758 252 1784 ad
264 1766 306 1784 me
317 1758 349 1784 de
361 1758 457 1785 Attica.
497 1757 549 1784 Sed
563 1757 593 1784 id
602 1757 714 1793 quidem
726 1759 754 1784 in
764 1758 865 1792 optima
876 1766 924 1793 spe
933 1765 1013 1792 pono.

219 1795 289 1822 Illud
305 1803 415 1826 accuso,
433 1803 485 1821 non
502 1799 539 1826 te,
557 1795 605 1821 sed
623 1794 697 1821 illam
713 1803 747 1821 ne
760 1795 875 1821 salutem
890 1794 1013 1830 quidem.

220 1834 252 1859 Αι
266 1838 294 1858 ιιι
311 1837 337 1859 et
350 1832 391 1859 illi
403 1837 428 1858 et
439 1832 521 1858 Piliae
533 1832 692 1867 plurimam:
710 1840 760 1858 nec
774 1840 817 1858 me
832 1837 921 1858 tamen
935 1831 1015 1859 irasci

219 1869 358 1896 indicaris.
397 1869 544 1904 Epistolam
566 1869 687 1896 Caesaris
707 1869 784 1900 misi,
811 1869 835 1895 si
859 1870 951 1896 minus
977 1869 1016 1895 le-

219 1914 314 1942 gisses.

274 1992 359 2012 XXIII.
388 1994 418 2015 (In
428 1994 524 2017 Aipinnti,
535 1994 613 2012 Cat-sure
625 1994 654 2011 tv.
665 2000 702 2011 cos.
712 2000 725 2011 ⁵⁴
737 1993 780 2012 coll.
791 1994 846 2013 709.)

406 2045 573 2072 CICERO
602 2044 770 2072 ATTICO
799 2045 826 2072 S.

277 2093 300 2117 t.
321 2085 555 2117 Antemeridianis
571 2091 625 2117 tuis
641 2090 735 2117 litteris
747 2090 805 2117 heri
815 2091 906 2117 statim
918 2091 1014 2117 rescri-

220 2129 276 2162 psi:
305 2136 376 2154 nunc
401 2127 550 2162 respondeo
574 2128 746 2163 vespertinis.
786 2128 884 2155 Brutus
905 2128 1013 2154 mallem

220 2173 262 2191 me
277 2170 432 2192 arcesseret.
473 2166 539 2191 Nam
556 2170 582 2192 et
596 2166 711 2200 aequius
726 2170 794 2196 erat,
813 2174 898 2200 quum
914 2165 954 2192 illi
965 2166 1015 2192 iter

220 2204 330 2230 instaret
350 2207 375 2229 et
395 2202 516 2229 subitum
532 2207 558 2229 et
573 2202 697 2238 longum:
720 2207 746 2229 et
760 2202 914 2229 mehercule
930 2212 1011 2234 nunc,

219 2248 304 2275 quum
320 2240 354 2266 ita
369 2240 456 2266 simus
471 2239 570 2270 affecti,
588 2245 617 2266 ut
631 2249 683 2266 non
694 2241 832 2274 possimus
841 2240 920 2275 plane
931 2240 1013 2266 simul

220 2278 325 2308 vivere,
342 2277 482 2313 (intelligis
493 2278 565 2303 enim
577 2277 708 2312 profecto,
726 2278 754 2303 in
770 2286 824 2312 quo
837 2278 955 2304 maxime
965 2286 1015 2312 po-

220 2315 270 2340 sita
283 2315 318 2341 sit
329 2314 489 2350 συμβίωσις,)
505 2313 582 2340 facile
597 2314 731 2349 patiebar,
750 2323 798 2341 uos
812 2315 902 2349 potius
914 2315 1014 2341 Romae

220 2360 271 2377 una
283 2360 351 2382 esse,
364 2360 446 2386 quam
457 2352 485 2378 in
496 2351 657 2378 Tusculano.
691 2353 716 2378 2.
738 2351 812 2378 Libri
823 2351 857 2378 ad
867 2352 1013 2379 Varronem

219 2397 271 2414 non
286 2389 468 2415 morabantur.
507 2389 575 2415 Sunt
589 2390 662 2415 enim
672 2388 771 2419 effecti,
789 2393 819 2415 ut
828 2389 937 2416 vidisti:
955 2394 1014 2416 tan—

219 2430 276 2451 tum
292 2426 462 2452 librariorum
477 2425 574 2452 menda
589 2425 729 2452 tolluntur.

218 2463 272 2488 scis
284 2471 326 2488 me
337 2463 490 2489 dubitasse:
513 2463 561 2489 sed
572 2467 600 2489 tu
611 2462 723 2489 videris.
763 2464 841 2494 Item,
855 2472 923 2498 quos
933 2464 1013 2490 Bruto

219 2499 365 2530 mittimus,
380 2501 407 2526 in
418 2500 544 2526 manibus
556 2500 656 2526 habent
667 2499 780 2526 librarii.
821 2502 846 2526 3.
868 2501 926 2527 Mea
935 2509 1013 2527 man-

219 2535 293 2566 data,
311 2541 340 2562 ut
354 2537 464 2567 scribis,
483 2537 601 2572 explica:
619 2545 785 2572 quamquam
800 2538 849 2563 ista
866 2538 1012 2564 retentione

219 2580 312 2598 omnes
324 2573 360 2598 ait
369 2574 568 2600 utiTrebatius:
581 2573 650 2609 quid
660 2578 689 2600 tu
700 2574 765 2600 istos
775 2574 873 2608 putas‘?
883 2575 958 2601 Nosti
964 2575 1014 2601 do-

220 2617 305 2634 mum.
345 2608 430 2641 Quare
455 2611 555 2637 confice
579 2610 729 2647 efmyniymg.
771 2611 933 2638 Incredibile
961 2616 1010 2643 est,

220 2653 302 2680 quam
317 2654 366 2682 ego
382 2647 431 2673 ista
446 2656 497 2674 non
512 2646 614 2675 curem.
654 2647 735 2674 Omni
750 2647 800 2675 tibi
815 2649 1012 2676 asseveratione

769 2426 805 2451 De
817 2426 920 2460 quibus
935 2426 1013 2452 libris

943 1085 1016 1118 Quid
1036 1109 1038 1115 ,

923 1422 1015 1456 Itaque
1036 1442 1039 1466 ι

853 192 888 218 De
904 191 994 217 Serota
1001 191 1014 216 ἰ)
1041 196 1042 200 ’

1035 303 1043 327 ¹.
1067 303 1177 333 babere,
1195 304 1242 337 qui
1261 308 1327 329 utar.

1036 357 1037 361 ,
1042 341 1044 358 l

1042 402 1045 414 l

1036 595 1038 602 ι

977 638 1016 664 sa·
1036 647 1045 654 ‘¹

1036 663 1038 676 ⁴
1044 669 1045 674 ι

1036 677 1046 783 'l

1037 788 1046 840 ι

1037 847 1038 850 ’
1044 843 1046 856 l

1044 858 1045 871 l

947 122 976 148 Τ.
1008 122 1282 148 cisti-:noxis

1064 192 1181 221 assirruo,
1198 192 1270 227 quod
1284 192 1349 218 milii
1361 193 1454 218 credas
1471 194 1566 222 velim,
1584 194 1651 220 milii
1667 195 1759 219 rumori
1774 194 1857 220 ‹erien-

1066 230 1132 254 sioni
1146 237 1217 257 esse,
1235 238 1316 264 quani
1328 229 1510 259 delectationi.
1529 231 1761 265 {mm-munaum„
1774 240 1856 256 nimis.

1066 267 1150 299 Magis
1161 267 1232 292 enini
1245 266 1334 296 doleo,
1351 275 1456 293 menon
1469 268 1577 293 lmlwrv.
1591 269 1634 293 vui
1647 268 1761 295 tradam.
1775 277 1856 302 ‘iiiam

1368 304 1453 338 Atque
1471 304 1537 330 illud
1549 305 1689 331 ‘ri-etmihi«.
1706 314 1734 330 ae
1751 305 1798 331 ιιΙιι
1815 305 1857 330 ‹li-

1068 341 1138 366 xisse
1150 340 1282 366 narrabat.
1323 340 1361 366 Tu
1373 346 1460 366 autem
1475 342 1574 367 veritus
1585 351 1614 367 es
1626 342 1748 370 sortasse,
1766 351 1797 368 ne
1809 350 1859 375 ego

1068 378 1168 403 invitus
1180 377 1311 403 audirem.
1354 378 1414 404 Fuit
1429 378 1453 403 id
1466 378 1576 412 quidem
1590 379 1776 406 humanitatis:
1799 378 1856 408 sed.

1067 414 1134 440 milii
1145 414 1232 444 erede,
1248 415 1299 440 iam
1314 415 1362 440 ista
1376 424 1427 441 non
1439 423 1512 441 euro.
1553 415 1639 447 Quare

1140 466 1176 471 —
1187 466 1223 471 —
1236 454 1270 477 du
1285 456 1307 477 ea
1321 454 1347 477 ιἰι
1360 460 1510 480 sermmwm,
1522 456 1545 478 et
1556 461 1668 485 per-neca.

1140 493 1162 515 ct
1173 491 1274 521 confice,
1286 492 1380 519 ezcilti,
1395 491 1524 522 compella,
1537 491 1645 523 loquere,
1658 504 1693 509 —-—
1704 505 1739 509 —
1751 505 1784 509 —

1068 530 1095 551 ιιι
1107 530 1130 551 te
1145 534 1207 551 cuni
1226 525 1270 551 illo
1281 526 1379 551 Scaeva
1392 526 1464 561 loqui
1477 531 1563 560 putee.
1605 527 1642 552 Ne
1653 527 1791 553 existimes
1803 535 1856 554 eos.

1067 563 1114 597 qui
1127 571 1177 589 non
1190 562 1279 589 debita
1292 564 1437 589 consectari
1449 563 1563 594 soleant,
1579 563 1650 598 quod
1663 563 1804 593 debeatur,
1818 573 1859 589 re·

1068 601 1208 627 missuros.
1249 600 1284 626 De
1299 600 1344 626 die
1360 605 1462 627 tantum
1479 600 1582 631 videto.
1602 605 1627 627 et
1644 600 1669 627 id
1687 602 1776 635 ipsum
1791 600 1860 627 bono

1068 637 1156 663 modo.

1120 723 1206 744 XXIV.
1236 726 1264 746 (tn
1275 725 1370 748 Arpini-ii,
1381 726 1459 743 (Ἃτιιιε
1470 726 1501 743 tv.
1513 733 1548 742 im.
1560 732 1574 742 ι.
1585 726 1627 743 coll.
1639 727 1692 745 70¹2.)

1252 768 1419 795 CICERO
1449 768 1617 795 ATTICO
1645 768 1672 794 S.

1123 810 1200 846 Quid
1212 819 1260 845 est,
1273 814 1531 849 quodllermogenes
1544 813 1611 840 mihi
1623 813 1742 843 Clodius,
1756 813 1860 840 Andro-

1068 860 1173 878 menem
1189 852 1242 878 sibi
1258 852 1374 880 dixisse,
1393 860 1422 878 se
1433 852 1587 878 Ciceronem
1601 851 1701 877 vidisse
1713 850 1861 886 Corcyrae?

1067 889 1123 924 Ego
1137 890 1209 915 enim
1225 889 1315 915 audita
1333 889 1381 915 tibi
1397 893 1529 923 putaram.
1570 887 1612 914 Nil
1625 889 1707 923 igitur
1718 896 1750 914 ne
1761 889 1786 914 ei
1797 888 1860 923 qui-

1044 935 1045 939 *
1067 926 1127 952 dem
1141 926 1306 953 litterarum?
1322 928 1360 952 An
1373 935 1424 952 non
1437 925 1522 952 vidit?
1538 925 1629 951 Facies
1640 934 1711 958 ergo,
1725 930 1753 951 ut
1763 926 1857 951 sciam.

1044 1010 1045 1019 ι
1068 1012 1110 1035 ραι
1121 1006 1184 1027 sunt
1196 1001 1222 1027 in
1239 1006 1282 1027 tua
1299 1005 1436 1035 potestate.

1036 1361 1039 1438 Ι

1036 1468 1039 1580 ἱ

1066 963 1138 996 Quid
1150 964 1199 990 tibi
1211 972 1261 999 ego
1270 963 1303 989 de
1316 964 1428 989 Varrone
1441 962 1605 989 rescribam?
1623 958 1753 994 Quattuor
1763 962 1859 995 διφθέ-

1476 1000 1552 1032 Quod
1563 1000 1664 1035 egeris.
1687 999 1713 1026 id
1731 999 1859 1034 probabo.

1516 1037 1587 1069 Quid
1608 1036 1699 1063 enim?
1717 1036 1783 1063 Sed.
1808 1037 1860 1070 ipsi

1068 1038 1122 1064 Nec
1138 1043 1224 1064 lamen
1242 1038 1361 1073 αἰδέομαι
1380 1040 1478 1073 Τρῶας.

1729 1073 1781 1100 Sed
1792 1082 1861 1108 quo-

1067 1084 1148 1110 quam
1165 1084 1206 1101 res
1223 1075 1266 1101 illa
1283 1075 1452 1109 probaretur,
1471 1075 1558 1110 magis
1569 1074 1690 1100 verebar.

1067 1113 1138 1139 niam
1152 1118 1179 1139 tu
1191 1113 1322 1147 suscipis;
1337 1113 1364 1139 in
1376 1111 1485 1138 alteram
1497 1119 1598 1138 aurem.

1120 1190 1195 1210 XXV.
1223 1192 1254 1213 (In
1263 1191 1358 1215 Arpinati,
1369 1191 1447 1209 Caesare
1459 1191 1490 1208 iv.
1500 1197 1537 1207 (ω.
1548 1198 1561 1207 ι.
1572 1190 1616 1208 <le-
1628 1191 1682 1210 709.)

1251 1233 1418 1261 CICERO
1447 1232 1616 1260 ATTICO
1649 1232 1677 1260 S.

1125 1273 1147 1297 l.
1161 1267 1206 1298 De
1227 1271 1372 1298 retentione
1393 1272 1519 1306 rescripsi
1535 1270 1568 1297 ad
1584 1275 1643 1297 tuas
1658 1273 1780 1297 accurate
1794 1270 1862 1296 scri-

1067 1313 1125 1343 ptas
1138 1308 1247 1335 litteras.
1270 1308 1400 1335 Conticies
1412 1309 1503 1345 igitur,
1517 1307 1662 1343 etquidem
1674 1308 1732 1334 sine
1744 1306 1797 1333 ulla
1809 1306 1861 1333 du—

1068 1347 1195 1373 bitatione
1206 1351 1251 1372 aut
1262 1346 1454 1373 retractatione.
1477 1346 1530 1372 lloc
1540 1345 1597 1371 fieri
1607 1350 1632 1371 et
1642 1348 1744 1380 oportet
1757 1349 1782 1371 et
1792 1352 1861 1379 opus

1066 1388 1116 1410 est.
1147 1384 1183 1409 De
1194 1383 1373 1414 Andromene,
1386 1388 1415 1410 ut
1425 1383 1532 1413 scribis,
1546 1383 1580 1409 ita
1592 1387 1724 1417 putaram.
1757 1382 1861 1408 Scisses

1067 1421 1140 1447 enim
1164 1421 1287 1456 miliique
1309 1420 1438 1447 dixisses.
1477 1422 1502 1447 2.
1524 1420 1563 1446 Tu
1583 1425 1672 1446 tamen
1688 1419 1724 1445 ita
1739 1418 1807 1445 mihi
1827 1418 1861 1444 de

1066 1458 1146 1484 Bruto
1156 1458 1263 1489 scribis,
1277 1462 1306 1484 ut
1316 1458 1349 1484 de
1360 1463 1384 1484 te
1396 1457 1474 1484 nihil.
1498 1456 1611 1490 Quando
1621 1461 1710 1483 autem
1721 1455 1798 1482 illum
1809 1463 1862 1490 pu-

1066 1494 1124 1522 tas‘?
1144 1496 1211 1521 Nam
1226 1504 1276 1531 ego
1289 1496 1400 1522 Romam
1419 1494 1507 1530 pridie
1523 1494 1596 1521 Idus.
1636 1495 1673 1520 Ita
1692 1493 1766 1520 volui
1781 1493 1861 1519 Bruto

1066 1532 1194 1563 scribere,
1202 1532 1259 1568 (sed
1270 1533 1398 1568 quoniam
1411 1537 1438 1559 tu
1449 1537 1474 1559 te
1486 1532 1584 1567 legisse
1595 1531 1701 1562 scribis,
1715 1530 1754 1557 fui
1767 1530 1862 1557 sortas-

1066 1579 1094 1596 se
1107 1569 1310 1605 ἀσαφὲσ-ιερος,)
1324 1578 1366 1596 me
1379 1578 1414 1596 ex
1425 1570 1479 1596 tuis
1491 1569 1586 1596 litteris
1597 1567 1777 1598 intellexisse,
1790 1566 1861 1594 nolle

1066 1615 1128 1633 eum
1145 1615 1187 1633 me
1202 1608 1280 1642 quasi
1296 1606 1479 1642 prosequendi
1493 1607 1538 1633 sui
1552 1614 1647 1633 caussa
1662 1606 1773 1632 Romam
1788 1612 1861 1630 nunc

1067 1645 1170 1670 venire.
1209 1644 1262 1670 Sed
1277 1645 1404 1680 quoniam
1420 1645 1473 1671 iam
1484 1643 1560 1670 adest
1571 1651 1647 1669 meus
1657 1642 1803 1672 adventus,
1820 1640 1861 1667 sac

1066 1689 1180 1716 quaeso,
1194 1689 1226 1708 ne
1237 1681 1305 1716 quid
1316 1690 1379 1708 eum
1391 1681 1454 1707 Idus
1466 1680 1627 1716 impediant,
1641 1687 1696 1714 quo
1709 1679 1800 1705 minus
1811 1686 1861 1704 suo

1066 1718 1206 1745 commodo
1222 1719 1250 1745 in
1265 1718 1418 1745 Tusculano
1438 1718 1482 1745 sit.
1523 1718 1577 1744 Nec
1596 1717 1669 1743 enim
1684 1715 1718 1742 ad
1739 1714 1859 1742 tabulam

1066 1764 1129 1782 eum
1140 1755 1342 1782 desideraturus
1352 1764 1435 1782 eram.
1475 1755 1504 1781 In
1515 1754 1561 1781 tali
1572 1755 1644 1781 enim
1657 1754 1762 1789 negotio
1773 1761 1821 1779 cur
1831 1757 1860 1779 tu

1067 1801 1138 1819 unus
1158 1801 1210 1819 non
1230 1793 1296 1819 satis
1316 1792 1364 1819 es?
1382 1792 1434 1819 Sed
1454 1792 1488 1818 ad
1511 1796 1699 1819 testamentum
1719 1790 1857 1816 volebam:

1066 1830 1138 1865 quod
1153 1831 1208 1856 iam
1223 1829 1293 1856 malo
1307 1829 1360 1856 alio
1373 1829 1430 1856 die:
1451 1838 1484 1855 ne
1497 1829 1532 1855 ob
1545 1837 1604 1855 eam
1614 1836 1738 1855 caussam
1749 1828 1860 1854 Romam

1066 1868 1174 1893 venisse
1185 1867 1287 1893 videar.
1327 1867 1431 1902 Scripsi
1442 1867 1526 1903 igitur
1536 1866 1569 1893 ad
1580 1866 1701 1896 Brutum,
1717 1865 1771 1891 iam
1782 1863 1860 1896 illud,

1065 1904 1138 1939 quod
1149 1909 1296 1939 putassem,
1313 1904 1381 1931 idib.
1394 1904 1463 1931 nihil
1473 1912 1543 1939 opus
1553 1911 1622 1929 esse.
1647 1902 1736 1929 Velim
1746 1910 1810 1937 ergo
1820 1905 1860 1928 to-

1066 1946 1123 1968 tum
1139 1942 1190 1968 hoc
1204 1943 1239 1968 ita
1253 1941 1403 1977 gubernes,
1421 1946 1451 1967 ut
1465 1950 1498 1967 ne
1513 1941 1626 1967 minima
1641 1939 1752 1975 quidem
1767 1947 1794 1965 re
1805 1937 1859 1965 ulla

1065 1979 1138 2005 Bruti
1149 1979 1321 2006 commodum
1333 1978 1522 2014 impediamus.
1562 1980 1587 2004 3.
1609 1977 1662 2004 Sed
1673 1976 1740 2012 quid
1751 1981 1791 2003 est
1802 1980 1861 2002 tan—

1065 2016 1137 2047 dem,
1151 2016 1223 2051 quod
1238 2016 1434 2051 perhorrescas,
1447 2016 1511 2051 quia
1522 2020 1567 2042 tuo
1576 2013 1696 2050 periculo
1708 2014 1816 2040 iubeam
1827 2012 1860 2038 li-

1066 2053 1128 2080 bros
1139 2053 1198 2080 dari
1209 2053 1338 2081 Varroni?
1347 2053 1435 2080 Etiam
1446 2061 1518 2079 nunc
1528 2053 1552 2079 si
1563 2052 1672 2078 dubitas
1680 2072 1686 2082 ,
1700 2050 1741 2077 fac
1752 2055 1780 2077 ut
1790 2050 1860 2076 scia-

1067 2100 1137 2117 mus.
1178 2090 1252 2117 Nihil
1268 2095 1310 2117 est
1323 2091 1396 2117 enim
1415 2089 1470 2116 illis
1485 2089 1645 2126 elegantius.
1685 2088 1750 2115 Volo
1764 2088 1860 2114 Varro-

1066 2137 1138 2159 nem,
1151 2129 1309 2163 praesertim
1319 2136 1406 2163 quum
1417 2127 1463 2154 ille
1473 2127 1620 2154 desideret:
1634 2125 1682 2153 sed
1692 2130 1741 2156 est,
1754 2129 1783 2151 ut
1793 2124 1856 2155 scis,

1122 2165 1206 2196 δεινὸς
1215 2164 1294 2201 ἀνήρ·
1310 2165 1378 2199 τάχα
1389 2176 1432 2192 κεν
1443 2165 1486 2191 καὶ
1497 2164 1613 2192 ἀναίτιον
1624 2162 1751 2198 αἰτιόῳτο.

1066 2204 1102 2229 Ita
1114 2202 1182 2229 mihi
1193 2211 1272 2237 saepe
1283 2203 1399 2229 occurrit
1409 2201 1501 2228 vultus
1511 2202 1583 2232 eius,
1599 2200 1737 2236 querentis
1748 2198 1859 2225 fortasse

1065 2239 1108 2266 vel
1124 2239 1188 2271 hoc,
1206 2248 1279 2266 meas
1294 2244 1383 2274 partes
1398 2240 1426 2266 in
1441 2239 1476 2265 iis
1491 2238 1568 2265 libris
1583 2237 1719 2272 copiosius
1733 2235 1858 2262 defensas

1065 2285 1133 2308 esse,
1146 2285 1228 2312 quam
1239 2285 1316 2309 suas,
1329 2276 1401 2312 quod
1413 2275 1566 2303 mehercule
1576 2283 1628 2302 non
1642 2282 1701 2301 esse
1712 2272 1856 2308 intelliges,

1065 2314 1206 2349 siquando
1221 2315 1249 2340 in
1265 2314 1378 2349 Epirum
1394 2314 1511 2340 veneris.
1551 2313 1618 2339 Nam
1633 2319 1704 2338 nunc
1718 2309 1858 2336 Alexionis

1065 2351 1187 2386 epistolis
1201 2351 1334 2378 cedimus.
1375 2351 1427 2377 Sed
1440 2356 1530 2377 tamen
1545 2358 1595 2385 ego
1609 2357 1661 2375 non
1672 2347 1786 2382 despero
1796 2355 1858 2381 pro-

1064 2389 1157 2415 batum
1169 2389 1203 2414 iri
1214 2389 1337 2421 Varroni3
1351 2393 1377 2414 et
1388 2388 1428 2418 id,
1441 2388 1569 2423 quoniam
1580 2387 1730 2420 impensam
1742 2384 1858 2411 fecimus

1065 2427 1092 2452 in
1108 2425 1279 2456 macrocolla,
1298 2425 1376 2452 facile
1391 2425 1478 2460 patior
1487 2424 1582 2451 teneri.
1622 2422 1675 2449 Sed
1686 2422 1766 2448 etiam
1777 2426 1858 2456 atque

1064 2464 1145 2489 etiam
1156 2462 1226 2493 dico,
1240 2467 1284 2489 tuo
1295 2462 1415 2497 periculo
1426 2462 1480 2488 fiet.
1512 2460 1608 2493 Quare,
1621 2460 1645 2485 si
1656 2458 1810 2489 addubitas,
1823 2458 1857 2484 ad

1062 2501 1175 2527 Brutum
1186 2504 1363 2526 transeamus.
1393 2499 1441 2525 Est
1450 2498 1522 2525 enim
1532 2497 1556 2523 is
1566 2504 1674 2531 quoque
1685 2495 1856 2522 Antiochius.

1063 2537 1085 2563 Ο
1099 2536 1271 2563 Academiam
1287 2536 1429 2563 volaticam
1443 2540 1471 2562 et
1483 2534 1528 2561 sui
1544 2532 1676 2564 similem,
1698 2533 1778 2559 modo
1792 2532 1855 2563 huc,

1064 2574 1143 2600 modo
1154 2573 1232 2600 illuc!
1255 2573 1321 2605 Sed,
1337 2581 1450 2608 quaeso,
1466 2570 1578 2606 epistola
1595 2578 1654 2596 mea
1667 2569 1701 2596 ad
1711 2570 1858 2596 Varronem

1064 2611 1177 2638 valdene
1188 2611 1238 2637 tibi
1249 2610 1368 2645 placuit?
1377 2609 1446 2636 Male
1456 2608 1524 2635 mihi
1534 2608 1582 2638 sit,
1598 2608 1623 2633 si
1633 2615 1765 2642 umquam
1774 2605 1859 2641 quid-

1062 2657 1145 2683 quam
1157 2653 1211 2675 tam
1223 2649 1318 2675 enitar.
1354 2646 1456 2682 Ἔργον.
1494 2645 1528 2672 At
1537 2653 1588 2681 ego
1597 2652 1632 2671 ne
1642 2645 1733 2671 Tironi
1743 2643 1856 2679 (widem
