1941 3052
423 120 476 146 DE
511 118 744 146 ORATORE

23 198 47 221 et
60 192 187 223 iudicant,
207 196 233 218 et
251 200 298 218 nos
312 191 456 218 contrarias
470 199 549 226 saepe
557 196 672 217 'caussas
685 190 811 221 dicimus,

23 240 73 258 non
91 230 169 257 modo
186 234 216 256 ut
230 229 341 256 Crassus
359 233 449 255 contra
467 237 510 255 me
528 228 599 254 dieat
611 228 755 263 aliquando
769 232 814 253 aut

22 277 69 305 ego
86 272 175 295 contra
194 267 329 298 Crassum,
349 275 436 301 quum
454 265 573 292 alterutri
595 274 703 292 necesse
716 266 751 291 sit
765 264 815 291 fal-

22 315 81 333 sum
95 305 196 337 dicere;
216 304 263 330 sed
277 305 356 330 etiam
370 308 399 330 ut
413 308 526 338 uterque
540 307 660 329 nostrum
674 302 767 329 eadem
781 302 814 328 de

22 351 49 370 re
66 342 131 369 alias
150 341 223 368 aliud
242 341 375 372 defendat,
396 350 481 376 quum
499 340 561 375 plus
580 349 634 367 uno
648 349 742 366 verum
756 348 814 366 esse

22 389 73 408 non
87 379 179 415 possit.
209 379 242 405 Ut
257 379 340 414 igitur
354 379 380 405 in
395 378 527 404 eiusmodi
541 387 577 409 re,
594 386 663 413 quae
677 377 815 403 mendacio

22 419 82 444 nixa
95 417 137 447 sit,
151 425 219 451 quae
233 416 266 442 ad
279 417 417 442 scientiam
432 425 484 442 non
498 424 576 450 saepe
590 415 734 450 perveniat,
746 422 814 449 quae
835 428 837 452 ξ

21 455 158 490 opiniones
180 454 321 480 hominum
343 457 369 479 et
386 461 464 488 saepe
482 461 583 479 errores
602 456 758 487 aucupetur,
778 452 814 478 ita

22 492 116 523 dicam,
133 492 155 517 si
169 500 293 517 caussam
307 492 407 526 putatis
421 499 488 522 esse,
504 499 552 516 cur
565 490 690 516 audiatis.

75 530 141 556 VIII.
162 530 203 555 31.
223 529 276 555 Nos
294 537 356 554 vero
374 532 400 554 et
417 528 494 555 valde
511 527 631 562 quidem,
647 525 758 553 Catulus
772 527 815 552 in-

21 568 87 603 quit,
117 571 243 601 putamus
270 570 349 600 atque
375 574 405 591 eo
431 565 525 600 magis,
554 563 626 598 quod
649 563 723 589 nulla
746 563 813 589 mihi

21 604 193 632 ostentatione
218 603 317 630 videris
339 611 399 629 esse
422 610 532 628 usurus.
566 602 685 627 Exorsus
700 609 727 627 es
742 601 813 627 enim

21 650 72 668 non
89 641 213 677 gloriose,
235 641 328 676 magis,
350 644 379 666 ut
393 643 421 665 tu
436 643 522 674 putas,
539 647 553 665 a
568 639 686 669 veritate,
703 647 785 673 quam
800 647 814 663 a

21 679 110 706 nescio
132 687 186 712 qua
209 678 346 713 dignitate.
382 678 422 703 32.
447 677 479 703 Ut
496 677 580 712 igitur
598 675 630 702 de
645 676 703 710 ipso
717 684 814 711 genere

21 725 81 743 sum
94 715 242 746 confessus,
259 715 347 749 inquit
359 713 500 745 Antonius,
521 718 603 740 artem
618 721 676 739 esse
691 722 742 739 non
758 722 815 738 ma-

21 754 133 785 ximam3
156 753 194 778 sic
211 751 280 778 illud
299 751 410 783 affirmo,
431 755 570 786 praecepta
589 759 667 785 posse
681 750 813 785 quaedam
835 758 836 777 i

21 790 76 818 dari
97 794 222 825 peracuta
245 789 278 815 ad
300 788 498 824 pertractandos
517 789 619 814 animos
634 788 775 814 hominum
789 792 814 814 et

21 827 54 855 ad
74 827 243 862 excipiendas
265 835 357 853 eorum
376 825 536 853 voluntates.
570 826 656 852 Huius
675 826 712 851 rei
727 825 815 851 scien-

21 866 83 892 tiam
101 865 124 891 si
137 865 199 900 quis
213 863 284 891 volet
303 872 428 900 magnam
448 863 593 898 quamdam
607 867 689 889 artem
704 871 762 889 esse
772 862 814 888 di-

21 911 85 934 cere,
102 911 154 929 non
168 901 333 938 repugnabo.
359 901 464 927 Etenim
479 909 564 936 quum
579 900 701 935 plerique
715 905 813 926 temere

21 949 50 967 ac
66 939 140 966 nulla
158 940 257 966 ratione
275 947 384 965 caussas
403 939 430 964 in
445 938 501 965 foro
514 938 611 969 dicant,
629 937 751 964 nonnulli
766 946 814 964 au-

21 982 72 1004 tem
94 981 201 1012 propter
222 976 436 1003 exercitationem
455 980 501 1002 aut
519 980 626 1010 propter
640 975 814 1001 consuetudi-

21 1023 80 1042 nem
103 1014 220 1049 aliquam
241 1013 366 1040 callidius
387 1013 415 1040 id
434 1012 539 1044 saciant,
561 1021 613 1039 non
632 1017 672 1039 est
686 1013 810 1044 dubium,

20 1052 94 1087 quin,
110 1052 133 1078 si
147 1052 209 1087 quis
224 1051 448 1082 animadverterit,
460 1050 527 1085 quid
542 1051 584 1081 sit,
601 1059 683 1085 quare
697 1050 742 1076 alii
757 1059 814 1076 me-

21 1089 81 1121 lius,
97 1098 178 1124 quam
192 1089 237 1116 alii
251 1089 348 1120 dicant,
364 1088 392 1114 id
406 1089 491 1123 possit
505 1092 604 1114 notare.
640 1088 710 1123 Ergo
724 1088 751 1113 id
765 1088 812 1123 qui

21 1131 72 1154 toto
84 1128 112 1153 in
125 1135 221 1163 genere
237 1126 336 1157 fecerit,
352 1126 375 1152 is
390 1126 413 1152 si
427 1135 479 1152 non
493 1125 572 1160 plane
586 1129 678 1156 artem,
695 1130 720 1151 at
734 1126 813 1160 quasi
835 1157 836 1163 ἵ

19 1168 99 1191 artem
114 1164 259 1200 quamdam
272 1163 413 1190 invenerit.
436 1165 477 1189 33,
493 1163 580 1198 Atque
594 1163 706 1194 utinam,
722 1168 752 1189 ut
762 1163 814 1189 mi-

20 1201 47 1228 hi
69 1201 114 1228 illa
136 1201 227 1228 videre
249 1201 341 1228 videor
362 1201 391 1227 in
414 1200 470 1227 foro
493 1205 571 1235 atque
589 1201 617 1226 in
639 1201 752 1232 caussis,
777 1201 813 1226 ita

19 1247 98 1270 nunc,
117 1239 344 1274 quemadmodum
363 1247 393 1264 ea
410 1238 598 1273 reperirentur,
614 1246 722 1273 possem
736 1238 813 1265 vobis
835 1252 836 1255 =

19 1283 51 1303 ex
72 1277 163 1303 onere!

53 1284 127 1341 pSed
140 1314 173 1340 de
187 1322 229 1340 me
243 1313 347 1346 videro3
376 1322 448 1340 nunc
461 1313 511 1340 hoc
524 1321 651 1348 propono,
660 1313 732 1348 quod
746 1313 813 1339 mihi

20 1352 148 1385 persuasi,
169 1352 294 1386 quamvis
313 1360 354 1378 ars
369 1359 420 1377 non
435 1351 478 1382 sit,
495 1355 582 1377 tamen
598 1350 665 1376 nihil
680 1359 739 1376 esse
753 1359 814 1385 per-

21 1388 86 1415 fecto
108 1393 209 1415 oratore
238 1388 408 1423 praeclarius.
447 1389 523 1420 Nam,
549 1392 578 1414 ut
602 1396 683 1414 usum
707 1388 813 1414 dicendi

19 1426 146 1458 omittam,
167 1427 214 1461 qui
233 1427 260 1452 in
278 1426 350 1452 omni
365 1430 457 1460 pacata
471 1430 496 1452 et
511 1425 593 1452 libera
607 1426 713 1451 civitate
727 1425 814 1451 donii—

21 1467 104 1495 natur,
131 1468 200 1490 tanta
223 1463 363 1490 oblectatio
385 1467 425 1489 est
442 1464 469 1489 in
483 1464 542 1498 ipsa
557 1462 680 1489 facultate
694 1462 810 1494 dicendi,

19 1505 49 1528 ut
65 1500 132 1527 nihil
150 1501 291 1527 hominum
309 1505 355 1527 aut
373 1500 484 1527 auribus
503 1505 548 1527 aut
566 1500 702 1526 mentibus
716 1501 813 1526 iucun-

19 1537 80 1565 dius
98 1539 198 1573 percipi
219 1539 311 1573 possit.
347 1539 387 1564 34.
408 1537 459 1570 Qui
479 1538 550 1564 enim
569 1542 664 1564 cantus
679 1537 812 1564 moderata

19 1576 142 1603 orationis
157 1576 370 1610 pronuntiatione
384 1575 487 1602 dulcior
501 1575 614 1602 inveniri
626 1575 812 1610 potest²2quod
840 1605 842 1609 .

19 1621 123 1640 carmen
137 1613 276 1640 artificiosa
293 1613 433 1639 verborum
448 1612 618 1639 conclusione
633 1611 740 1647 aptius?
764 1613 812 1647 qui

20 1653 88 1677 actor
104 1650 241 1680 imitanda.
262 1659 343 1686 quam
361 1654 447 1677 orator
460 1650 632 1685 suscipienda
647 1651 756 1676 veritate
771 1650 813 1676 iu-

20 1807 105 1827 rerum
130 1809 227 1836 genere
247 1800 383 1826 cumulata
404 1799 505 1826 oratio‘?
531 1801 624 1835 Neque
645 1799 736 1837 [enim]
757 1799 811 1826 ulla

21 1844 70 1864 non
84 1838 189 1872 propria
203 1838 312 1864 oratoris
327 1842 367 1864 est
380 1846 430 1867 res,
447 1846 516 1872 quae
529 1837 640 1872 quidem
654 1842 745 1864 ornate
758 1837 810 1863 dici

19 1875 185 1910 graviterque
199 1875 302 1901 debeat.
336 1875 383 1901 lx.
400 1876 439 1901 35.
455 1875 540 1901 lluius
554 1879 594 1901 est
607 1875 634 1901 in
649 1875 735 1902 dando
749 1883 812 1901 con-

19 1949 111 1982 tentia;
140 1949 260 1976 eiusdem
279 1954 304 1976 et
322 1949 472 1983 languentis
492 1949 584 1984 populi
602 1950 720 1976 incitatio
734 1954 759 1976 et
772 1949 812 1976 ef-

19 2022 50 2050 ad
70 2024 214 2058 perniciem
233 2028 258 2050 et
271 2025 408 2060 integritas
422 2024 455 2050 ad
470 2023 583 2050 salutem
598 2029 715 2051 vocatur.
744 2024 810 2056 Quis

18 2060 146 2087 cohortari
169 2061 202 2087 ad
217 2061 341 2087 virtutem
356 2061 502 2092 ardentius,
526 2061 588 2096 quis
607 2070 621 2087 a
636 2062 708 2088 vitiis
723 2062 810 2088 aerius

19 2105 148 2129 revocare,
174 2098 236 2133 quis
260 2099 410 2133 vituperare
434 2099 569 2133 improbos
592 2099 723 2134 asperius,
747 2100 810 2134 quis

19 2133 124 2162 laudare
139 2135 222 2162 bonos
236 2136 433 2170 ormitius,quis
444 2136 810 2171 cupiditatemvehementius

20 2170 138 2208 frangere
159 2172 308 2199 accusando
332 2172 434 2207 potest?
465 2173 527 2208 quis
551 2182 695 2200 maerorem
724 2174 810 2201 levare

20 2208 110 2236 mitius
124 2209 303 2237 consolando?
317 2210 480 2237 36.l{istoria
491 2219 552 2237 vero
563 2212 636 2237 testis
648 2215 807 2246 temporum,

20 2245 66 2273 lux
83 2247 209 2279 veritatis,
231 2248 284 2274 vita
304 2248 455 2279 memoriae,
476 2249 601 2284 magistra
621 2249 698 2280 vitae,
716 2250 808 2275 nuntia

20 2284 164 2316 vetustatis,
185 2293 238 2320 qua
254 2294 316 2311 voce
331 2284 390 2316 alia,
412 2285 464 2311 nisi
477 2286 597 2317 oratoris,
619 2286 808 2312 immortalitati

19 2321 235 2348 commendatur?
255 2323 321 2348 Nam
339 2323 362 2348 si
380 2331 434 2357 qua
448 2326 488 2349 est
501 2331 542 2348 ars
557 2322 616 2354 alia,
632 2331 700 2358 quae
715 2324 810 2350 verbo-

20 2365 78 2384 rum
101 2363 146 2385 aut
170 2359 350 2386 faciendorum
374 2364 420 2386 aut
441 2359 643 2395 deligendorum
671 2361 808 2387 scientiam

0 2400 1 2420 ἱ
20 2394 182 2429 profiteatur-3
203 2401 248 2423 aut
261 2397 283 2423 si
298 2398 443 2432 quisquam
458 2397 564 2428 dicitur,
582 2397 633 2423 nisi
646 2402 740 2429 orator,
757 2397 810 2424 for—

20 2439 90 2459 mare
106 2434 249 2460 orationem
270 2442 383 2470 eamque
401 2435 502 2460 variare
515 2439 540 2460 et
553 2434 717 2469 distinguere
731 2436 807 2470 quasi

19 2468 179 2503 quibusdam
201 2471 344 2498 verborum
371 2472 618 2506 sententiarumque
640 2472 806 2507 insignibus,

0 2516 1 2527 i
20 2509 64 2532 aut
81 2506 104 2533 si
118 2507 160 2534 via
178 2507 241 2540 ulla,
259 2508 311 2535 nisi
326 2509 358 2535 ab
373 2509 422 2535 hac
436 2517 488 2535 una
503 2513 566 2540 arte.
585 2509 696 2536 truditur
709 2513 754 2535 aut
768 2518 810 2536 ar-

0 2548 1 2564 *
19 2548 204 2577 gumentorum
227 2550 273 2572 aut
293 2547 485 2572 sententiarum
509 2550 554 2572 aut
576 2546 692 2581 deniquo
710 2546 811 2573 descri-

0 2589 1 2601 i
21 2578 115 2613 ptionis
134 2586 213 2617 utque
230 2583 344 2609 ordinis:
374 2583 504 2610 fateamur
522 2588 567 2609 aut
586 2583 642 2614 lioc.
658 2583 731 2618 quod
746 2584 810 2610 haec.

0 2623 1 2626 ¹
21 2623 61 2643 urs
75 2617 235 2652 profiteatur.
252 2619 369 2647 alienum
384 2629 442 2647 esse
457 2625 502 2647 aut
515 2629 576 2647 eum
591 2620 680 2656 aliqua
695 2621 744 2647 alia
756 2626 809 2648 arte

800 119 887 145 LlB.
922 120 953 145 ll.

19 1687 147 1715 cundior‘?
159 1688 230 1721 Quid
244 1692 332 1714 autem
347 1687 574 1722 subtilius,quam
585 1692 677 1714 acutae
691 1687 813 1714 crebrae-
833 1701 835 1709 ι

19 1733 70 1760 que
87 1725 250 1752 sententiae?
272 1725 338 1760 quid
353 1725 548 1757 admirabilius,
564 1733 645 1760 quam
664 1733 706 1751 res
721 1724 813 1760 splen·
833 1750 835 1756 χ

20 1761 80 1790 dore
98 1762 229 1789 illustrata
244 1762 404 1789 verborum?
429 1762 495 1797 quid
510 1762 626 1798 plenius,
643 1771 724 1797 quam
739 1763 811 1789 omni
833 1787 835 1800 χ,

20 1984 111 2013 frenati
126 1986 278 2014 moderatio.
294 1983 394 2013 Eadem
409 1986 532 2013 facultate
546 1991 571 2013 et
587 1986 658 2013 fraus
670 1987 810 2014 hominum
833 2000 834 2025 3

988 119 1085 145 CAP.
1120 121 1192 145 5—
1217 122 1254 146 Η.
1626 126 1656 148 113:

865 189 992 221 doctrina,
1009 191 1101 221 non,si
1115 191 1162 225 qui
1177 190 1289 217 aliarum
1304 192 1400 218 artium
1415 192 1482 218 bene
1494 192 1574 219 locuti
1584 200 1655 223 sunt,

865 236 896 253 eo
909 228 1000 253 minus
1014 227 1042 253 id
1055 232 1096 254 est
1109 227 1190 254 huius
1205 229 1286 254 unius
1300 230 1453 264 proprium,
1469 230 1517 256 sed
1531 235 1560 256 ut
1573 237 1659 257 orator

865 264 898 290 de
920 265 954 290 iis
977 264 1067 296 rebus,
1092 274 1161 300 quae
1178 270 1324 292 ceterarum
1343 267 1441 293 artium
1456 272 1528 299 sunt,
1544 269 1567 294 si
1582 269 1660 295 modo

866 310 909 327 eas
923 303 1055 337 cognovit,
1068 301 1108 337 (ut
1126 302 1182 329 heri
1197 302 1308 330 Crassus
1322 303 1447 339 dicebat,)
1461 306 1559 339 optime
1574 311 1660 341 potest

866 339 966 371 dicere;
1001 340 1040 365 sic
1058 344 1205 366 ceterarum
1226 341 1323 367 artium
1341 341 1463 368 homines
1481 344 1600 369 ornatius
1614 344 1660 369 illa

866 385 914 401 sua
928 376 1028 407 dicunt,
1045 377 1068 403 si
1082 377 1149 411 quid
1163 378 1196 403 ab
1211 377 1259 404 hac
1273 383 1327 404 arte
1337 378 1497 405 didicerunt.
1514 382 1555 406 38.
1568 382 1660 416 Neque

866 414 937 439 enim
952 414 975 440 si
989 413 1021 440 de
1035 415 1143 440 rusticis
1157 415 1237 441 rebus
1252 416 1365 450 agricola
1376 417 1513 451 quispiam
1524 419 1659 444 autetiam

865 450 901 481 id,
922 451 995 485 quod
1014 451 1100 482 multi,
1122 452 1243 479 medicus
1261 453 1293 479 de
1306 454 1407 480 morbis
1421 459 1466 480 aut
1480 454 1512 481 de
1527 456 1661 491 pingendo

866 488 950 522 pictor
964 488 1062 523 aliquis
1076 489 1174 515 diserte
1188 489 1286 516 dixerit
1299 496 1344 517 aut
1357 492 1502 526 scripserit,
1519 492 1618 519 idcirco
1628 493 1661 519 il—

867 525 919 551 lius
934 526 997 551 artis
1011 526 1128 560 putanda
1142 531 1182 552 est
1195 527 1359 562 eloquentia,
1377 529 1403 555 in
1414 538 1467 564 qua
1477 530 1541 564 quia
1552 531 1593 556 vis
1604 539 1660 556 ma-

865 571 916 598 gna
931 567 970 588 est
984 563 1011 588 in
1026 563 1165 589 homiuum
1182 565 1306 600 ingeniis,
1323 575 1353 592 eo
1367 566 1445 592 multi
1457 568 1535 593 etiam
1545 569 1603 594 sine
1613 568 1660 594 do-

865 600 949 626 ctrina
967 600 1070 635 aliquid
1083 602 1204 627 omnium
1219 611 1349 637 generum
1364 608 1442 638 atque
1457 605 1553 631 artium
1567 614 1660 631 conse-

865 641 999 672 quuntur3
1029 637 1084 669 sed,
1106 638 1173 673 quid
1190 640 1323 674 cuiusque
1342 641 1375 666 sit
1396 643 1543 676 proprium,
1564 643 1613 668 etsi
1627 652 1660 669 ex

865 683 895 700 eo
914 674 1026 700 iudicari
1045 679 1139 709 potest,
1160 685 1246 710 quum
1266 677 1374 709 videris,
1396 679 1461 713 quid
1476 688 1599 714 quaeque
1613 680 1661 706 ‹lo-

864 716 948 742 ceant,
966 716 1053 738 tamen
1068 712 1117 738 hoc
1131 714 1228 740 certius
1243 714 1310 740 nihil
1322 724 1380 741 esse
1392 721 1575 751 potest,quam
1587 718 1660 752 quod

864 758 957 775 omnes
971 753 1039 775 artes
1059 749 1126 776 aliae
1139 751 1197 777 sine
1210 751 1361 787 eloquentia
1375 762 1456 779 suum
1471 763 1570 780 munus
1585 764 1660 789 prae-

865 790 934 812 stare
953 791 1074 821 possunt,
1099 792 1185 814 orator
1202 789 1260 815 sine
1279 798 1308 815 ea
1327 798 1423 816 nornen
1441 800 1522 817 suum
1540 792 1659 818 obtinere

866 833 917 849 non
936 828 1035 858 potest,
1058 829 1088 850 ut
1106 826 1194 857 ceteri,
1216 826 1239 852 si
1257 826 1349 853 diserti
1368 829 1430 858 sint,
1447 828 1550 863 aliquid
1564 829 1597 855 ab
1611 829 1660 855 hoc

865 861 987 892 habeant,
1001 861 1044 887 hic
1059 862 1110 888 nisi
1124 862 1278 890 domesticis
1293 873 1321 890 se
1335 865 1491 892 instruxerit
1505 867 1598 901 copiis,
1612 866 1661 893 ali-

866 898 937 924 unde
951 898 1057 925 dicendi
1071 900 1175 934 copiam
1191 905 1278 935 petere
1292 911 1344 928 non
1359 904 1453 937 possit.

920 936 955 962 X.
971 938 1012 962 39.
1029 937 1096 963 Tum
1112 937 1232 970 Catulus,
1248 939 1314 970 Etsi,
1329 940 1540 975 inquit,Antoni,
1551 941 1661 967 minime

865 973 1054 1008 impediendus
1072 979 1112 1001 est
1132 975 1343 1010 interpellatione
1362 978 1412 1004 iste
1425 987 1522 1004 cursus
1535 980 1661 1005 orationis

867 1016 935 1042 tuae,
951 1011 1051 1046 patiere
1066 1015 1154 1039 tamen
1168 1013 1290 1048 mihique
1302 1015 1434 1050 ignosces.
1457 1017 1514 1042 Nan
1525 1019 1591 1042 enim
1601 1026 1661 1049 pos—

864 1057 928 1079 sum,
944 1051 1006 1082 quin
1020 1051 1167 1079 exclamem,
1184 1055 1212 1077 ut
1225 1052 1260 1077 ait
1270 1051 1314 1078 ille
1326 1053 1353 1078 in
1361 1053 1531 1079 Trinummo:
1549 1054 1582 1079 ita
1594 1055 1660 1080 milii

864 1086 920 1112 vim
939 1087 1048 1112 oratoris
1067 1091 1124 1113 tum
1143 1089 1292 1122 exprimere
1311 1090 1445 1117 subtiliter
1459 1091 1534 1117 visus
1549 1100 1586 1122 es,
1604 1096 1659 1117 tum

866 1122 973 1150 laudare
991 1125 1188 1158 copiosissime,
1211 1126 1283 1161 quod
1302 1127 1412 1162 quidem
1431 1128 1599 1164 eloquentem
1620 1130 1660 1155 vel

864 1161 965 1195 optime
982 1160 1068 1187 facere
1085 1167 1196 1197 oportet,
1213 1169 1242 1189 ut
1256 1164 1435 1199 eloquentiam
1451 1166 1553 1198 lauden
1583 1166 1661 1193 dehet

865 1198 936 1224 enim
951 1198 984 1224 ad
998 1208 1056 1225 eam
1071 1199 1232 1227 laudandam
1246 1202 1332 1236 ipsam
1347 1202 1421 1229 illam
1436 1204 1659 1239 adliibere,quan¹

866 1235 964 1262 laudat.
977 1235 1030 1262 Sed
1044 1245 1124 1272 perge
1139 1246 1229 1272 porro,
1246 1239 1293 1265 tibi
1308 1241 1378 1266 enim
1394 1242 1531 1271 assentior,
1542 1247 1658 1267 vestrum

865 1281 924 1299 esse
946 1273 996 1300 hoc
1019 1278 1104 1300 totum
1122 1275 1219 1302 diserte
1238 1276 1334 1308 dicere,
1355 1278 1437 1313 idque
1455 1279 1477 1305 si
1492 1279 1554 1313 quis
1570 1280 1595 1305 in
1610 1279 1660 1305 alia

865 1315 919 1336 arte
933 1310 1019 1342 faciat,
1036 1320 1099 1338 eum
1113 1318 1251 1348 assumpto
1266 1314 1374 1341 aliunde
1390 1317 1427 1342 uti
1442 1316 1519 1347 hono,
1534 1326 1585 1343 non
1600 1326 1661 1351 pro-

865 1348 922 1382 prio
937 1357 984 1374 nec
998 1358 1056 1375 suo.
1092 1351 1132 1376 40.
1148 1350 1181 1377 Et
1199 1351 1319 1384 Crassus,
1337 1354 1394 1379 Nox
1409 1358 1442 1384 te,
1459 1354 1555 1388 inquit,
1573 1355 1658 1385 nobis,

864 1385 970 1417 Antoni,
987 1386 1116 1421 expolivit
1130 1387 1321 1424 hominemque
1335 1391 1460 1417 reddidit.
1478 1392 1544 1417 Nam
1561 1392 1661 1417 hester-

865 1431 899 1449 no
916 1431 1038 1450 sermone
1056 1425 1138 1450 unius
1155 1426 1297 1453 cuiusdam
1316 1431 1407 1461 operis,
1425 1433 1454 1454 ut
1468 1429 1504 1455 ait
1518 1429 1658 1457 Caecilius,

866 1463 986 1494 re'miqem
999 1463 1111 1495 aliquem
1124 1467 1169 1488 aul
1184 1464 1306 1493 baiulum,
1327 1465 1403 1491 nobis
1417 1471 1546 1492 oratorem
1561 1467 1661 1493 descri-

865 1506 964 1532 pseraS,
985 1499 1092 1533 inopem
1110 1500 1254 1534 quemdam
1270 1501 1443 1529 humanitatis
1458 1508 1537 1538 atque
1551 1504 1660 1530 inurba-

865 1544 940 1561 num.
973 1536 1042 1562 Tum
1065 1537 1206 1569 Antonius,
1231 1539 1291 1564 lleri
1306 1541 1386 1570 enim,
1412 1541 1508 1575 inquit,
1530 1541 1578 1567 hoc
1594 1542 1659 1567 milii

865 1581 1064 1607 proposueram,
1074 1578 1111 1606 ut,
1128 1575 1151 1600 si
1167 1579 1190 1601 te
1205 1575 1372 1609 refellissem,
1391 1578 1437 1604 lios
1452 1588 1465 1604 a
1477 1583 1500 1604 te
1512 1578 1660 1613 discipulos

864 1610 1038 1643 abducerem,
1068 1620 1147 1643 nunc,
1173 1612 1266 1639 Catulo
1289 1615 1413 1641 audiente
1436 1620 1461 1642 et
1479 1616 1598 1646 Caesare,
1621 1618 1661 1642 xi-

864 1647 927 1674 deor
949 1648 1045 1675 debere
1068 1658 1119 1675 non
1143 1654 1195 1676 tam
1218 1659 1337 1687 pugnare
1360 1658 1457 1684 tecum,
1481 1662 1572 1688 quani,
1593 1655 1659 1688 qnid

864 1685 922 1720 ipsc
936 1686 1058 1717 sentiam,
1075 1687 1172 1713 dicere.

919 1724 960 1749 41.
977 1723 1106 1758 Sequitur
1118 1725 1345 1761 igitur,quoniam
1362 1727 1438 1754 nobis
1453 1733 1492 1754 est
1503 1728 1660 1764 hic,‹lequo

865 1759 1009 1795 loquimur,
1031 1761 1058 1787 in
1077 1761 1132 1788 soro
1146 1767 1225 1798 atque
1240 1765 1266 1790 in
1281 1765 1366 1791 oculis
1380 1766 1481 1792 civium
1496 1767 1659 1793 constituen-

863 1797 924 1829 dus,
941 1803 971 1824 ut
985 1798 1133 1831 videamus,
1147 1801 1213 1835 quid
1227 1802 1251 1827 ci
1266 1803 1364 1838 negotii
1378 1802 1473 1829 demus
1488 1804 1586 1838 cuique
1597 1813 1658 1830 eum

865 1836 970 1862 muneri
985 1836 1100 1863 velimus
1115 1846 1173 1864 esse
1185 1841 1376 1874 praepositum.
1394 1841 1459 1866 Nam
1467 1842 1579 1867 Crassus
1592 1841 1657 1869 lieri.

833 1885 842 1903 ε,
863 1881 948 1907 quum
974 1882 1029 1905 VOS,
1055 1874 1147 1901 Catule
1165 1880 1190 1902 et
1204 1876 1307 1908 Caesar,
1334 1887 1384 1904 non
1407 1878 1545 1909 adessetis,
1571 1880 1660 1913 posuit

19 1910 78 1939 silio
95 1911 128 1939 de
146 1913 271 1939 maximis
290 1912 370 1939 rebus
388 1920 449 1938 eum
464 1912 592 1947 dignitate
606 1912 737 1947 explicata
751 1921 812 1938 sen-
833 1918 834 1927 ¹

863 1910 980 1937 breviter
994 1912 1020 1937 in
1035 1912 1098 1938 artis
1112 1912 1300 1940 distributione
1317 1915 1396 1946 idem,
1412 1916 1485 1950 quod
1499 1916 1591 1942 Graeci
1604 1917 1659 1951 ple-

864 1949 940 1983 rique
958 1954 1119 1983 posuerunt,
1149 1959 1235 1985 neque
1249 1961 1312 1978 sane
1326 1953 1392 1987 quid
1407 1954 1464 1987 ipse
1478 1954 1595 1984 sentiret,
1613 1955 1658 1980 sed

863 1986 930 2020 quid
953 1986 986 2012 ab
1005 1986 1059 2013 illis
1078 1987 1218 2019 diceretur,
1239 1989 1368 2016 ostendit:
1395 1990 1449 2016 duo
1464 1991 1548 2025 prima
1562 2000 1658 2026 genera

862 2024 1050 2058 quaestionum
1069 2033 1141 2056 esse,
1163 2026 1188 2051 in
1208 2027 1309 2061 quibus
1328 2027 1479 2062 eloquentia
1499 2034 1656 2057 versaretur,

863 2070 946 2087 unum
962 2061 1106 2093 inlinitum,
1123 2062 1235 2089 alterum
1250 2069 1361 2090 certum.
1386 2066 1424 2091 ¹izi.
1442 2066 1576 2091 lnlinitum
1592 2067 1658 2092 milii

863 2098 1004 2125 videbatur
1017 2099 1044 2125 id
1058 2099 1154 2130 dicere,
1175 2101 1201 2126 in
1223 2110 1277 2136 quo
1295 2102 1397 2137 aliquid
1416 2104 1561 2137 generatim
1576 2113 1659 2138 (μων-

862 2141 972 2167 reretur,
998 2136 1046 2163 lloe
1069 2137 1160 2164 modo:
1189 2139 1379 2174 Expetendane
1401 2145 1471 2166 esset
1490 2140 1660 2175 eloquentia?

838 2181 840 2188 ’
861 2173 1038 2208 expetendine
1054 2174 1184 2201 honores?
1210 2181 1312 2202 certum
1328 2182 1425 2204 autem.
1443 2178 1469 2203 in
1483 2186 1538 2212 quo
1551 2178 1616 2212 quid
1632 2178 1658 2204 in

862 2211 983 2245 personis
1006 2215 1032 2237 et
1054 2211 1080 2237 in
1103 2214 1245 2239 constituta
1265 2223 1291 2239 re
1309 2219 1334 2240 et
1348 2214 1455 2240 delinita
1471 2220 1655 2249 quaereretur.

860 2248 1013 2274 cuiusmodi
1027 2253 1099 2279 sunt,
1115 2259 1183 2284 quae
1198 2251 1224 2276 in
1241 2250 1295 2277 l'oro
1309 2256 1388 2286 atque
1403 2253 1429 2278 in
1443 2252 1544 2277 civium
1555 2253 1658 2278 caussis

861 2286 1155 2321 disceptotionibusque
1171 2293 1320 2314 versantur.
1345 2290 1384 2314 43.
1403 2290 1437 2314 lia
1453 2289 1518 2315 milii
1535 2289 1658 2315 videntur

861 2327 907 2349 aut
926 2324 951 2349 in
973 2322 1017 2348 lite
1035 2324 1132 2350 oranda
1151 2329 1195 2350 aut
1215 2325 1240 2351 in
1259 2325 1370 2351 consilio
1388 2326 1475 2352 dando
1489 2335 1546 2352 csse
1562 2327 1656 2360 posita.

862 2361 928 2386 Nam
948 2359 1015 2385 illud
1035 2361 1155 2392 tertium,
1175 2362 1248 2396 quod
1266 2367 1291 2388 et
1305 2372 1318 2388 a
1334 2364 1428 2389 Crasso
1443 2368 1554 2389 tractum
1569 2369 1608 2390 est
1622 2369 1655 2392 ct.

862 2403 891 2423 ut
905 2397 998 2428 audio,
1015 2396 1059 2423 ille
1074 2398 1131 2432 ipse
1146 2399 1308 2428 Aristoteles,
1326 2401 1373 2434 qui
1390 2401 1452 2426 liat-c
1465 2401 1580 2427 maxime
1595 2401 1659 2427 illn-

861 2435 964 2465 stravit,
985 2434 1117 2465 adiunxit,
1138 2436 1241 2462 etiamsi
1260 2446 1328 2471 opus
1347 2442 1394 2467 cst,
1413 2443 1498 2464 tamen
1514 2439 1604 2464 minus
1618 2445 1657 2465 est

863 2472 1052 2498 necessarium.
1075 2473 1227 2504 Quidnam?
1241 2474 1327 2508 inquit
1343 2475 1462 2506 Catulus,
1480 2484 1512 2501 an
1529 2475 1654 2501 laudatio-

863 2509 927 2535 nes?
948 2509 975 2535 ld
989 2510 1059 2536 enim
1076 2510 1153 2536 video
1167 2511 1228 2544 poni
1243 2520 1329 2546 genus
1344 2512 1462 2538 tertium.
1489 2512 1534 2538 Xl.
1553 2514 1592 2539 tt.
1611 2514 1654 2542 lta,

862 2547 950 2581 inquit
972 2546 1113 2578 Antonius,
1138 2553 1163 2574 et
1182 2549 1208 2574 in
1227 2558 1257 2573 eo
1271 2549 1380 2583 quidem
1395 2559 1492 2585 genero
1506 2550 1561 2576 scio
1575 2556 1599 2576 et
1615 2560 1658 2576 mo

861 2589 886 2610 et
900 2592 1001 2616 omues,
1022 2585 1069 2619 qui
1084 2585 1225 2616 affuerunt,
1245 2585 1387 2612 delectatus
1401 2596 1460 2614 esse
1475 2587 1654 2616 veliementer.

861 2630 946 2656 quum
969 2631 983 2648 u
1007 2626 1030 2648 te
1054 2627 1094 2648 cst
1117 2622 1226 2657 Popilia,
1252 2628 1335 2649 mater
1357 2629 1452 2656 vestra,
1479 2624 1591 2655 laudata,
1612 2626 1655 2651 cui

20 2660 77 2680 esse
89 2662 238 2682 commune.
255 2658 295 2684 37.
312 2658 375 2684 Etsi
387 2658 412 2684 in
428 2658 476 2684 liae
491 2667 542 2684 una
557 2662 597 2684 est
610 2667 639 2684 ea
655 2659 720 2685 ratio
730 2663 809 2694 atquc
832 2666 841 2686 ιι
862 2659 979 2693 primum
995 2659 1101 2686 mulieri
1117 2660 1188 2686 liuuc
1204 2661 1329 2687 honorem
1345 2662 1371 2688 in
1387 2667 1474 2688 nostra
1488 2663 1594 2688 civitate
1610 2663 1655 2688 tri-
