1941 3052
233 108 281 133 770
809 106 850 130 83.
882 103 968 129 MT,
1009 103 1282 130 CICERONIS

235 183 349 206 tuni-um,
365 182 388 202 te
401 176 572 202 veliementer
581 175 660 201 etiam
673 179 752 208 atque
763 174 842 199 etiam
855 182 926 206 rogo.
959 173 1023 207 Ego,

234 224 302 249 quae
325 220 348 241 to
370 214 436 239 velle
445 234 450 242 ,
472 221 595 246 qum-que
616 211 648 237 nd
670 216 693 237 tc
714 212 846 244 pertinere
865 210 1023 242 arbitrabor,

233 252 322 278 omnin
334 251 453 277 studiose
465 249 662 282 diligenterque
673 248 783 274 curabo.

288 328 359 349 Lxx.
376 327 392 347 A
401 327 451 346 KG.
468 326 608 346 Mesua-trum
623 325 685 345 natm
698 325 800 345 libertum
811 325 952 345 cummuni-t.

417 363 505 383 (nni-uos.
516 364 592 379 c-‹uu-
604 363 636 379 III.
647 362 720 384 Lupi-tu
730 368 776 379 cun.
789 364 843 384 Tou.)

254 408 286 433 Μ.
303 407 333 432 T.
351 406 380 432 C.
398 405 426 431 S.
443 405 472 432 l’.
489 405 518 431 D.
535 405 563 431 P.
580 404 766 431 SERVILIO
785 404 1005 431 COLLEGAE.

288 440 362 475 Quia
375 451 426 468 non
441 447 482 468 est
495 442 608 468 obscura
624 447 667 468 tua
680 443 706 468 in
719 450 760 468 me
773 442 970 471 benevolentia,
987 442 1026 468 sic

235 482 270 510 iit,
286 486 312 506 ut
325 479 401 505 uiulti
414 488 461 514 per
473 487 514 505 me
526 479 574 505 tibi
588 479 670 506 velint
680 479 872 505 commendari.
908 479 963 515 Ego
978 488 1026 505 au-

234 524 286 545 tem
303 518 390 544 tritum
407 525 607 551 nonnumquam
626 517 651 543 in
669 516 780 551 vulgus,
803 516 849 542 secl
866 516 1026 551 plerumque

235 554 392 581 necessariis
404 554 430 580 in
445 554 492 579 linc
504 558 631 588 tempore.
667 554 732 579 Nam
744 562 806 579 cum
817 554 847 579 T.
861 554 957 588 Ampio
968 553 1026 579 Bal—

235 593 268 618 bo
279 592 346 618 milii
358 600 462 617 summa
476 590 643 617 familiaritas
655 591 879 625 necessitudoque
890 595 938 616 est.
961 591 1026 617 Eius

235 630 370 658 libertum,
383 629 413 654 T.
426 628 552 663 Ampium
565 628 754 659 Menandrum,
769 628 904 654 bominem
919 627 989 663 frugi
1001 632 1027 654 et

234 667 384 693 modestum
401 670 426 692 et
442 670 550 700 patrono
565 670 590 692 et
601 666 678 692 nobis
690 666 862 692 veliementer
874 665 1024 699 probatum,

235 704 283 731 tibi
303 703 462 730 commendo
482 704 608 730 maiorem
635 704 661 729 in
686 703 806 729 modum.
852 702 1027 729 Vehementer

235 741 301 767 milii
312 745 418 776 gratum
431 739 575 771 fcceris,si,
588 740 809 775 quibuscumque
819 740 900 766 rebus
912 740 970 766 sine
983 745 1026 766 tua

235 777 355 805 molestia
368 777 479 812 poteris,
497 778 520 803 ei
532 777 721 804 commodaris.
761 777 836 810 Quod
850 782 878 803 ut
889 776 983 808 facias,
1002 782 1026 803 te

236 815 407 842 veliementer
416 815 496 841 etiam
508 820 586 850 atque
598 815 677 841 etiam
690 823 762 851 rogo.
802 814 875 842 Vale.

288 884 371 905 LXXI.
388 884 466 904 ARG.
486 884 625 905 Cunnum-utun
637 867 750 909 Agusium.

413 921 500 945 (Itomae.
511 922 588 939 (Me-mre
601 921 633 938 llI.
645 921 666 938 1„
674 921 717 944 pido
728 928 772 938 run.
785 923 839 942 70⁸.)

212 961 216 968 “
262 961 297 987 Μ.
319 960 349 986 T.
370 960 399 987 C.
421 959 449 986 S.
471 961 500 987 D.
522 960 551 986 P.
568 959 754 987 SERVILIO
773 960 993 988 COLLEGAE.

290 992 395 1024 Multos
421 997 469 1024 tibi
493 997 678 1024 commendem
704 1006 812 1024 necesse
833 1003 886 1029 est=
919 998 1027 1033 quando
1047 985 1049 989 Ι

233 1035 362 1061 omnibus
375 1039 434 1061 nota
450 1039 538 1061 nostra
554 1034 723 1061 necessitudo
738 1040 778 1062 est
793 1040 891 1070 tuaque
908 1044 969 1071 erga
985 1044 1027 1061 me

234 1071 429 1099 benevolentia.
470 1072 523 1098 Sed
535 1077 622 1098 tamen
639 1073 688 1098 etsi
699 1073 820 1098 omnium
832 1081 941 1104 caussa,
959 1081 1027 1108 quos

234 1109 401 1140 commendo,
414 1108 483 1136 velle
496 1109 593 1136 debeo:
608 1114 695 1136 tamen
707 1119 768 1136 cum
779 1110 907 1136 omnibus
919 1119 970 1136 non
982 1118 1028 1136 ea·
1055 1109 1057 1136 j

233 1146 295 1173 dem
308 1147 375 1173 mihi
386 1155 480 1173 caussa
492 1151 541 1173 est.
577 1147 607 1173 T.
623 1147 742 1183 Agusius
753 1151 778 1173 et
789 1155 878 1173 comes
890 1156 966 1173 meus
978 1147 1028 1174 fuit

235 1184 281 1210 illo
296 1184 447 1210 miserrimo
457 1189 575 1218 tempore
585 1185 742 1211 etomnium
759 1185 899 1216 itinerum,
916 1185 1028 1220 naviga—

234 1222 347 1252 tionum,
357 1220 487 1251 laborum.
496 1221 677 1256 periculorum
688 1230 809 1248 meorum
820 1222 925 1248 socius:
939 1230 1027 1257 neque

234 1258 284 1285 hoc
299 1263 417 1292 tempore
433 1258 603 1285 discessisset
617 1267 631 1285 a
647 1267 703 1290 me,
721 1259 774 1285 nisi
790 1268 839 1295 ego
850 1260 875 1285 ei
886 1260 1028 1294 permisis·-

233 1304 301 1322 sem.
341 1295 428 1327 Quare
443 1296 483 1322 sic
501 1296 551 1322 tibi
569 1304 631 1322 eum
647 1296 819 1327 commendo,
843 1301 872 1323 ut
892 1305 977 1323 unum
993 1296 1027 1323 de

235 1333 301 1359 meis
316 1332 472 1359 domesticis
487 1337 513 1359 et
528 1333 645 1359 maxime
661 1334 830 1360 necessariis.
870 1334 1027 1369 Pergratum

233 1370 301 1396 mihi
317 1369 426 1402 feceris,
443 1371 467 1396 si
482 1378 543 1396 eum
560 1371 595 1397 ita
606 1372 739 1402 tractaris,
757 1376 785 1397 ut
797 1370 942 1407 intelligat,
959 1371 1028 1398 hanc

232 1406 490 1470 pommendationem
505 1408 560 1434 sibi
581 1416 678 1444 magno
698 1417 750 1435 usu
771 1413 851 1444 atque
872 1408 1028 1436 adiumento

245 1453 327 1471 uisse.

286 1531 381 1552 LXXII.
399 1531 478 1552 Alte.
494 1530 618 1552 Caerelliae
627 1531 717 1557 negotia
727 1535 749 1552 et
758 1535 1026 1559 procuratore-commen-

232 1567 276 1587 tlflt.
307 1569 393 1590 (numne,
404 1569 482 1587 caune
492 1569 526 1586 III.
537 1569 610 1592 Lepido
620 1575 666 1586 coss.
677 1568 732 1591 tos.)

269 1621 305 1647 M.
322 1621 350 1647 T.
365 1620 395 1648 C.
412 1620 441 1647 S.
457 1620 488 1646 D.
511 1620 539 1646 P.
559 1619 742 1647 SERVILIO
766 1620 986 1648 COLLEGAE.

288 1667 311 1692 ⁴.
334 1661 496 1697 Caerelliae,
520 1666 686 1692 necessariae
704 1674 792 1697 meae,
815 1675 884 1697 rem,
906 1667 1023 1698 nomina,

232 1703 415 1737 possessiones
431 1703 562 1730 Asiaticas
577 1703 764 1730 commendavi
781 1703 831 1730 tibi
852 1712 979 1739 praesens
997 1704 1026 1730 in

232 1739 316 1766 hortis
331 1740 397 1770 tuis.
418 1748 499 1774 quam
515 1741 590 1774 potui
604 1740 826 1776 diligentissime:
848 1746 931 1776 tuque
945 1741 1023 1772 mihi,

232 1785 280 1811 pro
300 1781 345 1803 tua
365 1777 572 1808 consuetudine,
595 1785 697 1812 proque
718 1778 771 1803 tuis
788 1778 814 1804 in
831 1786 873 1804 me
888 1778 1025 1812 perpetuis

232 1814 414 1849 maximisque
425 1813 534 1845 officiis,
548 1815 638 1841 omnia
653 1819 678 1841 te
690 1813 822 1841 facturum
835 1814 1025 1841 liberalissime

233 1851 367 1886 recepisti.
407 1851 563 1877 Meminisse
575 1856 599 1878 te
616 1851 643 1878 id
658 1859 751 1886 spero:
768 1852 825 1878 scio
839 1853 912 1878 enim
928 1851 1023 1879 solere.

231 1887 285 1914 Sed
296 1893 384 1915 tamen
391 1887 534 1915 Caerelliae
545 1894 728 1923 procuratores
739 1889 914 1923 scripserunt,
927 1894 952 1916 te
963 1898 1026 1924 pro-

231 1929 290 1960 pter
303 1924 516 1961 magnitudinem
533 1926 687 1960 provinciae
702 1925 959 1961 multitudinemque
978 1936 1025 1953 ne-
1052 1940 1055 1945 ·

231 1963 363 1998 gotiorum
375 1962 454 1988 etiam
467 1967 546 1997 atque
557 1963 636 1989 etiam
648 1971 707 1990 esse
717 1963 1023 1991 commonefaciendum.

230 2002 256 2027 2.
278 2000 340 2026 Peto
350 2000 441 2035 igitur,
455 2004 485 2026 ut
495 2001 660 2029 memineris,
673 2005 698 2027 te
709 2001 808 2032 omnia,
821 2009 890 2035 quae
902 2006 945 2027 tua
958 2001 1024 2028 fides

231 2041 377 2072 pateretur,
398 2037 466 2063 mihi
481 2037 616 2064 cumulate
632 2038 775 2072 recepisse.
816 2038 949 2073 Equidem
965 2039 1025 2065 exi-

231 2074 324 2103 stimo,
342 2073 440 2100 habere
456 2078 480 2100 te
496 2083 620 2110 magnam
637 2074 790 2101 facultatem
803 2074 861 2110 (sed
874 2075 923 2102 hoc
933 2081 974 2102 est
985 2077 1024 2102 tui

230 2110 338 2138 consilii
348 2115 373 2137 et
385 2110 488 2146 iudicii)
499 2120 533 2137 ex
543 2120 574 2138 eo
584 2118 694 2138 senatus
704 2111 838 2142 consulto,
852 2113 925 2147 quod
937 2114 963 2139 in
976 2113 1024 2139 he-

231 2148 307 2175 redes
318 2148 488 2175 C.Vennouii
498 2148 597 2175 factum
610 2154 658 2180 est,
667 2149 812 2176 Caerelliae
822 2150 1022 2177 commodandi.
1050 2160 1053 2171 ¹

230 2185 260 2212 Id
279 2189 388 2212 senatus
407 2185 560 2212 consultum
580 2191 608 2213 tu
629 2187 836 2221 interpretabere
851 2195 899 2222 pro
914 2192 959 2214 tua
979 2196 1024 2214 sa-

230 2223 340 2257 pientia.
380 2222 440 2249 Scio
455 2223 541 2254 enim,
558 2224 618 2250 eius
633 2223 736 2250 ordinis
752 2225 937 2251 auctoritatem
950 2233 1023 2251 sem-

230 2268 278 2295 per
293 2259 365 2294 apud
379 2264 404 2286 te
420 2261 511 2296 magni
527 2260 621 2287 fuisse.
661 2261 739 2293 Quod
760 2260 896 2296 reliquum
914 2267 968 2293 est.
981 2263 1022 2288 sic
1042 2279 1043 2283 .

231 2296 313 2323 velim
323 2297 463 2323 existimes
471 2318 477 2328 ‚
493 2298 714 2333 quibuscumque
726 2298 807 2325 rebus
817 2298 963 2325 Caerelliae
974 2299 1023 2326 be—

230 2335 311 2370 nigne
327 2333 435 2366 feceris,
453 2334 521 2361 mihi
537 2340 561 2362 te
576 2336 762 2371 gratissimum
772 2344 831 2362 esse
842 2335 987 2363 facturum.

282 2403 388 2424 Lxxffl.
407 2404 484 2425 Alte.
500 2403 589 2425 Salvum
604 2411 632 2424 ex
645 2404 761 2431 provincia
775 2405 870 2425 rediisse
888 2405 1020 2430 gratulatur.

230 2437 319 2462 Egnatii
329 2441 350 2458 et
360 2438 425 2466 Oppii
434 2445 513 2460 caussa
526 2438 610 2464 gratias
625 2438 682 2464 agit.
699 2442 720 2459 et
734 2443 758 2459 ut
773 2439 888 2467 Antipatri
902 2439 962 2461 tilios
976 2440 1021 2461 nihi

230 2472 345 2496 euml-met,
356 2476 424 2498 rogat.
453 2476 541 2497 (Romae.
550 2475 643 2497 Domitio,
651 2475 704 2499 App.
713 2475 795 2493 Pulchro
806 2483 852 2494 cnm.
863 2478 917 2498 τοο.)

295 2516 330 2542 Μ.
346 2517 376 2543 T.
392 2517 421 2543 C.
438 2518 466 2544 S.
483 2518 514 2544 D.
535 2518 566 2551 Q.
582 2517 767 2545 PHILIPPO
787 2518 949 2546 PROCOS.

289 2554 311 2578 t.
334 2549 461 2580 Gratulor
476 2555 524 2581 tibi
533 2576 539 2586 ,
556 2556 629 2590 quod
639 2564 674 2582 ex
683 2556 822 2590 provincia
833 2555 940 2583 salvum
951 2561 976 2583 te
987 2556 1020 2583 ad

232 2594 290 2616 tuos
306 2590 442 2624 recepisti,
459 2591 588 2618 ineolumi
604 2592 673 2618 fama
685 2597 711 2619 et
720 2592 869 2627 republica.
909 2593 986 2626 Quod
996 2594 1020 2620 si

231 2627 328 2653 Romae
342 2631 366 2653 te
378 2626 516 2658 vidissem.
529 2636 617 2655 coram
628 2630 727 2665 gratias
738 2630 868 2665 egissem,
886 2630 959 2665 quod
970 2630 1021 2657 tibi

1045 174 1055 208 Ἰ
1079 175 1106 200 1,.
1126 174 1269 207 Egnatius,
1288 173 1516 201 familiarissimus
1532 183 1623 205 meus.
1641 175 1751 205 absens.
1771 175 1800 202 L.
1813 174 1870 210 Op-

1046 525 1048 539 .
1079 509 1130 534 nisi
1146 508 1212 543 quid
1234 508 1373 534 existimas
1395 509 1421 534 in
1442 516 1472 534 ea
1492 517 1520 535 re
1536 509 1630 535 violari
1644 510 1870 536 existimationem

1046 662 1048 667 ’
1078 662 1106 683 ut
1118 657 1214 692 fallen)
1229 665 1287 683 earn
1300 665 1354 683 rem
1368 657 1440 683 laudi
1453 657 1501 683 tibi
1517 658 1619 692 potius,
1637 666 1718 692 quam
1735 659 1872 693 vitupera-

1078 212 1139 245 piun
1151 220 1276 245 praesen·
1291 219 1370 237 curae
1388 210 1492 238 fuisset.
1532 214 1558 239 2.
1577 212 1644 239 Cum
1658 214 1794 248 Antipatro
1806 213 1871 239 Der-

1078 248 1136 274 bete
1149 248 1214 274 mihi
1226 257 1277 274 non
1288 247 1375 274 solum
1388 248 1549 283 hospitium.
1568 258 1660 276 verum
1671 251 1751 276 etiam
1763 258 1869 276 summ·

1079 285 1245 311 familiaritas
1258 285 1406 311 intercedit.
1437 286 1467 312 Ei
1480 291 1504 312 te
1516 286 1687 313 vehementer
1697 287 1871 313 succensuis-

1077 332 1106 348 se
1117 322 1224 352 audivi.
1242 327 1268 348 et
1286 322 1395 348 moleste
1410 321 1469 349 tuli.
1511 323 1546 349 De
1557 332 1584 349 re
1596 323 1663 350 nibil
1675 333 1785 360 [wi-uum
1799 324 1870 350 iudi-

1077 368 1146 389 care.
1161 360 1212 386 nini
1226 358 1293 385 illud
1305 359 1372 385 milii
1383 365 1454 386 certe
1466 359 1622 394 persuadeo.
1631 365 1665 391 te,
1677 360 1756 388 talem
1770 361 1868 390 virum.

1078 396 1145 423 nihil
1163 402 1261 422 temere
1278 396 1382 422 fecisse.
1423 397 1444 423 A
1457 401 1480 423 te
1495 401 1598 428 autem,
1614 406 1662 432 pm
1678 403 1765 425 vetere
1781 403 1868 425 nostra

1078 433 1290 464 necessitudine,
1308 434 1388 460 etiam
1400 438 1479 469 atque
1489 435 1568 460 etiam
1582 439 1655 469 peto,
1674 440 1702 461 ut
1716 436 1776 462 eius
1790 436 1868 466 filios.

1077 472 1124 506 qui
1138 472 1163 497 in
1177 476 1219 497 tua
1231 475 1359 506 potestate
1370 476 1445 501 sunt,
1460 471 1527 498 mihi
1538 472 1708 506 potissimum
1720 472 1868 499 condones:

1078 550 1160 572 tuam.
1192 545 1268 577 Quod
1280 554 1330 580 ego
1339 546 1363 571 si
1374 545 1525 576 arbitrarer,
1540 554 1688 580 numquam
1700 551 1724 573 te
1735 555 1869 582 rogarem:

1079 583 1200 617 mihique
1211 588 1254 609 tua
1268 582 1336 608 fama
1349 582 1432 609 multo
1443 583 1578 618 antiquior
1588 588 1756 619 esset,quam
1769 583 1813 610 itt·
1825 592 1872 610 ne-

1077 620 1213 646 cessitudo
1227 624 1276 646 est.
1317 619 1369 645 Sed
1387 619 1453 646 mibi
1469 621 1502 646 ita
1518 620 1679 655 persuadeo,
1696 621 1792 656 (potest
1802 621 1869 653 fieri.

1078 696 1143 721 tioni
1155 694 1219 721 fore.
1241 694 1311 726 Quid
1324 694 1380 720 fieri
1393 695 1519 729 possit.et
1529 694 1595 729 quid
1608 703 1666 721 mea
1677 703 1771 721 mussa
1787 695 1872 722 facere

1078 733 1178 766 possis,
1196 733 1281 766 (nam.
1298 732 1365 766 quin
1378 731 1458 761 velis.
1477 740 1528 758 non
1540 731 1657 767 dubito.)
1673 732 1768 763 velim.
1786 733 1809 759 ei
1821 732 1871 759 tibi

1077 777 1159 805 grave
1172 777 1222 796 non
1234 769 1292 799 erit,
1306 769 1445 795 certiorem
1458 778 1500 795 me
1512 768 1604 796 facias.

1043 2180 1045 2203 l

1131 846 1236 867 Lxxtv.
1255 847 1332 867 Aac.
1353 846 1446 874 Oppium
1466 850 1603 874 pne-ente-
1623 850 1645 867 et
1663 846 1762 867 ntuenti-
1781 846 1871 872 fga-iii

1047 901 1048 910 ἵ
1079 882 1167 906 negoti·
1177 882 1319 902 ‹onii-imm.
1349 884 1436 905 <nam-r,
1447 884 1537 906 Pomp-»m
1547 884 1569 901 ΙΙ.
1579 884 1646 902 cru-o
1657 884 1680 902 Π,
1690 891 1736 901 ιω.
1747 885 1802 905 aas.)

1047 922 1055 962 j
1147 926 1182 952 M.
1199 926 1229 953 T.
1246 926 1275 954 C.
1292 926 1320 953 S.
1336 927 1367 954 D.
1387 926 1420 960 Q.
1436 926 1619 954 PHILIPPO
1643 926 1804 954 Pnocos.

1134 959 1195 989 Etsi
1211 972 1263 990 non
1275 963 1383 995 dubito,
1401 973 1448 999 pro
1458 969 1503 991 tua
1517 965 1543 991 in
1556 973 1598 991 me
1609 964 1792 995 observantia.
1810 972 1872 1000 pm-

1078 1009 1131 1035 que
1158 1006 1244 1027 nostra
1271 1001 1483 1033 necessitudine,
1515 1003 1582 1037 quin
1611 1001 1872 1028 commendationem

1055 1065 1056 1073 ¹
1079 1046 1165 1064 meam
1178 1039 1305 1065 memoria
1319 1043 1422 1065 teneas:
1436 1044 1524 1065 tamen
1535 1040 1616 1065 etiam
1623 1039 1872 1074 atqueetiameum-
1914 1050 1915 1054 ¹

1055 1090 1057 1099 i
1078 1075 1140 1101 dem
1152 1075 1201 1101 tibi
1214 1076 1243 1102 L.
1256 1076 1384 1110 Oppium.
1402 1075 1562 1102 familiarem
1574 1084 1674 1107 meum,
1692 1080 1869 1111 praesentem,

1079 1117 1104 1138 et
1118 1113 1147 1138 1..
1165 1113 1286 1148 Egnatii.
1310 1112 1516 1140 familiarissimi
1537 1114 1604 1144 mei.
1625 1113 1745 1140 absentis
1765 1113 1871 1149 negotia
1927 1141 1932 1146 ,

1079 1150 1247 1176 commendo.
1274 1150 1355 1176 Tanta
1367 1150 1434 1177 mihi
1446 1159 1508 1177 cum
1519 1159 1551 1178 eo
1562 1149 1732 1178 necessitudo
1742 1155 1782 1176 est
1793 1149 1872 1177 fami·
1900 1183 1901 1186 Ἴ
1927 1151 1931 1183 j

1080 1187 1244 1222 liaritasque,
1254 1192 1290 1218 ut.
1300 1188 1323 1214 si
1334 1196 1393 1214 mea
1404 1196 1446 1214 res
1457 1193 1536 1219 esset.
1549 1197 1600 1215 non
1613 1189 1700 1224 magis
1712 1187 1870 1214 laborarem.
1902 1197 1906 1204 ¹

1079 1223 1246 1259 Quapropter
1259 1225 1445 1260 gratissimum
1459 1225 1528 1252 mihi
1544 1225 1653 1257 feceris,
1670 1225 1694 1252 si
1709 1225 1825 1255 curat-Is.
1842 1229 1873 1251 ut

1080 1263 1102 1288 is
1114 1261 1255 1298 intelligat,
1269 1270 1311 1288 me
1321 1271 1336 1288 a
1347 1267 1371 1289 te
1383 1267 1485 1290 tantum
1497 1263 1590 1293 amari.
1598 1267 1729 1298 quantum
1744 1262 1802 1298 ipse
1813 1262 1873 1289 exi-

1078 1299 1168 1326 stimo.
1209 1300 1262 1326 lloc
1277 1299 1345 1326 mihi
1360 1301 1463 1336 gratius
1479 1299 1565 1327 facere
1576 1299 1644 1327 nihil
1655 1305 1740 1335 potes.
1779 1300 1871 1335 ltaque

1079 1341 1108 1363 ut
1119 1336 1210 1368 facias,
1224 1341 1248 1364 te
1259 1337 1432 1365 vehementer
1442 1346 1515 1374 rogo.

1132 1415 1226 1436 Lxxv.
1241 1415 1259 1436 A
1267 1415 1319 1437 RG.
1330 1415 1395 1436 Titio
1405 1415 1478 1441 legato
1488 1415 1623 1436 commerui-t
1633 1415 1714 1436 ,hi-ni
1725 1415 1799 1437 Flacci
1808 1421 1870 1437 ειιιι-

1055 1461 1057 1484 Ι
1079 1456 1124 1470 snm
1135 1450 1309 1471 frumentari-m.
1337 1451 1426 1474 (Itomae,
1436 1452 1532 1475 Pompeio,
1542 1452 1624 1471 ,ud-llo
1633 1460 1672 1470 ru„
1689 1454 1741 1470 702)

1047 1489 1057 1531 ,⁴
1124 1495 1160 1522 Μ.
1177 1495 1208 1522 T.
1224 1495 1254 1522 C.
1272 1494 1301 1522 S.
1316 1495 1348 1522 D.
1369 1495 1400 1522 T.
1421 1495 1527 1522 TITIO
1547 1495 1577 1522 T.
1599 1495 1629 1522 F.
1651 1494 1818 1522 LEGATO.

1054 1543 1056 1576 ξ
1136 1543 1159 1567 t.
1174 1537 1237 1567 Etsi
1247 1550 1299 1568 non
1311 1540 1405 1568 dubito
1413 1561 1419 1572 ,
1433 1541 1499 1576 quin
1511 1540 1582 1576 apud
1593 1545 1618 1567 te
1629 1549 1688 1567 mea
1698 1540 1871 1567 commenda-

1047 1577 1056 1600 -ἕ
1077 1579 1114 1604 tio
1125 1578 1211 1613 prima
1222 1579 1288 1604 satis
1299 1577 1398 1607 valeat,
1422 1583 1509 1605 tamen
1524 1578 1659 1613 obsequor
1674 1578 1777 1604 homini
1792 1577 1871 1604 fami-

1078 1615 1230 1646 liarissimo,
1239 1615 1390 1642 C.Aviani0
1396 1614 1503 1641 Flacco:
1515 1616 1595 1641 cuius
1606 1623 1701 1642 caussa
1712 1615 1802 1642 omnia
1814 1620 1870 1642 tum

1077 1653 1157 1687 cupio
1165 1673 1171 1683 .
1189 1657 1246 1679 tum
1257 1651 1410 1679 mehercule
1420 1653 1501 1678 etiam
1511 1651 1606 1679 debeo.
1646 1653 1682 1679 De
1692 1661 1746 1687 quo
1757 1657 1783 1678 et
1793 1661 1871 1687 prae-

1076 1698 1138 1716 sens
1150 1694 1239 1716 tecum
1250 1690 1294 1725 egi
1304 1689 1461 1725 diligenter,
1478 1697 1565 1724 quum
1580 1694 1608 1716 tu
1624 1689 1693 1715 mihi
1704 1689 1872 1716 humanissi-
1918 1718 1923 1723 Ι

1077 1735 1120 1753 me
1139 1726 1315 1762 respondisti,
1331 1731 1358 1753 et
1371 1727 1470 1761 scripsi
1485 1726 1518 1752 ad
1534 1731 1558 1752 te
1574 1732 1696 1753 accurate
1710 1731 1801 1753 antea:
1822 1726 1870 1753 sed
1918 1726 1923 1737 “

1075 1769 1152 1800 putat
1161 1765 1290 1791 interesse
1299 1772 1357 1795 sua,
1371 1772 1414 1790 me
1425 1763 1459 1790 ad
1470 1768 1495 1790 te
1505 1771 1586 1798 quam
1596 1764 1756 1798 saepissime
1767 1763 1870 1790 scribe·

1053 1798 1055 1863 ¹
1076 1810 1114 1828 re.
1135 1801 1223 1834 Quare
1233 1801 1316 1828 velim
1328 1800 1396 1827 mihi
1408 1801 1540 1836 ignoscas,
1555 1801 1579 1827 si
1591 1800 1666 1827 illius
1680 1800 1811 1827 voluntati
1820 1801 1871 1828 ob—

1077 1844 1228 1874 temperans
1239 1839 1330 1865 minus
1342 1837 1454 1865 videbor
1465 1838 1790 1865 meminisseconstantiae
1797 1843 1868 1865 tuae.

1046 1882 1055 1906 ,3
1075 1878 1098 1903 2.
1120 1878 1140 1902 Α
1156 1881 1181 1902 te
1193 1876 1264 1902 idem
1277 1875 1345 1902 illud
1356 1880 1429 1910 peto.
1447 1880 1476 1901 ut
1486 1874 1519 1901 de
1532 1875 1601 1906 loco,
1617 1883 1672 1910 quo
1681 1874 1803 1910 deportet
1812 1874 1870 1902 fru-

1076 1918 1210 1945 mentum,
1228 1918 1254 1940 et
1269 1912 1302 1939 de
1314 1917 1432 1947 tempore
1443 1913 1557 1939 Avianio
1567 1912 1735 1939 commodes:
1753 1921 1869 1948 quorum
1888 1930 1890 1934 -

1052 1955 1054 1961 ¹
1075 1955 1221 1985 utrumque
1237 1959 1285 1985 per
1299 1949 1425 1976 eumdem
1437 1958 1479 1976 me
1494 1949 1611 1976 obtinuit
1625 1950 1785 1981 triennium,
1802 1949 1870 1976 dum

1052 1992 1054 2011 ι
1075 1988 1219 2023 Pompeius
1235 1988 1280 2014 isti
1295 1987 1401 2023 negotio
1415 1986 1541 2022 praefuit.
1580 1986 1691 2013 Summa
1701 1991 1754 2018 est,
1776 1988 1804 2013 in
1815 1995 1870 2022 quo
1890 1987 1891 1991 ’

1052 2021 1053 2048 l
1076 2025 1144 2052 mihi
1158 2025 1345 2061 gratissimum
1360 2023 1446 2051 facere
1457 2024 1559 2059 possis,
1577 2024 1601 2050 si
1610 2024 1727 2055 curaris,
1747 2029 1778 2051 ut
1786 2025 1870 2051 Avia-

1052 2050 1053 2092 i
1076 2063 1147 2093 nius,
1155 2062 1264 2097 quando
1275 2070 1304 2088 se
1314 2070 1329 2088 a
1340 2069 1383 2087 me
1394 2062 1477 2088 amari
1488 2066 1572 2096 putat,
1581 2069 1623 2088 me
1634 2070 1650 2088 a
1660 2066 1685 2088 te
1696 2061 1780 2088 amari
1789 2061 1867 2088 sciat.
1913 2062 1917 2079 ¹

1051 2093 1053 2124 l
1074 2100 1131 2127 Erit
1142 2099 1170 2127 id
1181 2099 1250 2126 mihi
1260 2103 1425 2134 pergratum.
1465 2097 1540 2125 Vale.

1050 2125 1053 2153 l

1050 2174 1052 2183 '
1127 2181 1232 2202 Lxxw.
1253 2181 1332 2202 aaa.
1347 2181 1421 2205 Petit,
1440 2183 1466 2201 ut
1483 2179 1554 2200 ivvffi
1575 2178 1656 2204 Valgia
1674 2178 1827 2207 penses-toni»
1843 2179 1869 2199 in
1911 2173 1915 2206 ζ

1049 2200 1052 2255 i
1074 2223 1125 2242 agro
1136 2215 1267 2242 Fregellano
1277 2219 1363 2244 emptae
1371 2215 1531 2236 immunitatem
1541 2217 1661 2242 praestent.

1390 2253 1454 2275 (Auno
1463 2252 1551 2273 incerto.)

1049 2317 1051 2320 .
1072 2297 1109 2323 M.
1125 2297 1155 2323 Τ.
1172 2296 1201 2323 C.
1218 2296 1245 2323 S.
1262 2297 1293 2322 D.
1309 2295 1432 2328 QUATT.
1448 2294 1537 2322 VIRIS
1551 2294 1596 2321 ET
1610 2293 1864 2321 DECURIONIBUS.

1048 2325 1051 2343 ⁵
1130 2336 1153 2360 ⁴.
1175 2329 1282 2360 Tantae
1293 2333 1361 2359 mihi
1371 2341 1433 2359 cum
1444 2332 1476 2365 Q.
1489 2332 1586 2367 Hippio
1596 2339 1707 2358 caussae
1717 2331 1871 2358 necessita*
1909 2358 1911 2361 ,

1072 2371 1145 2397 dinis
1156 2375 1227 2402 sunt,
1241 2376 1271 2397 ut
1281 2370 1350 2397 nihil
1361 2370 1446 2405 possit
1456 2378 1516 2396 esse
1525 2369 1697 2395 coniunctius
1705 2388 1711 2399 ,
1724 2376 1806 2403 quam
1817 2376 1866 2394 nos
1882 2399 1885 2403 .

1072 2409 1141 2435 inter
1152 2417 1200 2434 nos
1211 2416 1317 2434 sumus.
1343 2406 1420 2440 Quod
1431 2407 1485 2433 nisi
1496 2407 1531 2432 ita
1542 2410 1621 2436 esset,
1633 2410 1723 2432 uterer
1731 2413 1791 2432 mea
1801 2413 1867 2432 con-
1883 2422 1886 2428 ψ
1901 2436 1905 2437 ⁷

1071 2445 1230 2476 suetudine,
1248 2449 1278 2471 ut
1287 2444 1366 2471 vobis
1377 2443 1452 2471 nulla
1463 2444 1490 2470 in
1501 2451 1529 2469 re
1540 2442 1669 2469 molestus
1681 2451 1779 2469 essem.
1818 2442 1866 2469 Et-

1071 2483 1145 2509 enim
1156 2491 1204 2509 vos
1215 2482 1284 2508 mihi
1294 2482 1390 2517 optimi
1401 2485 1481 2508 testes
1494 2480 1568 2510 estis,
1576 2488 1662 2515 quum
1672 2479 1742 2506 mihi
1752 2487 1865 2514 persua-
1892 2481 1907 2514 ς’,

1071 2528 1133 2546 sum
1143 2524 1222 2550 esset,
1232 2519 1300 2545 nihil
1312 2527 1380 2550 esse,
1387 2517 1461 2553 quod
1470 2526 1485 2544 a
1495 2517 1574 2543 vobis
1585 2518 1727 2551 impetrare
1737 2525 1791 2543 non
1800 2524 1865 2551 pos-
1895 2524 1906 2539 ·.

1070 2565 1137 2587 sem.
1146 2564 1296 2591 numquam
1302 2565 1345 2582 me
1355 2560 1444 2582 tamen
1453 2563 1565 2590 gravem
1575 2554 1654 2580 vobis
1664 2562 1723 2580 esse
1733 2552 1869 2580 voluisse..
1891 2557 1902 2566 ’-

1070 2595 1096 2621 2.
1118 2593 1296 2620 Vehementer
1307 2593 1390 2629 igitur
1401 2601 1449 2618 vos
1459 2592 1540 2618 etiam
1553 2596 1633 2626 atque
1643 2591 1724 2617 etiam
1739 2599 1817 2626 rogo,
1833 2591 1882 2616 11ῒὲ
1901 2593 1905 2626 ],

1071 2630 1180 2657 honoris
1196 2631 1249 2657 mei
1262 2638 1358 2657 caussa
1373 2629 1562 2656 liberalissime
1573 2628 1602 2655 C.
1615 2627 1741 2664 Valgium
1751 2627 1867 2662 Hippia-

1859 3002 1890 3052 Ee>
