1941 3052
407 149 460 176 DE
494 149 810 176 INVENTIONE
845 150 930 176 LlB.
966 151 984 176 Ι.

40 220 166 248 ludicatio
190 224 238 251 est,
263 228 332 255 quae
351 228 384 246 ex
401 220 580 247 infirmatione
593 225 619 247 et
632 220 831 247 confirmatione

40 258 148 285 rationis
162 258 281 284 nascitur
298 259 486 284 controversia.
520 259 587 284 Nam
601 259 636 285 sit
650 267 679 284 ea
694 258 771 284 nobis
785 267 832 284 ex-

39 296 125 331 posita
138 296 212 327 ratio,
228 303 309 330 quam
324 295 414 330 paullo
428 300 487 321 ante
497 297 688 330 exposuimus:
704 295 750 322 illa
760 296 831 322 enim

40 341 139 364 meum,
154 333 251 367 inquit,
268 337 369 367 patrem
383 332 522 359 occiderat.
561 333 594 359 At
608 342 669 365 non,
685 333 773 367 inquit
785 332 832 359 ad—

40 371 182 401 versarius,
198 370 246 396 abs
260 374 285 395 te
299 369 353 396 filio
368 374 478 396 matrem
494 371 580 396 necari
594 371 724 405 oportuit,
746 371 832 404 potuit

39 408 110 434 enim
125 407 182 433 sine
196 411 242 433 tuo
255 407 354 433 scelere
369 407 444 433 illius
459 407 557 433 factum
572 408 672 442 puniri.
706 407 775 433 XIV.
791 408 832 433 Ex

40 445 88 471 hac
106 444 264 470 deductione
282 445 391 470 rationis
409 444 455 471 illa
473 454 579 471 summa
597 446 715 471 nascitur
727 449 832 471 contro-

40 482 134 512 versia,
147 490 229 516 quam
241 481 430 508 iudicationem
442 482 620 517 appellamus.
636 482 673 508 Ea
684 486 723 507 est
735 482 832 508 huius-

0 536 2 554 3,
40 519 124 545 modi:
154 519 299 545 Rectumne
322 519 410 551 fuerit,
436 519 469 545 ab
483 518 575 546 Oreste
600 524 711 545 matrem
734 519 829 550 occidi,

0 555 1 562 ¹
39 565 124 592 quum
138 556 184 583 illa
195 555 296 582 Orestis
310 561 412 591 patrem
425 556 575 583 occidisset.
610 558 650 582 49.
665 557 832 582 Firmamen-

39 598 97 621 tum
115 599 155 621 est
173 593 325 620 firmissima
342 594 534 629 argumentatio
548 592 696 619 defensoris
710 597 735 619 et
749 602 832 628 appo-

39 632 168 658 sitissima
182 631 214 658 ad
228 631 432 658 iudicationem:
453 635 482 657 ut
496 631 519 656 si
533 630 597 656 velit
611 630 717 657 Orestes
732 630 828 662 dicere,

39 669 172 696 eiusmodi
186 669 306 695 animum
317 668 408 694 matris
420 676 483 694 suae
495 667 578 694 fuisse
589 668 616 693 in
627 672 728 702 patrem
738 677 828 699 suum,
859 688 861 698 ,

39 708 67 733 in
81 716 109 733 se
123 707 214 741 ipsum
228 715 258 732 ac
271 714 382 736 sorores,
399 706 426 731 in
440 705 599 740 regnuni,in
614 705 711 731 famam
725 706 831 740 generis

39 750 64 772 et
87 743 210 775 familiae,
236 747 265 769 ut
288 743 321 769 ab
343 751 372 768 ea
390 751 489 777 poenas
508 742 583 768 liberi
602 743 644 769 sui
658 743 830 777 potissimum

40 786 127 817 petere
141 781 291 807 debuerint.
314 780 347 806 Et
360 780 388 806 in
401 781 496 806 ceteris
510 780 620 814 quidem
634 780 832 807 constitutioni-

39 819 90 846 bus
113 818 146 845 ad
168 818 241 844 hunc
263 817 374 844 modum
397 818 573 843 iudicationes
591 818 774 852 reperiuntur,
804 818 831 843 in
852 826 854 842 ι

39 855 209 884 coniecturali
228 859 316 881 autem
334 855 532 886 constitutione,
552 856 615 889 quia
635 855 699 881 ratio
714 863 765 881 non
780 859 828 886 est,

39 893 148 929 (factum
159 893 231 919 enim
245 901 296 918 non
311 892 485 927 conceditur,)
500 901 552 918 non
566 897 652 926 potest
666 900 698 918 ex
709 892 832 918 deducti-
852 913 860 923 „

38 939 88 958 one
102 930 210 957 rationis
226 930 299 956 nasci
312 930 449 956 iudicatio.
483 929 569 961 Quare
583 938 691 955 necesse
706 934 745 956 est
759 938 832 956 eam·
852 938 860 963 ,g

39 969 99 995 dem
117 976 177 994 esse
194 968 377 1003 quaestionem
396 971 421 993 et
434 967 633 997 iudicationem,
658 971 702 993 ut:
731 967 830 993 factum

39 1010 87 1037 est,
112 1014 163 1032 non
186 1009 226 1031 est
249 1004 362 1037 factum,
392 1004 525 1031 factumne
540 1004 592 1030 sit‘?
617 1004 686 1037 Quot
700 1009 788 1031 autem
803 1005 830 1030 in

38 1051 132 1070 caussa
145 1043 348 1069 constitutiones
362 1046 407 1068 aut
421 1050 512 1068 earum
524 1046 611 1076 partes
622 1046 708 1073 erunt,
721 1042 830 1068 totidem

39 1089 146 1107 necesse
165 1080 214 1106 erit
232 1080 411 1114 quaestiones,
432 1080 555 1111 rationes,
576 1079 761 1111 iudicationes⁷
787 1079 832 1105 fir-

38 1122 170 1145 mamenta
184 1117 302 1151 reperiri.

93 1155 140 1181 His
153 1155 279 1181 omnibus
292 1155 320 1180 in
334 1162 428 1180 caussa
443 1154 564 1189 repertis,
580 1158 637 1180 tum
649 1154 765 1189 denique
775 1155 832 1180 sin-
853 1167 854 1172 =

37 1192 116 1229 gulae
130 1196 217 1227 partes
231 1192 312 1218 totius
324 1200 433 1218 caussae
447 1191 654 1218 considerandae
666 1196 737 1218 sunt.
764 1192 829 1217 Nam
853 1185 861 1206 ¹

39 1238 90 1256 non
105 1234 134 1256 ut
147 1229 268 1264 quidque
282 1229 425 1255 dicendum
441 1230 568 1263 primum,
590 1230 625 1255 ita
640 1230 758 1264 primum
773 1229 831 1255 ani—
852 1230 861 1258 ι’

38 1267 258 1294 madvertendum
277 1266 396 1300 videtur,
422 1266 481 1293 ideo
500 1266 572 1301 quod
590 1266 644 1298 illa,
662 1275 730 1302 quae
745 1267 829 1301 prima
852 1263 860 1296 ’,

37 1304 172 1336 dicuntur,
189 1304 212 1331 si
227 1304 398 1330 vehementer
411 1304 478 1330 velis
492 1312 639 1339 congruere
652 1308 677 1330 et
691 1304 830 1330 cohaerere

37 1350 99 1369 cum
113 1350 216 1373 caussa,
237 1350 271 1368 ex
283 1341 326 1367 his
340 1341 422 1368 ducas
436 1346 547 1376 oportet,
561 1350 630 1376 quae
645 1346 704 1376 post
718 1342 830 1367 dicenda
852 1344 853 1349 ¹

37 1383 109 1406 sunt.
143 1378 230 1411 Quare
244 1387 329 1414 quum
344 1379 479 1410 iudicatio,
496 1383 520 1404 et
534 1387 564 1404 ca
577 1387 646 1413 quae
660 1379 693 1405 ad
706 1379 831 1405 iudicati-

36 1425 114 1443 onem
128 1420 230 1451 oportet
244 1420 399 1452 argumenta
413 1417 536 1447 inveniri,
550 1416 692 1451 diligenter
702 1421 779 1442 erunt
790 1425 831 1442 ar-

36 1454 118 1481 tificio
131 1458 243 1488 reperta,
251 1462 314 1480 cura
328 1457 353 1479 et
366 1454 524 1490 cogitatione
538 1458 703 1488 pertractata,
716 1458 773 1479 tum
785 1454 831 1479 de-

37 1492 119 1526 nique
131 1491 294 1517 ordinandae
308 1495 371 1517 sunt
388 1495 489 1517 ceterae
508 1495 596 1525 partes
609 1491 746 1517 orationis.
778 1491 830 1516 Eae

37 1533 124 1564 partes
147 1537 195 1554 sex
217 1537 275 1554 esse
295 1528 404 1554 omnino
419 1528 496 1554 nobis
511 1528 649 1554 videntur:
679 1528 828 1559 exordium,

37 1567 158 1597 narratio,
175 1566 290 1600 partitio,
306 1566 480 1596 confirmatio,
493 1565 828 1600 reprehensio,conclusio.

37 1604 113 1630 Nunc
130 1603 257 1638 quoniam
276 1603 415 1629 exordium
434 1603 558 1637 princeps
576 1603 697 1629 omnium
712 1612 770 1629 esse
785 1603 831 1628 ‹le-

37 1641 88 1672 bet,
115 1649 162 1667 nos
185 1649 294 1675 quoque
318 1641 436 1675 primurn
465 1641 493 1666 in
519 1640 648 1667 rationem
675 1640 829 1666 exordiendi
852 1653 860 1675 g

37 1682 174 1713 praecepta
189 1678 323 1704 dabimus.
852 1694 853 1708 ,

90 1715 148 1743 XV.
164 1717 203 1743 20.
227 1715 375 1742 Exordium
398 1720 438 1741 est
459 1715 541 1742 oratio
560 1716 680 1741 animum
700 1715 830 1741 auditoris
852 1712 853 1718 ¹

36 1752 130 1780 idonee
143 1761 299 1787 comparans
313 1752 344 1779 ad
359 1752 488 1788 reliquam
504 1753 661 1785 dictionem3
682 1752 755 1787 quod
769 1760 831 1778 eve-

37 1791 99 1822 niet,
125 1791 148 1817 si
171 1798 233 1817 eum
252 1790 422 1821 benevolum,
442 1794 582 1821 attentum,
599 1790 712 1817 docilem
729 1789 828 1816 fecerit.

36 1826 122 1860 Quare
135 1828 183 1863 qui
197 1828 264 1854 bene
278 1827 393 1854 exordiri
404 1836 526 1854 caussam
541 1827 620 1859 volet,
645 1836 707 1854 eum
722 1836 830 1853 necesse

36 1869 76 1892 est
98 1873 184 1901 genus
207 1873 271 1892 suae
293 1873 403 1891 caussae
421 1865 564 1901 diligenter
582 1870 641 1891 ante
659 1873 828 1901 cognoscere.

36 1902 138 1930 Genera
151 1911 307 1929 caussarum
322 1907 385 1929 sunt
399 1903 529 1938 quinque,
547 1902 698 1933 honestum,
715 1902 831 1928 admira-

35 1939 98 1972 bite,
114 1940 225 1971 humile,
246 1948 352 1975 anceps,
368 1940 524 1966 obscurum.
559 1940 705 1966 Honestum
720 1949 830 1966 caussae

54 1985 120 2004 enus
142 1982 191 2009 est,
217 1978 261 2004 cui
284 1978 373 2004 statim
391 1978 449 2004 sine
467 1978 584 2004 oratione
598 1982 686 2004 nostra
701 1977 829 2003 auditoris

47 2019 106 2041 avet
123 2015 244 2048 animus3
268 2014 434 2045 admirabile.
459 2024 473 2041 a
492 2023 546 2050 quo
565 2014 696 2041 alienatus
714 2019 753 2041 est
772 2015 830 2041 ani-
851 2028 853 2037 ι

36 2059 96 2078 mus
111 2060 212 2083 eorum,
228 2052 276 2087 qui
291 2052 408 2079 audituri
423 2057 499 2085 sunt3
528 2052 641 2084 humile,
656 2052 729 2087 quod
744 2052 830 2088 negli-

35 2089 107 2125 gitur
129 2089 162 2116 ab
176 2089 296 2116 auditore
310 2094 335 2116 et
354 2098 406 2116 non
424 2098 521 2125 magno
539 2098 618 2124 opere
637 2090 828 2116 attendendum

36 2126 154 2159 videtur;
180 2135 287 2162 anceps,
308 2127 335 2153 in
353 2135 407 2162 quo
426 2132 471 2153 aut
489 2127 616 2154 iudicatio
634 2127 716 2153 dubia
731 2132 770 2154 est
784 2132 829 2154 aut
858 2137 859 2154 i

35 2171 128 2190 caussa
150 2168 176 2191 et
199 2164 345 2191 honestatis
363 2168 389 2190 et
406 2164 583 2199 turpitudinis
602 2165 744 2199 particeps,
761 2169 829 2191 utet

35 2199 247 2228 benevolentiam
266 2201 350 2236 pariat
368 2205 393 2228 et
410 2201 596 2234 offensionem,
624 2201 780 2233 obscurum,
801 2202 828 2228 in
857 2190 859 2243 i

857 2325 858 2335 t

852 1074 854 1091 1
860 1068 861 1073 .

35 2245 88 2274 quo
102 2243 147 2265 aut
160 2238 227 2265 tardi
242 2238 376 2265 auditores
390 2243 453 2265 sunt
466 2244 511 2266 aut
525 2238 724 2265 difficilioribus
738 2239 771 2265 ad
784 2248 829 2265 co-

35 2275 216 2311 gnoscendum
243 2276 357 2311 negotiis
383 2284 476 2303 caussa
500 2276 635 2311 implicata
659 2281 708 2303 est.
742 2277 828 2309 Quare

36 2313 161 2348 quoniam
176 2317 228 2340 tam
243 2313 348 2339 diversa
360 2317 422 2339 sunt
432 2322 528 2349 genera
538 2322 703 2345 caussarum,
713 2314 828 2340 exordiri

35 2357 142 2385 quoque
156 2350 256 2385 dispari
271 2351 371 2377 ratione
385 2351 412 2376 in
427 2359 480 2377 uno
494 2359 602 2386 quoque
612 2360 709 2387 genere
720 2360 828 2377 necesse

35 2391 84 2414 est.
99 2387 183 2423 Igitur
194 2387 334 2414 exordium
350 2388 376 2413 in
391 2387 458 2414 duas
469 2393 556 2422 partes
567 2389 742 2419 dividitur,in
754 2389 829 2423 prin-

35 2423 136 2459 cipium
151 2429 176 2451 et
190 2425 407 2451 insinuationem.
431 2426 595 2460 Principium
610 2430 650 2452 est
663 2427 754 2457 oratio,
768 2435 828 2460 per-

35 2461 128 2496 spicue
141 2466 166 2489 et
180 2463 302 2497 protinus
316 2461 435 2489 efficiens
447 2462 595 2489 auditorem
610 2463 771 2490 benevolum
783 2468 828 2489 aut
850 2474 851 2494 ;

35 2497 147 2526 docilem
161 2503 206 2526 aut
220 2503 358 2526 attentum.
394 2500 540 2526 Insinuatio
559 2505 598 2526 est
615 2501 698 2527 oratio
711 2500 827 2535 quadam
850 2499 851 2508 ¹

35 2534 248 2563 dissimulatione
262 2541 286 2563 et
300 2537 457 2563 circuitione
470 2537 583 2564 obscure
597 2537 710 2564 subiens
724 2538 828 2564 audito-

35 2571 71 2599 ris
84 2573 214 2600 animum.

89 2611 131 2637 2⁴.
154 2611 182 2637 ln
201 2610 351 2637 admirabili
369 2620 466 2647 genere
479 2620 598 2642 caussae,
615 2613 638 2638 si
653 2620 704 2638 non
718 2613 828 2639 omnino

35 2645 125 2674 infesti
139 2647 273 2675 auditores
287 2653 373 2679 erunt,
384 2649 515 2684 principio
530 2649 742 2676 benevolentiam
754 2658 828 2675 coni-

35 2690 125 2717 parure
142 2685 239 2713 licebit.
264 2685 310 2712 Sin
325 2690 402 2713 erunt
417 2686 588 2714 veliementer
601 2687 751 2718 abalienati,
764 2695 828 2713 con·
848 2707 850 2715 .

1020 150 1117 176 CAP.
1155 152 1179 175 Η
1205 165 1241 168 —-
1267 150 1302 175 27.
1646 156 1671 176 4!

885 220 976 256 fugere
991 229 1099 247 necesse
1113 221 1161 246 erit
1176 220 1208 245 ad
1223 221 1440 246 insinuationem.
1475 220 1541 246 Nam
1556 220 1589 246 ab
1604 221 1677 247 iratis

883 258 906 283 si
921 259 1062 292 perspicue
1084 266 1136 292 pax
1156 262 1180 283 et
1195 257 1380 283 benevolentia
1395 258 1502 291 petitur,
1528 266 1580 283 non
1599 259 1677 284 modo

883 304 913 321 ea
927 304 979 321 non
993 295 1137 325 invenitur,
1160 294 1207 320 sed
1221 295 1258 320 ira
1273 299 1386 330 augetur
1399 299 1478 329 atque
1498 294 1678 321 inflammatur

882 332 952 358 odio.
988 333 1015 358 In
1028 331 1125 358 humili
1139 337 1227 358 autem
1241 340 1337 367 genere
1351 340 1461 357 caussae
1471 333 1678 367 contemptionis

883 369 1015 395 tollendae
1032 378 1127 395 caussa
1145 378 1253 395 necesse
1272 370 1320 395 erit
1338 374 1467 395 attentum
1482 369 1587 395 efficere
1602 370 1679 396 audi-

884 411 976 433 torem.
1011 406 1116 441 Anceps
1135 415 1221 442 genus
1239 415 1357 437 caussae,
1376 407 1398 432 si
1413 406 1523 432 dubiam
1538 407 1679 433 iudicatio-

884 452 945 470 nem
967 444 1084 474 habebit,
1110 445 1143 470 ab
1166 445 1225 478 ipsa
1239 444 1401 470 iudicatione
1415 444 1608 470 exordiendum
1627 450 1676 470 est.

884 481 931 506 Sin
952 486 1040 507 autem
1061 486 1161 515 partem
1181 481 1357 515 turpitudinis
1375 486 1401 506 et
1415 486 1517 515 partem
1532 482 1678 507 honestatis

885 518 1000 549 babebit,
1015 518 1227 544 benevolentiam
1241 524 1345 553 captare
1359 519 1499 552 oportebit,
1513 520 1580 545 utin
1592 528 1678 554 genus

884 555 1026 582 honestum
1050 564 1144 581 caussa
1167 556 1292 581 translata
1311 556 1442 581 videatur.
1481 555 1571 588 Quum
1589 562 1677 582 auten]

883 593 932 618 crit
947 593 1089 618 honestum
1103 601 1213 618 caussae
1227 602 1320 628 genus,
1342 593 1383 619 vel
1398 595 1534 627 praeteriri
1549 594 1679 628 principi—

883 639 929 655 um
944 630 1039 664 poterit
1053 629 1104 660 vel,
1121 630 1143 655 si
1158 631 1328 656 commodum
1344 630 1431 661 fuerit,
1444 636 1488 656 aut
1503 640 1515 657 a
1531 632 1678 657 narratione

883 667 1045 701 incipiemus
1060 672 1104 693 aut
1118 676 1131 692 a
1147 667 1204 702 lege
1216 673 1259 693 aut
1270 668 1303 693 ab
1314 667 1403 702 aliqua
1415 668 1567 694 firmissima
1578 669 1678 695 ratione

884 709 986 730 nostrae
1001 704 1139 737 dictionisj.
1165 705 1206 730 siu
1222 705 1259 730 uti
1275 706 1406 739 principio
1423 705 1544 739 placebit,
1562 706 1678 732 benevo-

884 741 979 767 lentiae
998 742 1119 775 partibus
1139 742 1268 767 utendum
1288 747 1336 772 est,
1358 747 1386 768 ut
1400 742 1428 767 id
1441 743 1513 777 quod
1528 748 1566 769 est
1581 752 1678 775 auf-*ea-

883 783 935 805 tur.
966 779 1036 805 XVI.
1052 780 1080 805 In
1094 779 1208 805 obscuro
1222 788 1332 805 caussae
1346 788 1442 814 genere
1457 789 1503 814 per
1514 777 1677 814 principium

883 816 982 842 dociles
993 816 1127 842 auditores
1142 816 1246 842 efficere
1259 817 1400 851 oportebit.
1436 818 1521 847 Nunc,
1538 819 1674 852 quoniam.

859 872 860 875 η
882 862 950 888 quas
965 862 1006 879 res
1020 853 1128 880 exordio
1142 854 1271 879 conficere
1284 858 1411 888 oporteat,
1428 854 1530 880 dictum
1545 860 1597 881 est:
1616 856 1678 881 reli-

882 900 966 925 quum
987 896 1034 922 est,
1058 895 1085 917 ut
1103 891 1266 922 ostendatur,
1287 891 1388 926 quibus
1406 900 1529 926 quaeque
1544 901 1585 918 res
1600 894 1678 918 ratio-

883 929 963 954 nibus
977 929 1071 955 confici
1086 929 1179 963 possit.

938 968 979 993 22.
1006 966 1193 992 Benevolentia
1216 970 1342 1001 quattuor
1360 975 1393 993 ex
1413 966 1478 993 locis
1492 972 1675 1001 comparatur:

883 1004 915 1029 ab
930 1008 1026 1033 nostra,
1043 1004 1075 1029 ab
1090 1003 1313 1033 adversariorum,
1329 1004 1361 1029 ab
1375 1004 1496 1030 iudicum
1512 1013 1632 1039 persona,
1649 1006 1681 1032 ab

859 1055 861 1060 ν
883 1042 941 1075 ipsa
955 1050 1059 1067 caussa.
1089 1041 1129 1067 Ab
1144 1046 1241 1072 nostra,
1257 1042 1280 1067 si
1294 1041 1327 1067 de
1342 1042 1439 1067 nostris
1455 1041 1529 1068 factis
1544 1047 1568 1068 et
1582 1042 1680 1068 officiis

883 1079 941 1104 sine
955 1079 1103 1114 arrogantia
1117 1078 1253 1111 dicemus3
1282 1080 1305 1104 si
1323 1079 1434 1105 crimina
1448 1079 1520 1105 illata
1535 1084 1559 1105 et
1574 1079 1678 1114 aliquas

883 1117 974 1142 minus
998 1116 1123 1142 honestas
1145 1117 1313 1150 suspiciones
1333 1117 1444 1142 iniectas
1465 1116 1615 1143 diluemus:
1644 1117 1677 1144 si.

883 1162 951 1188 quae
965 1153 1133 1180 incommoda
1148 1154 1292 1180 acciderint
1306 1159 1352 1180 aut
1365 1162 1433 1188 quae
1447 1154 1546 1180 instent
1561 1154 1680 1180 difficul-

883 1196 957 1222 tates
974 1191 1154 1225 proferemus,
1175 1192 1198 1217 si
1213 1200 1290 1226 prece
1305 1196 1329 1217 et
1342 1191 1523 1218 obsecratione
1538 1192 1634 1218 humili
1650 1201 1678 1217 ac

883 1228 1131 1263 supplici-utemur.
1166 1228 1206 1255 Ab
1228 1229 1441 1255 adversariorum
1464 1234 1561 1260 autem,
1587 1230 1609 1255 si
1634 1238 1678 1255 eos

883 1271 928 1292 aut
945 1267 973 1292 in
991 1266 1084 1292 odium
1103 1271 1148 1293 aut
1166 1267 1193 1292 in
1207 1266 1338 1292 invidiam
1352 1271 1397 1292 aut
1411 1267 1438 1292 in
1452 1268 1677 1301 contemptionem

882 1304 1058 1330 adducemus.
1092 1305 1121 1330 In
1143 1304 1236 1330 odium
1258 1304 1432 1335 adducentur,
1457 1305 1480 1330 si
1499 1304 1572 1339 quod
1586 1314 1677 1331 eorum

882 1350 987 1375 spurce,
1004 1342 1128 1375 superbe,
1140 1341 1292 1372 crudeliter,
1310 1341 1440 1367 malitiose
1452 1341 1551 1368 factum
1562 1342 1677 1376 profere-

882 1383 938 1411 tur,
964 1379 991 1405 in
1006 1379 1145 1410 invidiam,
1162 1379 1185 1405 si
1200 1379 1240 1405 vis
1255 1388 1356 1409 eorum,
1369 1380 1494 1413 potentia,
1508 1379 1679 1410 divitiae,‹·o—

881 1417 980 1451 gnatio,
998 1417 1126 1450 pecuniae
1141 1416 1308 1451 proferentur
1326 1421 1405 1451 atque
1419 1425 1511 1442 eorum
1526 1426 1593 1443 usus
1608 1426 1679 1443 arro-

882 1462 949 1488 gans
973 1458 997 1479 et
1020 1453 1205 1485 intolerabilis,
1222 1453 1308 1479 uthis
1326 1454 1406 1480 rebus
1425 1455 1511 1489 magis
1526 1454 1676 1484 videantur,

882 1499 963 1525 quam
978 1499 1088 1517 caussae
1102 1500 1166 1517 suae
1180 1491 1325 1523 confidere3
1351 1491 1378 1517 in
1393 1492 1617 1525 contemptionem
1633 1492 1679 1517 ad-

882 1528 1023 1559 ducentur,
1040 1529 1062 1554 si
1077 1537 1169 1554 eorum
1184 1529 1287 1559 inertia,
1308 1528 1479 1564 negligentia,
1500 1530 1615 1564 ignavia,
1633 1529 1678 1555 de-

882 1565 1014 1591 sidiosum
1038 1566 1159 1591 studium
1186 1570 1210 1591 et
1235 1565 1404 1591 luxuriosum
1418 1566 1503 1592 otium
1519 1566 1676 1601 proferetur.

883 1603 923 1629 Ab
937 1603 1088 1629 auditorum
1105 1611 1215 1637 persona
1230 1602 1413 1629 benevolentia
1428 1604 1586 1638 captabitur,
1599 1605 1621 1630 si
1637 1613 1678 1630 res

883 1640 916 1666 ab
930 1640 972 1666 his
991 1639 1101 1671 fortiter,
1125 1641 1267 1674 sapienter,
1284 1646 1422 1666 mansuete
1436 1646 1527 1674 gestae
1541 1641 1679 1676 proferen-

882 1682 934 1709 tur,
951 1682 980 1704 ut
994 1686 1026 1704 ne
1040 1686 1093 1712 qua
1108 1678 1250 1704 assentatio
1265 1679 1346 1704 nimia
1362 1679 1541 1713 significetur:
1558 1684 1582 1705 et
1597 1680 1628 1709 si,
1646 1679 1678 1705 de

882 1715 924 1741 bis
944 1724 1025 1750 quam
1045 1715 1155 1741 honesta
1173 1716 1344 1745 existimatio,
1361 1720 1514 1750 quantaque
1529 1725 1621 1742 eorum
1636 1717 1678 1742 iu-

859 1749 860 1754 *
882 1753 945 1778 dicii
969 1757 994 1779 et
1020 1753 1183 1779 auctoritatis
1208 1753 1370 1787 exspectatio
1389 1753 1431 1784 sit,
1447 1754 1616 1781 ostendetur:
1646 1755 1678 1781 ab

882 1791 949 1825 ipsis
964 1790 1084 1822 rebus,si
1097 1796 1212 1817 nostran·
1225 1799 1347 1816 caussam
1361 1790 1492 1817 laudando
1506 1791 1675 1823 extollemus,

859 1839 860 1842 ¹
882 1828 1095 1854 adversariorum
1110 1837 1232 1854 caussam
1244 1837 1291 1863 per
1304 1829 1528 1863 contemptionem
1544 1829 1678 1863 deprime-

882 1874 952 1891 mus.
981 1867 1023 1892 ⁶23.
1048 1865 1167 1892 Attentos
1186 1870 1275 1892 autem
1290 1865 1428 1897 faciemus,
1445 1867 1467 1892 si
1483 1866 1678 1893 demonstrabi-

881 1911 943 1928 mus
957 1911 996 1933 ea,
1014 1911 1083 1937 quae
1097 1903 1194 1929 dicturi
1209 1903 1318 1934 crimus,
1349 1912 1453 1939 magna,
1471 1913 1546 1934 nova,
1563 1905 1678 1931 incredi-

881 1940 945 1966 bilia
960 1948 1027 1970 esse,
1048 1945 1091 1966 aut
1108 1940 1138 1966 ad
1153 1950 1246 1967 omncs
1262 1945 1305 1966 aut
1321 1941 1352 1967 ad
1367 1950 1420 1971 eos,
1437 1942 1484 1975 qui
1499 1941 1616 1971 audient,
1633 1948 1676 1968 aut

881 1977 914 2003 ad
935 1977 1040 2012 aliquos
1060 1977 1178 2004 illustres
1193 1978 1315 2004 homines
1329 1983 1374 2004 aut
1388 1979 1420 2004 ad
1436 1979 1500 2005 deos
1514 1980 1677 2006 inunortales

881 2020 926 2041 aut
945 2015 977 2041 ad
991 2024 1124 2041 summani
1140 2015 1333 2050 rempublicam
1350 2017 1494 2050 pertinere3
1523 2022 1547 2043 et
1562 2018 1583 2042 si
1600 2017 1677 2051 polli-

881 2052 1011 2083 cebimur,
1020 2061 1068 2079 nos
1083 2053 1156 2079 brevi
1173 2058 1289 2079 nostram
1304 2062 1425 2079 caussam
1438 2054 1674 2083 demonstraturos.

881 2094 961 2124 atque
987 2098 1154 2124 exponemus
1177 2090 1365 2117 iudicationem
1390 2096 1435 2117 aut
1454 2091 1637 2122 iudicationes,
1654 2094 1675 2118 si

881 2127 972 2162 plures
995 2132 1083 2153 erunt.
1118 2128 1220 2153 Dociles
1246 2128 1380 2154 auditores
1395 2128 1534 2159 faciemus,
1551 2130 1572 2155 si
1588 2135 1676 2163 apcrw

858 2159 859 2174 ¹
881 2169 905 2190 et
920 2165 1037 2191 breviter
1055 2174 1188 2191 summam
1204 2174 1314 2191 caussae
1328 2174 1504 2200 exponemus,
1522 2166 1570 2192 hoc
1585 2172 1632 2195 est.
1650 2168 1676 2193 in

880 2211 934 2237 quo
957 2203 1085 2228 consistat
1107 2203 1295 2229 controversia.
1331 2204 1396 2229 Nam
1420 2208 1445 2229 ct
1463 2212 1548 2238 quum
1563 2204 1675 2230 docilem

881 2239 948 2266 velis
967 2239 1060 2269 facere,
1080 2240 1161 2265 simul
1181 2245 1310 2266 attentum
1332 2240 1411 2266 facias
1429 2246 1540 2275 oportet.
1577 2242 1640 2267 Nam
1654 2243 1676 2267 is

881 2277 997 2303 maxime
1007 2276 1102 2303 docilis
1112 2279 1211 2312 cst,qui
1224 2278 1399 2304 attentissime
1407 2282 1446 2303 est
1458 2283 1564 2312 paratus
1575 2278 1675 2304 audire.

936 2314 1017 2340 xvu.
1031 2315 1115 2345 Nunc,
1129 2315 1323 2341 insinuationes
1333 2315 1560 2349 quemadmodum
1573 2317 1674 2342 tractari

879 2352 1028 2382 conveniat,
1044 2351 1171 2386 deinceps
1185 2352 1329 2378 dicendum
1346 2352 1459 2378 videtur.
1496 2353 1675 2379 lusinuatione

881 2389 962 2424 igitur
980 2389 1110 2414 utendum
1129 2393 1178 2419 cst,
1194 2398 1279 2423 quum
1295 2389 1451 2415 admirabile
1465 2399 1551 2422 grurus
1565 2399 1675 2416 caussae

880 2430 927 2456 est,
945 2426 994 2451 boc
1007 2430 1055 2456 est,
1074 2431 1101 2452 ut
1116 2431 1175 2452 ante
1189 2426 1412 2461 ‹lixinius,qmuu
1425 2428 1531 2452 animus
1545 2428 1675 2454 auditoris

880 2462 994 2489 infestus
1009 2467 1057 2488 est.
1093 2463 1120 2489 ld
1135 2468 1222 2489 autem
1239 2464 1325 2489 tribus
1339 2473 1371 2489 cx
1385 2465 1489 2489 caussis
1504 2465 1530 2490 tit
1543 2466 1671 2491 maxime:

879 2501 902 2526 si
917 2505 962 2526 aut
977 2501 1045 2526 inest
1059 2500 1085 2526 in
1105 2501 1161 2534 ipsa
1176 2509 1270 2526 caitissa
1284 2501 1415 2535 quaedam
1432 2502 1569 2535 turpitudo
1583 2508 1626 2528 aut
1642 2503 1674 2528 ab

880 2538 922 2568 iis,
938 2538 985 2572 qui
1001 2542 1060 2563 ante
1075 2537 1209 2567 dixerunt,
1226 2538 1278 2563 iam
1293 2538 1422 2572 ‹piiddam
1438 2539 1551 2565 auditori
1565 2549 1674 2574 persua-

879 2583 939 2600 sum
968 2574 1074 2600 videtur
1100 2580 1144 2601 aut
1168 2584 1198 2600 eo
1225 2580 1343 2609 tempore
1368 2575 1440 2601 locus
1459 2576 1564 2603 dicendi
1585 2578 1671 2604 (latiur.

879 2621 964 2646 quum
984 2613 1036 2638 iam
1057 2611 1105 2642 illi,
1121 2621 1190 2647 quos
1204 2612 1296 2638 audire
1308 2618 1418 2647 oportet,
1435 2613 1533 2640 defessi
1549 2620 1611 2640 sunt
1626 2623 1673 2640 au-

878 2649 985 2675 diendo.
1021 2649 1086 2675 Nam
1111 2659 1144 2675 ex
1167 2649 1214 2675 bac
1239 2658 1347 2684 quoque
1366 2659 1393 2676 re
1410 2660 1460 2676 non
1476 2652 1575 2681 minus,
1591 2661 1672 2686 quani

878 2695 911 2713 ex
930 2687 1024 2722 primis
1043 2686 1158 2717 (umbus,
1181 2687 1207 2713 iu
1225 2692 1326 2714 oratore
1345 2696 1547 2723 nonnumquam
1567 2690 1671 2715 animus

1452 2738 1467 2761 o
