1941 3052
641 139 842 167 BRUTUS.
877 140 974 167 CAP.

86 211 163 246 quasi
182 210 313 237 notatione
331 213 479 244 temporum
499 214 524 236 et
540 209 573 237 ad
590 210 626 242 id,
647 211 719 246 quod
737 211 876 237 instituisti

86 252 218 274 oratorum
240 255 337 282 genera
360 247 526 282 distinguere
548 248 691 279 aetatibus,
714 249 792 274 istam
815 248 877 274 dili-

86 285 201 321 gentiam
224 292 282 310 esse
305 285 528 311 accommodatam
552 289 626 320 puto.
660 286 703 312 75.
722 286 814 316 Recte,
835 285 877 311 in-

86 330 176 357 quam,
196 322 289 352 Brute,
311 321 453 357 intelligis:
476 326 555 356 atque
569 323 671 348 utinam
686 326 818 349 exstarent
831 321 876 349 illa

85 359 213 390 carmina,
233 367 301 393 quae
320 358 413 385 multis
431 359 544 385 saeculis
563 364 622 386 ante
636 369 711 386 suam
726 364 835 386 aetatem
849 360 876 385 in

85 395 173 431 epulis
191 404 249 422 esse
267 396 390 422 cantitata
407 405 421 422 a
436 396 550 431 singulis
564 397 685 423 convivis
699 397 731 422 de
745 397 876 423 clarorum

85 434 204 460 virorum
227 432 362 464 laudibus,
386 433 414 459 in
437 433 593 469 Originibus
616 435 745 468 scriptum
769 433 877 468 reliquit

85 470 161 497 Cato!
186 470 285 496 Tamen
303 470 391 501 illius,
412 479 493 505 quem
511 472 538 497 in
553 472 660 497 vatibus
674 476 699 497 et
712 471 811 497 Faunis
826 479 877 497 nu-

85 511 169 534 merat
181 507 293 539 Ennius,
309 507 411 534 bellum
426 509 566 539 Punicum,
580 509 657 543 quasi
668 508 785 544 Myronis
797 516 873 542 opuS,
898 514 899 519 ¹

84 544 205 571 delectat.
238 545 280 571 76.
305 544 345 571 Sit
366 545 470 572 Ennius
494 554 570 576 sane,
593 550 623 572 ut
641 550 681 571 est
698 550 776 576 certe,
790 545 877 579 perfe—
898 574 899 577 Ἰ

84 582 162 608 otior:
185 582 233 617 qui
256 582 278 608 si
301 582 393 613 illum,
419 587 448 608 ut
465 582 586 613 simulat,
611 587 802 613 contemneret,
824 591 875 609 non
898 583 899 590 ¹

83 620 173 646 omnia
183 619 252 645 bella
263 628 434 654 persequens,
447 619 563 654 primum
574 619 641 645 illud
651 620 792 650 Punicum,
805 628 877 645 acer-
898 619 899 623 ’

84 657 184 683 rimum
198 656 300 683 bellum
314 656 475 692 reliquisset.
510 656 562 683 Sed
576 657 634 691 ipse
648 657 721 687 dicit,
737 665 785 683 cur
799 657 825 682 id
838 656 876 682 fa-

84 694 148 725 ciat,
164 709 201 714 -—
213 709 250 713 --
262 696 394 727 scripsere,
403 694 498 728 inquit,
507 695 555 720 alii
565 703 618 720 rem
627 696 750 724 versibus,
759 709 795 713 —
805 709 840 713 ——
851 698 877 720 et
897 710 899 719 v

84 730 218 758 luculente
236 731 345 766 quidem
363 731 539 765 scripserunt,
556 731 660 757 etiamsi
679 731 778 762 minus,
794 740 875 766 quam

84 773 122 800 tu,
147 768 238 803 polite.
272 768 325 794 Nec
341 776 404 794 vero
422 768 469 794 tibi
488 767 563 794 aliter
580 768 666 794 videri
682 768 773 801 debet,
796 769 843 803 qui
862 777 875 794 a

84 806 182 832 Naevio
196 805 238 831 vel
257 806 397 840 sumpsisti
412 804 504 837 multa,
525 806 548 832 si
563 805 660 837 fateris,
678 805 728 836 vel,
745 806 769 832 si
783 814 872 841 negas,

83 842 246 877 surripuisti.

137 880 180 905 77.
203 879 270 906 Cum
288 879 338 906 hoc
358 879 454 906 Catone
471 880 625 915 grandiores
644 884 707 906 natu
722 879 831 906 fuerunt
844 880 873 906 C.

83 916 240 948 Flaminius,
265 917 293 944 C.
309 917 398 948 Varro,
423 916 453 949 Q.
474 918 616 949 Maximus,
641 917 671 950 Q.
688 916 820 948 Metellus,
844 918 873 943 P.

83 954 222 985 Lentulus,
246 955 275 981 P.
300 954 421 986 Crassus,
447 955 495 990 qui
518 963 579 981 cum
598 955 735 989 superiore
752 953 875 981 Africano

82 991 175 1018 consul
190 991 249 1018 suit.
283 992 375 1026 Ipsum
390 991 542 1026 Scipionem
556 993 707 1027 accepimus
722 1000 773 1018 non
788 991 875 1018 infan-

82 1034 135 1055 tem
150 1028 243 1055 fuisse.
277 1029 362 1056 Filius
380 1029 489 1064 quidem
509 1030 576 1060 eius,
593 1030 624 1060 is,
641 1030 688 1064 qui
702 1029 774 1055 hunc
788 1030 876 1055 mino-

82 1075 137 1093 rem
152 1066 302 1101 Scipionem
321 1075 335 1092 a
348 1066 441 1093 Paullo
455 1067 597 1101 adoptavit,
614 1068 636 1093 si
650 1075 758 1101 corpore
773 1066 874 1093 valuis-

82 1108 130 1135 set,
145 1104 173 1130 in
187 1104 281 1139 primis
295 1104 402 1130 habitus
417 1109 487 1130 esset
500 1104 630 1130 disertus:
657 1104 776 1131 indicant
788 1113 873 1139 quum
895 1115 897 1122 ¹

82 1140 262 1168 oratiunculae
284 1145 341 1167 tum
364 1141 474 1168 historia
496 1141 627 1176 quaedam
646 1141 754 1173 Graeca,
775 1142 873 1176 scripta

82 1178 247 1205 dulcissime.
280 1178 342 1204 XX.
366 1179 408 1205 78.
432 1179 603 1213 Numeroque
625 1179 717 1205 eodem
742 1178 792 1205 fuit
810 1179 871 1206 Sex.

82 1216 182 1247 Aelius,
207 1216 274 1242 iuris
293 1216 403 1251 quidem
426 1216 514 1242 civilis
536 1217 657 1243 omnium
681 1216 870 1251 peritissimus,

81 1253 129 1279 sed
151 1254 230 1280 etiam
252 1253 285 1280 ad
302 1253 446 1280 dicendum
466 1258 586 1288 paratus:
609 1254 642 1279 de
661 1254 810 1280 minoribus
825 1262 873 1279 au-

82 1296 144 1322 tem,
161 1290 189 1317 C.
206 1290 343 1325 Sulpicius
358 1290 460 1322 Gallus,
477 1292 524 1326 qui
539 1292 654 1317 maxime
664 1292 785 1317 omnium
797 1291 873 1317 nobi-

82 1327 148 1354 lium
172 1327 279 1354 Graecis
303 1327 397 1354 litteris
419 1328 536 1359 studuit3
563 1329 641 1363 isque
659 1332 685 1354 et
698 1333 830 1354 oratorum
845 1329 872 1354 in

81 1373 192 1392 numero
209 1369 249 1391 est
266 1365 374 1391 habitus
388 1369 414 1391 et
428 1365 478 1392 fuit
491 1365 602 1400 reliquis
617 1365 696 1391 rebus
711 1370 818 1392 ornatus
834 1370 874 1391 at-

80 1411 134 1437 que
147 1402 264 1438 elegans.
299 1403 352 1428 Iam
367 1403 438 1428 enim
452 1407 507 1429 erat
520 1403 623 1429 unctior
636 1403 767 1437 quaedam
782 1402 873 1437 splen-

80 1440 221 1475 didiorque
235 1439 400 1466 consuetudo
415 1439 551 1475 loquendi.
586 1441 661 1471 Nam,
687 1440 736 1466 hoc
754 1444 872 1474 praetore

81 1477 158 1503 ludos
175 1477 291 1512 Apollini
307 1476 426 1509 faciente,
446 1486 531 1511 quum
546 1477 678 1512 Thyesten
694 1477 811 1504 fabulam
826 1477 873 1503 do-

80 1514 188 1545 cuisset,
208 1514 239 1546 Q.
260 1515 365 1545 Marcio,
387 1514 434 1541 Cn.
451 1514 564 1541 Servilio
578 1514 744 1545 consulibus,
761 1519 872 1541 mortem

79 1552 146 1578 obiit
158 1552 271 1578 Ennius.
305 1552 347 1577 79.
370 1552 431 1578 Erat
445 1551 541 1578 iisdem
555 1552 720 1587 temporibus
735 1552 774 1578 Ti.
791 1552 873 1578 Grac-

80 1589 147 1615 chus
169 1589 198 1615 P.
219 1589 259 1620 F.⁷
280 1590 328 1623 qui
347 1589 388 1614 bis
406 1589 499 1615 consul
519 1593 544 1615 et
558 1598 651 1615 censor
666 1589 724 1620 fuit,
740 1590 819 1615 cuius
833 1594 873 1616 est

80 1626 161 1653 oratio
176 1626 273 1653 Graeca
288 1626 359 1660 apud
374 1626 504 1652 Rhodios:
527 1635 608 1661 quem
618 1627 704 1652 civem
716 1635 801 1661 quum
812 1636 873 1661 gra-

80 1671 141 1689 vem
157 1668 213 1690 tum
228 1664 306 1690 etiam
321 1663 489 1698 eloquentem
504 1668 606 1690 constat
620 1663 713 1690 fuisse.
747 1664 776 1689 P.
792 1664 871 1690 etiam

80 1700 232 1735 Scipionem
246 1701 377 1732 Nasicam,
390 1701 437 1736 qui
452 1705 492 1727 est
502 1700 644 1727 Corculum
656 1701 815 1736 appellatus,
824 1702 872 1736 qui

79 1738 142 1765 item
161 1738 203 1764 bis
221 1738 313 1764 consul
329 1743 354 1764 et
367 1747 460 1765 censor
475 1738 538 1769 suit,
563 1738 685 1764 habitum
704 1738 872 1773 eloquentem

80 1775 162 1806 aiunt,
178 1775 261 1807 illius,
274 1776 322 1810 qui
336 1784 408 1802 saera
423 1776 559 1810 acceperit,
574 1775 674 1802 filium:
690 1776 783 1802 dicunt
793 1777 871 1802 etiam

80 1813 107 1839 L.
123 1812 275 1844 Lentulum,
292 1813 410 1848 quicum
425 1813 453 1840 C.
470 1813 565 1849 Figulo
578 1812 670 1839 consul
687 1812 750 1845 fuit;
773 1812 804 1845 Q.
820 1814 873 1839 No-

80 1849 201 1877 biliorem
220 1851 255 1876 M.
276 1851 315 1881 F.,
337 1851 388 1876 iam
408 1851 492 1885 patrio
511 1851 632 1877 instituto
647 1850 767 1876 deditum
783 1851 872 1877 studio

81 1886 236 1919 litterarum,
253 1888 299 1922 qui
315 1888 392 1914 etiam
407 1888 437 1920 Q.
453 1888 580 1919 Ennium,
596 1888 644 1922 qui
658 1896 719 1914 cum
731 1892 803 1922 patre
813 1889 872 1914 eius

79 1924 106 1951 in
121 1924 222 1951 Aetolia
240 1925 407 1956 militaverat,
423 1926 529 1951 civitate
543 1925 660 1956 donavit,
676 1933 762 1959 quum
777 1925 873 1951 trium-

79 1962 121 1988 vir
133 1961 264 1988 coloniam
278 1962 448 1994 deduxisset,
471 1967 496 1988 et
511 1963 540 1988 T.
557 1962 674 1988 Annium
685 1963 812 1993 Luscum,
822 1963 873 1989 hu-

79 1999 122 2025 ius
135 1998 166 2031 Q.
182 1998 271 2026 Fulvii
285 1999 422 2035 collegam,
440 2008 491 2026 non
503 1999 662 2026 indisertum
673 1999 767 2026 dicunt
777 1999 870 2026 fuisse.

79 2037 120 2062 80.
137 2036 223 2071 Atque
237 2037 315 2063 etiam
330 2037 359 2063 L.
376 2037 494 2068 Paullus,
511 2036 627 2063 Africani
642 2042 722 2071 pater,
732 2046 871 2071 personam

79 2074 208 2108 principis
222 2074 289 2100 civis
304 2073 380 2100 facile
394 2074 506 2100 dicendo
520 2074 656 2106 tuebatur,
679 2079 704 2100 et
718 2083 780 2100 vero
793 2075 871 2101 etiam

79 2114 137 2137 tum
152 2110 248 2137 Catone
262 2111 333 2142 vivo,
349 2111 396 2146 qui
411 2120 492 2137 annos
507 2112 628 2146 quinque
642 2115 667 2137 et
680 2112 811 2147 octoginta
826 2121 873 2138 na-

81 2152 124 2174 tus
138 2148 252 2175 excessit
265 2156 279 2174 e
294 2149 449 2183 vita,quum
463 2149 572 2183 quidem
587 2158 617 2174 eo
631 2149 690 2183 ipso
704 2158 772 2175 anno
783 2154 871 2175 contra

80 2183 135 2211 Ser.
156 2185 268 2212 Galbam
287 2185 318 2211 ad
337 2185 469 2220 populum
488 2194 593 2212 summa
607 2187 773 2212 contentione
787 2186 872 2212 dixis-

81 2226 132 2249 set:
148 2231 228 2257 quam
240 2223 318 2249 etiam
334 2223 476 2249 orationem
491 2224 616 2258 scriptam
631 2223 748 2258 reliquit.

135 2259 208 2286 XXI.
225 2261 266 2286 81.
282 2260 332 2286 Sed
347 2261 409 2286 vivo
419 2260 516 2287 Catone
528 2261 643 2287 minores
655 2265 717 2286 natu
729 2260 806 2287 multi
820 2270 871 2287 uno

81 2301 196 2332 tempore
210 2301 324 2324 oratores
338 2296 492 2324 floruerunt.
531 2298 596 2324 Nam
611 2301 636 2324 et
653 2297 685 2324 A.
704 2297 827 2329 Albinus,
849 2298 871 2324 is

81 2334 127 2368 qui
143 2334 241 2361 Graece
255 2335 362 2369 scripsit
377 2335 523 2366 historiam,
539 2335 586 2370 qui
597 2334 690 2362 consul
701 2343 763 2361 cum
775 2335 803 2361 L.
818 2336 872 2362 Lu-

80 2370 150 2398 cullo
168 2371 226 2403 suit,
243 2376 268 2398 et
283 2371 412 2398 litteratus
426 2377 451 2398 et
465 2372 580 2398 disertus
595 2371 652 2403 suit,
673 2376 698 2398 et
711 2373 796 2399 tenuit
809 2381 870 2399 cnm

80 2407 129 2434 hoc
148 2407 234 2435 locum
252 2409 395 2444 quenulam
415 2410 493 2436 etiam
508 2410 565 2435 Ser.
582 2409 694 2436 Fulvius
708 2413 733 2436 et
748 2418 798 2436 una
814 2411 869 2436 Ser.

81 2444 179 2472 Fabius
192 2446 277 2472 Pictor
287 2450 312 2472 et
322 2447 388 2473 iuris
399 2451 424 2473 et
436 2446 581 2473 litterarum
593 2451 618 2473 et
628 2447 793 2481 antiquitatis
804 2447 870 2473 hene

81 2482 194 2516 peritus,
211 2482 382 2518 Quintusque
390 2484 488 2510 Fabius
500 2484 585 2510 Labeo
597 2483 646 2510 suit
655 2488 763 2510 ornatus
775 2484 870 2510 iisdem

81 2517 134 2545 fere
157 2519 292 2546 laudibus.
327 2521 392 2547 Nam
415 2521 446 2553 Q.
466 2521 597 2552 Metellus,
619 2522 641 2547 is
655 2521 733 2547 cuius
747 2525 872 2555 quattuor

82 2554 128 2583 [ilii
150 2557 303 2584 consulares
326 2557 442 2590 suerunt,
468 2559 495 2584 in
519 2559 613 2593 primis
631 2562 671 2584 est
695 2558 802 2584 habitus
816 2558 871 2584 elo-

80 2601 174 2628 quens,
197 2595 244 2629 qui
268 2603 315 2629 pro
333 2595 362 2621 L.
383 2596 455 2622 Cotta
473 2595 553 2627 dixit,
574 2599 714 2622 accusante
737 2595 868 2625 Africano,

80 2630 158 2657 cuius
175 2636 201 2658 et
217 2631 283 2658 aliae
301 2637 364 2658 sunt
377 2633 507 2659 orationes
521 2637 546 2659 et
559 2637 648 2659 eontra
663 2633 702 2658 Ti.
719 2632 869 2659 Gracchum

81 2668 198 2703 exposita
212 2673 252 2696 est
265 2669 292 2696 in
306 2669 335 2695 C.
352 2670 444 2696 Fannii
459 2669 610 2696 annalibus.
633 2672 674 2697 82.
688 2670 755 2696 Tum
771 2670 828 2704 ipse
840 2670 867 2695 1..

1010 141 1040 166 ⁴6
1060 155 1096 159 ——
1116 141 1157 167 22.
1670 145 1710 169 141

927 211 999 237 Cotta
1015 215 1143 238 veterator
1156 211 1272 242 habitus,
1289 210 1336 237 sed
1347 211 1375 238 C.
1389 211 1494 237 Laelius
1505 217 1529 238 et
1539 212 1716 239 P.Africanus

927 249 953 274 in
973 249 1066 282 primis
1084 249 1248 283 eloquentes,
1273 257 1388 283 quorum
1407 254 1511 275 exstant
1528 250 1667 280 orationes,
1684 259 1716 276 ex

926 286 1027 320 quibus
1045 286 1190 312 existimari
1209 286 1242 312 de
1259 286 1374 321 ingeniis
1388 290 1520 312 oratorum
1535 291 1629 321 potest.
1664 287 1716 313 Sed

927 323 994 348 inter
1012 323 1060 349 hos
1079 327 1161 349 aetate
1179 322 1300 357 paullum
1316 323 1357 349 his
1371 323 1529 349 antecedens
1543 324 1601 350 sine
1614 329 1717 350 contro—

928 360 1013 385 versia
1035 360 1091 386 Ser.
1112 360 1195 386 Galba
1213 360 1362 394 eloquentia
1381 361 1523 394 praestitit,
1550 365 1575 387 et
1589 361 1716 387 nimirum

928 397 950 423 is
970 397 1092 431 princeps
1111 406 1144 423 ex
1162 398 1262 423 Latinis
1276 397 1321 423 illa
1335 402 1467 424 oratorum
1482 398 1587 432 propria
1601 402 1626 424 et
1639 400 1717 432 quasi

929 433 1045 469 legitima
1068 443 1146 469 opera
1169 435 1296 465 tractavit,
1321 439 1351 460 ut
1364 435 1534 470 egrederetur
1551 444 1565 461 a
1583 437 1718 470 proposito

927 471 1037 497 ornandi
1055 480 1157 502 caussa,
1174 477 1203 498 ut
1217 471 1357 498 delectaret
1370 472 1481 503 animos,
1499 476 1527 498 ut
1540 478 1714 507 permoveret,

928 512 957 534 ut
978 513 1086 543 augeret
1107 517 1171 539 rem,
1193 514 1223 535 ut
1240 510 1464 539 miserationibus,
1485 514 1515 536 ut
1527 510 1717 536 communibus

928 545 992 571 locis
1014 550 1142 571 uteretur.
1177 546 1230 572 Sed
1253 547 1341 572 nescio
1363 546 1497 581 quomodo
1519 546 1610 578 huius,
1635 555 1717 582 quem

927 587 1028 609 constat
1055 582 1205 617 eloquentia
1232 584 1408 618 praestitisse,
1437 584 1560 610 exiliores
1587 585 1716 611 orationes

927 625 990 646 sunt
1003 624 1028 645 et
1042 619 1188 646 redolentes
1203 621 1287 655 magis
1302 622 1583 656 antiquitatem,quam
1597 626 1642 648 aut
1653 622 1718 647 Las

928 657 956 683 lii
979 661 1024 683 aut
1047 656 1179 691 Scipionis
1202 662 1247 683 aut
1269 658 1347 683 etiam
1371 658 1457 692 ipsius
1476 658 1596 692 Catonis;
1627 660 1717 693 itaque

927 694 1118 724 evanuerunt*,
1135 695 1181 720 vix
1195 695 1246 721 iarn
1261 699 1290 720 ut
1304 700 1455 729 appareant.

982 733 1023 757 83.
1046 731 1081 757 De
1104 732 1189 766 ipsius
1208 732 1288 758 Laelii
1307 736 1332 758 et
1351 732 1483 766 Scipionis
1502 733 1608 768 ingenio
1621 742 1717 768 quam-

927 777 1008 803 quam
1027 777 1056 794 ea
1074 769 1127 795 iam
1141 773 1181 794 est
1194 769 1292 803 opinio,
1310 774 1338 795 ut
1352 769 1500 804 plurimum
1515 770 1646 796 tribuatur
1660 780 1717 796 am-

926 805 1026 837 bobus,
1058 805 1163 832 dicendi
1186 811 1272 832 tamen
1297 806 1354 832 laus
1373 812 1412 833 est
1430 807 1457 833 in
1471 806 1559 833 Laelio
1577 807 1714 834 illustrior.

926 842 959 869 At
981 843 1063 869 oratio
1086 842 1166 869 Laelii
1185 843 1217 869 de
1240 843 1360 879 collegiis
1385 852 1436 870 non
1458 844 1560 874 melior,
1581 853 1661 879 quam
1684 845 1716 871 de

926 879 1019 906 multis
1041 889 1123 915 quam
1146 880 1227 912 voles,
1254 881 1399 915 Scipionis:
1423 890 1474 907 non
1492 890 1547 916 quo
1567 881 1612 907 illa
1635 882 1717 908 Laelii

926 917 1074 952 quidquam
1089 918 1123 944 sit
1137 917 1244 944 dulcius
1258 923 1303 944 aut
1315 927 1369 953 quo
1383 918 1415 944 de
1426 918 1553 954 religione
1566 919 1618 945 dici
1633 920 1718 954 possit

926 956 1076 990 augustius,
1093 955 1139 981 sed
1154 955 1238 981 multo
1248 960 1336 982 tamen
1348 957 1476 982 vetustior
1486 960 1510 982 et
1520 956 1650 982 horridior
1661 956 1714 987 ille,

926 1001 1006 1027 quam
1021 992 1121 1027 Scipio;
1144 997 1178 1024 et,
1194 1001 1279 1027 quum
1294 993 1347 1019 sint
1362 994 1388 1019 in
1399 993 1512 1020 dicendo
1523 994 1610 1020 variae
1622 993 1717 1020 volun-

926 1034 1000 1061 tates,
1021 1030 1145 1056 delectari
1164 1030 1230 1056 mihi
1246 1031 1331 1066 magis
1345 1031 1501 1065 antiquitate
1516 1031 1622 1057 videtur
1636 1036 1660 1057 et
1675 1030 1717 1057 lu-

925 1067 1017 1093 benter
1036 1067 1124 1093 verbis
1138 1068 1216 1093 etiam
1232 1068 1270 1094 uti
1285 1068 1375 1102 paullo
1390 1069 1475 1103 magis
1489 1069 1585 1103 priscis
1599 1068 1714 1094 Laelius.

925 1105 966 1130 84.
986 1104 1038 1131 Sed
1056 1109 1096 1131 est
1115 1113 1172 1131 mos
1186 1105 1334 1136 hominum,
1352 1110 1381 1131 ut
1395 1106 1479 1132 nolint
1493 1105 1616 1132 eumdem
1632 1106 1718 1140 pluri-

924 1142 975 1168 bus
990 1142 1071 1168 rebus
1085 1142 1223 1168 excellere.
1258 1143 1324 1168 Nam
1339 1147 1369 1169 ut
1382 1152 1415 1169 ex
1434 1143 1529 1169 bellica
1548 1143 1626 1169 laude
1646 1144 1717 1177 aspi-

924 1188 980 1205 rare
994 1179 1026 1205 ad
1040 1179 1194 1205 Africanum
1209 1188 1286 1206 nemo
1299 1181 1427 1215 potest,in
1441 1189 1493 1215 qua
1507 1181 1565 1215 ipsa
1579 1182 1716 1217 egregium

924 1217 1036 1243 Viriathi
1050 1216 1120 1243 bello
1134 1218 1282 1251 reperimus
1298 1217 1381 1243 fuisse
1396 1218 1529 1244 Laelium:
1552 1218 1590 1244 sic
1605 1218 1714 1253 ingenii,

925 1254 1080 1285 litterarum,
1097 1254 1272 1289 eloquentiae,
1289 1255 1434 1290 sapientiae
1448 1255 1573 1290 denique,
1589 1257 1638 1282 etsi
1650 1256 1717 1281 utri—

924 1300 976 1326 que
995 1292 1103 1326 primas,
1129 1293 1229 1327 priores
1249 1297 1335 1319 tamen
1356 1292 1467 1319 libenter
1481 1292 1603 1319 deferunt
1618 1293 1715 1319 Laelio.

924 1329 978 1355 Nec
992 1329 1058 1355 mihi
1072 1333 1219 1356 ceterorum
1233 1330 1333 1356 iudicio
1347 1330 1434 1356 solum
1450 1330 1563 1361 videtur,
1580 1330 1626 1356 sed
1638 1331 1716 1356 etiam

924 1366 1044 1400 ipsorum
1066 1367 1134 1392 inter
1156 1367 1229 1401 ipsos
1254 1376 1382 1394 concessu
1405 1368 1440 1394 ita
1463 1368 1593 1394 tributum
1621 1367 1715 1394 fuisse.

925 1405 965 1429 85.
986 1404 1047 1429 Erat
1065 1404 1173 1430 omnino
1192 1409 1249 1430 tum
1268 1413 1334 1435 mos,
1357 1405 1425 1431 utin
1441 1405 1551 1440 reliquis
1566 1405 1646 1431 rebus
1661 1413 1717 1431 me-

927 1441 981 1471 lior,
1007 1441 1045 1467 sic
1063 1441 1090 1467 in
1110 1442 1158 1467 hoc
1176 1442 1235 1476 ipso
1254 1442 1404 1473 humanior,
1426 1447 1455 1469 ut
1474 1442 1563 1468 faciles
1582 1447 1671 1469 essent
1689 1443 1715 1468 in

924 1487 1004 1504 suum
1019 1478 1117 1513 cuique
1132 1479 1281 1505 tribuendo.
1300 1479 1517 1505 XXIlAEIcmoria
1532 1480 1716 1515 tene0,Smyr-

925 1524 972 1541 nae
997 1524 1039 1541 me
1061 1524 1093 1542 ex
1111 1516 1140 1541 P.
1160 1516 1260 1542 Rutilio
1279 1516 1347 1542 Ruso
1365 1516 1481 1548 audisse,
1503 1526 1587 1551 quum
1606 1517 1714 1545 diceret.

924 1552 1122 1579 adolescentulo
1140 1562 1168 1579 se
1187 1554 1324 1583 accidisse,
1346 1558 1374 1580 ut
1392 1563 1425 1580 ex
1439 1554 1671 1580 senatusconsulto
1685 1555 1713 1580 P.

924 1590 1014 1625 Scipio
1032 1595 1057 1616 ct
1076 1591 1104 1616 D.
1125 1591 1231 1621 Brutus,
1250 1596 1277 1617 ut
1291 1592 1394 1625 opinor,
1410 1591 1533 1618 consules
1547 1592 1580 1617 de
1596 1600 1621 1617 re
1636 1593 1715 1618 atroci

924 1636 1073 1663 magnaque
1087 1633 1253 1663 quaererent.
1279 1629 1343 1654 Nam
1358 1638 1444 1663 quum
1459 1630 1484 1655 in
1499 1629 1566 1655 silva
1581 1629 1634 1655 Sila
1651 1629 1715 1655 sarta

923 1665 1017 1691 caedes
1036 1670 1105 1691 esset
1124 1666 1232 1700 notique
1252 1666 1372 1692 homines
1390 1666 1530 1697 interfecti,
1548 1666 1716 1692 insimulare-

924 1706 1021 1737 turque
1045 1702 1153 1733 familia,
1180 1704 1274 1736 partim
1293 1704 1372 1729 etiam
1393 1703 1478 1734 liberi,
1500 1704 1632 1729 societatis
1646 1705 1713 1730 ems.

924 1748 991 1774 quae
1007 1740 1118 1774 picarias
1133 1740 1165 1766 de
1180 1741 1208 1766 P.
1225 1740 1354 1771 Cornelio,
1373 1741 1401 1766 L.
1418 1741 1547 1767 Mummio
1560 1742 1716 1767 censoribus

924 1777 1088 1808 redemisset,
1114 1777 1263 1804 decrevisse
1282 1782 1414 1810 senatum,
1440 1783 1468 1804 ut
1486 1778 1518 1804 de
1536 1787 1564 1804 ea
1579 1788 1606 1804 re
1620 1788 1716 1813 cogno-

924 1819 1026 1841 scerent
1040 1819 1064 1841 et
1078 1819 1223 1841 statuerent
1237 1815 1370 1841 consules.
1401 1817 1442 1842 86.
1463 1816 1589 1842 Caussam
1606 1825 1651 1850 pro
1667 1825 1715 1850 pu-

924 1851 1036 1878 blicanis
1054 1857 1182 1883 accurate,
1204 1857 1233 1879 ut
1247 1861 1352 1887 semper
1366 1853 1461 1879 solitus
1475 1858 1553 1884 esset,
1570 1853 1716 1888 eleganter-

923 1898 976 1924 que
989 1889 1091 1915 dixisse
1106 1889 1233 1916 Laelium.
1252 1889 1341 1922 Quum
1356 1890 1489 1921 consules,
1506 1899 1533 1916 re
1547 1890 1644 1921 audita,
1661 1901 1715 1916 um-

922 1929 991 1960 plius
1014 1927 1046 1953 dc
1068 1927 1173 1953 consilii
1193 1929 1320 1953 sententia
1337 1928 1595 1962 pronuntiavissent3
1625 1929 1715 1962 paucis

924 1965 1086 1999 interpositis
1100 1964 1196 1990 diebus
1211 1965 1306 1991 iterum
1327 1965 1446 1992 Laelium
1461 1965 1545 1991 multo
1558 1965 1716 2000 diligentius

924 2001 1075 2036 meliusque
1094 2001 1204 2032 dixisse,
1226 2003 1377 2036 iterumque.
1391 2002 1482 2028 eodem
1499 2002 1577 2028 modo
1591 2011 1604 2028 a
1619 2012 1715 2029 consa-

925 2038 995 2065 libus
1015 2048 1068 2065 rem
1083 2048 1142 2065 esse
1157 2039 1293 2073 prolatam.
1326 2040 1393 2065 'sum
1409 2040 1537 2070 Laelium,
1554 2049 1638 2075 quum
1653 2049 1714 2066 enm

923 2077 987 2103 socii
1012 2076 1121 2103 domum
1147 2077 1316 2103 reduxissent
1334 2078 1504 2112 egissentque
1522 2078 1619 2111 gratias
1634 2083 1666 2104 et.
1685 2087 1715 2103 nc

923 2113 1119 2149 defatigaretur,
1136 2114 1293 2145 oravissent,
1311 2114 1428 2140 locutum
1443 2124 1501 2140 esse
1517 2116 1564 2140 ita:
1594 2124 1630 2144 se,
1647 2124 1715 2149 quac

925 2150 1037 2182 fecisset,
1060 2151 1166 2177 honoris
1181 2160 1272 2178 eorum
1291 2160 1385 2178 caussa
1403 2152 1522 2178 studiose
1541 2157 1715 2186 accurateque

924 2187 1032 2218 secisse;
1055 2188 1102 2214 sed
1116 2197 1144 2214 se
1158 2188 1288 2219 arbitrari,
1305 2198 1427 2215 caussam
1443 2189 1514 2215 illam
1527 2198 1540 2215 a
1555 2189 1712 2216 senonum.

923 2225 995 2260 quod
1018 2226 1040 2251 is
1058 2226 1084 2252 in
1103 2225 1215 2252 dicendo
1232 2227 1338 2261 gravior
1356 2227 1493 2261 acriorque
1512 2231 1590 2257 esset,
1605 2228 1715 2261 gradus

923 2266 949 2289 et
967 2263 1152 2289 vehementius
1171 2271 1248 2297 posse
1266 2263 1387 2292 desendi;
1411 2265 1499 2298 itaque
1518 2265 1669 2290 auctoritati·
1685 2265 1712 2289 (ἶ.

925 2299 1005 2326 Laelii
1037 2299 1194 2334 publicanos
1224 2309 1347 2326 caussam
1374 2300 1503 2327 detulisse
1530 2300 1562 2327 ad
1588 2300 1710 2327 Galbam.

923 2338 965 2363 87.
991 2336 1068 2363 Illum
1092 2341 1189 2367 autem,
1214 2337 1285 2372 quod
1304 2338 1328 2364 ei
1344 2339 1399 2363 viro
1417 2337 1614 2364 succedendum
1635 2345 1711 2366 essct,

924 2374 1072 2400 verecunde
1086 2378 1111 2400 et
1124 2374 1277 2401 dubitanter
1291 2375 1435 2409 recepisse:
1454 2384 1536 2401 unum
1552 2376 1628 2410 quasi
1643 2384 1714 2402 com-

923 2411 1111 2445 perendinatus
1127 2411 1245 2437 medium
1259 2412 1330 2438 diem
1347 2412 1437 2441 [uisse.
1458 2421 1538 2446 quem
1554 2417 1636 2438 totum
1651 2413 1715 2439 Gal-

924 2449 983 2474 bam
1003 2449 1028 2474 in
1047 2448 1238 2474 consideranda
1251 2458 1344 2475 caussa
1359 2449 1594 2484 componendaqne
1609 2452 1715 2484 posuis-

923 2495 964 2517 se',
992 2491 1025 2515 et,
1045 2494 1131 2520 quum
1151 2486 1310 2519 cognitionis
1329 2486 1386 2512 dies
1404 2491 1473 2512 esset
1487 2492 1511 2512 et
1526 2487 1582 2521 ipse
1598 2487 1714 2513 Rutilius

923 2527 1014 2558 rogatu
1033 2523 1164 2549 sociorum
1184 2523 1292 2549 dommu
1311 2523 1343 2549 ad
1364 2524 1475 2549 Galbam
1496 2533 1571 2550 inane
1587 2531 1711 2552 venisse-t.

923 2565 951 2586 ut
973 2569 1033 2587 eum
1058 2560 1209 2586 admoneret
1228 2565 1253 2586 et
1270 2561 1302 2586 ad
1321 2561 1425 2587 dicendi
1442 2566 1547 2596 tempus
1561 2561 1711 2588 adduceret.

923 2606 1008 2632 usquc
1023 2597 1109 2627 illum.
1130 2597 1217 2631 quoad
1232 2598 1256 2623 ei
1271 2599 1420 2624 nuntiatum
1436 2603 1514 2627 esset,
1530 2599 1653 2625 consules
1667 2599 1714 2625 de-

921 2634 1067 2665 scendisse,
1087 2635 1213 2661 omnihus
1232 2634 1357 2662 exclusis.
1379 2640 1586 2662 coinmentatum
1606 2637 1632 2662 in
1646 2645 1714 2671 qim—

921 2672 982 2698 dem
1006 2671 1138 2699 testudine
1160 2680 1222 2698 cum
1246 2673 1331 2698 servis
1351 2672 1470 2699 litteratis
1490 2673 1581 2702 fuisse.
1597 2682 1712 2708 qma-iim
