1941 3052
387 161 572 188 ORATIO
604 161 694 189 PRO
726 161 792 189 CN.
827 161 1056 189 PLANCIO.

61 232 209 260 nuntiatae:
244 231 322 267 longe
341 232 490 267 plurimum
511 233 596 260 valuit
613 233 752 260 Plancius:
783 232 856 260 nulla

61 270 210 307 largitionis
226 278 273 296 nec
288 269 347 301 fuit,
361 279 409 296 nec
420 279 479 296 esse
491 271 577 305 potuit
588 271 716 306 suspicio.
749 271 788 298 An
800 275 858 297 tan-

59 308 122 335 dem
138 316 191 334 una
206 308 325 334 centuria
341 308 522 343 praerogativa
539 313 641 335 tantum
654 308 732 335 habet
744 309 858 335 auctori·

60 346 132 377 tatis,
147 350 174 372 ut
185 353 262 372 nemo
275 353 403 379 umquam
415 346 486 380 prior
497 354 555 372 eam
568 345 668 376 tulerit,
681 346 747 380 quin
759 355 858 372 renun-

60 383 142 410 tiatus
163 383 211 409 sit:
243 387 288 409 aut
309 382 352 408 his
368 383 435 418 ipsis
451 383 566 410 comitiis
587 383 791 414 consularibus,
813 387 859 410 aut

58 424 130 447 certe
145 420 172 446 in
188 419 267 446 illum
283 428 398 446 annum:
431 420 545 447 aedilem
561 425 589 447 tu
609 420 746 447 Plancium
759 420 858 447 factum

59 457 174 489 miraris,
188 457 215 484 in
227 466 282 492 quo
292 466 345 484 non
357 458 454 493 exigua
466 466 527 493 pars
539 457 641 493 populi,
655 458 703 484 sed
714 458 858 485 universus

59 494 178 531 populus
194 495 357 521 voluntatem
373 504 451 521 suam
466 495 623 522 declararit?
647 496 724 522 cuius
736 496 764 522 in
776 495 859 522 hono-

59 541 88 560 re
99 541 151 559 non
163 532 245 559 unius
257 533 343 559 tribus
355 541 425 567 pars,
433 533 480 559 sed
489 534 595 560 comitia
607 537 659 559 tota
670 533 786 560 comitiis
800 532 859 560 fue-

59 570 114 596 rint
125 569 325 606 praerogativa‘?
344 571 386 596 50.
399 569 457 602 Quo
467 570 578 605 quidem
589 574 716 605 tempore,
730 570 753 597 si
764 570 800 602 id,
810 571 859 596 La-

60 607 183 639 terensis,
202 607 287 634 facere
299 607 441 638 voluisses,
455 612 501 634 aut
512 608 535 634 si
546 608 685 643 gravitatis
696 616 755 634 esse
766 612 859 642 putas-

59 653 103 671 ses
117 649 187 676 tuae,
201 645 274 680 quod
285 645 363 671 multi
375 644 479 671 nobiles
490 654 569 680 saepe
581 645 708 676 fecerunt,
723 650 759 676 ut,
773 654 858 680 quum

60 682 151 709 minus
169 682 319 709 valuissent
334 682 479 718 suffragiis,
499 691 581 717 quam
593 686 742 717 putassent,
756 687 856 718 postca,

60 719 171 754 prolatis
182 720 307 751 comitiis,
322 724 519 754 prosternerent
530 728 567 750 se,
582 724 607 746 et
619 720 718 754 populo
728 720 856 751 Romano,

60 757 143 784 fracto
157 758 246 784 animo
261 762 341 792 atque
357 757 455 783 humili
471 757 666 792 supplicarent:
689 766 741 784 non
753 757 856 788 dubito,

59 795 127 829 quin
151 795 239 821 omnis
263 794 297 820 ad
322 798 347 820 te
370 803 531 821 conversura
551 803 581 821 se
599 794 682 821 fuerit
701 794 856 821 multitudo.

59 832 216 867 Numquam
242 831 314 858 enim
335 831 390 858 fere
410 831 549 863 nobilitas,
576 832 679 867 integra
700 833 857 867 praesertim

59 873 140 904 atque
155 868 291 900 innocens,
309 877 324 894 a
339 868 439 904 populo
453 869 572 896 Romano
588 869 705 904 supplex
719 869 858 904 repudiata

59 911 108 933 est.
140 906 202 937 Sed,
216 906 239 932 si
251 906 300 932 tibi
311 907 429 941 gravitas
440 910 486 933 tua
497 911 522 933 et
532 907 690 942 magnitudo
701 907 785 934 animi
796 907 859 942 plu—

58 944 96 970 ris
107 943 167 975 fuit,
180 943 250 970 sicut
261 951 319 970 esse
330 943 433 975 debuit,
447 953 529 979 quam
540 944 677 971 aedilitas:
700 944 763 976 noli,
772 953 857 979 quum

58 981 157 1008 habeas
169 980 205 1012 id,
217 981 290 1016 quod
301 981 438 1012 malueris,
451 981 602 1008 desiderare
612 982 650 1013 id,
663 982 735 1017 quod
747 982 858 1009 minoris

59 1019 171 1053 putaris¹
197 1018 331 1054 Equidem
348 1020 476 1053 primum,
489 1025 519 1046 ut
534 1019 634 1046 honore
645 1019 745 1055 dignus
757 1028 854 1051 essem,

58 1056 176 1082 maxime
199 1064 306 1090 semper
322 1056 455 1083 laboravi:
482 1057 609 1088 secundo,
627 1061 657 1084 ut
672 1057 854 1090 existimarer,

59 1094 167 1120 tertium
184 1093 250 1120 mihi
267 1092 318 1120 fuit
332 1093 410 1124 illud,
427 1093 500 1129 quod
517 1094 655 1129 plerisque
670 1095 789 1130 primum
806 1099 855 1126 est,

57 1131 116 1166 ipse
127 1130 224 1157 honos:
247 1131 295 1165 qui
306 1131 340 1157 iis
351 1131 468 1166 denique
479 1131 559 1158 debet
570 1132 781 1164 esseiucundus,
789 1141 859 1167 quo-

57 1176 118 1195 rum
139 1167 263 1204 dignitati
287 1168 404 1203 populus
424 1169 560 1196 Romanus
582 1170 781 1202 testimonium,
806 1179 858 1197 non

57 1205 219 1233 beneficium
231 1206 370 1233 ambitioni
382 1206 466 1233 dedit.

113 1243 188 1270 XXI.
210 1244 252 1270 5⁴.
274 1243 386 1276 Quaeris
398 1244 487 1275 etiam,
505 1244 666 1276 Laterensis,
683 1244 750 1279 quid
762 1245 859 1281 imagi—

58 1280 139 1308 nibus
155 1281 217 1312 tuis,
235 1280 303 1315 quid
318 1281 488 1308 ornatissimo
502 1286 582 1316 atque
592 1282 694 1317 optimo
705 1282 772 1313 viro.
789 1282 858 1317 patri

57 1322 113 1349 tuo,
125 1317 286 1352 respondeas
298 1322 411 1345 mortuo.
443 1319 502 1345 Noli
513 1319 563 1345 ista
575 1319 711 1346 meditari:
733 1323 814 1354 atque
825 1320 859 1346 il—

58 1355 105 1382 lud
120 1363 185 1382 cave
201 1356 299 1390 potius,
318 1364 351 1382 ne
366 1360 411 1382 tua
426 1356 477 1382 ista
492 1356 601 1391 querela
617 1356 746 1391 dolorque
757 1357 858 1384 nimius

57 1392 157 1419 abillis
168 1393 378 1427 sapientissimis
389 1394 454 1420 viris
466 1393 685 1428 reprehendatur.
708 1394 857 1421 Viditenim

57 1434 132 1465 pater
147 1434 220 1461 tuus,
240 1430 360 1465 Appium
374 1430 532 1462 Claudium,
553 1431 754 1458 nobilissimum
771 1432 858 1459 homi—

57 1476 128 1498 nem.
147 1468 210 1494 vivo
223 1472 298 1502 patre
313 1476 371 1499 suo,
390 1469 576 1502 potentissimo
592 1473 617 1495 et
627 1468 777 1496 clarissimo
788 1470 855 1501 cive,

58 1505 87 1532 C.
101 1504 221 1536 Claudio,
239 1505 353 1532 aedilem
365 1513 417 1532 non
428 1514 487 1532 esse
499 1505 607 1536 factum,
625 1510 652 1532 et
662 1506 787 1533 eumdem
799 1507 858 1534 sine

57 1542 165 1577 repulsa
181 1542 281 1569 factum
297 1551 356 1569 esse
371 1542 524 1570 consulem:
552 1543 632 1575 vidit,
651 1543 787 1571 hominem
805 1545 856 1571 sibi

57 1579 176 1606 maxime
191 1580 374 1611 coniunctum,
388 1581 527 1616 egregium
540 1581 637 1612 virum,
652 1581 682 1607 L.
695 1581 855 1614 Volcatium,

57 1617 126 1644 vidit
136 1617 172 1644 M.
184 1617 318 1649 Pisonem,
332 1617 359 1644 in
371 1618 421 1644 ista
432 1618 575 1649 aedilitate,
583 1618 857 1646 offensiunculaacce-

57 1658 110 1690 pta,
128 1663 250 1681 summos
266 1664 280 1681 a
296 1654 396 1690 populo
406 1656 524 1682 Romano
540 1664 599 1682 esse
610 1655 723 1683 honores
734 1656 855 1692 adeptos.

56 1692 131 1719 Avus
148 1700 210 1718 vero
226 1696 299 1723 tuuS,
317 1697 342 1719 et
358 1693 386 1719 P.
405 1693 515 1720 Nasicae
531 1693 580 1720 tibi
592 1693 738 1720 aedilitiam
751 1695 857 1729 praedi-

55 1733 126 1756 caret
141 1729 287 1764 repulsam,
304 1738 359 1765 quo
373 1730 433 1757 cive
448 1731 583 1758 neminem
599 1739 649 1767 ego
664 1735 753 1758 statuo
767 1732 794 1759 in
808 1732 856 1759 hac

56 1766 193 1802 republica
209 1766 358 1794 fortiorem:
381 1772 406 1794 et
417 1767 446 1795 C.
459 1768 544 1800 Marii,
558 1768 605 1803 qui
617 1769 723 1796 duabus
734 1769 856 1796 aedilita-

55 1804 90 1832 tis
106 1805 222 1840 acceptis
237 1804 364 1840 repulsis,
381 1806 480 1840 septies
496 1805 590 1832 consul
605 1810 646 1833 est
661 1806 761 1834 factus:
783 1811 809 1834 et
823 1807 854 1834 L.

56 1841 190 1874 Caesaris,
208 1842 257 1869 Cn.
270 1841 383 1874 Octavii,
401 1843 437 1870 M.
451 1843 547 1870 Tullii:
569 1851 638 1878 quos
649 1852 742 1871 omnes
753 1845 855 1871 scimus

55 1878 190 1906 aedilitate
205 1880 374 1914 praeteritos,
396 1880 521 1907 consules
537 1889 598 1907 esse
614 1881 706 1908 factos.
739 1883 782 1909 52.
802 1882 855 1909 Sed

55 1916 123 1952 quid
133 1925 183 1953 ego
193 1916 325 1944 aedilitias
336 1917 459 1952 repulsas
471 1917 587 1954 colligo?
611 1927 681 1954 quae
691 1927 771 1954 saepe
781 1920 856 1946 eius-

55 1953 129 1981 modi
141 1953 246 1980 habitae
258 1958 329 1986 sunt,
347 1959 378 1981 ut
388 1954 435 1986 iis,
452 1955 501 1990 qui
512 1956 647 1990 praeteriti
659 1961 758 1988 essent,
778 1957 856 1984 beni-

55 1999 108 2027 gne
119 1999 133 2017 a
144 1990 244 2026 populo
255 1990 355 2018 factum
367 1992 511 2019 videretur.
534 1993 671 2020 Tribunus
682 1994 809 2026 militum,
824 1995 853 2021 L.

55 2027 212 2064 Philippus,
230 2037 337 2055 summa
354 2029 491 2056 nobilitate
506 2034 532 2056 et
547 2029 712 2065 eloquentia,
731 2036 856 2066 quaestor

56 2065 85 2093 C.
99 2065 215 2097 Caelius,
228 2065 396 2092 clarissimus
407 2075 437 2093 ac
449 2066 611 2094 fortissimus
623 2067 792 2100 adolescens,
809 2070 856 2096 tri-

56 2103 122 2130 buni
134 2102 222 2138 plebis
232 2103 262 2129 P.
276 2103 393 2130 Rutilius
404 2103 500 2136 Rufus,
514 2104 679 2136 C.Fimhria,
695 2105 853 2137 C.Cassius,

55 2140 104 2168 Cn.
121 2140 242 2172 Orestes,
260 2139 320 2167 facti
336 2149 388 2167 non
404 2146 481 2168 sunt:
503 2150 572 2176 ques
588 2146 675 2169 tamen
686 2151 780 2170 omnes
791 2152 856 2170 con—

55 2177 130 2205 sules
145 2177 228 2204 factos
239 2178 342 2204 scimus
352 2186 421 2205 esse.
453 2178 525 2210 Quae
537 2179 585 2206 tibi
598 2179 667 2207 ultro
678 2185 751 2215 pater
762 2185 788 2208 et
799 2190 855 2207 ma-

55 2215 124 2243 iores
141 2216 189 2247 tui,
207 2223 260 2242 non
273 2215 428 2242 consolandi
440 2216 478 2242 tui
490 2217 584 2252 gratia,
600 2217 697 2249 dicent,
711 2226 799 2253 neque
809 2227 856 2245 ve-

55 2260 93 2284 ro,
106 2260 161 2288 quo
172 2257 197 2279 te
209 2251 323 2279 liberent
334 2252 423 2288 aliqua
434 2253 523 2288 culpa,
539 2262 620 2289 quam
633 2259 661 2281 tu
673 2256 782 2287 vereris,
797 2264 830 2283 ne
840 2265 855 2282 a

56 2293 81 2317 te
95 2294 220 2325 suscepta
236 2289 371 2317 videatur:
398 2290 446 2316 sed
463 2295 492 2317 ut
507 2295 532 2318 te
547 2291 579 2318 ad
595 2291 677 2319 istum
693 2301 804 2320 cursum
816 2298 855 2320 te-

56 2327 184 2359 nendum,
195 2336 277 2362 quem
289 2336 303 2353 a
315 2328 400 2362 prima
412 2332 495 2354 aetate
506 2329 659 2363 suscepisti.
672 2330 853 2357 cohortentur.

56 2364 129 2391 Nihil
144 2369 185 2391 est
200 2365 285 2396 enim,
304 2365 371 2391 mihi
386 2365 478 2396 crede,
496 2366 661 2397 Laterensis,
678 2367 712 2394 de
727 2371 752 2394 te
768 2367 856 2395 detra-

55 2404 142 2428 ctum:
164 2401 312 2429 detractum
323 2402 401 2429 dico‘?
421 2403 443 2429 si
456 2403 608 2430 mehercule
620 2412 690 2435 vere.
703 2405 776 2440 qued
786 2406 856 2432 acci—

55 2438 103 2471 dit,
116 2439 283 2474 interpretari
296 2439 371 2470 velis,
390 2444 429 2466 est
440 2439 544 2475 aliquid
560 2441 638 2468 etiam
654 2441 688 2468 de
703 2442 802 2469 virtute
817 2443 856 2469 si—

55 2475 213 2512 gnificatum
225 2481 279 2504 tua.
302 2477 387 2504 xxti.
405 2477 464 2504 Noli
476 2478 546 2504 enim
559 2479 720 2509 existimare.
735 2489 786 2506 non
799 2489 855 2506 ma-

55 2521 140 2548 gnum
153 2514 297 2549 quemdam
311 2520 412 2542 motum
425 2515 590 2542 fuisscillius
597 2516 732 2550 petitionis
744 2517 855 2547 tuae,de

56 2557 118 2585 qua,
132 2559 165 2578 ne
175 2551 278 2587 aliquid
290 2552 399 2583 iurares,
413 2552 550 2579 destitisti.
580 2553 757 2585 Denuntiasti,
776 2553 855 2582 homo

56 2586 223 2620 adolescens,
240 2589 308 2624 quid
322 2589 355 2616 de
371 2598 477 2616 summa
493 2590 631 2625 republica
647 2591 774 2618 sentires:
802 2591 855 2618 for-

57 2623 111 2651 tius
128 2628 156 2651 tu
170 2625 295 2660 quidem,
318 2636 399 2662 quam
416 2627 538 2654 nonnulli
559 2627 679 2654 defuncti
696 2628 852 2660 honoribus,

58 2660 105 2687 sed
116 2662 242 2696 apertius,
256 2671 336 2699 quam
349 2664 390 2691 vel
402 2665 566 2696 ambitionis,
584 2665 625 2691 vel
637 2666 729 2692 aetatis
741 2670 801 2692 tuuc
813 2675 854 2693 ra-

57 2697 94 2726 tio
104 2699 263 2734 postulabat.
294 2703 336 2729 53.
351 2701 531 2735 Quamobrem
543 2703 569 2729 in
582 2703 757 2731 dissentiente
768 2712 854 2739 popu-

1108 163 1127 190 C
1141 163 1162 190 A
1177 164 1205 190 P.
1230 164 1261 190 Π
1281 180 1317 184 -
1337 166 1378 191 Ξ3.
1656 167 1706 194 563

909 233 942 265 lo,
957 233 1010 260 noli
1022 239 1123 269 putare,
1137 234 1226 261 nullos
1241 234 1334 266 fuisse,
1347 243 1462 270 quorum
1473 236 1577 263 animos
1588 240 1651 263 tuus
1662 237 1708 263 ille

910 271 984 298 fortis
1008 273 1115 298 animus
1135 272 1293 299 offenderet:
1324 273 1372 307 qui
1393 277 1418 299 te
1437 272 1575 300 incautum
1596 273 1708 301 fortasse

910 317 981 335 nunc
992 313 1037 335 tuo
1049 308 1106 336 loco
1115 309 1256 336 demovere
1262 314 1415 344 potuerunt,
1428 310 1612 344 providentem
1619 316 1707 338 autem

909 350 934 372 et
944 351 1146 380 praecaventem
1159 356 1308 382 numquam
1319 352 1389 373 certe
1400 348 1557 375 movebunt.

965 385 1006 410 An
1022 388 1046 410 te
1062 384 1107 410 illa
1119 388 1274 420 argumenta
1287 384 1441 411 duxerunt?
1473 385 1649 417 Dubitabitis,
1668 386 1709 412 in-

909 420 978 455 quit,
991 421 1058 455 quin
1069 421 1147 448 coitio
1159 421 1225 449 facta
1237 422 1280 453 sit,
1298 431 1383 457 quum
1395 422 1481 449 tribus
1494 422 1636 458 plerasque
1647 432 1709 450 cum

910 458 994 484 Plotio
1015 458 1106 485 tulerit
1123 459 1267 485 Plancius?
1300 459 1340 486 An
1361 468 1413 486 una
1431 460 1486 487 fieri
1507 465 1663 495 potuerunt,
1686 461 1709 487 si

911 504 963 521 una
983 496 1070 521 tribus
1092 505 1143 522 non
1164 496 1309 522 tulissent‘?
1323 510 1360 516 —-—
1385 497 1417 523 At
1438 498 1581 525 nonnullas
1602 498 1710 533 punctis

911 541 994 567 paene
1006 533 1124 559 totidem.
1135 548 1172 553 --
1192 533 1311 569 Quippe:
1332 543 1417 569 quum
1430 535 1482 561 iam
1494 535 1556 562 facti
1569 544 1651 570 prope
1663 544 1710 562 su-

910 570 1061 604 perioribus
1085 571 1200 597 comitiis
1224 571 1404 606 declaratique
1429 573 1578 600 venissent:
1613 582 1711 608 quam—

910 616 992 642 quam
1008 616 1041 634 ne
1055 607 1083 634 id
1098 608 1209 643 quidem
1230 609 1411 643 suspicionem
1433 611 1554 636 coitionis
1575 610 1708 638 habuerit.

911 645 1004 679 Neque
1019 646 1091 671 enim
1107 654 1236 680 umquam
1252 647 1364 673 maiores
1376 647 1457 673 nostri
1470 648 1635 675 sortitionem
1647 656 1710 675 con—

910 682 1230 713 stituissentaedilitiam,
1250 684 1301 710 nisi
1313 684 1434 710 viderent
1445 685 1564 711 accidere
1574 694 1663 720 posse,
1681 690 1710 712 ut

910 720 1098 754 competitores
1110 728 1187 755 pares
1197 720 1332 756 suffragiis
1345 726 1443 748 essent.
1475 723 1517 749 54.
1533 722 1565 749 Et
1576 724 1624 753 ais,
1638 723 1710 757 prio—

911 757 986 783 ribus
1001 758 1117 783 comitiis
1132 757 1276 784 Aniensem
1296 767 1310 784 a
1324 757 1408 785 Plotio
1423 759 1517 789 Pedio,
1540 760 1709 786 Terentinam

910 803 923 819 a
944 794 1051 821 Plancio
1066 795 1114 821 tibi
1130 803 1189 821 esse
1204 803 1372 822 concessam:
1399 805 1471 823 nunc
1485 797 1518 822 ab
1534 802 1647 832 utreque
1665 806 1709 824 eas

910 831 1032 862 avulsas,
1050 840 1083 858 ne
1096 832 1125 858 in
1142 837 1288 868 angustum
1304 833 1435 860 venirent.
1474 833 1559 866 Quam
1574 836 1707 865 convenit,

910 868 1030 895 nondum
1041 870 1145 905 cognita
1157 869 1251 904 populi
1263 870 1412 902 voluntate,
1431 871 1488 902 hos,
1507 880 1576 906 quos
1587 872 1640 898 iam
1652 877 1709 898 tum

909 906 1065 933 coniunctos
1086 906 1172 933 fuisse
1193 907 1274 938 dicis,
1296 908 1425 935 iacturam
1446 917 1556 935 suarum
1578 909 1707 940 tribuum,

887 966 888 972 ,
910 953 964 979 quo
974 953 1021 971 vos
1033 944 1238 976 adiuvaremini,
1251 944 1361 972 fecisse:
1377 945 1494 977 eosdem,
1506 955 1591 982 quum
1603 948 1656 973 iam
1668 956 1711 973 es-

910 986 969 1008 sent
979 982 1091 1016 experti,
1100 982 1166 1017 quid
1178 981 1306 1014 valerent,
1314 984 1448 1010 restrictos
1459 988 1485 1010 et
1496 988 1600 1010 tenaces
1608 983 1711 1011 fuisse‘?

909 1019 1015 1045 Etenim
1036 1019 1210 1051 verebantur,
1233 1020 1325 1051 credo,
1348 1021 1500 1056 angustias,
1523 1022 1601 1056 quasi
1620 1030 1661 1048 res
1683 1022 1709 1048 in

909 1057 1104 1083 contentionem
1121 1062 1166 1083 aut
1182 1057 1208 1083 in
1224 1057 1370 1085 discrimen
1386 1058 1495 1094 aliquod
1506 1063 1596 1094 posset
1608 1060 1708 1086 venire.

910 1094 963 1121 Sed
979 1098 1066 1121 tamen
1088 1098 1116 1121 tu
1131 1094 1163 1121 A.
1181 1094 1310 1127 Plotium,
1333 1096 1422 1122 virum
1443 1097 1659 1128 ornatissimum,
1683 1097 1710 1124 in

909 1131 981 1158 idem
992 1132 1094 1158 crimen
1105 1132 1257 1159 vocandum
1269 1132 1391 1160 iudicas‘?
1411 1142 1443 1160 an
1455 1133 1523 1160 dicis
1534 1143 1596 1160 eum
1608 1139 1633 1160 te
1645 1135 1711 1161 arri-

910 1170 1011 1204 puisse,
1027 1178 1041 1196 a
1055 1178 1109 1204 quo
1119 1178 1172 1196 non
1183 1170 1221 1196 sis
1233 1170 1359 1205 rogatus?
1382 1171 1449 1198 Nam
1460 1171 1534 1206 quod
1544 1176 1658 1207 questus
1670 1180 1708 1202 es,

910 1206 1002 1241 plures
1018 1211 1042 1233 te
1056 1211 1137 1234 testes
1153 1207 1250 1234 habere
1265 1208 1298 1234 de
1313 1208 1440 1239 Voltinia,
1457 1217 1540 1244 quam
1556 1214 1621 1244 quot
1637 1209 1665 1236 in
1680 1218 1709 1236 ea

910 1245 982 1271 trihu
993 1249 1091 1279 puncta
1104 1244 1212 1271 tuleris:
1228 1245 1339 1277 indicas,
1353 1250 1400 1272 aut
1410 1255 1454 1273 eos
1465 1251 1546 1273 testes
1558 1252 1582 1273 te
1593 1246 1710 1274 adduce-

909 1290 950 1313 re,
973 1282 1035 1317 qui,
1057 1282 1122 1317 quia
1142 1291 1268 1309 nummos
1283 1284 1447 1318 acceperint,
1470 1289 1494 1310 te
1513 1285 1707 1319 praeterierint:

909 1323 963 1351 aut,
978 1324 1002 1346 te
1014 1328 1047 1345 ne
1057 1320 1173 1355 gratuita
1183 1320 1295 1355 quidem
1307 1329 1398 1348 eorum
1410 1321 1536 1357 suffragia
1548 1321 1653 1349 tulisse.

964 1357 1062 1383 xxm.
1090 1358 1131 1384 55.
1148 1357 1218 1383 Illud
1230 1366 1293 1385 vero
1304 1359 1404 1385 crimen
1415 1358 1449 1385 de
1461 1360 1588 1390 nummiS,
1602 1368 1670 1394 quos
1683 1360 1709 1386 in

909 1394 979 1421 circo
990 1394 1123 1421 Flaminio
1137 1394 1319 1429 deprehensos
1334 1404 1394 1422 esse
1407 1395 1514 1427 dixisti,
1532 1396 1615 1422 caluit
1630 1406 1657 1422 re
1669 1405 1710 1423 re—

909 1432 993 1458 centi:
1016 1440 1088 1458 nunc
1104 1432 1131 1458 in
1146 1440 1241 1459 caussa
1258 1432 1370 1460 refrixit.
1402 1434 1495 1468 Neque
1511 1434 1591 1465 enim.
1609 1435 1657 1469 qui
1669 1434 1709 1460 illi

910 1469 1015 1496 nummi
1036 1468 1148 1501 fuerint,
1171 1478 1232 1501 nec,
1255 1478 1325 1505 quae
1341 1471 1440 1501 tribus,
1459 1479 1515 1502 nec,
1533 1472 1580 1506 qui
1596 1471 1706 1502 divisor.

909 1507 1068 1533 ostenderis.
1090 1506 1179 1542 Atque
1189 1507 1212 1533 is
1224 1507 1334 1542 quidem
1346 1508 1460 1534 eductus
1470 1508 1503 1534 ad
1514 1508 1648 1538 consules,
1661 1510 1708 1544 qui

910 1549 967 1570 tum
988 1545 1015 1570 in
1035 1544 1137 1571 crimen
1154 1545 1311 1576 vocabatur,
1332 1554 1360 1571 se
1376 1546 1468 1580 inique
1483 1554 1497 1571 a
1514 1546 1566 1572 tuis
1583 1547 1708 1572 iactatum

909 1582 1025 1617 graviter
1039 1582 1211 1617 querebatur.
1243 1582 1293 1614 Qui
1310 1583 1332 1609 si
1349 1587 1404 1609 erat
1419 1583 1534 1614 divisor,
1553 1584 1709 1618 praesertim

909 1620 981 1650 eius,
998 1627 1079 1654 quem
1096 1624 1123 1645 tu
1140 1619 1257 1645 habebas
1272 1628 1357 1651 reum,
1374 1629 1422 1646 cur
1436 1621 1482 1647 abs
1495 1625 1520 1647 te
1532 1629 1593 1647 reus
1606 1630 1656 1648 non
1669 1626 1710 1647 est

909 1656 1014 1683 factus?
1037 1665 1085 1683 cur
1100 1665 1152 1683 non
1167 1657 1226 1683 eius
1237 1657 1407 1684 damnatione
1418 1657 1521 1693 aliquid
1533 1658 1566 1684 ad
1578 1658 1626 1685 hoc
1638 1659 1710 1685 indi-

907 1694 980 1720 cium
1003 1694 1161 1729 praeiudicii
1182 1694 1360 1729 comparasti?
1395 1695 1446 1722 Sed
1468 1704 1555 1730 neque
1576 1700 1605 1722 tu
1626 1696 1708 1722 hahes

908 1731 986 1763 haec,
1004 1740 1092 1767 neque
1105 1732 1145 1758 eis
1160 1732 1283 1758 contidis.
1315 1732 1374 1759 Alia
1390 1737 1414 1759 te
1431 1733 1505 1764 ratio,
1523 1733 1574 1759 alia
1585 1733 1710 1769 cogitatio

907 1769 940 1796 ad
952 1777 1028 1804 spem
1040 1769 1122 1796 huius
1134 1769 1304 1804 opprimendi
1316 1770 1451 1797 excitavit.
1487 1770 1597 1806 Magnae
1607 1776 1670 1798 sunt
1682 1772 1708 1797 in

908 1811 932 1834 te
947 1815 1026 1842 opes,
1052 1806 1102 1834 late
1119 1812 1190 1842 patet
1204 1808 1301 1842 gratia:
1328 1807 1406 1834 multi
1422 1808 1510 1839 amici,
1527 1808 1605 1834 multi
1617 1808 1708 1843 cupidi

908 1845 959 1876 tui,
978 1844 1057 1871 multi
1074 1844 1190 1871 fautores
1207 1845 1294 1872 laudis
1311 1850 1385 1878 tuae,
1409 1845 1487 1872 multi
1499 1846 1561 1872 huic
1572 1846 1706 1877 invident:

907 1881 1001 1909 multis
1017 1882 1096 1909 etiam
1115 1887 1201 1917 pater.
1220 1883 1339 1917 optimus
1356 1884 1406 1914 vir,
1425 1883 1538 1909 nimium
1554 1884 1670 1910 retinens
1681 1892 1709 1910 e-

907 1921 1025 1955 questris
1040 1920 1108 1946 iuris
1122 1924 1148 1946 et
1165 1919 1295 1947 libertatis
1312 1920 1431 1953 videtur,
1454 1920 1531 1947 multi
1545 1921 1623 1947 etiam
1636 1930 1710 1948 com·

908 1965 1004 1984 munes
1016 1957 1117 1984 inimici
1134 1966 1240 1984 reorum
1251 1958 1387 1991 omniun13
1409 1958 1457 1993 qui
1470 1959 1504 1985 ita
1517 1967 1623 1993 semper
1634 1959 1709 1985 testi-

907 1995 1029 2022 monium
1040 1995 1073 2021 (le
1085 1995 1188 2021 ambitu
1200 1995 1304 2027 dicunt,
1320 1996 1401 2031 quasi
1412 2000 1457 2022 aut
1470 2001 1592 2023 moveant
1606 1997 1708 2023 animos

907 2032 1028 2059 iudicum
1044 2033 1102 2059 suis
1119 2033 1290 2064 testimoniis,
1307 2038 1353 2060 aut
1362 2038 1468 2069 gratum
1481 2033 1581 2068 populo
1593 2034 1709 2060 Romano

907 2070 955 2101 sit,
977 2074 1023 2096 aut
1043 2069 1076 2096 ab
1097 2078 1128 2096 eo
1148 2069 1255 2097 fac-ilius
1275 2070 1310 2097 ob
1326 2079 1384 2097 earn
1398 2079 1522 2097 caussam
1538 2071 1705 2107 dignitatem.

906 2115 989 2142 quam
1000 2107 1104 2139 volunt,
1116 2113 1326 2142 consequantur.
1358 2110 1399 2135 56.
1419 2108 1589 2140 Quibuscum
1601 2118 1652 2138 me,
1667 2109 1708 2135 iu-

907 2145 992 2176 dices,
1016 2149 1181 2180 pugnantem
1202 2153 1262 2171 meo
1275 2154 1348 2172 more
1365 2145 1477 2180 pristino
1496 2154 1548 2172 non
1565 2146 1704 2172 videbitis:

908 2191 959 2208 non
975 2190 1030 2216 quo
1045 2182 1111 2208 mihi
1128 2181 1166 2208 fas
1182 2183 1217 2208 sit
1231 2182 1380 2217 quidquam
1395 2182 1532 2218 defugere,
1551 2183 1622 2218 quod
1634 2183 1708 2209 salus

907 2219 1007 2245 Plancii
1020 2218 1150 2253 postulet:
1181 2219 1229 2245 sed
1240 2220 1304 2254 quia
1320 2228 1407 2255 neque
1424 2228 1532 2246 necesse
1547 2226 1599 2250 est.
1623 2229 1664 2246 nie
1681 2220 1707 2246 id

907 2257 1033 2291 persequi
1050 2264 1123 2287 voce,
1141 2256 1213 2291 quod
1231 2266 1277 2283 vos
1294 2262 1383 2283 mente
1398 2257 1526 2286 videatis:
1548 2262 1573 2284 ct
1588 2257 1660 2292 quod
1673 2258 1706 2284 ita

906 2293 940 2320 de
955 2302 998 2320 me
1014 2293 1099 2320 meriti
1116 2298 1179 2320 sunt
1193 2293 1233 2320 illi
1250 2294 1316 2328 ipsi,
1333 2303 1402 2329 quos
1418 2303 1468 2330 ego
1478 2299 1559 2321 testes
1572 2295 1649 2320 video
1660 2303 1707 2329 pa-

907 2335 990 2362 ratos,
1007 2335 1037 2357 ut
1052 2339 1144 2357 eorum
1161 2331 1396 2365 reprehensionem
1412 2340 1460 2357 vos
1474 2337 1578 2358 vestrae
1590 2331 1708 2366 pruden-

907 2369 958 2394 tiae
969 2376 1116 2398 assumere,
1131 2376 1204 2394 meae
1215 2368 1361 2395 modestiae
1372 2369 1506 2395 remittere
1517 2369 1646 2395 debeatis.
1673 2369 1708 2395 n-

908 2405 953 2432 lud
966 2414 1050 2431 unum
1063 2413 1110 2431 vos
1122 2413 1218 2439 magno
1231 2414 1310 2440 opere
1322 2414 1367 2432 oro
1377 2406 1581 2440 mque-obsecro,
1591 2406 1704 2434 iudices,

906 2451 990 2477 qutun
1007 2443 1102 2472 huius,
1121 2451 1201 2477 quem
1217 2442 1345 2473 defendo,
1363 2448 1419 2469 tunt
1431 2444 1582 2470 communis
1595 2443 1705 2478 periculi

906 2488 1010 2510 caussa,
1029 2488 1061 2506 ne
1073 2480 1141 2505 lictis
1153 2480 1351 2510 auditionibus,
1370 2489 1402 2506 ne
1413 2480 1590 2507 disseminato
1600 2481 1707 2516 dispcr-

906 2525 990 2552 soque
1000 2517 1117 2543 sermoni
1130 2516 1249 2543 fortunas
1265 2518 1448 2544 innocentium
1459 2518 1642 2545 subiicit-ndns
1655 2527 1706 2553 pu-

906 2555 976 2581 tetis.
1018 2555 1057 2581 57.
1083 2554 1160 2580 Multi
1181 2555 1260 2581 amici
1281 2556 1455 2586 accusatoris,
1481 2555 1602 2583 nonnulli
1624 2557 1703 2582 etiam

907 2592 989 2618 nostri
1001 2592 1097 2627 iniqui,
1106 2591 1184 2618 multi
1195 2601 1352 2619 comumnes
1362 2593 1550 2619 obtrectatores
1561 2598 1641 2629 atquc
1648 2603 1705 2620 om-

907 2629 981 2655 nium
994 2629 1079 2656 invidi
1091 2629 1174 2656 multa
1187 2629 1329 2656 linxerunt.
1357 2630 1429 2657 Nihil
1440 2635 1481 2657 cst
1492 2636 1580 2657 autem
1593 2636 1645 2657 tam
1657 2640 1705 2657 vo-

907 2666 987 2697 lucre.
1005 2676 1087 2702 quam
1099 2666 1285 2693 maledictum:
1310 2667 1375 2694 nihil
1389 2667 1494 2694 facilius
1505 2669 1644 2699 emittitur.
1662 2669 1705 2695 ni-

906 2703 943 2731 hil
965 2705 1045 2732 citius
1065 2705 1211 2740 excipitur,
1235 2705 1302 2732 nihil
1327 2705 1406 2733 latius
1422 2705 1579 2741 dissipatur.
1611 2707 1704 2741 Neque

1436 2753 1494 2779 71·
