1941 3052
231 126 282 151 DE
313 124 496 151 FINIBUS
528 123 746 151 BONORUM
776 123 829 150 ET
858 123 1080 151 MALORUM
1113 125 1193 150 LtB.
1225 125 1259 150 11.
1291 125 1383 151 CAP.
1411 127 1480 150 6—
1505 126 1543 150 40.

67 202 119 223 tem
131 204 259 231 umquam
272 195 397 226 viderint,
410 204 459 221 nec
469 196 612 221 orientem:
625 195 683 230 qui,
692 195 859 229 consumptis

66 234 247 269 patrimoniis.
270 237 374 268 egeant.
414 233 499 259 Nemo
519 237 639 259 nostrum
660 233 739 258 istius
753 232 859 267 generis

66 276 152 298 asotos
163 270 281 297 iucunde
292 274 367 304 putat
378 270 479 296 vivere.
501 269 624 300 Mundos,
633 268 777 304 elegantes,
790 270 861 303 opti-

67 309 118 334 mis
129 308 237 343 coquis,
255 307 418 342 pistoribus,
435 308 552 341 piscatu¹
566 307 695 341 aucupio,
709 307 858 337 venatione,

67 345 110 372 his
119 345 247 372 omnibus
258 344 412 380 exquisitis,
428 345 542 371 vitantes
553 343 726 376 cruditatem3

503 397 540 401 —
550 382 634 415 quibu·
645 384 733 407 virtum

140 422 256 453 defusum
270 428 284 445 e
295 421 371 452 pleno
385 421 445 451 siet,
460 421 501 445 hir
515 420 616 452 siphove
630 417 669 453 (ut
684 419 721 445 ait
731 417 862 452 Lucilius)

510 458 551 483 cui
561 458 598 482 nil

141 495 256 526 dempsit,
267 496 306 519 vis
316 497 361 520 aut
371 495 491 520 sacculus
500 494 643 523 abstulerit,
656 493 798 519 adhibentis

142 533 215 557 ludos
224 546 261 550 —

68 574 93 595 et
103 576 172 603 quae
184 572 335 602 sequuntur
345 566 404 593 illa:
430 567 532 602 quibus
543 567 678 598 detractis,
691 566 788 593 clamat
798 567 864 601 Epi—

67 614 149 632 curus
160 614 188 632 se
201 606 313 635 nescire.
321 604 389 639 quid
400 605 435 631 sit
445 604 560 631 bonum:
573 604 663 631 adsint
673 605 752 631 etiam
765 603 863 630 formo-

67 644 91 669 si
103 643 189 678 pueri,
198 643 245 677 qui
258 643 422 668 ministrent:
437 641 595 676 respondeat
606 641 649 667 his
661 642 753 672 vestis,
767 650 863 676 argen-

68 686 139 711 tum,
157 679 341 710 Corinthium,
360 679 433 705 locus
450 680 522 713 ipse,
540 678 704 705 aedificium.
746 678 798 705 Hos
814 686 863 713 ego

68 722 155 744 asotos
167 717 234 743 bene
245 716 357 751 quidem
368 717 461 742 vivere
472 720 517 742 aut
530 715 607 742 beate
620 724 769 750 numquam
785 715 863 741 dixe-

69 756 130 781 rim.
170 756 211 781 24.
232 755 273 780 Ex
283 762 337 788 quo
347 753 471 783 eflicitur,
488 761 540 779 non
551 757 581 780 ut
591 753 714 788 voluptas
726 761 758 779 ne
770 753 805 779 sit
816 761 863 778 vo—

71 792 166 827 luptas.
179 791 227 817 sed
238 795 268 817 ut
277 790 401 825 voluptas
413 799 464 816 non
476 790 511 816 sit
521 798 659 816 summum
670 790 780 817 bonum.
809 790 863 815 Nec

69 829 128 859 ille,
146 830 194 864 qui
209 829 354 864 Diogenem
370 827 491 854 Stoicum
507 827 675 858 adolescens,
698 832 757 862 post
773 831 862 853 autem

68 867 224 893 Panaetium
245 865 379 896 audierat,
402 864 510 890 Laelius
529 873 560 891 eo
580 864 670 891 dictus
687 869 728 891 est
742 865 860 899 sapiens,

68 904 141 939 quod
152 912 203 930 non
215 902 388 938 intelligeret,
411 901 478 936 quid
493 902 689 928 suavissimum
702 907 786 928 esset:
804 902 863 936 (nec

68 942 141 968 enim
151 940 287 975 sequitur,
303 944 345 970 ut,
362 940 407 965 cui
417 947 463 965 cor
472 940 567 973 sapiat⁷
585 940 611 966 ei
621 948 674 966 non
685 940 771 974 sapiat
787 939 862 974 pala-

69 983 111 1005 tus
119 978 137 1012 z)
151 977 198 1004 sed
209 977 272 1012 quia
284 977 361 1011 parvi
372 976 400 1002 id
411 975 530 1003 duceret.

105 1015 127 1042 0
138 1016 248 1048 lapathe,
258 1018 286 1040 ut
297 1016 396 1040 iactare
405 1022 503 1040 necesse
513 1018 557 1044 est,
570 1014 678 1047 cognitu’
690 1014 733 1040 cui
741 1016 787 1040 sis.

106 1053 135 1078 In
146 1061 196 1086 quo
208 1052 303 1078 laeliu'
315 1053 438 1077 clamores
447 1051 533 1085 σοφός
543 1052 586 1077 ille
598 1052 694 1077 solebat

105 1092 185 1120 edere,
200 1090 353 1122 compellans
362 1091 463 1122 gumias
473 1097 506 1114 em
517 1090 606 1114 ordine
616 1093 725 1114 nostros.

68 1126 204 1154 Praeclare
216 1125 331 1157 Laelius,
345 1129 370 1152 et
381 1130 451 1152 recte
461 1124 559 1160 σοφός;
573 1124 696 1160 illudque
710 1133 786 1152 vere:

105 1164 128 1191 Ο
139 1165 219 1195 Publi,
231 1172 245 1189 o
255 1171 355 1197 9urqes,
370 1163 488 1189 Galloni:
499 1171 525 1189 es
534 1164 606 1189 homo
615 1165 700 1193 miser,
712 1163 814 1197 inquit:

105 1204 219 1229 coenasti
230 1204 257 1227 in
266 1203 321 1227 vita
331 1209 469 1234 numquam
480 1201 547 1231 bene,
559 1209 637 1234 quum
646 1202 732 1226 omnia
742 1203 769 1226 in
778 1203 829 1227 ista

105 1241 232 1265 consumis
242 1239 337 1272 squilla
347 1242 424 1272 atque
433 1239 580 1270 acipensere
590 1246 646 1263 cum
656 1239 805 1264 decumano.

68 1277 94 1303 Is
105 1276 171 1303 haec
182 1276 311 1311 loquitur,
325 1275 383 1310 qui,
397 1276 424 1301 in
436 1274 572 1309 voluptate.
584 1274 654 1302 nihil
665 1279 865 1312 ponens‚negat

68 1322 131 1340 eum
147 1314 215 1340 hene
231 1321 357 1344 caenare,
373 1313 422 1347 qui
437 1313 527 1339 omnia
542 1317 623 1348 ponat
634 1313 661 1339 in
673 1313 823 1348 voluptate:
839 1318 865 1340 et

67 1356 157 1378 tamen
177 1359 228 1377 non
244 1354 324 1386 negat
344 1349 458 1377 libenter
479 1358 610 1385 umquam
630 1358 757 1377 caenasse
773 1350 865 1377 Gallo-

68 1389 158 1421 nium:
182 1388 340 1414 mentiretur
353 1388 440 1419 enim;
463 1387 511 1414 sed
527 1387 604 1414 bene.
645 1388 681 1414 Ita
701 1389 820 1423 graviter
839 1392 865 1414 et

67 1434 161 1452 severe
176 1424 342 1459 voluptatem
356 1425 472 1451 secernit
482 1433 496 1451 a
507 1424 587 1451 bono.
627 1425 668 1451 Ex
678 1433 732 1459 quo
743 1424 812 1452 illud
825 1425 865 1451 es-

68 1463 165 1494 ficitur⁷
179 1463 228 1498 qui
239 1462 306 1488 bene
317 1466 436 1493 caenent,
449 1470 543 1488 omnes
555 1461 669 1488 libenter
679 1470 803 1489 caenare:
817 1463 864 1497 qui

68 1500 196 1530 libenter,
214 1508 266 1526 non
281 1499 408 1526 continuo
423 1499 502 1526 bene.
542 1498 654 1534 Semper
664 1499 771 1527 Laelius
785 1500 864 1527 bene.

67 1539 110 1564 25.
131 1537 202 1570 Quid
214 1535 300 1563 bene?
310 1537 385 1563 Dicet
395 1536 532 1563 Lucilius:

504 1588 541 1593 ——
550 1588 587 1593 -—
597 1578 674 1604 cocto,

143 1613 251 1643 condito,

67 1664 103 1669 —
113 1648 162 1675 sed
175 1648 241 1675 cedo
251 1652 332 1682 caput
342 1655 453 1674 caenae:
466 1662 502 1668 —

271 1694 385 1712 sermone
396 1687 468 1716 bono,

67 1722 140 1756 Quid
153 1731 188 1750 ex
198 1722 247 1750 eo‘?

477 1762 501 1786 si
514 1760 622 1793 quami',
634 1760 749 1786 libenter.

68 1796 200 1824 Veniebat
214 1797 287 1823 enim
303 1796 336 1823 ad
350 1805 475 1828 caenam,
497 1801 527 1823 ut
542 1797 632 1824 animo
646 1797 739 1832 quieto
758 1797 867 1824 satiaret

67 1833 203 1861 desideria
214 1839 334 1861 naturae.
374 1835 454 1861 Recte
465 1842 528 1870 ergo
540 1835 563 1860 is
574 1838 662 1870 negat.
676 1842 806 1869 umquam
819 1834 866 1861 be-

69 1879 102 1898 ne
113 1879 240 1898 caonasse
251 1871 421 1903 Gallonium:
435 1876 504 1898 recte
513 1892 519 1902 ,
532 1871 676 1898 miserum:
690 1880 777 1907 quum
789 1880 867 1907 prae—

68 1909 161 1935 sertim
173 1909 201 1934 in
212 1916 243 1935 eo
252 1916 331 1935 omne
342 1908 464 1935 studium
475 1913 654 1935 consumeret.
677 1908 764 1941 Quem
779 1909 867 1936 liben-

68 1950 109 1972 ter
119 1954 245 1972 caenasse
256 1953 335 1972 nemo
347 1950 435 1981 negat.
457 1945 511 1972 Cur
522 1946 605 1981 igitur
615 1954 667 1972 non
679 1946 765 1973 bene‘l
785 1946 864 1979 Quia,

69 1982 142 2018 quod
158 1982 239 2014 bene,
257 1982 286 2009 id
301 1987 384 2014 recte,
406 1982 559 2018 frugaliter,
578 1982 701 2010 honeste:
727 1983 773 2010 ille
788 1992 866 2018 porro

69 2020 149 2051 male,
162 2028 254 2055 prave,
267 2020 400 2054 nequiter,
414 2020 527 2054 turpiter
537 2019 674 2046 caenabat.
713 2020 770 2047 Non
783 2021 866 2056 igitur

69 2066 119 2085 nec
131 2057 231 2092 lapathi
243 2058 402 2084 suavitatem
414 2057 564 2092 acipenseri
575 2056 807 2084 GalloniiLaelius
818 2067 866 2085 an—

69 2095 226 2130 teponebat,
241 2094 289 2121 sed
307 2095 466 2121 suavitatem
483 2095 570 2129 ipsam
585 2093 748 2130 negligebat.
788 2094 865 2127 Quod

70 2141 122 2159 non
134 2131 244 2163 faceret.
262 2132 285 2158 si
297 2132 325 2158 in
337 2131 473 2166 voluptate
483 2139 622 2158 summum
634 2131 734 2158 bonum
745 2137 864 2167 poneret.

69 2170 117 2197 IX.
138 2168 306 2196 Semovenda
321 2173 362 2196 est
372 2169 455 2205 igitur
465 2168 602 2204 voluptas,
621 2177 672 2195 non
684 2169 772 2196 solum
784 2174 813 2196 ut
824 2178 866 2197 re-

69 2212 110 2234 cta
125 2207 293 2242 sequamini,
313 2206 361 2233 sed
375 2207 456 2233 etiam
472 2210 502 2233 ut
518 2205 591 2241 loqui
607 2205 700 2233 deceat
714 2206 864 2242 frugaliter.

69 2246 112 2272 26.
133 2245 316 2271 Possumusne
332 2243 415 2280 igitur
427 2244 454 2270 in
466 2244 520 2270 vita
531 2251 669 2270 summum
680 2243 780 2270 bonum
792 2244 866 2271 dice-

69 2290 108 2314 re,
122 2290 209 2317 quum
221 2281 248 2308 id
260 2289 293 2308 ne
307 2282 335 2308 in
346 2289 426 2307 caena
438 2280 550 2316 quidem
561 2288 640 2315 posse
652 2281 811 2308 videamur?

124 2319 184 2352 Quo
194 2318 274 2345 modo
285 2323 373 2345 autem
386 2317 564 2353 philosophus
577 2317 713 2352 loquitur?
724 2319 772 2345 tria
783 2327 866 2354 geno-

69 2365 98 2383 ra
118 2355 312 2391 cupiditatum:
335 2355 469 2382 naturales
484 2359 511 2382 et
530 2355 707 2382 necessarias:
731 2356 865 2383 naturales

69 2401 123 2420 non
134 2393 312 2420 necessarias:
326 2401 374 2419 nec
386 2391 520 2419 naturales
531 2399 579 2418 ncc
591 2393 765 2420 necessarias.
809 2394 866 2420 Pri—

69 2439 145 2458 mum
151 2430 431 2466 divisitinelegantur3
445 2429 499 2457 duo
509 2429 581 2456 enim
593 2437 689 2465 genera
700 2438 770 2464 quae
780 2435 863 2461 erant.

69 2467 134 2495 fecit
144 2468 204 2494 tria.
243 2468 297 2495 Hoc
307 2472 411 2495 estnon
425 2467 561 2497 dividere.
577 2465 625 2492 sed
642 2465 773 2502 frangero.
812 2468 865 2500 Qui

69 2505 95 2531 si
105 2504 218 2536 diceret,
235 2505 414 2540 cupiditatum
429 2513 488 2531 esso
503 2504 558 2531 duo
567 2511 679 2539 genera,
695 2504 829 2531 naturales
840 2509 866 2532 et

70 2541 178 2568 inanes:
200 2541 363 2569 naturalium
379 2550 488 2577 quoquo
503 2542 567 2568 item
579 2540 646 2571 duo,
664 2543 829 2568 necessarias
839 2547 866 2569 et

70 2587 124 2606 non
135 2579 314 2606 necessarias:
327 2579 445 2606 conlecta
458 2588 499 2606 res
510 2582 590 2605 esset.
621 2578 673 2610 Qui
685 2577 749 2605 haec
760 2579 865 2606 didice-

70 2619 147 2647 runt,
167 2624 237 2651 quae
251 2615 298 2643 illo
311 2617 469 2648 contemnit,
486 2616 527 2643 sio
540 2614 636 2642 solent.
677 2615 809 2644 Vitiosum
825 2622 865 2644 est

71 2653 183 2680 enimin
194 2653 351 2687 dividendo,
368 2659 470 2690 partem
482 2654 509 2681 in
520 2660 618 2690 genere
630 2660 781 2682 numerare.
820 2656 862 2683 27.

1642 127 1704 150 4007

911 194 964 220 Sed
977 194 1026 221 hoc
1037 203 1100 221 sane
1110 195 1299 221 concedamus.
1325 196 1475 222 Contemnit
1486 196 1558 221 enim
1570 194 1706 221 disseren-

911 231 939 257 di
950 231 1124 267 elegantiam3
1142 232 1252 259 confuse
1265 232 1392 267 loquitur.
1434 232 1574 259 Gerendus
1586 238 1625 258 cst
1637 241 1704 262 mos,

911 269 990 295 modo
1011 274 1080 295 recte
1100 270 1204 296 sentiat.
1245 270 1379 304 Equidem
1401 269 1469 296 illud
1490 271 1579 304 ipsum
1596 278 1647 296 non
1664 271 1706 296 ni-

913 306 998 332 mium
1009 307 1105 341 probo,
1118 312 1143 333 et
1154 312 1255 333 tantum
1267 308 1366 341 patior,
1384 307 1576 341 philosophum
1590 307 1663 341 loqui
1675 307 1707 332 de

912 343 1108 378 cupiditatibus
1130 344 1266 370 finiendis.
1306 345 1346 370 An
1368 349 1453 379 potest
1468 344 1602 379 cupiditas
1619 344 1708 370 finiri?

913 380 1041 407 Tollenda
1059 386 1099 407 est
1119 386 1198 416 atque
1218 381 1381 408 extrahenda
1404 382 1542 408 radicitus.
1583 381 1649 413 Quis
1669 387 1709 408 est

913 418 1000 448 enim,
1025 419 1052 444 in
1068 427 1121 453 quo
1137 419 1171 445 sit
1185 419 1333 453 cupiditas,
1353 419 1420 453 quin
1437 424 1505 445 recte
1521 419 1638 453 cupidus
1653 419 1707 444 dici

913 454 1016 490 possit?
1035 456 1105 491 Ergo
1116 460 1141 482 et
1150 465 1247 482 avarus
1258 457 1320 486 erit,
1334 456 1380 482 sed
1394 456 1480 482 sinite:
1494 461 1518 482 et
1530 456 1647 482 adulter.
1663 465 1709 481 vc-

914 501 974 518 rum
992 492 1102 519 habebit
1117 493 1241 519 modum:
1263 498 1288 519 ct
1307 493 1477 523 luxuriosus,
1505 493 1597 519 eodem
1619 493 1707 519 modo.

913 529 1007 562 Qualis
1019 530 1068 556 ista
1080 530 1252 565 philosophia
1263 536 1311 561 est.
1325 539 1393 565 quae
1406 540 1457 557 non
1470 532 1607 557 interitum
1620 531 1710 557 afferat

914 568 1068 601 pravitatis,
1095 567 1141 593 sed
1162 568 1198 594 sit
1217 573 1339 594 contenta
1360 568 1541 594 mediocritate
1563 568 1710 594 vitiorum?

914 604 1084 639 Quamquam
1099 605 1126 631 in
1143 605 1192 631 hac
1207 605 1342 631 divisione
1359 614 1414 631 rem
1429 606 1515 639 ipsam
1526 614 1636 640 prorsus
1648 614 1710 639 pro—

915 642 962 668 bo:
990 642 1150 677 elegantiam
1171 642 1304 668 desidero.
1344 642 1468 677 Appellat
1489 642 1554 668 haec
1574 643 1709 669 desideria

914 683 1037 705 naturae:
1051 679 1207 713 cupiditatis
1218 688 1315 706 nomen
1326 685 1414 706 servet
1425 680 1485 710 alio,
1500 685 1527 706 ut
1539 689 1606 710 eam,
1624 689 1709 714 quum

914 716 947 742 de
958 716 1083 747 avaritia,
1101 725 1186 750 quum
1198 716 1231 742 de
1243 718 1460 751 intemperantia,
1479 726 1564 751 quum
1579 717 1611 743 de
1624 719 1711 743 maxi-

914 754 967 779 mis
978 754 1053 779 vitiis
1065 753 1196 788 loqueturv
1211 759 1347 789 tamquam
1359 755 1454 788 capitis
1466 760 1581 780 accuset.
1603 756 1642 780 28.
1657 754 1710 780 Sed

915 790 981 816 haec
991 790 1103 825 quidem
1116 790 1228 816 liberius
1239 791 1273 817 ab
1284 800 1314 817 eo
1325 791 1452 817 dicuntur
1463 797 1488 817 et
1499 793 1617 825 saepius.
1633 792 1710 823 Quod

914 827 1041 862 equidem
1057 836 1109 854 non
1125 828 1305 862 reprehendo:
1327 834 1368 854 est
1382 830 1455 854 enim
1474 829 1539 854 tanti
1556 829 1710 863 philosophi

915 870 1024 899 tamque
1035 865 1144 895 nobilis,
1158 865 1284 892 audacter
1295 874 1343 891 sua
1354 865 1459 892 decreta
1471 865 1625 892 defendere.

971 902 1025 928 Sed
1046 907 1134 928 tamen
1150 911 1183 929 ex
1199 911 1243 933 eo,
1265 902 1337 938 quod
1354 912 1411 929 eam
1429 902 1606 937 voluptatem,
1629 912 1710 937 quam

914 948 1007 966 omnes
1023 944 1117 975 gentes
1132 939 1181 966 hoc
1197 941 1304 966 nomine
1320 940 1468 975 appellant,
1487 940 1594 966 videtur
1609 940 1711 974 ample-

915 978 973 1003 xari
984 985 1063 1011 saepe
1076 977 1273 1008 vehementiusv
1288 978 1314 1004 in
1328 979 1432 1013 magnis
1443 978 1579 1004 interdum
1591 983 1713 1004 versatur

914 1015 1057 1050 angustiis,
1071 1019 1109 1045 ut,
1123 1014 1265 1041 hominum
1275 1016 1438 1041 conscientia
1450 1021 1563 1045 remota,
1578 1015 1645 1041 nihil
1658 1021 1710 1041 tam

915 1056 992 1086 turpe
1004 1051 1129 1086 sit,quod
1141 1051 1286 1086 voluptatis
1298 1061 1392 1079 caussa
1405 1062 1456 1079 non
1468 1052 1592 1079 videatur
1603 1062 1660 1078 esse
1674 1052 1712 1078 fn-

914 1094 1017 1116 cturus.
1048 1089 1159 1120 Deinde.
1174 1089 1221 1115 ubi
1233 1090 1355 1121 erubuit,
1368 1090 1420 1124 (vis
1432 1091 1504 1116 enim
1516 1095 1556 1116 est
1567 1099 1711 1125 permagna

915 1125 1048 1161 naturae),
1064 1126 1187 1162 confugit
1198 1126 1276 1158 illuc,
1295 1132 1324 1154 ut
1335 1133 1414 1162 neget
1425 1127 1550 1154 accedere
1561 1127 1711 1162 quidquam

915 1172 994 1198 posse
1009 1163 1043 1190 ad
1059 1163 1223 1198 voluptatem
1238 1164 1305 1190 nihil
1322 1164 1447 1191 dolentis.
1488 1165 1521 1191 At
1536 1166 1586 1191 iste
1601 1173 1652 1191 non
1665 1165 1713 1191 do-

916 1201 989 1227 lendi
999 1205 1085 1227 status
1096 1210 1147 1228 non
1160 1206 1269 1228 vocatur
1283 1202 1417 1236 voluptas.
1458 1203 1533 1228 »Non
1549 1202 1652 1232 laboro,
1672 1203 1713 1228 in-

917 1239 985 1273 quit,
999 1238 1031 1264 de
1042 1239 1160 1265 nomine.
1169 1249 1181 1263 ι(
1219 1239 1299 1271 Quid,
1313 1239 1386 1274 quod
1398 1248 1439 1265 res
1451 1239 1502 1266 alia
1514 1244 1565 1266 tota
1576 1239 1633 1266 est?
1645 1240 1713 1265 »Re-

915 1276 1018 1312 periam
1030 1275 1128 1304 multos
1140 1275 1183 1303 vel
1206 1276 1418 1304 innumerabiles
1429 1278 1528 1312 potius,
1542 1286 1593 1303 uon
1607 1282 1713 1303 ‹ameu-

915 1315 1014 1344 riosos.
1037 1323 1086 1341 nec
1107 1319 1160 1341 tam
1176 1314 1314 1345 molestos„
1337 1323 1419 1349 quam
1436 1323 1483 1341 vos
1498 1315 1576 1340 estis:
1599 1314 1710 1349 quibus,

915 1351 1051 1386 quidquid
1064 1351 1146 1378 velim
1155 1373 1161 1383 ,
1175 1351 1252 1378 facile
1264 1352 1470 1386 persuadeam.«
1509 1352 1650 1387 Quidergo
1661 1351 1713 1377 du-

917 1389 1044 1420 bitamus.
1060 1389 1136 1424 quin,
1151 1389 1174 1415 si
1185 1398 1236 1415 non
1248 1389 1338 1416 dolere
1350 1389 1473 1424 voluptas
1484 1389 1519 1415 sit
1529 1397 1645 1419 summa,
1661 1398 1711 1415 uon

917 1434 976 1452 esse
988 1426 1015 1452 in
1027 1425 1177 1461 voluptate,
1195 1426 1270 1453 dolor
1285 1427 1320 1453 sit
1335 1426 1490 1453 maximus‘.>
1509 1426 1563 1453 Cur
1575 1426 1601 1452 id
1614 1435 1664 1452 non
1678 1427 1711 1452 ita

918 1463 963 1490 fit‘?
983 1462 1070 1495 »Quia
1081 1463 1166 1490 dolori
1178 1473 1230 1490 non
1243 1463 1366 1498 voluptas
1377 1464 1507 1490 contraria
1519 1469 1567 1493 est,
1580 1463 1626 1489 sed
1638 1463 1714 1490 dolo-

918 1501 954 1527 ris
967 1501 1111 1535 privatio«
1132 1501 1216 1527 Χ.Ξ).9.
1231 1501 1283 1527 Hoc
1295 1510 1357 1527 vero
1369 1510 1420 1527 non
1432 1501 1532 1531 videre,
1547 1501 1664 1527 maximo
1672 1509 1714 1527 ar—

917 1543 1123 1573 gumento,esse
1131 1538 1293 1573 voluptatem
1307 1538 1389 1569 illam,
1403 1547 1455 1573 qua
1467 1538 1581 1569 sublata,
1596 1543 1673 1573 neget
1685 1546 1714 1564 se

918 1575 1068 1611 intelligere
1082 1577 1205 1606 omnino,
1223 1576 1289 1610 quid
1306 1576 1341 1602 sit
1356 1574 1482 1612 bonum[,
1500 1584 1558 1602 eam
1574 1581 1663 1601 autem
1679 1576 1713 1602 ita

918 1613 1102 1647 persequitur,
1120 1622 1189 1648 quac
1204 1613 1292 1647 palato
1307 1613 1483 1647 percipiatur,
1501 1622 1569 1647 quae
1585 1613 1711 1639 auribus:

918 1654 1003 1676 cetera
1015 1650 1102 1681 addit,
1119 1659 1188 1685 quae
1199 1651 1222 1676 si
1234 1650 1367 1685 appelles„
1387 1651 1470 1677 honos
1482 1650 1644 1685 praefandus
1656 1648 1713 1686 sit].

919 1688 971 1714 lioc
983 1688 1080 1723 igitur,
1097 1688 1170 1722 quod
1181 1687 1269 1714 solum
1281 1687 1381 1714 bonum
1392 1696 1503 1714 severus
1515 1693 1539 1714 et
1549 1689 1640 1723 gravis
1653 1687 1714 1722 phi-

919 1724 1048 1759 losophus
1064 1726 1150 1756 novit,
1168 1725 1240 1751 idem
1257 1734 1308 1751 non
1325 1725 1398 1752 videt
1414 1733 1445 1751 ne
1459 1725 1640 1759 expetendum
1652 1725 1714 1760 qui-

917 1762 979 1788 dem
996 1771 1068 1793 esse=
1089 1762 1162 1797 quod
1177 1770 1236 1789 eam
1252 1762 1416 1798 voluptatem
1433 1762 1482 1789 hoc
1498 1762 1592 1789 codem
1608 1768 1714 1789 auctore

919 1808 970 1826 non
991 1799 1193 1831 desideremus,
1218 1809 1304 1835 quum
1324 1799 1415 1827 dolore
1437 1808 1586 1826 careamus.
1626 1800 1712 1831 Quam

919 1836 984 1863 haec
995 1842 1058 1864 sunt
1069 1838 1213 1864 contraria!
1255 1839 1297 1864 30.
1320 1837 1367 1864 liic
1378 1838 1401 1863 si
1413 1837 1535 1867 definire.
1557 1838 1580 1863 si
1591 1837 1714 1863 dividere

917 1874 1099 1906 didicisset,si
1114 1874 1242 1910 loquendi
1254 1875 1318 1905 vim,
1328 1876 1351 1901 si
1361 1874 1478 1910 denique
1490 1874 1713 1901 consuetudinem

918 1911 1062 1939 verborum
1078 1917 1191 1943 teneret,
1210 1921 1359 1947 numquam
1376 1913 1402 1938 in
1420 1917 1504 1939 tantas
1515 1911 1634 1938 salebras
1647 1912 1714 1938 inci-

917 1948 1012 1976 disset.
1053 1950 1129 1976 Nunc
1144 1949 1235 1980 vides.
1252 1949 1319 1984 quid
1335 1949 1423 1976 saciat.
1463 1950 1549 1982 Quam
1564 1958 1642 1976 nemo
1653 1958 1714 1975 um-

918 1995 1000 2021 quam
1021 1986 1185 2022 voluptatem
1206 1987 1365 2022 appellavit=
1384 1986 1513 2022 appellat,
1535 1991 1561 2013 et
1576 1995 1644 2022 quae
1660 1986 1714 2012 duo

918 2029 990 2055 sunt,
1004 2032 1088 2051 unum
1101 2024 1177 2055 facit,
1192 2024 1260 2051 hanc
1271 2025 1298 2051 in
1311 2029 1383 2051 motu
1397 2024 1573 2059 voluptatem:
1591 2025 1630 2050 sic
1641 2024 1713 2050 enim

918 2061 966 2087 has
977 2069 1076 2088 suaves
1087 2066 1113 2088 et
1122 2062 1201 2097 quasi
1212 2061 1306 2088 dulces
1318 2061 1467 2097 voluptates
1479 2060 1604 2096 appellat.
1632 2062 1714 2087 lntor-

917 2097 983 2124 dum
995 2099 1030 2125 ita
1044 2103 1184 2129 extenuat,
1203 2103 1232 2125 ut
1243 2099 1286 2125 Μ’.
1297 2099 1410 2126 Curium
1426 2104 1504 2134 putes
1521 2099 1607 2133 loqui:
1633 2099 1714 2124 inter-

917 2135 982 2161 dum
996 2136 1030 2162 ita
1043 2135 1141 2165 laudat,
1151 2140 1188 2166 ut.
1204 2136 1271 2170 quid
1283 2141 1417 2170 praeterea
1429 2137 1464 2163 sit
1475 2136 1585 2165 bonum,
1595 2141 1672 2171 neget
1684 2143 1712 2161 se

917 2181 996 2207 posse
1012 2180 1044 2199 ne
1060 2173 1193 2207 suspicari
1210 2173 1331 2207 quidem.
1371 2173 1445 2205 Quae
1465 2175 1517 2200 iam
1533 2174 1616 2199 oratio
1631 2181 1682 2199 non
1699 2180 1712 2198 a

917 2209 1078 2244 philosopho
1090 2210 1190 2244 aliquo.
1199 2209 1245 2236 sed
1254 2218 1383 2237 acensore
1394 2210 1570 2245 opprimenda
1582 2215 1631 2236 est.
1655 2210 1710 2235 Non

917 2251 958 2273 est
968 2247 1040 2273 enim
1053 2247 1149 2273 vitium
1163 2248 1189 2273 in
1201 2247 1318 2274 oratione
1329 2247 1427 2277 solum,
1440 2247 1488 2274 scd
1499 2248 1579 2274 ctiam
1593 2248 1618 2273 in
1631 2248 1712 2273 mori-

917 2284 979 2310 bus.
1020 2284 1167 2310 Luxuriam
1179 2293 1230 2310 non
1241 2284 1426 2318 reprehendit,
1440 2284 1518 2311 modo
1529 2285 1563 2310 sit
1576 2292 1658 2310 vacua
1672 2285 1712 2310 in-

918 2321 991 2347 linita
1001 2321 1148 2356 cupiditate
1159 2327 1184 2348 et
1195 2322 1299 2348 timore.
1337 2321 1390 2348 lloc
1402 2321 1458 2348 loco
1468 2321 1618 2355 discipulos
1629 2329 1712 2356 quae—

917 2367 974 2384 rero
986 2358 1101 2390 videtur.
1116 2363 1153 2389 ut,
1166 2359 1214 2394 qui
1226 2359 1292 2385 asoti
1304 2367 1362 2385 esse
1375 2358 1471 2389 velint.
1485 2358 1640 2394 philosophi
1652 2364 1712 2385 anto

918 2395 990 2422 fiant.

973 2434 1015 2458 31.
1036 2432 1057 2459 Λ
1073 2433 1171 2467 primo,
1187 2437 1216 2459 ut
1230 2434 1339 2467 opinor.
1352 2432 1529 2459 animantium
1541 2437 1600 2459 ortu
1613 2433 1712 2467 petitur

916 2469 992 2505 origo
1006 2470 1107 2496 summi
1124 2470 1197 2496 boni.
1237 2469 1323 2496 Simul
1339 2475 1419 2504 atque
1436 2474 1526 2496 nutum
1542 2469 1640 2496 animal
1659 2475 1709 2500 est.

916 2506 1016 2542 gaudet
1027 2506 1162 2542 voluptate
1176 2512 1201 2534 et
1212 2516 1270 2533 cam
1282 2507 1392 2542 appetit,
1406 2512 1435 2533 ut
1447 2507 1560 2533 bouum:
1584 2515 1710 2542 asperna-

917 2548 960 2570 tur
970 2543 1102 2575 dolorem.
1117 2549 1147 2571 ut
1158 2544 1269 2571 malum.
1310 2545 1345 2570 Do
1360 2544 1438 2570 malis
1451 2549 1539 2570 autem
1551 2549 1577 2571 et
1588 2544 1666 2570 honis
1677 2544 1710 2570 ab

917 2582 951 2607 iis
961 2581 1135 2613 animalibus.
1148 2591 1216 2617 quac
1231 2581 1350 2608 nondum
1361 2581 1505 2616 depravata
1515 2582 1578 2611 sint.
1591 2583 1627 2608 ait
1640 2582 1710 2616 opti·

917 2627 959 2645 me
976 2618 1101 2646 iudicari.
1142 2620 1211 2646 ilaec
1226 2624 1251 2645 et
1267 2624 1294 2645 tu
1308 2620 1342 2645 ita
1354 2619 1478 2654 posuisti.
1491 2624 1516 2646 et
1529 2619 1609 2645 verba
1623 2624 1709 2646 vesu-a

915 2660 988 2684 eunt.
1028 2655 1115 2690 Quam
1131 2656 1214 2684 multa
1227 2656 1335 2684 vitiosa!
1361 2656 1503 2684 Summum
1519 2657 1591 2683 enim
1608 2656 1711 2684 bonum
