1941 3052
277 115 607 142 EPISTOLARUM
636 115 690 142 AD
718 113 954 141 DIVERSOS
994 115 1074 141 LIB.
1099 115 1185 141 XIII.
1216 115 1277 141 ΕΡ.
1300 115 1330 140 44
1351 115 1449 140 -57.

45 191 180 213 maturum
191 185 314 212 arbitror.
355 187 406 213 Fac
418 187 509 222 igitur,
523 187 561 213 mi
572 187 642 218 Rex,
656 191 685 213 ut
696 185 837 222 intelligat,

44 224 93 251 has
104 224 158 250 sibi
169 223 270 250 litteras
283 223 433 258 plurimum
444 224 589 259 profuisse.

98 293 156 313 Ltn.
175 293 192 313 A
201 293 253 313 RG.
271 291 368 313 Thermo
379 292 467 317 negotia
477 293 545 313 Curti
555 293 697 314 commendat.

241 330 271 352 (ln
281 329 354 351 Cilicia,
363 330 421 350 Ruso,
431 330 524 348 Marcello
535 337 580 347 coss.
593 332 645 350 703.)

167 372 310 399 CICERO
334 372 496 400 THERMO
522 372 658 400 PROPR.
687 373 716 400 S.

100 411 124 436 l.
136 405 173 436 L.
188 409 330 436 Genucilio
341 410 429 437 Curvo
441 410 603 445 iampridem
614 415 674 437 utor
684 409 840 436 familiaris-

43 448 126 478 sime,
143 447 245 482 optimo
261 448 319 474 viro
334 452 360 474 et
375 447 484 474 homine
499 448 663 483 gratissimo.
704 448 774 474 Eum
790 447 839 474 tibi

43 485 152 520 penitus
163 485 322 511 commendo
333 490 413 519 atque
424 484 512 511 trado:
527 486 660 519 primum,
674 489 703 511 ut
712 484 840 511 omnibus

43 523 71 549 in
88 522 170 548 rebus
185 522 209 548 ei
224 522 392 553 commodes,
415 522 503 557 quoad
519 521 586 548 fides
602 527 647 548 tua
667 522 840 557 dignitasque

43 561 173 595 patietur3
190 560 306 594 patietur
320 564 410 586 autem
425 560 453 585 in
467 559 608 592 omnibus,
628 559 696 585 nihil
707 559 780 585 enim
792 558 840 585 abs

43 602 68 624 te
80 605 224 632 umquam,
241 596 314 631 quod
325 597 361 623 sit
371 596 490 622 alienum
501 597 555 623 tuis
566 597 702 623 autetiam
713 596 771 622 suis
783 604 841 622 mo-

44 634 130 665 ribus,
144 634 301 669 postulabit.
337 635 362 660 2.
384 634 530 668 Praecipue
541 638 630 660 autem
642 633 691 660 tibi
703 641 841 659 commen-

44 671 79 698 do
90 672 195 707 negotia
207 672 275 702 eius,
284 679 353 706 quae
365 671 464 697 suntin
478 670 656 705 Hellesponto,
669 671 798 705 primum,
812 675 841 696 ut

44 709 163 736 obtineat
176 708 203 735 id
215 709 282 734 iuris
294 709 321 734 in
333 709 417 743 agriS,
435 708 508 743 quod
523 709 548 734 ei
559 709 670 734 Pariana
685 709 781 734 civitas
793 707 841 733 de-

44 747 130 773 crevit
140 750 166 772 et
176 745 263 776 dedit,
277 750 302 772 et
312 745 385 780 quod
396 753 503 779 semper
513 745 630 771 obtinuit
641 746 700 771 sine
711 744 765 771 ulla
776 753 841 771 eon-

44 783 188 810 troversia:
207 782 318 813 deinde,
336 783 359 808 si
376 782 443 817 quid
455 782 566 809 habebit
576 791 638 808 cum
650 782 741 817 aliquo
753 782 841 808 llelle-

0 834 1 837 =
44 821 150 855 spontio
165 820 374 851 controversiae,
397 824 427 846 ut
447 820 474 846 in
490 819 565 846 illam
581 820 704 854 διοίκησιν
722 820 838 846 reiicias.

44 858 98 884 Sed
109 867 161 884 non
172 857 241 884 mihi
253 857 358 887 videor.
373 865 458 892 quum
470 857 520 883 tibi
532 862 616 883 totum
628 857 765 883 hominem
777 857 841 883 dili-

43 895 201 931 gentissime
213 894 433 925 commendarim,
446 894 569 930 singulas
581 894 614 920 ad
625 899 649 921 te
661 895 720 920 eius
731 903 841 920 caussas

43 932 210 968 perscribere
226 932 334 958 debere.
374 931 486 958 Summa
503 931 548 958 illa
564 933 612 958 sit:
630 931 767 967 quidquid
781 931 842 958 offi-

44 970 93 1001 cii,
107 969 244 1001 beneficii,
259 969 368 996 honoris
379 969 406 995 in
418 969 593 996 Genucilium
604 969 764 1001 contuleris,
779 969 806 995 id
817 974 841 995 te

44 1007 206 1034 existimabo
221 1007 249 1034 in
268 1015 311 1033 me
332 1007 423 1042 ipsum
443 1012 523 1042 atque
545 1007 572 1033 in
593 1015 649 1033 rem
670 1015 758 1033 meam
777 1015 842 1033 con-

47 1045 152 1072 tulisse.

98 1115 154 1135 Ltv.
175 1114 252 1135 ARG.
268 1114 387 1135 Thermum
395 1130 401 1139 ,
421 1121 434 1134 a
453 1122 494 1141 quo
514 1113 639 1134 liberaliter
657 1117 773 1134 tractatum
793 1119 842 1134 esse

45 1150 124 1175 gaudet
133 1149 266 1175 Marcilium,
278 1154 347 1175 rugat,
360 1149 426 1170 huius
437 1156 464 1169 ne
474 1157 550 1169 socrus
560 1150 599 1169 flat
609 1156 653 1170 rea.

291 1187 372 1210 (Paullo,
383 1187 474 1206 Marcello
483 1193 529 1204 coss.
541 1187 597 1210 704.)

155 1230 191 1257 Μ.
211 1230 242 1257 T.
264 1230 293 1257 C.
315 1229 342 1256 S.
362 1230 392 1257 D.
415 1230 576 1257 THERMO
601 1229 737 1257 PROPR.

103 1261 200 1300 Quum
216 1267 301 1295 multa
317 1268 384 1294 mihi
399 1273 473 1304 grata
489 1273 565 1300 sunt,
583 1277 652 1304 qnae
669 1273 697 1295 tu
709 1268 842 1296 adductus

45 1313 104 1332 mea
115 1306 346 1332 commendatione
361 1305 461 1338 fecisti,
480 1311 537 1333 tum
554 1307 581 1333 in
594 1307 703 1341 primis,
721 1307 795 1342 qnod
805 1308 840 1333 M.

44 1343 206 1374 Marcilium,
219 1344 300 1370 amici
311 1348 390 1378 atque
402 1344 555 1378 interpretis
566 1344 619 1370 mei
631 1344 726 1375 filium.
745 1344 843 1371 libera-

46 1379 149 1407 lissime
161 1381 317 1408 tractavisti.
335 1381 414 1407 Venit
423 1381 494 1407 enim
503 1381 660 1408 Laodiceam
672 1387 698 1408 et
709 1382 758 1409 tibi
770 1381 842 1417 apud

46 1426 88 1444 me
99 1418 222 1453 mihique
234 1423 342 1453 propter
352 1423 377 1445 te
387 1420 487 1454 gratias
499 1419 631 1445 maximas
642 1420 707 1455 egit.
743 1420 839 1452 Quare.

45 1455 117 1490 qnod
130 1455 266 1491 reliquum
278 1460 330 1487 est.
349 1464 362 1482 a
379 1460 403 1482 te
418 1460 491 1491 peto,
507 1464 593 1491 quum
608 1456 680 1491 apud
691 1461 780 1492 gratos
794 1457 843 1483 ho—

45 1493 132 1519 mines
149 1492 311 1519 beneficium
327 1493 419 1528 ponis,
438 1498 467 1519 ut
481 1502 512 1520 eo
528 1493 657 1520 libentius
670 1493 712 1520 his
723 1503 843 1521 commo—

45 1529 92 1556 des
103 1539 267 1566 operamque
278 1530 334 1561 des,
343 1530 432 1565 quoad
445 1530 511 1556 fides
522 1535 565 1557 tua
576 1531 701 1566 patietur,
710 1536 739 1558 ut
749 1540 842 1558 socrus

45 1567 222 1594 adolescentis
244 1576 287 1594 rea
308 1576 341 1594 ne
363 1567 416 1595 fiat.
456 1568 513 1603 Ego
529 1577 614 1603 quum
630 1573 706 1595 antea
722 1569 842 1595 studiose

44 1605 266 1631 commendabam
283 1604 448 1636 Marcilium,
472 1610 528 1631 tum
550 1606 635 1632 multo
651 1614 723 1632 nunc
737 1606 842 1633 studio-

44 1643 115 1673 siuS,
132 1642 205 1677 quod
221 1643 248 1669 in
265 1642 343 1678 longa
358 1643 525 1677 apparitione
541 1643 707 1679 singularem
723 1649 749 1670 et
759 1652 841 1678 prope

44 1679 231 1706 incredibilem
248 1680 330 1714 patris
342 1679 456 1707 Marcilii
468 1679 561 1712 fidem,
580 1681 773 1708 abstinentiam
785 1690 842 1708 mo—

43 1715 213 1753 destiamque
222 1717 346 1753 cognovi.

97 1786 143 1808 LV.
159 1787 236 1807 ΑΒΘ.
255 1787 398 1807 Commendat
412 1786 506 1811 Anneii,
527 1786 595 1812 legati
609 1787 657 1812 sui,
677 1795 741 1815 quum
756 1790 841 1809 ceteras

44 1827 87 1845 rea,
99 1824 142 1841 tum
154 1828 252 1842 caussam
264 1821 401 1842 Snrdianam.
435 1824 464 1846 (Ιιι
475 1823 548 1845 Cilicia,
558 1824 616 1846 Ruso,
626 1825 718 1843 Mul-vll„
728 1832 774 1842 coss.
786 1826 840 1847 703.)

145 1866 182 1893 M.
203 1866 233 1893 T.
255 1866 285 1893 C.
311 1866 340 1893 S.
361 1867 392 1894 D.
413 1867 574 1894 THERMO
598 1868 735 1895 PROPR.

101 1904 124 1929 l.
150 1899 213 1930 Etsi
235 1903 302 1930 mihi
323 1904 417 1931 videor
439 1904 618 1936 intellexisse,
645 1914 731 1940 quum
752 1910 840 1932 tecum

43 1939 146 1975 Ephesi
161 1939 195 1966 de
207 1949 234 1967 re
244 1941 279 1967 M.
292 1941 402 1972 Anneii.
421 1941 501 1977 legati
517 1942 583 1973 mei,
602 1941 707 1969 locutus
723 1951 798 1974 sum,
816 1948 840 1970 te

43 1977 133 2012 ipsius
148 1986 244 2004 caussa
257 1977 430 2005 vehementer
443 1979 534 2005 omnia
552 1978 635 2006 velle:
659 1984 747 2007 tamen
762 1985 788 2007 et
803 1981 838 2007 M.

43 2014 181 2042 Anneium
191 2016 256 2042 tanti
269 2015 349 2047 facio,
367 2020 396 2042 ut
409 2016 477 2042 mihi
488 2015 556 2042 nihil
569 2021 660 2051 putem
673 2018 841 2051 praetermit-

43 2052 170 2083 tendum,
188 2052 261 2087 qnod
273 2052 348 2078 illius
360 2053 476 2084 intersit,
493 2057 518 2079 et
530 2062 571 2080 mo
583 2062 596 2080 a
608 2058 632 2080 te
644 2055 710 2081 tanti
722 2055 778 2081 lieri
790 2063 842 2090 pu-

43 2093 80 2121 to,
93 2093 186 2116 utnon
197 2089 330 2121 dubitem,
339 2090 405 2125 quin
417 2089 450 2116 ad
462 2094 535 2117 tuam
550 2090 715 2118 voluntatem
727 2100 842 2128 magnus

44 2126 172 2153 cumulus
184 2126 291 2154 accedat
302 2127 543 2154 commendationis
554 2137 638 2155 meae.
677 2130 744 2156 Nam
756 2138 841 2164 quum

44 2164 99 2190 iam
114 2163 161 2190 diu
177 2164 318 2199 diligerem
329 2165 365 2191 M.
378 2165 525 2196 Anneium.
543 2165 631 2201 deque
647 2175 678 2193 eo
692 2167 732 2192 sic
747 2167 842 2193 existi-

45 2209 146 2228 marem
155 2222 161 2233 ,
175 2206 204 2228 ut
215 2210 257 2228 res
267 2201 397 2232 declarat.
415 2202 488 2236 qnod
500 2202 569 2229 ultro
579 2203 603 2229 ei
615 2203 756 2230 detulerim
770 2203 842 2239 lega-

45 2238 144 2265 tionem
153 2259 159 2270 ,
181 2247 267 2274 quum
289 2239 381 2265 multis
398 2239 552 2274 petentibus
571 2239 761 2276 denegassem:
785 2246 841 2268 tum

46 2283 122 2308 vero,
138 2281 312 2311 posteaquam
324 2285 430 2302 mecum
442 2277 469 2302 in
481 2276 552 2303 bello
563 2282 642 2312 atque
655 2278 681 2304 in
693 2287 720 2305 re
732 2278 841 2306 militari

47 2311 110 2344 tuit,
126 2318 225 2340 tautam
242 2314 268 2340 in
284 2322 315 2340 eo
330 2314 471 2344 virtutem.
490 2313 673 2349 prudentiam.
692 2315 772 2342 tidem
784 2321 843 2342 tan-

46 2353 155 2385 tamque
165 2359 228 2387 erga
240 2360 282 2377 me
293 2350 508 2378 benevolentiam
519 2353 647 2387 cognovi,
665 2357 694 2379 ut
705 2352 841 2379 hominem

48 2388 183 2414 neminem
194 2388 281 2423 pluris
293 2388 399 2415 faciam.
440 2389 509 2415 Eum
519 2397 581 2416 cum
592 2389 731 2416 Sardianis
744 2390 841 2416 habere

47 2426 255 2452 controversiam
266 2426 334 2452 scis:
347 2434 471 2452 caussam
484 2426 717 2461 tibiexposnimus
725 2427 839 2461 Ephesi:

47 2468 130 2496 quam
145 2466 172 2489 tu
189 2467 278 2489 tamen
293 2472 381 2490 coram
399 2462 505 2489 facilius
522 2463 674 2498 mclinsque
686 2473 840 2499 cognosces,

48 2499 75 2526 2.
86 2499 122 2526 De
132 2498 236 2534 reliquo
247 2501 324 2532 mihi.
338 2500 500 2531 mehercule,
514 2500 562 2527 diu
574 2501 689 2527 dubium
703 2501 761 2532 snit,
775 2501 840 2536 qnid

48 2534 83 2562 ad
97 2540 122 2562 te
137 2537 309 2571 potissimum
324 2538 481 2564 scriberem.
522 2539 566 2564 Ins
582 2539 654 2564 enim
665 2538 842 2573 quemadmo-

48 2570 114 2599 dum
120 2572 313 2605 dicas,clarum
324 2580 350 2602 et
360 2584 456 2611 magna
467 2584 530 2602 cnm
542 2580 585 2602 tua
600 2575 677 2602 laude
688 2580 779 2602 notum
791 2580 840 2602 est.

49 2609 133 2637 Nobis
144 2616 232 2638 autem
245 2613 271 2638 in
284 2612 333 2639 hac
343 2621 438 2640 caussa
451 2612 518 2639 nihil
530 2612 604 2639 alind
615 2621 684 2647 opus
695 2618 743 2644 cst,
753 2613 805 2639 nisi
818 2618 842 2639 to

49 2646 92 2674 ius
104 2647 224 2675 instituto
236 2653 280 2676 tuo
291 2649 390 2677 dicere.
422 2649 474 2677 Sed
486 2654 573 2677 tamen
585 2659 670 2685 quum
683 2659 724 2676 mc
736 2659 787 2677 non
800 2649 843 2677 t'n-

1635 115 1683 141 773

890 186 959 221 giat,
972 190 1072 220 quanta
1083 187 1118 212 sit
1129 186 1156 212 in
1168 190 1287 220 praetore
1297 186 1453 216 auctoritas,
1467 185 1624 220 praesertim
1635 186 1685 212 ista

891 223 1056 258 integritate,
1078 224 1222 258 gravitate,
1247 222 1402 254 clementia,
1423 231 1477 257 qua
1498 227 1522 248 te
1542 231 1602 248 esse
1617 223 1686 249 inter

891 268 984 286 omnes
995 265 1110 286 constat:
1128 265 1188 294 peto
1199 260 1246 286 abs
1258 264 1291 291 te,
1305 269 1353 294 pro
1364 264 1452 286 nostra
1463 260 1685 286 coniunctissima

892 297 1091 324 necessitudine
1107 297 1287 332 plurimisque
1298 297 1396 323 officiis
1407 297 1519 332 paribus
1530 305 1560 322 ac
1571 298 1683 328 mutuis,

892 339 921 360 ut
937 334 1085 365 voluntate,
1103 335 1270 364 auctoritate.
1287 334 1377 361 studio
1393 339 1438 361 tuo
1453 334 1590 369 perficias,
1608 335 1684 360 utM.

892 372 1012 397 Anneius
1028 371 1161 407 intelligat
1180 376 1204 397 te
1219 377 1245 398 et
1256 372 1309 398 sihi
1320 372 1438 397 amicum
1454 380 1526 402 esse,
1544 371 1617 406 quod
1633 380 1685 398 non

892 409 1012 439 dubitat,
1034 409 1123 443 (saepe
1144 409 1215 434 enim
1237 417 1343 434 mecum
1362 408 1465 435 locutus
1480 408 1541 443 est,)
1562 413 1587 435 et
1602 408 1686 435 multo

891 446 1046 472 amiciorem
1063 446 1105 472 his
1122 446 1188 471 meis
1204 445 1299 472 litteris
1314 455 1373 472 esse
1388 445 1497 472 Iactum.
1538 446 1566 472 ln
1578 450 1623 472 tuo
1634 451 1686 472 toto

892 483 1005 517 imperio
1020 488 1100 517 atque
1115 483 1254 518 provincia
1266 483 1334 510 nihil
1345 488 1398 514 est,
1416 482 1489 518 quod
1504 483 1572 509 mihi
1583 483 1686 518 gratius

893 519 978 546 facere
990 521 1089 554 possis.
1129 521 1198 551 Iam,
1216 520 1288 555 apud
1300 521 1390 555 ipsum
1401 520 1587 556 gratissimum
1599 520 1686 546 homi-

892 566 954 583 nem
970 562 1049 592 atque
1063 558 1197 591 optimum
1213 558 1302 584 virum
1319 566 1400 592 quam
1416 558 1485 583 bene
1499 558 1637 592 positurus
1648 558 1686 583 sis

891 594 1014 621 studium
1029 599 1105 622 tuum
1121 599 1201 630 atque
1215 594 1350 626 officium,
1372 594 1496 621 dubitare
1516 599 1541 622 te
1560 603 1612 622 non
1628 595 1686 621 exi-

892 632 982 659 stimo.

945 700 1002 721 LVI.
1023 701 1039 721 A
1047 701 1099 722 RG.
1115 701 1211 725 Negotia
1221 701 1294 722 Cluvii
1306 701 1448 722 commendat.

1086 738 1116 759 (ln
1127 738 1198 759 Cilicia,
1208 738 1266 757 Rus-1.
1277 739 1368 756 Marcili„
1379 745 1425 755 coss.
1437 738 1493 760 70³.)

999 781 1036 807 M.
1058 781 1088 808 T.
1110 781 1140 808 C.
1162 781 1190 807 S.
1212 781 1242 807 D.
1265 780 1426 808 THERMO
1445 780 1581 807 PROPR.

951 820 973 845 l.
995 814 1115 845 Cluvius
1134 818 1295 844 Puteolanus
1312 818 1390 845 valde
1406 827 1448 844 me
1459 818 1585 844 observat
1595 817 1687 843 valde-

892 864 945 891 que
961 860 1001 882 est
1016 856 1084 882 mihi
1099 855 1250 882 familiaris
1285 856 1309 882 Is
1326 856 1360 882 ita
1376 855 1430 882 sibi
1445 855 1601 890 persuadet,
1615 855 1686 890 quod

894 894 920 919 in
937 897 981 919 tua
998 894 1136 928 provincia
1152 893 1252 928 negotii
1269 892 1379 924 habeat,
1397 893 1464 924 nisi,
1482 897 1506 919 te
1520 892 1687 927 provinciam

892 930 1043 961 obtinente,
1062 931 1129 956 meis
1145 930 1425 957 commendationibus
1440 929 1598 961 confecerit,
1618 929 1644 955 id
1659 939 1687 955 sc

893 968 920 994 in
941 968 1054 1002 perditis
1075 972 1101 994 et
1115 967 1262 1003 desperatis
1282 968 1449 994 habiturum.
1490 968 1580 997 Nunc,
1603 975 1687 1001 quum

893 1005 962 1031 mihi
973 1005 1006 1031 ab
1018 1006 1104 1032 amico
1114 1005 1313 1032 officiosissimo
1324 1010 1427 1032 tantum
1433 1005 1522 1031 oneris
1530 1005 1686 1039 imponitur,

893 1051 943 1078 ego
960 1051 1069 1078 quoque
1084 1043 1135 1069 tibi
1151 1043 1287 1077 imponam
1304 1051 1352 1077 pro
1363 1043 1416 1069 tuis
1429 1043 1456 1069 in
1468 1050 1510 1068 me
1521 1042 1637 1068 summis
1648 1041 1689 1068 os-

893 1080 976 1113 ficiis3
1008 1081 1043 1106 ita
1054 1084 1152 1111 tamen,
1166 1085 1195 1106 ut
1206 1080 1255 1106 tibi
1267 1080 1349 1107 nolim
1360 1079 1489 1106 molestus
1501 1088 1570 1106 esse.
1604 1079 1689 1114 Myla-

893 1118 928 1144 sii
943 1122 969 1144 et
984 1117 1186 1144 Alabandenses
1198 1118 1341 1152 pecuniam
1353 1117 1449 1144 Cluvio
1460 1116 1568 1143 debent.
1609 1117 1689 1142 Dixe-

893 1159 933 1181 rat
948 1155 1016 1181 mihi
1032 1155 1233 1190 Euthydemus⁷
1251 1163 1336 1190 quum
1348 1155 1449 1189 Ephesi
1460 1162 1557 1185 essem,
1572 1162 1600 1180 se
1611 1162 1690 1180 cura-

895 1197 998 1223 turum,
1019 1196 1049 1219 ut
1063 1192 1149 1218 ecdici
1161 1192 1267 1229 Mylasii
1280 1193 1389 1218 Romam
1401 1193 1579 1218 mitterentur.
1610 1191 1639 1217 Id
1651 1190 1690 1217 fa-

893 1235 967 1257 ctum
979 1239 1030 1256 non
1042 1235 1091 1256 est.
1129 1231 1240 1265 Legatos
1252 1230 1333 1257 audio
1343 1231 1441 1256 missos
1453 1237 1525 1255 esse:
1559 1228 1609 1254 sed
1620 1228 1690 1255 malo

871 1296 872 1301 ,
893 1268 1013 1300 ecdicos,
1028 1273 1057 1294 ut
1068 1267 1171 1302 aliquid
1185 1267 1280 1294 confici
1292 1268 1386 1302 possit,
1418 1267 1505 1299 Quare
1516 1271 1577 1301 peto
1588 1274 1602 1292 a
1614 1271 1647 1297 te,
1662 1271 1691 1292 nt

894 1312 919 1333 et
934 1316 993 1337 eos,
1011 1312 1036 1332 et
1051 1304 1214 1332 Alabandeis
1230 1304 1324 1332 iubeas
1335 1304 1440 1332 ecdicos
1452 1305 1561 1331 Romam
1573 1304 1687 1330 mittere.

894 1347 919 1372 2.
935 1345 1070 1370 Praeterea
1088 1343 1204 1370 Philotes
1220 1343 1418 1371 Alabandensis
1440 1342 1578 1376 ὑποθήκας
1593 1341 1690 1369 Cluvio

894 1381 977 1408 dedit.
1010 1382 1062 1407 llae
1083 1382 1243 1407 commissae
1255 1386 1326 1408 sunt.
1357 1381 1445 1408 Velim
1456 1388 1548 1410 cures.
1561 1384 1589 1406 ut
1600 1384 1645 1406 aut
1656 1379 1689 1405 de

895 1419 1055 1455 hypothecis
1067 1418 1178 1445 decedat
1189 1427 1288 1453 easque
1302 1417 1520 1453 procuratoribus
1535 1416 1625 1444 Cluvii
1637 1421 1689 1443 tra-

894 1457 952 1487 dat,
971 1461 1016 1483 aut
1031 1457 1174 1491 pecuniam
1191 1455 1286 1483 solvat.
1329 1456 1465 1482 Praeterea
1481 1453 1648 1480 Heracleotae
1664 1459 1690 1480 et

894 1494 1064 1530 Bargyletae‚
1086 1494 1134 1528 qui
1159 1494 1222 1520 item
1236 1493 1348 1523 debent.
1366 1498 1411 1519 ant
1426 1493 1568 1527 pecuniam
1585 1491 1691 1518 solvant

894 1537 940 1558 aut
960 1531 1093 1558 fructibus
1109 1531 1167 1557 suis
1183 1530 1358 1557 satisfaciant.
1399 1532 1423 1556 3.
1443 1529 1539 1556 Caunii
1555 1533 1689 1564 praeterea

894 1569 1006 1596 debent:
1034 1568 1082 1594 sed
1098 1569 1173 1594 aiunt
1189 1577 1217 1595 se
1233 1568 1383 1603 depositam
1395 1567 1537 1602 pecuniam
1550 1566 1687 1592 habuisse.

895 1607 923 1633 ld
940 1606 1022 1633 velim
1037 1614 1198 1641 cognoscas:
1223 1610 1261 1637 et,
1279 1606 1302 1631 si
1316 1604 1488 1635 intellexeris,
1502 1612 1547 1630 eos
1558 1612 1646 1638 neque
1656 1611 1689 1629 ex

894 1644 982 1671 edicto
992 1652 1080 1679 neque
1091 1652 1125 1669 ex
1136 1643 1243 1669 decreto
1254 1642 1404 1678 depositam
1417 1642 1555 1672 habuisse,
1568 1641 1616 1667 des
1625 1649 1690 1676 ope·

895 1690 964 1712 ram,
985 1686 1015 1708 ut
1032 1689 1129 1707 usurae
1145 1680 1255 1712 Cluvio,
1273 1680 1394 1707 instituto
1410 1684 1469 1710 tuo,
1486 1683 1688 1705 conserventur.

895 1720 941 1746 llis
960 1718 993 1745 de
1014 1718 1095 1745 rebus
1110 1727 1141 1744 eo
1157 1718 1244 1753 magis
1262 1717 1365 1748 laboro,
1388 1717 1460 1752 quod
1479 1717 1568 1752 agitur
1582 1724 1624 1742 res
1639 1716 1687 1742 Cn.

895 1757 1028 1791 Pompeii,
1047 1757 1127 1782 etiam
1143 1756 1226 1782 nostri
1243 1755 1401 1781 necessarii:
1431 1759 1456 1780 et
1471 1754 1542 1788 quod
1565 1754 1587 1779 is
1604 1753 1690 1788 magis

894 1795 975 1821 etiam
988 1794 1055 1820 mihi
1068 1793 1186 1820 laborare
1198 1793 1314 1823 videtur,
1328 1801 1409 1827 quam
1422 1792 1479 1826 ipse
1490 1791 1618 1817 Cluvius:
1646 1791 1689 1816 cui

893 1831 1061 1858 satisfactum
1077 1839 1136 1857 esse
1153 1839 1166 1857 a
1183 1830 1261 1857 nobis
1273 1830 1350 1857 valde
1363 1829 1431 1856 volo.
1472 1829 1519 1854 llis
1530 1828 1563 1855 de
1574 1828 1654 1854 rebus
1667 1832 1690 1855 te

895 1869 1070 1896 vehementer
1081 1869 1161 1895 etiam
1173 1873 1253 1903 atque
1265 1868 1345 1894 etiam
1357 1875 1430 1903 rogo.
1452 1866 1525 1892 Vale.

947 1939 1016 1960 Lvu.
1035 1939 1114 1959 ARG.
1135 1938 1204 1962 Petit,
1223 1942 1247 1958 ut
1259 1937 1381 1960 Anneium,
1392 1937 1486 1961 {eginum
1502 1942 1577 1958 suuni,
1593 1934 1688 1954 remittat

895 1974 987 2001 eiusque
997 1980 1097 1995 caunum
1107 1973 1237 1993 Sardinnain
1249 1974 1391 1994 commendat.

1074 2010 1196 2032 (Laudic-»nn
1208 2010 1282 2030 Pan-tto,
1293 2010 1385 2027 alnum-lte
1395 2015 1439 2026 cun.

1028 2053 1172 2081 CICERO
1191 2051 1352 2080 THERMO
1372 2051 1507 2078 PROPR.
1530 2049 1558 2076 S.

951 2093 973 2118 ⁴.
987 2086 1053 2123 Quo
1069 2092 1156 2127 magis
1172 2090 1294 2126 quotidie
1311 2099 1345 2116 ex
1357 2089 1452 2116 litteris
1464 2088 1621 2122 nuntiisque
1633 2086 1690 2112 bel-

895 2128 951 2154 lum
967 2137 1096 2164 magnum
1107 2136 1166 2154 esse
1178 2129 1204 2154 in
1216 2128 1292 2163 Syria
1303 2135 1447 2162 cognosco.
1461 2134 1492 2152 eo
1504 2125 1690 2151 vehementius

894 2174 908 2192 a
933 2170 956 2192 tc
973 2174 1020 2200 pro
1039 2170 1128 2192 nostra
1144 2165 1344 2191 necessitudine
1358 2163 1502 2193 contendo,
1525 2167 1553 2188 ut
1570 2161 1637 2187 mihi
1655 2161 1688 2187 M.

895 2203 1029 2229 Anneium
1051 2203 1168 2238 legatum
1189 2203 1276 2236 primo
1295 2209 1403 2236 qnoque
1425 2205 1543 2234 tempore
1560 2199 1687 2225 remittas.

895 2241 962 2266 Nam
978 2241 1037 2266 eius
1052 2248 1146 2274 opera,
1166 2239 1293 2268 consilio.
1315 2238 1427 2264 scientia
1447 2238 1485 2263 rei
1502 2236 1628 2262 militaris
1648 2234 1688 2261 vel

897 2277 1015 2303 maxime
1028 2276 1150 2312 intelligo
1161 2285 1204 2302 me
1215 2281 1241 2302 et
1256 2274 1453 2309 rempublicam
1465 2274 1588 2300 adiuvari
1599 2281 1687 2307 posse.

893 2314 971 2347 Quod
992 2314 1044 2340 nisi
1066 2318 1135 2340 tantu
1158 2323 1199 2339 rcs
1221 2313 1280 2339 cius
1299 2316 1432 2347 ageretur,
1455 2320 1502 2337 nec
1519 2311 1576 2345 ipse
1592 2310 1690 2336 adduci

895 2352 1039 2386 potuisset.
1065 2355 1094 2377 ut
1109 2359 1123 2376 a
1139 2359 1182 2377 me
1197 2349 1360 2379 discederet,
1379 2357 1465 2383 neque
1483 2356 1545 2382 cgo,
1564 2353 1665 2374 utcum
1677 2356 1690 2372 a

895 2397 937 2414 me.
959 2388 1132 2414 dimitterem.
1175 2388 1230 2423 Ego
1256 2388 1282 2413 in
1306 2386 1428 2412 Ciliciam
1450 2385 1584 2420 proticisci
1604 2385 1691 2419 cogito

894 2426 1001 2452 circiter
1015 2425 1073 2451 Kal.
1091 2425 1151 2451 Mai.
1185 2426 1251 2451 Ante
1262 2433 1320 2450 cam
1333 2423 1404 2449 diem
1418 2423 1538 2449 Anneius
1549 2422 1581 2448 ad
1594 2431 1636 2448 nn·
1650 2430 1689 2448 rc-

894 2463 955 2489 dcat
965 2467 1077 2497 oportet.
1099 2464 1124 2489 2.
1139 2462 1215 2491 Illud.
1229 2461 1302 2497 quod
1315 2466 1401 2487 tecum
1414 2465 1439 2486 et
1454 2468 1542 2486 coram
1557 2464 1582 2485 ct
1594 2459 1691 2494 perlit-

895 2506 963 2527 teras
977 2500 1187 2535 diligentissime
1198 2500 1251 2535 egi,
1266 2499 1293 2525 id
1303 2503 1328 2524 et
1340 2506 1411 2524 nunc
1424 2498 1504 2523 ctiam
1516 2502 1596 2532 atque
1609 2497 1688 2523 etiam

895 2547 958 2572 rogo
977 2546 1057 2563 curae
1078 2537 1127 2563 tibi
1143 2538 1191 2567 sit,
1210 2542 1239 2563 ut
1253 2545 1333 2562 snum
1353 2536 1504 2571 iicgotinm.
1521 2534 1594 2569 quod
1611 2534 1689 2560 habet

893 2584 957 2601 cum
985 2574 1084 2609 populo
1109 2574 1253 2604 Sardiano,
1276 2582 1324 2608 pro
1332 2581 1442 2599 caussae
1467 2573 1576 2598 veritate
1596 2576 1621 2598 ct
1642 2580 1689 2606 pro

894 2621 942 2638 sna
967 2612 1096 2647 dignitate
1121 2612 1253 2638 conticiat.
1295 2610 1416 2637 Intellexi
1441 2619 1474 2636 cx
1497 2615 1540 2636 tua
1560 2610 1687 2639 oratione,

893 2658 978 2685 quum
991 2654 1079 2676 tecum
1091 2649 1192 2685 Ephesi
1205 2648 1309 2675 locutus
1319 2656 1379 2675 sum
1388 2669 1394 2678 ,
1412 2652 1436 2674 te
1449 2647 1536 2682 ipsius
1547 2647 1580 2673 M.
1594 2646 1688 2673 Amicii

1452 2010 1506 2028 ἴθι)
