<?xml version="1.0" encoding="UTF-8"?>
<!DOCTYPE html PUBLIC "-//W3C//DTD XHTML 1.0 Transitional//EN"
    "http://www.w3.org/TR/xhtml1/DTD/xhtml1-transitional.dtd">
<html xmlns="http://www.w3.org/1999/xhtml" xml:lang="en" lang="en">
 <head>
  <title>
</title>
<meta http-equiv="Content-Type" content="text/html;charset=utf-8" />
  <meta name='ocr-system' content='tesseract 3.04.00' />
  <meta name='ocr-capabilities' content='ocr_page ocr_carea ocr_par ocr_line ocrx_word'/>
</head>
<body>
  <div class='ocr_page' id='page_1' title='image "./operaomniaunovol00ciceuoft/operaomniaunovol00ciceuoft_1302.png"; bbox 0 0 1941 3052; ppageno 0'>
   <div class='ocr_carea' id='block_1_1' title="bbox 1036 418 1091 443">
    <p class='ocr_par' dir='ltr' id='par_1_1' title="bbox 1036 418 1091 443">
     <span class='ocr_line' id='line_1_1' title="bbox 1036 418 1091 443; baseline 0.018 -1"><span class='ocrx_word' id='word_1_1' title='bbox 1036 418 1091 443; x_wconf 65' lang='lat' dir='ltr'>tit.</span> 
     </span>
    </p>
   </div>
   <div class='ocr_carea' id='block_1_2' title="bbox 777 485 1348 515">
    <p class='ocr_par' dir='ltr' id='par_1_2' title="bbox 777 485 1348 515">
     <span class='ocr_line' id='line_1_2' title="bbox 777 485 1348 515; baseline 0 -1"><span class='ocrx_word' id='word_1_2' title='bbox 777 487 810 515; x_wconf 81' lang='lat' dir='ltr'>M.</span> <span class='ocrx_word' id='word_1_3' title='bbox 842 486 1017 515; x_wconf 90' lang='lat' dir='ltr'>TULLll</span> <span class='ocrx_word' id='word_1_4' title='bbox 1056 485 1348 515; x_wconf 77' lang='lat' dir='ltr'>ClCEllONlS</span> 
     </span>
    </p>
   </div>
   <div class='ocr_carea' id='block_1_3' title="bbox 535 563 713 612">
    <p class='ocr_par' dir='ltr' id='par_1_3' title="bbox 535 563 713 612">
     <span class='ocr_line' id='line_1_3' title="bbox 535 563 713 612; baseline 0.011 -2"><span class='ocrx_word' id='word_1_5' title='bbox 535 563 566 610; x_wconf 87' lang='lat' dir='ltr'>P</span> <span class='ocrx_word' id='word_1_6' title='bbox 675 564 713 612; x_wconf 90' lang='lat' dir='ltr'><strong>A</strong></span> 
     </span>
    </p>
   </div>
   <div class='ocr_carea' id='block_1_4' title="bbox 688 663 717 699">
    <p class='ocr_par' dir='ltr' id='par_1_4' title="bbox 688 663 717 699">
     <span class='ocr_line' id='line_1_4' title="bbox 688 663 717 699; baseline 0 0"><span class='ocrx_word' id='word_1_7' title='bbox 688 663 717 699; x_wconf 92' lang='lat' dir='ltr'><strong>A</strong></span> 
     </span>
    </p>
   </div>
   <div class='ocr_carea' id='block_1_5' title="bbox 824 564 925 700">
    <p class='ocr_par' dir='ltr' id='par_1_5' title="bbox 824 564 925 700">
     <span class='ocr_line' id='line_1_5' title="bbox 824 564 861 612; baseline 0 0"><span class='ocrx_word' id='word_1_8' title='bbox 824 564 861 612; x_wconf 85' lang='lat' dir='ltr'>R</span> 
     </span>
     <span class='ocr_line' id='line_1_6' title="bbox 883 663 925 700; baseline -0.024 0"><span class='ocrx_word' id='word_1_9' title='bbox 883 663 925 700; x_wconf 84' lang='lat' dir='ltr'>M.</span> 
     </span>
    </p>
   </div>
   <div class='ocr_carea' id='block_1_6' title="bbox 977 564 1012 611">
    <p class='ocr_par' dir='ltr' id='par_1_6' title="bbox 977 564 1012 611">
     <span class='ocr_line' id='line_1_7' title="bbox 977 564 1012 611; baseline 0 0"><span class='ocrx_word' id='word_1_10' title='bbox 977 564 1012 611; x_wconf 82' lang='lat' dir='ltr'><strong>A</strong></span> 
     </span>
    </p>
   </div>
   <div class='ocr_carea' id='block_1_7' title="bbox 768 662 1040 700">
    <p class='ocr_par' dir='ltr' id='par_1_7' title="bbox 768 662 1040 700">
     <span class='ocr_line' id='line_1_8' title="bbox 768 662 1040 700; baseline 0.004 -1"><span class='ocrx_word' id='word_1_11' title='bbox 768 662 797 699; x_wconf 94' lang='lat' dir='ltr'>D</span> <span class='ocrx_word' id='word_1_12' title='bbox 1014 663 1040 700; x_wconf 92' lang='lat' dir='ltr'><strong>B</strong></span> 
     </span>
    </p>
   </div>
   <div class='ocr_carea' id='block_1_8' title="bbox 937 756 1090 760">
    <p class='ocr_par' dir='ltr' id='par_1_8' title="bbox 937 756 1090 760">
     <span class='ocr_line' id='line_1_9' title="bbox 937 756 1090 760; baseline 0 0"><span class='ocrx_word' id='word_1_13' title='bbox 937 756 1090 760; x_wconf 95' lang='lat' dir='ltr'> </span> 
     </span>
    </p>
   </div>
   <div class='ocr_carea' id='block_1_9' title="bbox 231 819 1044 1824">
    <p class='ocr_par' dir='ltr' id='par_1_9' title="bbox 250 819 1044 951">
     <span class='ocr_line' id='line_1_10' title="bbox 305 819 1043 847; baseline 0.001 -8"><span class='ocrx_word' id='word_1_14' title='bbox 305 821 319 840; x_wconf 72' lang='grc' dir='ltr'>Α</span> <span class='ocrx_word' id='word_1_15' title='bbox 330 820 380 840; x_wconf 78' lang='lat' dir='ltr'>RG.</span> <span class='ocrx_word' id='word_1_16' title='bbox 397 820 442 840; x_wconf 74' lang='lat' dir='ltr'>Hoc</span> <span class='ocrx_word' id='word_1_17' title='bbox 453 819 530 840; x_wconf 78' lang='lat' dir='ltr'>libello</span> <span class='ocrx_word' id='word_1_18' title='bbox 542 819 627 843; x_wconf 77' lang='lat' dir='ltr'>Cicero,</span> <span class='ocrx_word' id='word_1_19' title='bbox 640 819 732 840; x_wconf 74' lang='lat' dir='ltr'>Catoni·</span> <span class='ocrx_word' id='word_1_20' title='bbox 743 820 864 844; x_wconf 67' lang='lat' dir='ltr'>[ticon-ia,</span> <span class='ocrx_word' id='word_1_21' title='bbox 876 820 968 847; x_wconf 77' lang='lat' dir='ltr'>perfecti</span> <span class='ocrx_word' id='word_1_22' title='bbox 980 819 1043 840; x_wconf 77' lang='lat' dir='ltr'>illin-</span> 
     </span>
     <span class='ocr_line' id='line_1_11' title="bbox 250 854 1044 882; baseline 0 -8"><span class='ocrx_word' id='word_1_23' title='bbox 250 854 328 878; x_wconf 70' lang='lat' dir='ltr'>Stoiri,</span> <span class='ocrx_word' id='word_1_24' title='bbox 341 854 486 875; x_wconf 73' lang='lat' dir='ltr'>admiratione</span> <span class='ocrx_word' id='word_1_25' title='bbox 495 854 749 881; x_wconf 62' lang='lat' dir='ltr'>adductus,disciplinae</span> <span class='ocrx_word' id='word_1_26' title='bbox 755 855 844 875; x_wconf 73' lang='lat' dir='ltr'>Stoicae</span> <span class='ocrx_word' id='word_1_27' title='bbox 854 858 977 882; x_wconf 78' lang='lat' dir='ltr'>praecepta.</span> <span class='ocrx_word' id='word_1_28' title='bbox 989 862 1044 880; x_wconf 75' lang='lat' dir='ltr'>quae</span> 
     </span>
     <span class='ocr_line' id='line_1_12' title="bbox 250 889 1042 916; baseline 0.001 -7"><span class='ocrx_word' id='word_1_29' title='bbox 250 891 277 909; x_wconf 78' lang='lat' dir='ltr'>nt·</span> <span class='ocrx_word' id='word_1_30' title='bbox 288 890 427 910; x_wconf 67' lang='lat' dir='ltr'>severitatem</span> <span class='ocrx_word' id='word_1_31' title='bbox 439 889 604 910; x_wconf 67' lang='lat' dir='ltr'>admirabantur</span> <span class='ocrx_word' id='word_1_32' title='bbox 615 889 690 913; x_wconf 57' lang='lat' dir='ltr'>inania.</span> <span class='ocrx_word' id='word_1_33' title='bbox 698 897 760 916; x_wconf 79' lang='lat' dir='ltr'>quam</span> <span class='ocrx_word' id='word_1_34' title='bbox 768 891 922 916; x_wconf 66' lang='lat' dir='ltr'>sequebantur,</span> <span class='ocrx_word' id='word_1_35' title='bbox 929 889 1042 913; x_wconf 61' lang='lat' dir='ltr'>nurnidniv.</span> 
     </span>
     <span class='ocr_line' id='line_1_13' title="bbox 250 924 1043 951; baseline 0 -7"><span class='ocrx_word' id='word_1_36' title='bbox 250 932 304 951; x_wconf 69' lang='lat' dir='ltr'>qnae</span> <span class='ocrx_word' id='word_1_37' title='bbox 316 925 390 945; x_wconf 77' lang='lat' dir='ltr'>Latini</span> <span class='ocrx_word' id='word_1_38' title='bbox 401 928 479 945; x_wconf 68' lang='lat' dir='ltr'>vorant.</span> <span class='ocrx_word' id='word_1_39' title='bbox 489 924 640 948; x_wconf 71' lang='lat' dir='ltr'>admirabilia,</span> <span class='ocrx_word' id='word_1_40' title='bbox 656 925 764 945; x_wconf 70' lang='lat' dir='ltr'>urationi·</span> <span class='ocrx_word' id='word_1_41' title='bbox 775 932 827 945; x_wconf 74' lang='lat' dir='ltr'>nune</span> <span class='ocrx_word' id='word_1_42' title='bbox 837 924 948 945; x_wconf 68' lang='lat' dir='ltr'>suavitate</span> <span class='ocrx_word' id='word_1_43' title='bbox 958 924 1043 945; x_wconf 79' lang='lat' dir='ltr'>mollita</span> 
     </span>
    </p>

    <p class='ocr_par' dir='ltr' id='par_1_10' title="bbox 231 959 1044 1824">
     <span class='ocr_line' id='line_1_14' title="bbox 231 959 1042 987; baseline 0 -8"><span class='ocrx_word' id='word_1_44' title='bbox 231 980 235 987; x_wconf 87' lang='lat'><em>.</em></span> <span class='ocrx_word' id='word_1_45' title='bbox 250 961 342 986; x_wconf 66' lang='lat' dir='ltr'>prnhnrt-</span> <span class='ocrx_word' id='word_1_46' title='bbox 358 959 438 987; x_wconf 80' lang='lat' dir='ltr'>populu</span> <span class='ocrx_word' id='word_1_47' title='bbox 454 963 475 980; x_wconf 80' lang='lat' dir='ltr'>el.</span> <span class='ocrx_word' id='word_1_48' title='bbox 489 960 638 980; x_wconf 73' lang='lat' dir='ltr'>ronimenilare</span> <span class='ocrx_word' id='word_1_49' title='bbox 654 960 788 987; x_wconf 61' lang='lat' dir='ltr'>propositum</span> <span class='ocrx_word' id='word_1_50' title='bbox 800 960 872 980; x_wconf 75' lang='lat' dir='ltr'>habet.</span> <span class='ocrx_word' id='word_1_51' title='bbox 901 960 955 980; x_wconf 73' lang='lat' dir='ltr'>Nam</span> <span class='ocrx_word' id='word_1_52' title='bbox 968 959 1009 979; x_wconf 75' lang='lat' dir='ltr'>rtni</span> <span class='ocrx_word' id='word_1_53' title='bbox 1021 959 1042 979; x_wconf 91' lang='lat' dir='ltr'>in</span> 
     </span>
     <span class='ocr_line' id='line_1_15' title="bbox 250 994 1042 1022; baseline 0.001 -9"><span class='ocrx_word' id='word_1_54' title='bbox 250 995 350 1015; x_wconf 64' lang='lat' dir='ltr'>urationi·</span> <span class='ocrx_word' id='word_1_55' title='bbox 361 1003 399 1022; x_wconf 79' lang='lat' dir='ltr'>pro</span> <span class='ocrx_word' id='word_1_56' title='bbox 411 996 508 1018; x_wconf 72' lang='lat' dir='ltr'>Murrena,</span> <span class='ocrx_word' id='word_1_57' title='bbox 520 996 604 1014; x_wconf 74' lang='lat' dir='ltr'>t‘atone</span> <span class='ocrx_word' id='word_1_58' title='bbox 614 999 737 1018; x_wconf 67' lang='lat' dir='ltr'>accii-ante.</span> <span class='ocrx_word' id='word_1_59' title='bbox 745 995 867 1015; x_wconf 75' lang='lat' dir='ltr'>Stoicorum</span> <span class='ocrx_word' id='word_1_60' title='bbox 879 994 984 1018; x_wconf 50' lang='lat' dir='ltr'>mqufflvffin</span> <span class='ocrx_word' id='word_1_61' title='bbox 995 1002 1042 1020; x_wconf 64' lang='lat' dir='ltr'>,wr-</span> 
     </span>
     <span class='ocr_line' id='line_1_16' title="bbox 250 1029 1042 1050; baseline 0.001 -1"><span class='ocrx_word' id='word_1_62' title='bbox 250 1030 340 1050; x_wconf 68' lang='lat' dir='ltr'>niriucit</span> <span class='ocrx_word' id='word_1_63' title='bbox 356 1034 375 1049; x_wconf 73' lang='lat' dir='ltr'>et</span> <span class='ocrx_word' id='word_1_64' title='bbox 392 1030 413 1049; x_wconf 86' lang='lat' dir='ltr'>in</span> <span class='ocrx_word' id='word_1_65' title='bbox 425 1029 490 1049; x_wconf 72' lang='lat' dir='ltr'>libriin</span> <span class='ocrx_word' id='word_1_66' title='bbox 500 1030 526 1049; x_wconf 67' lang='lat' dir='ltr'>«le</span> <span class='ocrx_word' id='word_1_67' title='bbox 538 1029 587 1049; x_wconf 76' lang='lat' dir='ltr'>Fin.</span> <span class='ocrx_word' id='word_1_68' title='bbox 601 1033 637 1050; x_wconf 84' lang='grc' dir='ltr'>ΙΙΙ.</span> <span class='ocrx_word' id='word_1_69' title='bbox 650 1033 670 1050; x_wconf 79' lang='lat' dir='ltr'>et</span> <span class='ocrx_word' id='word_1_70' title='bbox 682 1033 715 1050; x_wconf 63' lang='lat' dir='ltr'>lv.</span> <span class='ocrx_word' id='word_1_71' title='bbox 727 1030 849 1050; x_wconf 82' lang='lat' dir='ltr'>eorumdem</span> <span class='ocrx_word' id='word_1_72' title='bbox 860 1030 987 1050; x_wconf 63' lang='lat' dir='ltr'>austerii-ti</span> <span class='ocrx_word' id='word_1_73' title='bbox 999 1037 1042 1049; x_wconf 87' lang='lat' dir='ltr'>mo-</span> 
     </span>
     <span class='ocr_line' id='line_1_17' title="bbox 249 1064 1042 1092; baseline 0.003 -8"><span class='ocrx_word' id='word_1_74' title='bbox 249 1065 367 1084; x_wconf 82' lang='lat' dir='ltr'>derandum</span> <span class='ocrx_word' id='word_1_75' title='bbox 378 1067 465 1087; x_wconf 65' lang='lat' dir='ltr'>conset,</span> <span class='ocrx_word' id='word_1_76' title='bbox 483 1067 553 1084; x_wconf 77' lang='lat' dir='ltr'>tnmcn</span> <span class='ocrx_word' id='word_1_77' title='bbox 569 1071 611 1084; x_wconf 84' lang='lat' dir='ltr'>non</span> <span class='ocrx_word' id='word_1_78' title='bbox 626 1067 668 1084; x_wconf 79' lang='lat' dir='ltr'>tam</span> <span class='ocrx_word' id='word_1_79' title='bbox 684 1064 797 1085; x_wconf 78' lang='lat' dir='ltr'>dur-trinae</span> <span class='ocrx_word' id='word_1_80' title='bbox 808 1065 914 1085; x_wconf 72' lang='lat' dir='ltr'>rationem</span> <span class='ocrx_word' id='word_1_81' title='bbox 926 1065 1042 1092; x_wconf 69' lang='lat' dir='ltr'>improbat.</span> 
     </span>
     <span class='ocr_line' id='line_1_18' title="bbox 249 1099 1043 1126; baseline -0.001 -6"><span class='ocrx_word' id='word_1_82' title='bbox 249 1106 312 1126; x_wconf 69' lang='lat' dir='ltr'>quam</span> <span class='ocrx_word' id='word_1_83' title='bbox 323 1099 588 1119; x_wconf 72' lang='lat' dir='ltr'>uerniuniainnolcntiam.</span> <span class='ocrx_word' id='word_1_84' title='bbox 618 1099 649 1119; x_wconf 75' lang='lat' dir='ltr'>Ac</span> <span class='ocrx_word' id='word_1_85' title='bbox 660 1099 729 1125; x_wconf 80' lang='lat' dir='ltr'>primo</span> <span class='ocrx_word' id='word_1_86' title='bbox 741 1099 826 1125; x_wconf 73' lang='lat' dir='ltr'>quidem</span> <span class='ocrx_word' id='word_1_87' title='bbox 838 1099 894 1124; x_wconf 81' lang='lat' dir='ltr'>loeo,</span> <span class='ocrx_word' id='word_1_88' title='bbox 906 1101 984 1119; x_wconf 83' lang='lat' dir='ltr'>hunum</span> <span class='ocrx_word' id='word_1_89' title='bbox 996 1099 1043 1119; x_wconf 74' lang='lat' dir='ltr'>sula</span> 
     </span>
     <span class='ocr_line' id='line_1_19' title="bbox 250 1134 1042 1160; baseline 0 -6"><span class='ocrx_word' id='word_1_90' title='bbox 250 1134 364 1154; x_wconf 70' lang='lat' dir='ltr'>honestate</span> <span class='ocrx_word' id='word_1_91' title='bbox 375 1134 491 1158; x_wconf 69' lang='lat' dir='ltr'>contineri.</span> <span class='ocrx_word' id='word_1_92' title='bbox 498 1135 578 1154; x_wconf 78' lang='lat' dir='ltr'>deinde</span> <span class='ocrx_word' id='word_1_93' title='bbox 587 1135 692 1157; x_wconf 74' lang='lat' dir='ltr'>secundo,</span> <span class='ocrx_word' id='word_1_94' title='bbox 700 1138 807 1160; x_wconf 72' lang='lat' dir='ltr'>tamquam</span> <span class='ocrx_word' id='word_1_95' title='bbox 817 1134 962 1157; x_wconf 71' lang='lat' dir='ltr'>consectario.</span> <span class='ocrx_word' id='word_1_96' title='bbox 969 1138 1042 1154; x_wconf 74' lang='lat' dir='ltr'>naten-</span> 
     </span>
     <span class='ocr_line' id='line_1_20' title="bbox 249 1168 1042 1195; baseline 0 -6"><span class='ocrx_word' id='word_1_97' title='bbox 249 1169 289 1192; x_wconf 73' lang='lat' dir='ltr'>«tit,</span> <span class='ocrx_word' id='word_1_98' title='bbox 307 1169 486 1189; x_wconf 59' lang='lat' dir='ltr'>honestiuimum</span> <span class='ocrx_word' id='word_1_99' title='bbox 498 1176 602 1195; x_wconf 77' lang='lat' dir='ltr'>quemque</span> <span class='ocrx_word' id='word_1_100' title='bbox 612 1168 635 1188; x_wconf 86' lang='lat' dir='ltr'>in</span> <span class='ocrx_word' id='word_1_101' title='bbox 647 1176 670 1188; x_wconf 74' lang='lat' dir='ltr'>ne</span> <span class='ocrx_word' id='word_1_102' title='bbox 680 1176 722 1188; x_wconf 82' lang='lat' dir='ltr'>nno</span> <span class='ocrx_word' id='word_1_103' title='bbox 734 1169 813 1189; x_wconf 73' lang='lat' dir='ltr'>hahere</span> <span class='ocrx_word' id='word_1_104' title='bbox 824 1169 896 1190; x_wconf 87' lang='lat' dir='ltr'>omnin</span> <span class='ocrx_word' id='word_1_105' title='bbox 907 1170 960 1189; x_wconf 82' lang='lat' dir='ltr'>bene</span> <span class='ocrx_word' id='word_1_106' title='bbox 971 1170 1042 1189; x_wconf 73' lang='lat' dir='ltr'>beate-</span> 
     </span>
     <span class='ocr_line' id='line_1_21' title="bbox 249 1203 1043 1231; baseline 0.003 -8"><span class='ocrx_word' id='word_1_107' title='bbox 249 1212 290 1230; x_wconf 81' lang='grc' dir='ltr'>ιμιι·</span> <span class='ocrx_word' id='word_1_108' title='bbox 301 1204 388 1223; x_wconf 71' lang='lat' dir='ltr'>iiii-nuli</span> <span class='ocrx_word' id='word_1_109' title='bbox 400 1204 518 1231; x_wconf 74' lang='lat' dir='ltr'>prm-sidia.</span> <span class='ocrx_word' id='word_1_110' title='bbox 549 1205 582 1224; x_wconf 75' lang='lat' dir='ltr'>Ex</span> <span class='ocrx_word' id='word_1_111' title='bbox 594 1204 628 1223; x_wconf 85' lang='lat' dir='ltr'>his</span> <span class='ocrx_word' id='word_1_112' title='bbox 638 1207 709 1224; x_wconf 79' lang='lat' dir='ltr'>nutem</span> <span class='ocrx_word' id='word_1_113' title='bbox 720 1203 776 1224; x_wconf 73' lang='lat' dir='ltr'>lotia</span> <span class='ocrx_word' id='word_1_114' title='bbox 787 1208 867 1228; x_wconf 75' lang='lat' dir='ltr'>cetera,</span> <span class='ocrx_word' id='word_1_115' title='bbox 875 1211 930 1231; x_wconf 78' lang='lat' dir='ltr'>qnae</span> <span class='ocrx_word' id='word_1_116' title='bbox 940 1204 1043 1231; x_wconf 73' lang='lat' dir='ltr'>deinceps</span> 
     </span>
     <span class='ocr_line' id='line_1_22' title="bbox 249 1239 1044 1266; baseline 0.003 -8"><span class='ocrx_word' id='word_1_117' title='bbox 249 1239 399 1266; x_wconf 67' lang='lat' dir='ltr'>perui-quitur,</span> <span class='ocrx_word' id='word_1_118' title='bbox 417 1242 468 1265; x_wconf 76' lang='lat' dir='ltr'>apta</span> <span class='ocrx_word' id='word_1_119' title='bbox 482 1242 533 1259; x_wconf 72' lang='lat' dir='ltr'>aunt</span> <span class='ocrx_word' id='word_1_120' title='bbox 548 1243 567 1259; x_wconf 79' lang='lat' dir='ltr'>et</span> <span class='ocrx_word' id='word_1_121' title='bbox 585 1246 699 1266; x_wconf 69' lang='lat' dir='ltr'>suspensa.</span> <span class='ocrx_word' id='word_1_122' title='bbox 724 1239 802 1265; x_wconf 78' lang='lat' dir='ltr'>ltaque</span> <span class='ocrx_word' id='word_1_123' title='bbox 812 1239 891 1260; x_wconf 74' lang='lat' dir='ltr'>tertius</span> <span class='ocrx_word' id='word_1_124' title='bbox 901 1239 963 1260; x_wconf 77' lang='lat' dir='ltr'>locun</span> <span class='ocrx_word' id='word_1_125' title='bbox 974 1244 1007 1260; x_wconf 76' lang='lat' dir='ltr'>est</span> <span class='ocrx_word' id='word_1_126' title='bbox 1017 1240 1044 1260; x_wconf 83' lang='lat' dir='ltr'>de</span> 
     </span>
     <span class='ocr_line' id='line_1_23' title="bbox 249 1274 1043 1300; baseline 0.001 -7"><span class='ocrx_word' id='word_1_127' title='bbox 249 1278 385 1300; x_wconf 57' lang='lat' dir='ltr'>{intraturum</span> <span class='ocrx_word' id='word_1_128' title='bbox 396 1274 531 1300; x_wconf 70' lang='lat' dir='ltr'>aequalitate</span> <span class='ocrx_word' id='word_1_129' title='bbox 542 1274 644 1294; x_wconf 78' lang='lat' dir='ltr'>ninnium.</span> <span class='ocrx_word' id='word_1_130' title='bbox 674 1276 780 1298; x_wconf 75' lang='lat' dir='ltr'>Quartum</span> <span class='ocrx_word' id='word_1_131' title='bbox 792 1275 818 1294; x_wconf 75' lang='lat' dir='ltr'>tle</span> <span class='ocrx_word' id='word_1_132' title='bbox 828 1274 945 1295; x_wconf 70' lang='lat' dir='ltr'>stultorum</span> <span class='ocrx_word' id='word_1_133' title='bbox 956 1275 1043 1295; x_wconf 66' lang='lat' dir='ltr'>insanin</span> 
     </span>
     <span class='ocr_line' id='line_1_24' title="bbox 249 1308 1042 1335; baseline 0.004 -8"><span class='ocrx_word' id='word_1_134' title='bbox 249 1309 317 1329; x_wconf 77' lang='lat' dir='ltr'>lurum</span> <span class='ocrx_word' id='word_1_135' title='bbox 329 1308 429 1335; x_wconf 61' lang='lat' dir='ltr'>exemplo</span> <span class='ocrx_word' id='word_1_136' title='bbox 441 1310 517 1335; x_wconf 72' lang='lat' dir='ltr'>proluat</span> <span class='ocrx_word' id='word_1_137' title='bbox 528 1308 631 1332; x_wconf 73' lang='lat' dir='ltr'>alicuius,</span> <span class='ocrx_word' id='word_1_138' title='bbox 648 1316 709 1335; x_wconf 78' lang='lat' dir='ltr'>quem</span> <span class='ocrx_word' id='word_1_139' title='bbox 722 1309 797 1330; x_wconf 68' lang='lat' dir='ltr'>Clodii</span> <span class='ocrx_word' id='word_1_140' title='bbox 808 1309 902 1330; x_wconf 75' lang='lat' dir='ltr'>similem</span> <span class='ocrx_word' id='word_1_141' title='bbox 913 1317 962 1330; x_wconf 74' lang='lat' dir='ltr'>ene</span> <span class='ocrx_word' id='word_1_142' title='bbox 972 1309 1042 1335; x_wconf 72' lang='lat' dir='ltr'>fingit.</span> 
     </span>
     <span class='ocr_line' id='line_1_25' title="bbox 247 1343 1042 1371; baseline 0.003 -8"><span class='ocrx_word' id='word_1_143' title='bbox 247 1343 377 1363; x_wconf 59' lang='lat' dir='ltr'>misor-«urii.</span> <span class='ocrx_word' id='word_1_144' title='bbox 407 1343 489 1367; x_wconf 72' lang='lat' dir='ltr'>Quinto</span> <span class='ocrx_word' id='word_1_145' title='bbox 506 1343 553 1364; x_wconf 84' lang='lat' dir='ltr'>loco</span> <span class='ocrx_word' id='word_1_146' title='bbox 561 1360 565 1368; x_wconf 89' lang='lat'>,</span> <span class='ocrx_word' id='word_1_147' title='bbox 583 1352 624 1370; x_wconf 84' lang='lat' dir='ltr'>qno</span> <span class='ocrx_word' id='word_1_148' title='bbox 636 1344 659 1364; x_wconf 87' lang='lat'>1..</span> <span class='ocrx_word' id='word_1_149' title='bbox 672 1344 785 1365; x_wconf 70' lang='lat' dir='ltr'>Lucullum</span> <span class='ocrx_word' id='word_1_150' title='bbox 796 1348 862 1371; x_wconf 74' lang='lat' dir='ltr'>atque</span> <span class='ocrx_word' id='word_1_151' title='bbox 872 1345 936 1365; x_wconf 81' lang='lat' dir='ltr'>etinm</span> <span class='ocrx_word' id='word_1_152' title='bbox 948 1346 1042 1365; x_wconf 80' lang='lat' dir='ltr'>Horten-</span> 
     </span>
     <span class='ocr_line' id='line_1_26' title="bbox 248 1378 1043 1406; baseline 0.003 -8"><span class='ocrx_word' id='word_1_153' title='bbox 248 1378 304 1398; x_wconf 79' lang='lat' dir='ltr'>sium</span> <span class='ocrx_word' id='word_1_154' title='bbox 320 1378 407 1398; x_wconf 69' lang='lat' dir='ltr'>videtur</span> <span class='ocrx_word' id='word_1_155' title='bbox 421 1384 521 1404; x_wconf 81' lang='lat' dir='ltr'>cnrpere,</span> <span class='ocrx_word' id='word_1_156' title='bbox 543 1378 633 1399; x_wconf 73' lang='lat' dir='ltr'>nonnisi</span> <span class='ocrx_word' id='word_1_157' title='bbox 649 1379 769 1406; x_wconf 72' lang='lat' dir='ltr'>sapientem</span> <span class='ocrx_word' id='word_1_158' title='bbox 785 1379 889 1400; x_wconf 80' lang='lat' dir='ltr'>libertate</span> <span class='ocrx_word' id='word_1_159' title='bbox 905 1380 951 1400; x_wconf 80' lang='lat' dir='ltr'>frui</span> <span class='ocrx_word' id='word_1_160' title='bbox 969 1381 1043 1400; x_wconf 74' lang='lat' dir='ltr'>docet:</span> 
     </span>
     <span class='ocr_line' id='line_1_27' title="bbox 247 1413 1042 1440; baseline 0.004 -8"><span class='ocrx_word' id='word_1_161' title='bbox 247 1420 312 1440; x_wconf 55' lang='lat' dir='ltr'>iniisse</span> <span class='ocrx_word' id='word_1_162' title='bbox 323 1420 373 1433; x_wconf 69' lang='lat' dir='ltr'>vern</span> <span class='ocrx_word' id='word_1_163' title='bbox 385 1420 449 1433; x_wconf 84' lang='lat' dir='ltr'>nnnin</span> <span class='ocrx_word' id='word_1_164' title='bbox 462 1420 567 1440; x_wconf 77' lang='lat' dir='ltr'>quemque</span> <span class='ocrx_word' id='word_1_165' title='bbox 576 1413 608 1434; x_wconf 81' lang='lat' dir='ltr'>ita</span> <span class='ocrx_word' id='word_1_166' title='bbox 617 1414 648 1434; x_wconf 72' lang='lat' dir='ltr'>vii</span> <span class='ocrx_word' id='word_1_167' title='bbox 655 1421 702 1438; x_wconf 83' lang='lat' dir='ltr'>ere,</span> <span class='ocrx_word' id='word_1_168' title='bbox 713 1418 736 1435; x_wconf 87' lang='lat' dir='ltr'>ut</span> <span class='ocrx_word' id='word_1_169' title='bbox 747 1414 813 1439; x_wconf 80' lang='lat' dir='ltr'>velit,</span> <span class='ocrx_word' id='word_1_170' title='bbox 825 1415 840 1435; x_wconf 87' lang='lat' dir='ltr'>i.</span> <span class='ocrx_word' id='word_1_171' title='bbox 852 1422 870 1435; x_wconf 93' lang='lat' dir='ltr'>e.</span> <span class='ocrx_word' id='word_1_172' title='bbox 881 1415 975 1436; x_wconf 86' lang='lat' dir='ltr'>liberum</span> <span class='ocrx_word' id='word_1_173' title='bbox 986 1422 1042 1439; x_wconf 75' lang='lat' dir='ltr'>esse,</span> 
     </span>
     <span class='ocr_line' id='line_1_28' title="bbox 248 1448 1043 1477; baseline 0.004 -9"><span class='ocrx_word' id='word_1_174' title='bbox 248 1448 267 1468; x_wconf 76' lang='lat' dir='ltr'>si</span> <span class='ocrx_word' id='word_1_175' title='bbox 278 1448 339 1468; x_wconf 85' lang='lat' dir='ltr'>modu</span> <span class='ocrx_word' id='word_1_176' title='bbox 351 1448 488 1468; x_wconf 69' lang='lat' dir='ltr'>honestatem</span> <span class='ocrx_word' id='word_1_177' title='bbox 499 1452 610 1475; x_wconf 78' lang='lat' dir='ltr'>aequatur.</span> <span class='ocrx_word' id='word_1_178' title='bbox 627 1449 728 1476; x_wconf 83' lang='lat' dir='ltr'>Denique</span> <span class='ocrx_word' id='word_1_179' title='bbox 739 1452 803 1470; x_wconf 79' lang='lat' dir='ltr'>sexto</span> <span class='ocrx_word' id='word_1_180' title='bbox 814 1449 870 1473; x_wconf 85' lang='lat' dir='ltr'>loco,</span> <span class='ocrx_word' id='word_1_181' title='bbox 882 1457 924 1477; x_wconf 89' lang='lat' dir='ltr'>quo</span> <span class='ocrx_word' id='word_1_182' title='bbox 935 1451 964 1471; x_wconf 81' lang='grc' dir='ltr'>Μ.</span> <span class='ocrx_word' id='word_1_183' title='bbox 977 1451 1043 1471; x_wconf 72' lang='lat' dir='ltr'>Cras-</span> 
     </span>
     <span class='ocr_line' id='line_1_29' title="bbox 247 1483 1042 1512; baseline 0.004 -10"><span class='ocrx_word' id='word_1_184' title='bbox 247 1490 293 1503; x_wconf 73' lang='lat' dir='ltr'>sum</span> <span class='ocrx_word' id='word_1_185' title='bbox 304 1483 395 1503; x_wconf 56' lang='lat' dir='ltr'>diuitem</span> <span class='ocrx_word' id='word_1_186' title='bbox 406 1483 555 1509; x_wconf 78' lang='lat' dir='ltr'>reprehendit=</span> <span class='ocrx_word' id='word_1_187' title='bbox 568 1484 648 1504; x_wconf 75' lang='lat' dir='ltr'>aerarii</span> <span class='ocrx_word' id='word_1_188' title='bbox 659 1485 682 1504; x_wconf 92' lang='lat' dir='ltr'>in</span> <span class='ocrx_word' id='word_1_189' title='bbox 693 1485 809 1505; x_wconf 70' lang='lat' dir='ltr'>consulatu</span> <span class='ocrx_word' id='word_1_190' title='bbox 820 1485 915 1506; x_wconf 80' lang='lat' dir='ltr'>seeundo</span> <span class='ocrx_word' id='word_1_191' title='bbox 926 1487 976 1511; x_wconf 77' lang='lat'>(0⁹9</span> <span class='ocrx_word' id='word_1_192' title='bbox 986 1493 1006 1512; x_wconf 87' lang='lat' dir='ltr'>p.</span> <span class='ocrx_word' id='word_1_193' title='bbox 1014 1486 1042 1506; x_wconf 67' lang='lat' dir='ltr'>L&#39;.</span> 
     </span>
     <span class='ocr_line' id='line_1_30' title="bbox 246 1517 1042 1547; baseline 0.004 -10"><span class='ocrx_word' id='word_1_194' title='bbox 246 1521 277 1541; x_wconf 75' lang='lat' dir='ltr'>r.)</span> <span class='ocrx_word' id='word_1_195' title='bbox 288 1517 383 1545; x_wconf 73' lang='lat' dir='ltr'>expilati</span> <span class='ocrx_word' id='word_1_196' title='bbox 395 1518 487 1538; x_wconf 65' lang='lat' dir='ltr'>infamia</span> <span class='ocrx_word' id='word_1_197' title='bbox 497 1519 630 1543; x_wconf 77' lang='lat' dir='ltr'>notabilem,</span> <span class='ocrx_word' id='word_1_198' title='bbox 650 1519 719 1540; x_wconf 79' lang='lat' dir='ltr'>solum</span> <span class='ocrx_word' id='word_1_199' title='bbox 731 1519 852 1547; x_wconf 70' lang='lat' dir='ltr'>sapientem</span> <span class='ocrx_word' id='word_1_200' title='bbox 863 1520 896 1540; x_wconf 78' lang='lat' dir='ltr'>ait</span> <span class='ocrx_word' id='word_1_201' title='bbox 904 1520 999 1545; x_wconf 78' lang='lat' dir='ltr'>gaudere</span> <span class='ocrx_word' id='word_1_202' title='bbox 1009 1520 1042 1540; x_wconf 79' lang='lat' dir='ltr'>ili-</span> 
     </span>
     <span class='ocr_line' id='line_1_31' title="bbox 246 1553 1042 1579; baseline 0.004 -7"><span class='ocrx_word' id='word_1_203' title='bbox 246 1553 321 1576; x_wconf 57' lang='lat' dir='ltr'>ditis.</span> <span class='ocrx_word' id='word_1_204' title='bbox 333 1556 356 1573; x_wconf 79' lang='lat' dir='ltr'>nt</span> <span class='ocrx_word' id='word_1_205' title='bbox 367 1560 422 1579; x_wconf 84' lang='lat' dir='ltr'>qune</span> <span class='ocrx_word' id='word_1_206' title='bbox 432 1560 496 1579; x_wconf 85' lang='lat' dir='ltr'>quum</span> <span class='ocrx_word' id='word_1_207' title='bbox 508 1553 529 1573; x_wconf 92' lang='lat' dir='ltr'>in</span> <span class='ocrx_word' id='word_1_208' title='bbox 541 1554 621 1574; x_wconf 77' lang='lat' dir='ltr'>ceteris</span> <span class='ocrx_word' id='word_1_209' title='bbox 632 1554 764 1579; x_wconf 68' lang='lat' dir='ltr'>xii-tutinus,</span> <span class='ocrx_word' id='word_1_210' title='bbox 781 1558 825 1575; x_wconf 87' lang='lat' dir='ltr'>tum</span> <span class='ocrx_word' id='word_1_211' title='bbox 835 1555 929 1575; x_wconf 75' lang='lat' dir='ltr'>maxime</span> <span class='ocrx_word' id='word_1_212' title='bbox 938 1554 961 1574; x_wconf 85' lang='lat' dir='ltr'>in</span> <span class='ocrx_word' id='word_1_213' title='bbox 972 1554 1042 1575; x_wconf 76' lang='lat' dir='ltr'>conti-</span> 
     </span>
     <span class='ocr_line' id='line_1_32' title="bbox 246 1587 1041 1616; baseline 0.003 -9"><span class='ocrx_word' id='word_1_214' title='bbox 246 1587 321 1608; x_wconf 80' lang='lat' dir='ltr'>nentia</span> <span class='ocrx_word' id='word_1_215' title='bbox 332 1587 378 1607; x_wconf 75' lang='lat' dir='ltr'>sint</span> <span class='ocrx_word' id='word_1_216' title='bbox 387 1588 481 1615; x_wconf 74' lang='lat' dir='ltr'>positae.</span> <span class='ocrx_word' id='word_1_217' title='bbox 511 1589 557 1609; x_wconf 82' lang='lat' dir='ltr'>Hor</span> <span class='ocrx_word' id='word_1_218' title='bbox 568 1593 639 1609; x_wconf 76' lang='lat' dir='ltr'>autern</span> <span class='ocrx_word' id='word_1_219' title='bbox 651 1589 748 1610; x_wconf 71' lang='lat' dir='ltr'>brevium</span> <span class='ocrx_word' id='word_1_220' title='bbox 763 1589 928 1616; x_wconf 70' lang='lat' dir='ltr'>quaestionum,</span> <span class='ocrx_word' id='word_1_221' title='bbox 944 1590 1001 1616; x_wconf 85' lang='lat' dir='ltr'>quod</span> <span class='ocrx_word' id='word_1_222' title='bbox 1015 1589 1041 1609; x_wconf 79' lang='lat' dir='ltr'>ad</span> 
     </span>
     <span class='ocr_line' id='line_1_33' title="bbox 246 1623 1041 1652; baseline 0.003 -9"><span class='ocrx_word' id='word_1_223' title='bbox 246 1624 275 1644; x_wconf 83' lang='grc' dir='ltr'>Μ,</span> <span class='ocrx_word' id='word_1_224' title='bbox 289 1624 378 1644; x_wconf 78' lang='lat' dir='ltr'>Brutum</span> <span class='ocrx_word' id='word_1_225' title='bbox 390 1623 457 1644; x_wconf 84' lang='lat' dir='ltr'>mittit</span> <span class='ocrx_word' id='word_1_226' title='bbox 466 1639 471 1647; x_wconf 82' lang='grc'><strong>,</strong></span> <span class='ocrx_word' id='word_1_227' title='bbox 488 1623 638 1644; x_wconf 80' lang='lat' dir='ltr'>munusculum</span> <span class='ocrx_word' id='word_1_228' title='bbox 649 1624 715 1645; x_wconf 83' lang='lat' dir='ltr'>unius</span> <span class='ocrx_word' id='word_1_229' title='bbox 726 1625 778 1645; x_wconf 84' lang='lat' dir='ltr'>anni</span> <span class='ocrx_word' id='word_1_230' title='bbox 788 1629 898 1652; x_wconf 78' lang='lat' dir='ltr'>tempore,</span> <span class='ocrx_word' id='word_1_231' title='bbox 910 1625 957 1645; x_wconf 77' lang='lat' dir='ltr'>sive</span> <span class='ocrx_word' id='word_1_232' title='bbox 967 1631 1041 1649; x_wconf 74' lang='lat' dir='ltr'>verno,</span> 
     </span>
     <span class='ocr_line' id='line_1_34' title="bbox 246 1658 1043 1686; baseline 0.003 -8"><span class='ocrx_word' id='word_1_233' title='bbox 246 1658 293 1678; x_wconf 59' lang='lat' dir='ltr'>sine</span> <span class='ocrx_word' id='word_1_234' title='bbox 305 1659 409 1682; x_wconf 75' lang='lat' dir='ltr'>hiberno,</span> <span class='ocrx_word' id='word_1_235' title='bbox 423 1659 567 1686; x_wconf 77' lang='lat' dir='ltr'>compositum</span> <span class='ocrx_word' id='word_1_236' title='bbox 583 1666 644 1683; x_wconf 76' lang='lat' dir='ltr'>esne,</span> <span class='ocrx_word' id='word_1_237' title='bbox 661 1666 673 1680; x_wconf 84' lang='lat' dir='ltr'>e</span> <span class='ocrx_word' id='word_1_238' title='bbox 688 1660 796 1686; x_wconf 81' lang='lat' dir='ltr'>prooemii</span> <span class='ocrx_word' id='word_1_239' title='bbox 811 1662 831 1685; x_wconf 75' lang='lat'>§—</span> <span class='ocrx_word' id='word_1_240' title='bbox 848 1663 867 1681; x_wconf 88' lang='lat'>5.</span> <span class='ocrx_word' id='word_1_241' title='bbox 881 1663 980 1686; x_wconf 78' lang='lat' dir='ltr'>apparet.</span> <span class='ocrx_word' id='word_1_242' title='bbox 1011 1660 1043 1680; x_wconf 68' lang='lat' dir='ltr'>Ac</span> 
     </span>
     <span class='ocr_line' id='line_1_35' title="bbox 246 1693 1041 1720; baseline 0.003 -7"><span class='ocrx_word' id='word_1_243' title='bbox 246 1700 373 1720; x_wconf 75' lang='lat' dir='ltr'>quamquam</span> <span class='ocrx_word' id='word_1_244' title='bbox 387 1693 464 1714; x_wconf 77' lang='lat' dir='ltr'>cicero</span> <span class='ocrx_word' id='word_1_245' title='bbox 477 1695 580 1714; x_wconf 79' lang='lat' dir='ltr'>t&#39;rassum</span> <span class='ocrx_word' id='word_1_246' title='bbox 591 1701 610 1714; x_wconf 79' lang='lat' dir='ltr'>n.</span> <span class='ocrx_word' id='word_1_247' title='bbox 622 1697 669 1715; x_wconf 81' lang='lat'>701,</span> <span class='ocrx_word' id='word_1_248' title='bbox 681 1698 702 1715; x_wconf 79' lang='lat' dir='ltr'>et</span> <span class='ocrx_word' id='word_1_249' title='bbox 713 1694 814 1715; x_wconf 81' lang='lat' dir='ltr'>Clodium</span> <span class='ocrx_word' id='word_1_250' title='bbox 825 1701 844 1714; x_wconf 74' lang='lat' dir='ltr'>a.</span> <span class='ocrx_word' id='word_1_251' title='bbox 852 1697 900 1716; x_wconf 82' lang='lat'>702.</span> <span class='ocrx_word' id='word_1_252' title='bbox 911 1695 1041 1715; x_wconf 70' lang='lat' dir='ltr'>interfectus</span> 
     </span>
     <span class='ocr_line' id='line_1_36' title="bbox 246 1728 1042 1757; baseline 0.003 -9"><span class='ocrx_word' id='word_1_253' title='bbox 246 1728 329 1753; x_wconf 72' lang='lat' dir='ltr'>dialogi</span> <span class='ocrx_word' id='word_1_254' title='bbox 345 1728 435 1749; x_wconf 71' lang='lat' dir='ltr'>licentia</span> <span class='ocrx_word' id='word_1_255' title='bbox 450 1728 494 1749; x_wconf 73' lang='lat' dir='ltr'>sihi</span> <span class='ocrx_word' id='word_1_256' title='bbox 510 1729 588 1749; x_wconf 72' lang='lat' dir='ltr'>adesse</span> <span class='ocrx_word' id='word_1_257' title='bbox 597 1729 659 1754; x_wconf 75' lang='lat' dir='ltr'>fingit</span> <span class='ocrx_word' id='word_1_258' title='bbox 667 1745 672 1754; x_wconf 89' lang='grc'><strong>,</strong></span> <span class='ocrx_word' id='word_1_259' title='bbox 688 1737 731 1750; x_wconf 85' lang='lat' dir='ltr'>non</span> <span class='ocrx_word' id='word_1_260' title='bbox 741 1734 813 1750; x_wconf 85' lang='lat' dir='ltr'>tamen</span> <span class='ocrx_word' id='word_1_261' title='bbox 822 1734 875 1757; x_wconf 84' lang='lat' dir='ltr'>post</span> <span class='ocrx_word' id='word_1_262' title='bbox 884 1736 978 1750; x_wconf 78' lang='lat' dir='ltr'>mensem</span> <span class='ocrx_word' id='word_1_263' title='bbox 990 1730 1042 1750; x_wconf 79' lang='lat' dir='ltr'>anni</span> 
     </span>
     <span class='ocr_line' id='line_1_37' title="bbox 246 1763 1041 1790; baseline 0.003 -7"><span class='ocrx_word' id='word_1_264' title='bbox 246 1766 291 1783; x_wconf 69' lang='lat'>705.</span> <span class='ocrx_word' id='word_1_265' title='bbox 304 1763 389 1784; x_wconf 87' lang='lat' dir='ltr'>lunium</span> <span class='ocrx_word' id='word_1_266' title='bbox 397 1780 402 1787; x_wconf 89' lang='lat'>,</span> <span class='ocrx_word' id='word_1_267' title='bbox 418 1771 460 1790; x_wconf 84' lang='lat' dir='ltr'>qno</span> <span class='ocrx_word' id='word_1_268' title='bbox 471 1764 526 1784; x_wconf 72' lang='lat' dir='ltr'>Catu</span> <span class='ocrx_word' id='word_1_269' title='bbox 538 1767 627 1784; x_wconf 80' lang='lat' dir='ltr'>mortem</span> <span class='ocrx_word' id='word_1_270' title='bbox 639 1765 683 1785; x_wconf 80' lang='lat' dir='ltr'>sibi</span> <span class='ocrx_word' id='word_1_271' title='bbox 695 1765 774 1786; x_wconf 80' lang='lat' dir='ltr'>Uticae</span> <span class='ocrx_word' id='word_1_272' title='bbox 783 1765 904 1790; x_wconf 80' lang='lat' dir='ltr'>conscivit,</span> <span class='ocrx_word' id='word_1_273' title='bbox 915 1765 1041 1785; x_wconf 72' lang='lat' dir='ltr'>condidisse</span> 
     </span>
     <span class='ocr_line' id='line_1_38' title="bbox 246 1797 667 1824; baseline 0.005 -7"><span class='ocrx_word' id='word_1_274' title='bbox 246 1797 286 1818; x_wconf 82' lang='lat' dir='ltr'>hor</span> <span class='ocrx_word' id='word_1_275' title='bbox 296 1798 424 1824; x_wconf 76' lang='lat' dir='ltr'>opusculum</span> <span class='ocrx_word' id='word_1_276' title='bbox 435 1798 562 1820; x_wconf 76' lang='lat' dir='ltr'>Faeciolato</span> <span class='ocrx_word' id='word_1_277' title='bbox 573 1799 667 1820; x_wconf 69' lang='lat' dir='ltr'>videtur.</span> 
     </span>
    </p>
   </div>
   <div class='ocr_carea' id='block_1_10' title="bbox 486 1897 790 1924">
    <p class='ocr_par' dir='ltr' id='par_1_11' title="bbox 486 1897 790 1924">
     <span class='ocr_line' id='line_1_39' title="bbox 486 1897 790 1924; baseline 0.003 -1"><span class='ocrx_word' id='word_1_278' title='bbox 486 1897 790 1924; x_wconf 82' lang='lat' dir='ltr'><strong>PROOEMIUM.</strong></span> 
     </span>
    </p>
   </div>
   <div class='ocr_carea' id='block_1_11' title="bbox 242 1946 1041 2688">
    <p class='ocr_par' dir='ltr' id='par_1_12' title="bbox 242 1946 1041 2688">
     <span class='ocr_line' id='line_1_40' title="bbox 304 1946 1041 1986; baseline 0.004 -11"><span class='ocrx_word' id='word_1_279' title='bbox 304 1952 325 1975; x_wconf 81' lang='lat' dir='ltr'>t.</span> <span class='ocrx_word' id='word_1_280' title='bbox 348 1946 552 1981; x_wconf 79' lang='lat' dir='ltr'>Animadverti,</span> <span class='ocrx_word' id='word_1_281' title='bbox 568 1951 660 1982; x_wconf 82' lang='lat' dir='ltr'>Brute,</span> <span class='ocrx_word' id='word_1_282' title='bbox 674 1959 754 1986; x_wconf 84' lang='lat' dir='ltr'>saepe</span> <span class='ocrx_word' id='word_1_283' title='bbox 765 1951 904 1982; x_wconf 85' lang='lat' dir='ltr'>Catonem,</span> <span class='ocrx_word' id='word_1_284' title='bbox 919 1960 1041 1978; x_wconf 85' lang='lat' dir='ltr'>avuncu-</span> 
     </span>
     <span class='ocr_line' id='line_1_41' title="bbox 247 1986 1040 2022; baseline 0.004 -10"><span class='ocrx_word' id='word_1_285' title='bbox 247 1986 302 2013; x_wconf 87' lang='lat' dir='ltr'>lum</span> <span class='ocrx_word' id='word_1_286' title='bbox 315 1992 404 2018; x_wconf 89' lang='lat' dir='ltr'>tnum,</span> <span class='ocrx_word' id='word_1_287' title='bbox 423 1996 507 2022; x_wconf 88' lang='lat' dir='ltr'>quum</span> <span class='ocrx_word' id='word_1_288' title='bbox 524 1989 551 2014; x_wconf 89' lang='lat' dir='ltr'>in</span> <span class='ocrx_word' id='word_1_289' title='bbox 563 1993 657 2014; x_wconf 79' lang='lat' dir='ltr'>senatu</span> <span class='ocrx_word' id='word_1_290' title='bbox 668 1989 827 2015; x_wconf 80' lang='lat' dir='ltr'>sententiam</span> <span class='ocrx_word' id='word_1_291' title='bbox 839 1988 952 2019; x_wconf 85' lang='lat' dir='ltr'>diceret,</span> <span class='ocrx_word' id='word_1_292' title='bbox 970 1988 1040 2015; x_wconf 90' lang='lat' dir='ltr'>locos</span> 
     </span>
     <span class='ocr_line' id='line_1_42' title="bbox 244 2024 1040 2060; baseline 0.003 -10"><span class='ocrx_word' id='word_1_293' title='bbox 244 2032 380 2058; x_wconf 83' lang='lat' dir='ltr'>gravesex</span> <span class='ocrx_word' id='word_1_294' title='bbox 387 2024 558 2060; x_wconf 84' lang='lat' dir='ltr'>philosophia</span> <span class='ocrx_word' id='word_1_295' title='bbox 571 2025 872 2056; x_wconf 82' lang='lat' dir='ltr'>tractare,abhorrentes</span> <span class='ocrx_word' id='word_1_296' title='bbox 882 2026 915 2052; x_wconf 87' lang='lat' dir='ltr'>ab</span> <span class='ocrx_word' id='word_1_297' title='bbox 927 2026 976 2052; x_wconf 86' lang='lat' dir='ltr'>hoc</span> <span class='ocrx_word' id='word_1_298' title='bbox 988 2035 1040 2052; x_wconf 91' lang='lat' dir='ltr'>usu</span> 
     </span>
     <span class='ocr_line' id='line_1_43' title="bbox 245 2060 1040 2098; baseline 0.003 -11"><span class='ocrx_word' id='word_1_299' title='bbox 245 2060 344 2087; x_wconf 85' lang='lat' dir='ltr'>forensi</span> <span class='ocrx_word' id='word_1_300' title='bbox 356 2065 381 2088; x_wconf 87' lang='lat' dir='ltr'>et</span> <span class='ocrx_word' id='word_1_301' title='bbox 391 2061 514 2096; x_wconf 84' lang='lat' dir='ltr'>publico,</span> <span class='ocrx_word' id='word_1_302' title='bbox 530 2062 577 2088; x_wconf 84' lang='lat' dir='ltr'>sed</span> <span class='ocrx_word' id='word_1_303' title='bbox 589 2062 703 2089; x_wconf 82' lang='lat' dir='ltr'>dicendo</span> <span class='ocrx_word' id='word_1_304' title='bbox 714 2064 844 2098; x_wconf 84' lang='lat' dir='ltr'>consequi</span> <span class='ocrx_word' id='word_1_305' title='bbox 855 2068 952 2094; x_wconf 85' lang='lat' dir='ltr'>tamen,</span> <span class='ocrx_word' id='word_1_306' title='bbox 966 2068 995 2089; x_wconf 88' lang='lat' dir='ltr'>nt</span> <span class='ocrx_word' id='word_1_307' title='bbox 1006 2063 1040 2089; x_wconf 92' lang='lat' dir='ltr'>il-</span> 
     </span>
     <span class='ocr_line' id='line_1_44' title="bbox 246 2097 1040 2134; baseline 0.004 -10"><span class='ocrx_word' id='word_1_308' title='bbox 246 2097 268 2124; x_wconf 85' lang='lat' dir='ltr'>la</span> <span class='ocrx_word' id='word_1_309' title='bbox 286 2099 365 2125; x_wconf 88' lang='lat' dir='ltr'>etiam</span> <span class='ocrx_word' id='word_1_310' title='bbox 382 2098 482 2133; x_wconf 91' lang='lat' dir='ltr'>populo</span> <span class='ocrx_word' id='word_1_311' title='bbox 498 2099 647 2134; x_wconf 79' lang='lat' dir='ltr'>probabilia</span> <span class='ocrx_word' id='word_1_312' title='bbox 664 2099 830 2127; x_wconf 86' lang='lat' dir='ltr'>viderentur.</span> <span class='ocrx_word' id='word_1_313' title='bbox 870 2102 895 2126; x_wconf 71' lang='lat'>⁶2.</span> <span class='ocrx_word' id='word_1_314' title='bbox 917 2100 994 2132; x_wconf 89' lang='lat' dir='ltr'>Quod</span> <span class='ocrx_word' id='word_1_315' title='bbox 1009 2109 1040 2127; x_wconf 86' lang='lat' dir='ltr'>eo</span> 
     </span>
     <span class='ocr_line' id='line_1_45' title="bbox 245 2136 1039 2172; baseline 0.004 -11"><span class='ocrx_word' id='word_1_316' title='bbox 245 2136 333 2161; x_wconf 87' lang='lat' dir='ltr'>maius</span> <span class='ocrx_word' id='word_1_317' title='bbox 348 2140 388 2162; x_wconf 88' lang='lat' dir='ltr'>cst</span> <span class='ocrx_word' id='word_1_318' title='bbox 403 2136 458 2167; x_wconf 82' lang='lat' dir='ltr'>illi,</span> <span class='ocrx_word' id='word_1_319' title='bbox 476 2144 557 2171; x_wconf 85' lang='lat' dir='ltr'>quam</span> <span class='ocrx_word' id='word_1_320' title='bbox 574 2141 619 2163; x_wconf 86' lang='lat' dir='ltr'>aut</span> <span class='ocrx_word' id='word_1_321' title='bbox 635 2137 684 2163; x_wconf 89' lang='lat' dir='ltr'>tibi</span> <span class='ocrx_word' id='word_1_322' title='bbox 700 2142 745 2163; x_wconf 87' lang='lat' dir='ltr'>aut</span> <span class='ocrx_word' id='word_1_323' title='bbox 761 2137 852 2168; x_wconf 89' lang='lat' dir='ltr'>nobis,</span> <span class='ocrx_word' id='word_1_324' title='bbox 874 2138 939 2172; x_wconf 91' lang='lat' dir='ltr'>quia</span> <span class='ocrx_word' id='word_1_325' title='bbox 950 2145 998 2164; x_wconf 88' lang='lat' dir='ltr'>nos</span> <span class='ocrx_word' id='word_1_326' title='bbox 1009 2146 1039 2164; x_wconf 86' lang='lat' dir='ltr'>ea</span> 
     </span>
     <span class='ocr_line' id='line_1_46' title="bbox 244 2172 1041 2209; baseline 0.004 -11"><span class='ocrx_word' id='word_1_327' title='bbox 244 2172 415 2207; x_wconf 81' lang='lat' dir='ltr'>philosophia</span> <span class='ocrx_word' id='word_1_328' title='bbox 436 2172 498 2208; x_wconf 92' lang='lat' dir='ltr'>plus</span> <span class='ocrx_word' id='word_1_329' title='bbox 519 2174 634 2204; x_wconf 90' lang='lat' dir='ltr'>utimur,</span> <span class='ocrx_word' id='word_1_330' title='bbox 655 2182 724 2209; x_wconf 89' lang='lat' dir='ltr'>quae</span> <span class='ocrx_word' id='word_1_331' title='bbox 744 2175 848 2209; x_wconf 81' lang='lat' dir='ltr'>peperit</span> <span class='ocrx_word' id='word_1_332' title='bbox 868 2174 976 2201; x_wconf 86' lang='lat' dir='ltr'>dicendi</span> <span class='ocrx_word' id='word_1_333' title='bbox 995 2183 1041 2201; x_wconf 90' lang='lat' dir='ltr'>co—</span> 
     </span>
     <span class='ocr_line' id='line_1_47' title="bbox 244 2209 1041 2246; baseline 0.004 -11"><span class='ocrx_word' id='word_1_334' title='bbox 244 2209 326 2243; x_wconf 82' lang='lat' dir='ltr'>piam,</span> <span class='ocrx_word' id='word_1_335' title='bbox 342 2214 368 2236; x_wconf 86' lang='lat' dir='ltr'>et</span> <span class='ocrx_word' id='word_1_336' title='bbox 378 2210 406 2236; x_wconf 90' lang='lat' dir='ltr'>in</span> <span class='ocrx_word' id='word_1_337' title='bbox 417 2219 470 2245; x_wconf 90' lang='lat' dir='ltr'>qua</span> <span class='ocrx_word' id='word_1_338' title='bbox 481 2210 609 2237; x_wconf 87' lang='lat' dir='ltr'>dicuntur</span> <span class='ocrx_word' id='word_1_339' title='bbox 619 2219 658 2242; x_wconf 85' lang='lat' dir='ltr'>ea,</span> <span class='ocrx_word' id='word_1_340' title='bbox 667 2220 736 2246; x_wconf 83' lang='lat' dir='ltr'>quae</span> <span class='ocrx_word' id='word_1_341' title='bbox 746 2220 798 2238; x_wconf 91' lang='lat' dir='ltr'>non</span> <span class='ocrx_word' id='word_1_342' title='bbox 809 2211 926 2238; x_wconf 82' lang='lat' dir='ltr'>multum</span> <span class='ocrx_word' id='word_1_343' title='bbox 936 2212 1041 2238; x_wconf 87' lang='lat' dir='ltr'>discre-</span> 
     </span>
     <span class='ocr_line' id='line_1_48' title="bbox 243 2246 1036 2284; baseline 0.005 -12"><span class='ocrx_word' id='word_1_344' title='bbox 243 2251 308 2280; x_wconf 87' lang='lat' dir='ltr'>pant</span> <span class='ocrx_word' id='word_1_345' title='bbox 322 2246 356 2272; x_wconf 89' lang='lat' dir='ltr'>ab</span> <span class='ocrx_word' id='word_1_346' title='bbox 371 2248 496 2282; x_wconf 87' lang='lat' dir='ltr'>opinione</span> <span class='ocrx_word' id='word_1_347' title='bbox 513 2248 646 2282; x_wconf 83' lang='lat' dir='ltr'>populari.</span> <span class='ocrx_word' id='word_1_348' title='bbox 687 2248 750 2275; x_wconf 89' lang='lat' dir='ltr'>Cato</span> <span class='ocrx_word' id='word_1_349' title='bbox 767 2253 870 2280; x_wconf 87' lang='lat' dir='ltr'>autem,</span> <span class='ocrx_word' id='word_1_350' title='bbox 891 2249 1036 2284; x_wconf 86' lang='lat' dir='ltr'>perfectus,</span> 
     </span>
     <span class='ocr_line' id='line_1_49' title="bbox 244 2284 1039 2321; baseline 0.005 -12"><span class='ocrx_word' id='word_1_351' title='bbox 244 2292 301 2309; x_wconf 83' lang='lat' dir='ltr'>mea</span> <span class='ocrx_word' id='word_1_352' title='bbox 322 2285 468 2316; x_wconf 83' lang='lat' dir='ltr'>sententia,</span> <span class='ocrx_word' id='word_1_353' title='bbox 486 2284 604 2315; x_wconf 88' lang='lat' dir='ltr'>Stoicus,</span> <span class='ocrx_word' id='word_1_354' title='bbox 623 2290 648 2312; x_wconf 87' lang='lat' dir='ltr'>et</span> <span class='ocrx_word' id='word_1_355' title='bbox 663 2294 693 2312; x_wconf 83' lang='lat' dir='ltr'>ea</span> <span class='ocrx_word' id='word_1_356' title='bbox 708 2287 802 2317; x_wconf 86' lang='lat' dir='ltr'>sentit,</span> <span class='ocrx_word' id='word_1_357' title='bbox 822 2294 891 2321; x_wconf 86' lang='lat' dir='ltr'>quae</span> <span class='ocrx_word' id='word_1_358' title='bbox 907 2295 959 2312; x_wconf 90' lang='lat' dir='ltr'>uon</span> <span class='ocrx_word' id='word_1_359' title='bbox 975 2295 1039 2313; x_wconf 86' lang='lat' dir='ltr'>sane</span> 
     </span>
     <span class='ocr_line' id='line_1_50' title="bbox 242 2320 1039 2358; baseline 0.004 -12"><span class='ocrx_word' id='word_1_360' title='bbox 242 2320 390 2354; x_wconf 84' lang='lat' dir='ltr'>probantur</span> <span class='ocrx_word' id='word_1_361' title='bbox 400 2323 427 2348; x_wconf 91' lang='lat' dir='ltr'>in</span> <span class='ocrx_word' id='word_1_362' title='bbox 439 2321 548 2358; x_wconf 85' lang='lat' dir='ltr'>vulgus,</span> <span class='ocrx_word' id='word_1_363' title='bbox 562 2327 587 2349; x_wconf 85' lang='lat' dir='ltr'>et</span> <span class='ocrx_word' id='word_1_364' title='bbox 597 2323 624 2349; x_wconf 89' lang='lat' dir='ltr'>in</span> <span class='ocrx_word' id='word_1_365' title='bbox 635 2331 665 2349; x_wconf 85' lang='lat' dir='ltr'>ea</span> <span class='ocrx_word' id='word_1_366' title='bbox 676 2327 716 2349; x_wconf 87' lang='lat' dir='ltr'>est</span> <span class='ocrx_word' id='word_1_367' title='bbox 727 2323 841 2354; x_wconf 85' lang='lat' dir='ltr'>haeresi,</span> <span class='ocrx_word' id='word_1_368' title='bbox 853 2331 922 2358; x_wconf 87' lang='lat' dir='ltr'>quae</span> <span class='ocrx_word' id='word_1_369' title='bbox 932 2323 1039 2350; x_wconf 91' lang='lat' dir='ltr'>nullum</span> 
     </span>
     <span class='ocr_line' id='line_1_51' title="bbox 243 2357 1036 2396; baseline 0.005 -13"><span class='ocrx_word' id='word_1_370' title='bbox 243 2358 366 2392; x_wconf 87' lang='lat' dir='ltr'>sequitur</span> <span class='ocrx_word' id='word_1_371' title='bbox 381 2357 471 2385; x_wconf 84' lang='lat' dir='ltr'>florem</span> <span class='ocrx_word' id='word_1_372' title='bbox 485 2360 613 2386; x_wconf 87' lang='lat' dir='ltr'>orationis</span> <span class='ocrx_word' id='word_1_373' title='bbox 628 2368 715 2395; x_wconf 86' lang='lat' dir='ltr'>neque</span> <span class='ocrx_word' id='word_1_374' title='bbox 731 2360 824 2387; x_wconf 85' lang='lat' dir='ltr'>dilatat</span> <span class='ocrx_word' id='word_1_375' title='bbox 837 2365 1036 2396; x_wconf 81' lang='lat' dir='ltr'>argumentum,</span> 
     </span>
     <span class='ocr_line' id='line_1_52' title="bbox 243 2395 1039 2432; baseline 0.005 -12"><span class='ocrx_word' id='word_1_376' title='bbox 243 2395 354 2422; x_wconf 88' lang='lat' dir='ltr'>minutis</span> <span class='ocrx_word' id='word_1_377' title='bbox 368 2396 641 2432; x_wconf 81' lang='lat' dir='ltr'>interrogatiunculis,</span> <span class='ocrx_word' id='word_1_378' title='bbox 658 2398 737 2432; x_wconf 84' lang='lat' dir='ltr'>quasi</span> <span class='ocrx_word' id='word_1_379' title='bbox 756 2398 877 2432; x_wconf 84' lang='lat' dir='ltr'>punctis,</span> <span class='ocrx_word' id='word_1_380' title='bbox 893 2398 966 2432; x_wconf 89' lang='lat' dir='ltr'>quod</span> <span class='ocrx_word' id='word_1_381' title='bbox 976 2406 1039 2432; x_wconf 88' lang='lat' dir='ltr'>pro-</span> 
     </span>
     <span class='ocr_line' id='line_1_53' title="bbox 243 2432 1038 2470; baseline 0.006 -14"><span class='ocrx_word' id='word_1_382' title='bbox 243 2432 341 2464; x_wconf 86' lang='lat' dir='ltr'>posuit,</span> <span class='ocrx_word' id='word_1_383' title='bbox 354 2432 446 2460; x_wconf 81' lang='lat' dir='ltr'>efficit.</span> <span class='ocrx_word' id='word_1_384' title='bbox 480 2435 505 2460; x_wconf 86' lang='lat'>3.</span> <span class='ocrx_word' id='word_1_385' title='bbox 522 2433 575 2460; x_wconf 86' lang='lat' dir='ltr'>Sed</span> <span class='ocrx_word' id='word_1_386' title='bbox 587 2433 655 2460; x_wconf 86' lang='lat' dir='ltr'>nihil</span> <span class='ocrx_word' id='word_1_387' title='bbox 667 2439 707 2460; x_wconf 90' lang='lat' dir='ltr'>est</span> <span class='ocrx_word' id='word_1_388' title='bbox 719 2439 772 2460; x_wconf 91' lang='lat' dir='ltr'>tam</span> <span class='ocrx_word' id='word_1_389' title='bbox 784 2434 952 2465; x_wconf 72' lang='lat' dir='ltr'>incredibile,</span> <span class='ocrx_word' id='word_1_390' title='bbox 965 2435 1038 2470; x_wconf 86' lang='lat' dir='ltr'>quod</span> 
     </span>
     <span class='ocr_line' id='line_1_54' title="bbox 243 2468 1037 2505; baseline 0.006 -12"><span class='ocrx_word' id='word_1_391' title='bbox 243 2476 294 2493; x_wconf 89' lang='lat' dir='ltr'>non</span> <span class='ocrx_word' id='word_1_392' title='bbox 306 2468 420 2496; x_wconf 88' lang='lat' dir='ltr'>dicendo</span> <span class='ocrx_word' id='word_1_393' title='bbox 432 2470 476 2497; x_wconf 87' lang='lat' dir='ltr'>liat</span> <span class='ocrx_word' id='word_1_394' title='bbox 486 2471 639 2505; x_wconf 74' lang='lat' dir='ltr'>probabile3</span> <span class='ocrx_word' id='word_1_395' title='bbox 663 2471 732 2497; x_wconf 91' lang='lat' dir='ltr'>nihil</span> <span class='ocrx_word' id='word_1_396' title='bbox 747 2476 800 2498; x_wconf 89' lang='lat' dir='ltr'>tam</span> <span class='ocrx_word' id='word_1_397' title='bbox 812 2471 965 2502; x_wconf 81' lang='lat' dir='ltr'>horridum,</span> <span class='ocrx_word' id='word_1_398' title='bbox 983 2477 1037 2498; x_wconf 91' lang='lat' dir='ltr'>tam</span> 
     </span>
     <span class='ocr_line' id='line_1_55' title="bbox 242 2504 1038 2544; baseline 0.008 -15"><span class='ocrx_word' id='word_1_399' title='bbox 242 2504 389 2537; x_wconf 86' lang='lat' dir='ltr'>incultum,</span> <span class='ocrx_word' id='word_1_400' title='bbox 407 2508 479 2541; x_wconf 87' lang='lat' dir='ltr'>quod</span> <span class='ocrx_word' id='word_1_401' title='bbox 491 2516 543 2534; x_wconf 91' lang='lat' dir='ltr'>non</span> <span class='ocrx_word' id='word_1_402' title='bbox 554 2508 724 2542; x_wconf 81' lang='lat' dir='ltr'>splendescat</span> <span class='ocrx_word' id='word_1_403' title='bbox 734 2509 852 2535; x_wconf 90' lang='lat' dir='ltr'>oratione</span> <span class='ocrx_word' id='word_1_404' title='bbox 864 2513 890 2535; x_wconf 85' lang='lat' dir='ltr'>et</span> <span class='ocrx_word' id='word_1_405' title='bbox 900 2514 1038 2544; x_wconf 88' lang='lat' dir='ltr'>tamquam</span> 
     </span>
     <span class='ocr_line' id='line_1_56' title="bbox 242 2541 1040 2580; baseline 0.008 -14"><span class='ocrx_word' id='word_1_406' title='bbox 242 2541 388 2569; x_wconf 77' lang='lat' dir='ltr'>excolatur.</span> <span class='ocrx_word' id='word_1_407' title='bbox 428 2544 504 2576; x_wconf 92' lang='lat' dir='ltr'>Quod</span> <span class='ocrx_word' id='word_1_408' title='bbox 515 2553 600 2580; x_wconf 90' lang='lat' dir='ltr'>quum</span> <span class='ocrx_word' id='word_1_409' title='bbox 612 2546 647 2571; x_wconf 86' lang='lat' dir='ltr'>ita</span> <span class='ocrx_word' id='word_1_410' title='bbox 659 2550 790 2580; x_wconf 89' lang='lat' dir='ltr'>putarem,</span> <span class='ocrx_word' id='word_1_411' title='bbox 800 2545 851 2572; x_wconf 88' lang='lat' dir='ltr'>feci</span> <span class='ocrx_word' id='word_1_412' title='bbox 862 2547 942 2572; x_wconf 89' lang='lat' dir='ltr'>etiam</span> <span class='ocrx_word' id='word_1_413' title='bbox 954 2546 1040 2572; x_wconf 87' lang='lat' dir='ltr'>auda-</span> 
     </span>
     <span class='ocr_line' id='line_1_57' title="bbox 242 2577 1038 2617; baseline 0.008 -14"><span class='ocrx_word' id='word_1_414' title='bbox 242 2577 310 2608; x_wconf 80' lang='lat' dir='ltr'>cius.</span> <span class='ocrx_word' id='word_1_415' title='bbox 324 2587 405 2612; x_wconf 86' lang='lat' dir='ltr'>quam</span> <span class='ocrx_word' id='word_1_416' title='bbox 417 2580 461 2607; x_wconf 90' lang='lat' dir='ltr'>ille</span> <span class='ocrx_word' id='word_1_417' title='bbox 474 2582 540 2616; x_wconf 88' lang='lat' dir='ltr'>ipse,</span> <span class='ocrx_word' id='word_1_418' title='bbox 554 2582 586 2608; x_wconf 85' lang='lat' dir='ltr'>de</span> <span class='ocrx_word' id='word_1_419' title='bbox 597 2591 651 2617; x_wconf 87' lang='lat' dir='ltr'>quo</span> <span class='ocrx_word' id='word_1_420' title='bbox 666 2582 769 2617; x_wconf 84' lang='lat' dir='ltr'>loquor.</span> <span class='ocrx_word' id='word_1_421' title='bbox 800 2583 863 2609; x_wconf 87' lang='lat' dir='ltr'>Cato</span> <span class='ocrx_word' id='word_1_422' title='bbox 874 2584 946 2609; x_wconf 90' lang='lat' dir='ltr'>enim</span> <span class='ocrx_word' id='word_1_423' title='bbox 958 2583 1038 2609; x_wconf 88' lang='lat' dir='ltr'>dum—</span> 
     </span>
     <span class='ocr_line' id='line_1_58' title="bbox 242 2615 1035 2651; baseline 0.008 -11"><span class='ocrx_word' id='word_1_424' title='bbox 242 2619 314 2641; x_wconf 82' lang='lat' dir='ltr'>taxat</span> <span class='ocrx_word' id='word_1_425' title='bbox 325 2615 358 2641; x_wconf 86' lang='lat' dir='ltr'>de</span> <span class='ocrx_word' id='word_1_426' title='bbox 370 2618 553 2651; x_wconf 83' lang='lat' dir='ltr'>magnitudine</span> <span class='ocrx_word' id='word_1_427' title='bbox 564 2620 657 2650; x_wconf 84' lang='lat' dir='ltr'>animi,</span> <span class='ocrx_word' id='word_1_428' title='bbox 673 2619 706 2645; x_wconf 89' lang='lat' dir='ltr'>de</span> <span class='ocrx_word' id='word_1_429' title='bbox 717 2620 890 2651; x_wconf 87' lang='lat' dir='ltr'>continentia,</span> <span class='ocrx_word' id='word_1_430' title='bbox 898 2619 931 2646; x_wconf 88' lang='lat' dir='ltr'>de</span> <span class='ocrx_word' id='word_1_431' title='bbox 942 2625 1035 2651; x_wconf 86' lang='lat' dir='ltr'>morte,</span> 
     </span>
     <span class='ocr_line' id='line_1_59' title="bbox 243 2651 1038 2688; baseline 0.009 -11"><span class='ocrx_word' id='word_1_432' title='bbox 243 2652 276 2678; x_wconf 86' lang='lat' dir='ltr'>de</span> <span class='ocrx_word' id='word_1_433' title='bbox 287 2653 360 2678; x_wconf 92' lang='lat' dir='ltr'>omni</span> <span class='ocrx_word' id='word_1_434' title='bbox 372 2651 450 2680; x_wconf 88' lang='lat' dir='ltr'>laude</span> <span class='ocrx_word' id='word_1_435' title='bbox 461 2656 577 2686; x_wconf 83' lang='lat' dir='ltr'>virtutis,</span> <span class='ocrx_word' id='word_1_436' title='bbox 591 2655 624 2682; x_wconf 87' lang='lat' dir='ltr'>de</span> <span class='ocrx_word' id='word_1_437' title='bbox 635 2656 688 2683; x_wconf 91' lang='lat' dir='ltr'>diis</span> <span class='ocrx_word' id='word_1_438' title='bbox 700 2657 908 2688; x_wconf 86' lang='lat' dir='ltr'>immortalibus,</span> <span class='ocrx_word' id='word_1_439' title='bbox 924 2657 958 2684; x_wconf 86' lang='lat' dir='ltr'>de</span> <span class='ocrx_word' id='word_1_440' title='bbox 968 2658 1038 2684; x_wconf 90' lang='lat' dir='ltr'>cari-</span> 
     </span>
    </p>
   </div>
   <div class='ocr_carea' id='block_1_12' title="bbox 1059 1985 1064 2533">
    <p class='ocr_par' dir='ltr' id='par_1_13' title="bbox 1059 1985 1064 2533">
     <span class='ocr_line' id='line_1_60' title="bbox 1059 1985 1064 2533; baseline 0 0"><span class='ocrx_word' id='word_1_441' title='bbox 1059 1985 1064 2533; x_wconf 95' lang='lat' dir='ltr'> </span> 
     </span>
    </p>
   </div>
   <div class='ocr_carea' id='block_1_13' title="bbox 1094 562 1453 699">
    <p class='ocr_par' dir='ltr' id='par_1_14' title="bbox 1094 562 1453 699">
     <span class='ocr_line' id='line_1_61' title="bbox 1124 562 1453 610; baseline 0 0"><span class='ocrx_word' id='word_1_442' title='bbox 1124 563 1158 610; x_wconf 90' lang='lat' dir='ltr'>D</span> <span class='ocrx_word' id='word_1_443' title='bbox 1271 562 1304 610; x_wconf 87' lang='lat' dir='ltr'>O</span> <span class='ocrx_word' id='word_1_444' title='bbox 1418 563 1453 610; x_wconf 83' lang='grc' dir='ltr'>Χ</span> 
     </span>
     <span class='ocr_line' id='line_1_62' title="bbox 1094 661 1449 699; baseline -0.003 -1"><span class='ocrx_word' id='word_1_445' title='bbox 1094 661 1449 699; x_wconf 72' lang='lat' dir='ltr'>nUTUn.</span> 
     </span>
    </p>
   </div>
   <div class='ocr_carea' id='block_1_14' title="bbox 1567 563 1601 610">
    <p class='ocr_par' dir='ltr' id='par_1_15' title="bbox 1567 563 1601 610">
     <span class='ocr_line' id='line_1_63' title="bbox 1567 563 1601 610; baseline 0 0"><span class='ocrx_word' id='word_1_446' title='bbox 1567 563 1601 610; x_wconf 77' lang='lat' dir='ltr'>A</span> 
     </span>
    </p>
   </div>
   <div class='ocr_carea' id='block_1_15' title="bbox 1094 819 1891 1563">
    <p class='ocr_par' dir='ltr' id='par_1_16' title="bbox 1094 819 1891 1563">
     <span class='ocr_line' id='line_1_64' title="bbox 1096 819 1889 854; baseline -0.003 -8"><span class='ocrx_word' id='word_1_447' title='bbox 1096 825 1146 846; x_wconf 78' lang='lat' dir='ltr'>tate</span> <span class='ocrx_word' id='word_1_448' title='bbox 1158 821 1257 854; x_wconf 78' lang='lat' dir='ltr'>patriae</span> <span class='ocrx_word' id='word_1_449' title='bbox 1272 822 1354 846; x_wconf 75' lang='lat' dir='ltr'>stoico</span> <span class='ocrx_word' id='word_1_450' title='bbox 1370 820 1447 845; x_wconf 82' lang='lat' dir='ltr'>solet.</span> <span class='ocrx_word' id='word_1_451' title='bbox 1465 820 1587 845; x_wconf 83' lang='lat' dir='ltr'>oratoriis</span> <span class='ocrx_word' id='word_1_452' title='bbox 1601 821 1765 846; x_wconf 76' lang='lat' dir='ltr'>ornamentis</span> <span class='ocrx_word' id='word_1_453' title='bbox 1781 819 1889 845; x_wconf 82' lang='lat' dir='ltr'>adhibi-</span> 
     </span>
     <span class='ocr_line' id='line_1_65' title="bbox 1096 856 1889 892; baseline -0.003 -9"><span class='ocrx_word' id='word_1_454' title='bbox 1096 859 1142 885; x_wconf 77' lang='lat' dir='ltr'>tis,</span> <span class='ocrx_word' id='word_1_455' title='bbox 1161 857 1259 883; x_wconf 67' lang='lat' dir='ltr'>:ln-cre.</span> <span class='ocrx_word' id='word_1_456' title='bbox 1302 858 1356 889; x_wconf 61' lang='lat' dir='ltr'>Ego</span> <span class='ocrx_word' id='word_1_457' title='bbox 1374 865 1435 883; x_wconf 67' lang='lat' dir='ltr'>vero</span> <span class='ocrx_word' id='word_1_458' title='bbox 1448 856 1491 882; x_wconf 87' lang='lat' dir='ltr'>illa</span> <span class='ocrx_word' id='word_1_459' title='bbox 1504 858 1574 891; x_wconf 84' lang='lat' dir='ltr'>ipsa.</span> <span class='ocrx_word' id='word_1_460' title='bbox 1597 865 1666 891; x_wconf 78' lang='lat' dir='ltr'>(piae</span> <span class='ocrx_word' id='word_1_461' title='bbox 1679 858 1724 883; x_wconf 75' lang='lat' dir='ltr'>vix</span> <span class='ocrx_word' id='word_1_462' title='bbox 1738 858 1762 882; x_wconf 90' lang='lat' dir='ltr'>in</span> <span class='ocrx_word' id='word_1_463' title='bbox 1775 865 1889 892; x_wconf 68' lang='lat' dir='ltr'>gymna-</span> 
     </span>
     <span class='ocr_line' id='line_1_66' title="bbox 1095 893 1888 928; baseline -0.003 -8"><span class='ocrx_word' id='word_1_464' title='bbox 1095 896 1143 920; x_wconf 78' lang='lat' dir='ltr'>siis</span> <span class='ocrx_word' id='word_1_465' title='bbox 1158 899 1182 920; x_wconf 77' lang='lat' dir='ltr'>ct</span> <span class='ocrx_word' id='word_1_466' title='bbox 1198 896 1223 921; x_wconf 85' lang='lat' dir='ltr'>in</span> <span class='ocrx_word' id='word_1_467' title='bbox 1239 896 1292 920; x_wconf 89' lang='lat' dir='ltr'>otio</span> <span class='ocrx_word' id='word_1_468' title='bbox 1303 895 1382 920; x_wconf 75' lang='lat' dir='ltr'>Stoici</span> <span class='ocrx_word' id='word_1_469' title='bbox 1400 894 1525 928; x_wconf 82' lang='lat' dir='ltr'>probant,</span> <span class='ocrx_word' id='word_1_470' title='bbox 1546 893 1640 920; x_wconf 82' lang='lat' dir='ltr'>ludens</span> <span class='ocrx_word' id='word_1_471' title='bbox 1656 895 1756 920; x_wconf 53' lang='lat' dir='ltr'>coni-*ri</span> <span class='ocrx_word' id='word_1_472' title='bbox 1776 896 1800 920; x_wconf 88' lang='lat' dir='ltr'>in</span> <span class='ocrx_word' id='word_1_473' title='bbox 1815 902 1888 919; x_wconf 81' lang='lat' dir='ltr'>cotn-</span> 
     </span>
     <span class='ocr_line' id='line_1_67' title="bbox 1096 931 1889 965; baseline -0.003 -8"><span class='ocrx_word' id='word_1_474' title='bbox 1096 941 1190 958; x_wconf 83' lang='lat' dir='ltr'>niunes</span> <span class='ocrx_word' id='word_1_475' title='bbox 1203 932 1282 958; x_wconf 60' lang='lat' dir='ltr'>locos:</span> <span class='ocrx_word' id='word_1_476' title='bbox 1315 933 1338 958; x_wconf 64' lang='grc' dir='ltr'>Α,</span> <span class='ocrx_word' id='word_1_477' title='bbox 1360 931 1433 963; x_wconf 82' lang='lat' dir='ltr'>Quae</span> <span class='ocrx_word' id='word_1_478' title='bbox 1456 932 1519 965; x_wconf 82' lang='lat' dir='ltr'>quia</span> <span class='ocrx_word' id='word_1_479' title='bbox 1531 936 1594 957; x_wconf 85' lang='lat' dir='ltr'>sunt</span> <span class='ocrx_word' id='word_1_480' title='bbox 1605 931 1774 957; x_wconf 78' lang='lat' dir='ltr'>admirabilia</span> <span class='ocrx_word' id='word_1_481' title='bbox 1785 936 1889 957; x_wconf 79' lang='lat' dir='ltr'>contra-</span> 
     </span>
     <span class='ocr_line' id='line_1_68' title="bbox 1094 968 1889 1003; baseline -0.003 -9"><span class='ocrx_word' id='word_1_482' title='bbox 1094 978 1146 1003; x_wconf 70' lang='grc' dir='ltr'>(μω</span> <span class='ocrx_word' id='word_1_483' title='bbox 1157 970 1310 1003; x_wconf 82' lang='lat' dir='ltr'>opinionem</span> <span class='ocrx_word' id='word_1_484' title='bbox 1323 970 1444 995; x_wconf 88' lang='lat' dir='ltr'>omnium</span> <span class='ocrx_word' id='word_1_485' title='bbox 1453 989 1458 998; x_wconf 85' lang='grc'>,</span> <span class='ocrx_word' id='word_1_486' title='bbox 1473 968 1506 994; x_wconf 82' lang='lat' dir='ltr'>ab</span> <span class='ocrx_word' id='word_1_487' title='bbox 1519 969 1586 1002; x_wconf 80' lang='lat' dir='ltr'>ipsis</span> <span class='ocrx_word' id='word_1_488' title='bbox 1599 969 1677 994; x_wconf 76' lang='lat' dir='ltr'>etiam</span> <span class='ocrx_word' id='word_1_489' title='bbox 1692 968 1829 1002; x_wconf 63' lang='grc' dir='ltr'>τιαράὸηξιι</span> <span class='ocrx_word' id='word_1_490' title='bbox 1842 976 1889 1002; x_wconf 86' lang='lat' dir='ltr'>ap-</span> 
     </span>
     <span class='ocr_line' id='line_1_69' title="bbox 1095 1005 1886 1041; baseline -0.003 -9"><span class='ocrx_word' id='word_1_491' title='bbox 1095 1006 1241 1041; x_wconf 73' lang='lat' dir='ltr'>pellantur,</span> <span class='ocrx_word' id='word_1_492' title='bbox 1255 1011 1355 1032; x_wconf 81' lang='lat' dir='ltr'>tentare</span> <span class='ocrx_word' id='word_1_493' title='bbox 1368 1005 1454 1036; x_wconf 74' lang='lat' dir='ltr'>volui,</span> <span class='ocrx_word' id='word_1_494' title='bbox 1473 1010 1615 1039; x_wconf 75' lang='lat' dir='ltr'>possentne</span> <span class='ocrx_word' id='word_1_495' title='bbox 1627 1005 1739 1040; x_wconf 78' lang='lat' dir='ltr'>proferri</span> <span class='ocrx_word' id='word_1_496' title='bbox 1753 1006 1777 1031; x_wconf 93' lang='lat' dir='ltr'>in</span> <span class='ocrx_word' id='word_1_497' title='bbox 1791 1005 1886 1030; x_wconf 71' lang='lat' dir='ltr'>lut-cin.</span> 
     </span>
     <span class='ocr_line' id='line_1_70' title="bbox 1097 1041 1888 1079; baseline -0.003 -10"><span class='ocrx_word' id='word_1_498' title='bbox 1097 1043 1133 1079; x_wconf 86' lang='lat' dir='ltr'>[id</span> <span class='ocrx_word' id='word_1_499' title='bbox 1149 1049 1187 1069; x_wconf 71' lang='lat' dir='ltr'>cst</span> <span class='ocrx_word' id='word_1_500' title='bbox 1203 1044 1228 1069; x_wconf 88' lang='lat' dir='ltr'>in</span> <span class='ocrx_word' id='word_1_501' title='bbox 1247 1041 1354 1079; x_wconf 70' lang='lat' dir='ltr'>forum]</span> <span class='ocrx_word' id='word_1_502' title='bbox 1372 1048 1397 1069; x_wconf 87' lang='lat' dir='ltr'>et</span> <span class='ocrx_word' id='word_1_503' title='bbox 1414 1044 1447 1069; x_wconf 86' lang='lat' dir='ltr'>ita</span> <span class='ocrx_word' id='word_1_504' title='bbox 1459 1042 1528 1071; x_wconf 87' lang='lat' dir='ltr'>dici,</span> <span class='ocrx_word' id='word_1_505' title='bbox 1548 1047 1576 1068; x_wconf 92' lang='lat' dir='ltr'>nt</span> <span class='ocrx_word' id='word_1_506' title='bbox 1588 1043 1775 1077; x_wconf 82' lang='lat' dir='ltr'>probarentur.</span> <span class='ocrx_word' id='word_1_507' title='bbox 1793 1052 1824 1068; x_wconf 83' lang='lat' dir='ltr'>an</span> <span class='ocrx_word' id='word_1_508' title='bbox 1838 1042 1888 1067; x_wconf 86' lang='lat' dir='ltr'>alia</span> 
     </span>
     <span class='ocr_line' id='line_1_71' title="bbox 1095 1079 1889 1115; baseline -0.001 -10"><span class='ocrx_word' id='word_1_509' title='bbox 1095 1081 1225 1115; x_wconf 79' lang='lat' dir='ltr'>‹pmcdam</span> <span class='ocrx_word' id='word_1_510' title='bbox 1243 1086 1313 1106; x_wconf 79' lang='lat' dir='ltr'>esset</span> <span class='ocrx_word' id='word_1_511' title='bbox 1327 1080 1444 1107; x_wconf 81' lang='lat' dir='ltr'>erudita.</span> <span class='ocrx_word' id='word_1_512' title='bbox 1463 1079 1514 1105; x_wconf 80' lang='lat' dir='ltr'>alia</span> <span class='ocrx_word' id='word_1_513' title='bbox 1532 1079 1669 1114; x_wconf 87' lang='lat' dir='ltr'>popularis</span> <span class='ocrx_word' id='word_1_514' title='bbox 1684 1080 1779 1106; x_wconf 89' lang='lat' dir='ltr'>oratio.</span> <span class='ocrx_word' id='word_1_515' title='bbox 1804 1088 1889 1114; x_wconf 78' lang='lat' dir='ltr'>eoque</span> 
     </span>
     <span class='ocr_line' id='line_1_72' title="bbox 1095 1116 1889 1152; baseline -0.004 -8"><span class='ocrx_word' id='word_1_516' title='bbox 1095 1119 1191 1152; x_wconf 75' lang='lat' dir='ltr'>scripsi</span> <span class='ocrx_word' id='word_1_517' title='bbox 1205 1118 1346 1147; x_wconf 87' lang='lat' dir='ltr'>libentius,</span> <span class='ocrx_word' id='word_1_518' title='bbox 1359 1117 1431 1152; x_wconf 88' lang='lat' dir='ltr'>qnod</span> <span class='ocrx_word' id='word_1_519' title='bbox 1445 1117 1511 1143; x_wconf 93' lang='lat' dir='ltr'>mihi</span> <span class='ocrx_word' id='word_1_520' title='bbox 1525 1117 1588 1143; x_wconf 85' lang='lat' dir='ltr'>ista.</span> <span class='ocrx_word' id='word_1_521' title='bbox 1607 1116 1745 1150; x_wconf 66' lang='grc' dir='ltr'>παράδοξα</span> <span class='ocrx_word' id='word_1_522' title='bbox 1761 1125 1830 1151; x_wconf 89' lang='lat' dir='ltr'>quae</span> <span class='ocrx_word' id='word_1_523' title='bbox 1842 1125 1889 1150; x_wconf 88' lang='lat' dir='ltr'>ap—</span> 
     </span>
     <span class='ocr_line' id='line_1_73' title="bbox 1096 1152 1890 1190; baseline -0.003 -9"><span class='ocrx_word' id='word_1_524' title='bbox 1096 1155 1203 1190; x_wconf 75' lang='lat' dir='ltr'>pellant,</span> <span class='ocrx_word' id='word_1_525' title='bbox 1221 1156 1337 1181; x_wconf 79' lang='lat' dir='ltr'>maxime</span> <span class='ocrx_word' id='word_1_526' title='bbox 1350 1154 1476 1180; x_wconf 82' lang='lat' dir='ltr'>videntur</span> <span class='ocrx_word' id='word_1_527' title='bbox 1487 1162 1546 1179; x_wconf 79' lang='lat' dir='ltr'>esse</span> <span class='ocrx_word' id='word_1_528' title='bbox 1557 1154 1687 1180; x_wconf 67' lang='lat' dir='ltr'>Socratica</span> <span class='ocrx_word' id='word_1_529' title='bbox 1700 1152 1831 1189; x_wconf 79' lang='lat' dir='ltr'>longeque</span> <span class='ocrx_word' id='word_1_530' title='bbox 1845 1162 1890 1179; x_wconf 84' lang='lat' dir='ltr'>ve-</span> 
     </span>
     <span class='ocr_line' id='line_1_74' title="bbox 1096 1190 1888 1227; baseline -0.003 -9"><span class='ocrx_word' id='word_1_531' title='bbox 1096 1193 1212 1219; x_wconf 81' lang='lat' dir='ltr'>rissima.</span> <span class='ocrx_word' id='word_1_532' title='bbox 1253 1194 1278 1218; x_wconf 72' lang='grc' dir='ltr'>Ξ).</span> <span class='ocrx_word' id='word_1_533' title='bbox 1301 1192 1423 1226; x_wconf 69' lang='lat' dir='ltr'>Accipies</span> <span class='ocrx_word' id='word_1_534' title='bbox 1435 1192 1518 1227; x_wconf 77' lang='lat' dir='ltr'>igitur</span> <span class='ocrx_word' id='word_1_535' title='bbox 1529 1191 1579 1217; x_wconf 87' lang='lat' dir='ltr'>hoc</span> <span class='ocrx_word' id='word_1_536' title='bbox 1591 1199 1704 1225; x_wconf 84' lang='lat' dir='ltr'>parvum</span> <span class='ocrx_word' id='word_1_537' title='bbox 1715 1190 1888 1225; x_wconf 88' lang='lat' dir='ltr'>opusculum,</span> 
     </span>
     <span class='ocr_line' id='line_1_75' title="bbox 1096 1228 1890 1262; baseline -0.004 -6"><span class='ocrx_word' id='word_1_538' title='bbox 1096 1230 1265 1256; x_wconf 82' lang='lat' dir='ltr'>lucubratum</span> <span class='ocrx_word' id='word_1_539' title='bbox 1287 1229 1328 1255; x_wconf 91' lang='lat' dir='ltr'>his</span> <span class='ocrx_word' id='word_1_540' title='bbox 1345 1230 1396 1255; x_wconf 81' lang='lat' dir='ltr'>iam</span> <span class='ocrx_word' id='word_1_541' title='bbox 1421 1228 1643 1255; x_wconf 80' lang='lat' dir='ltr'>contractioribus</span> <span class='ocrx_word' id='word_1_542' title='bbox 1662 1228 1799 1254; x_wconf 79' lang='lat' dir='ltr'>noctibus:</span> <span class='ocrx_word' id='word_1_543' title='bbox 1822 1235 1890 1262; x_wconf 88' lang='lat' dir='ltr'>quo-</span> 
     </span>
     <span class='ocr_line' id='line_1_76' title="bbox 1095 1265 1889 1302; baseline -0.003 -9"><span class='ocrx_word' id='word_1_544' title='bbox 1095 1269 1167 1294; x_wconf 88' lang='lat' dir='ltr'>niam</span> <span class='ocrx_word' id='word_1_545' title='bbox 1185 1267 1251 1293; x_wconf 91' lang='lat' dir='ltr'>illud</span> <span class='ocrx_word' id='word_1_546' title='bbox 1265 1268 1395 1293; x_wconf 87' lang='lat' dir='ltr'>maiorum</span> <span class='ocrx_word' id='word_1_547' title='bbox 1409 1266 1563 1302; x_wconf 72' lang='lat' dir='ltr'>vigiliarum</span> <span class='ocrx_word' id='word_1_548' title='bbox 1576 1274 1675 1291; x_wconf 91' lang='lat' dir='ltr'>munus</span> <span class='ocrx_word' id='word_1_549' title='bbox 1687 1265 1714 1291; x_wconf 92' lang='lat' dir='ltr'>in</span> <span class='ocrx_word' id='word_1_550' title='bbox 1726 1270 1771 1291; x_wconf 92' lang='lat' dir='ltr'>tuo</span> <span class='ocrx_word' id='word_1_551' title='bbox 1783 1265 1889 1292; x_wconf 89' lang='lat' dir='ltr'>nomine</span> 
     </span>
     <span class='ocr_line' id='line_1_77' title="bbox 1095 1302 1891 1339; baseline -0.003 -9"><span class='ocrx_word' id='word_1_552' title='bbox 1095 1305 1232 1339; x_wconf 83' lang='lat' dir='ltr'>apparuit:</span> <span class='ocrx_word' id='word_1_553' title='bbox 1249 1310 1274 1330; x_wconf 84' lang='lat' dir='ltr'>et</span> <span class='ocrx_word' id='word_1_554' title='bbox 1284 1303 1442 1339; x_wconf 80' lang='lat' dir='ltr'>degustabis</span> <span class='ocrx_word' id='word_1_555' title='bbox 1453 1312 1539 1338; x_wconf 77' lang='lat' dir='ltr'>genus</span> <span class='ocrx_word' id='word_1_556' title='bbox 1554 1302 1602 1329; x_wconf 86' lang='lat' dir='ltr'>hoc</span> <span class='ocrx_word' id='word_1_557' title='bbox 1613 1303 1834 1329; x_wconf 80' lang='lat' dir='ltr'>exercitationum</span> <span class='ocrx_word' id='word_1_558' title='bbox 1845 1310 1891 1328; x_wconf 88' lang='lat' dir='ltr'>ea·</span> 
     </span>
     <span class='ocr_line' id='line_1_78' title="bbox 1095 1339 1889 1377; baseline -0.003 -10"><span class='ocrx_word' id='word_1_559' title='bbox 1095 1351 1164 1371; x_wconf 85' lang='lat' dir='ltr'>rum,</span> <span class='ocrx_word' id='word_1_560' title='bbox 1178 1342 1279 1377; x_wconf 88' lang='lat' dir='ltr'>quibus</span> <span class='ocrx_word' id='word_1_561' title='bbox 1292 1342 1329 1367; x_wconf 88' lang='lat' dir='ltr'>uti</span> <span class='ocrx_word' id='word_1_562' title='bbox 1341 1341 1479 1367; x_wconf 82' lang='lat' dir='ltr'>consuevi.</span> <span class='ocrx_word' id='word_1_563' title='bbox 1493 1349 1577 1375; x_wconf 86' lang='lat' dir='ltr'>quum</span> <span class='ocrx_word' id='word_1_564' title='bbox 1589 1348 1629 1370; x_wconf 87' lang='lat' dir='ltr'>ea,</span> <span class='ocrx_word' id='word_1_565' title='bbox 1643 1348 1711 1374; x_wconf 86' lang='lat' dir='ltr'>quae</span> <span class='ocrx_word' id='word_1_566' title='bbox 1722 1339 1851 1366; x_wconf 90' lang='lat' dir='ltr'>dicuntur</span> <span class='ocrx_word' id='word_1_567' title='bbox 1863 1339 1889 1365; x_wconf 91' lang='lat' dir='ltr'>in</span> 
     </span>
     <span class='ocr_line' id='line_1_79' title="bbox 1095 1375 1891 1406; baseline -0.004 -1"><span class='ocrx_word' id='word_1_568' title='bbox 1095 1379 1195 1405; x_wconf 86' lang='lat' dir='ltr'>scholis</span> <span class='ocrx_word' id='word_1_569' title='bbox 1206 1378 1308 1406; x_wconf 75' lang='grc' dir='ltr'>θετικά,</span> <span class='ocrx_word' id='word_1_570' title='bbox 1316 1378 1348 1404; x_wconf 85' lang='lat' dir='ltr'>ad</span> <span class='ocrx_word' id='word_1_571' title='bbox 1361 1383 1481 1405; x_wconf 86' lang='lat' dir='ltr'>nostrum</span> <span class='ocrx_word' id='word_1_572' title='bbox 1494 1377 1543 1404; x_wconf 87' lang='lat' dir='ltr'>hoc</span> <span class='ocrx_word' id='word_1_573' title='bbox 1552 1377 1695 1404; x_wconf 87' lang='lat' dir='ltr'>oratorium</span> <span class='ocrx_word' id='word_1_574' title='bbox 1708 1376 1837 1403; x_wconf 80' lang='lat' dir='ltr'>transfero</span> <span class='ocrx_word' id='word_1_575' title='bbox 1847 1375 1891 1402; x_wconf 92' lang='lat' dir='ltr'>di-</span> 
     </span>
     <span class='ocr_line' id='line_1_80' title="bbox 1098 1413 1887 1452; baseline -0.004 -10"><span class='ocrx_word' id='word_1_576' title='bbox 1098 1416 1175 1442; x_wconf 86' lang='lat' dir='ltr'>cendi</span> <span class='ocrx_word' id='word_1_577' title='bbox 1188 1425 1284 1452; x_wconf 66' lang='lat' dir='ltr'>genus</span> <span class='ocrx_word' id='word_1_578' title='bbox 1307 1417 1359 1443; x_wconf 77' lang='grc'><strong>110(-</strong></span> <span class='ocrx_word' id='word_1_579' title='bbox 1371 1421 1458 1442; x_wconf 84' lang='lat' dir='ltr'>tamen</span> <span class='ocrx_word' id='word_1_580' title='bbox 1470 1423 1538 1450; x_wconf 89' lang='lat' dir='ltr'>opus</span> <span class='ocrx_word' id='word_1_581' title='bbox 1550 1415 1577 1441; x_wconf 91' lang='lat' dir='ltr'>in</span> <span class='ocrx_word' id='word_1_582' title='bbox 1589 1420 1726 1448; x_wconf 85' lang='lat' dir='ltr'>acceptum</span> <span class='ocrx_word' id='word_1_583' title='bbox 1741 1419 1768 1440; x_wconf 86' lang='lat' dir='ltr'>ut</span> <span class='ocrx_word' id='word_1_584' title='bbox 1779 1413 1887 1442; x_wconf 87' lang='lat' dir='ltr'>referas.</span> 
     </span>
     <span class='ocr_line' id='line_1_81' title="bbox 1095 1451 1888 1488; baseline -0.004 -8"><span class='ocrx_word' id='word_1_585' title='bbox 1095 1454 1163 1480; x_wconf 88' lang='lat' dir='ltr'>nihil</span> <span class='ocrx_word' id='word_1_586' title='bbox 1176 1453 1292 1488; x_wconf 86' lang='lat' dir='ltr'>postulo.</span> <span class='ocrx_word' id='word_1_587' title='bbox 1333 1454 1388 1479; x_wconf 78' lang='lat' dir='ltr'>Non</span> <span class='ocrx_word' id='word_1_588' title='bbox 1405 1458 1445 1479; x_wconf 86' lang='lat' dir='ltr'>cst</span> <span class='ocrx_word' id='word_1_589' title='bbox 1460 1453 1547 1482; x_wconf 89' lang='lat' dir='ltr'>enim,</span> <span class='ocrx_word' id='word_1_590' title='bbox 1566 1457 1594 1478; x_wconf 83' lang='lat' dir='ltr'>ut</span> <span class='ocrx_word' id='word_1_591' title='bbox 1611 1453 1637 1478; x_wconf 91' lang='lat' dir='ltr'>in</span> <span class='ocrx_word' id='word_1_592' title='bbox 1649 1460 1708 1478; x_wconf 86' lang='lat' dir='ltr'>arce</span> <span class='ocrx_word' id='word_1_593' title='bbox 1719 1452 1782 1486; x_wconf 85' lang='lat' dir='ltr'>poni</span> <span class='ocrx_word' id='word_1_594' title='bbox 1794 1451 1888 1486; x_wconf 82' lang='lat' dir='ltr'>possit,</span> 
     </span>
     <span class='ocr_line' id='line_1_82' title="bbox 1094 1488 1889 1526; baseline -0.004 -9"><span class='ocrx_word' id='word_1_595' title='bbox 1094 1492 1171 1526; x_wconf 83' lang='lat' dir='ltr'>quasi</span> <span class='ocrx_word' id='word_1_596' title='bbox 1184 1490 1228 1517; x_wconf 90' lang='lat' dir='ltr'>illa</span> <span class='ocrx_word' id='word_1_597' title='bbox 1240 1491 1360 1517; x_wconf 79' lang='lat' dir='ltr'>Minerva</span> <span class='ocrx_word' id='word_1_598' title='bbox 1373 1490 1496 1516; x_wconf 83' lang='lat' dir='ltr'>Phidiae:</span> <span class='ocrx_word' id='word_1_599' title='bbox 1519 1489 1566 1515; x_wconf 85' lang='lat' dir='ltr'>sed</span> <span class='ocrx_word' id='word_1_600' title='bbox 1583 1494 1685 1519; x_wconf 81' lang='lat' dir='ltr'>tamen.</span> <span class='ocrx_word' id='word_1_601' title='bbox 1704 1493 1734 1515; x_wconf 82' lang='lat' dir='ltr'>ut</span> <span class='ocrx_word' id='word_1_602' title='bbox 1747 1497 1782 1515; x_wconf 86' lang='lat' dir='ltr'>ex</span> <span class='ocrx_word' id='word_1_603' title='bbox 1796 1488 1889 1515; x_wconf 87' lang='lat' dir='ltr'>eadem</span> 
     </span>
     <span class='ocr_line' id='line_1_83' title="bbox 1094 1528 1448 1563; baseline -0.003 -9"><span class='ocrx_word' id='word_1_604' title='bbox 1094 1528 1201 1555; x_wconf 80' lang='lat' dir='ltr'>officina</span> <span class='ocrx_word' id='word_1_605' title='bbox 1213 1529 1301 1554; x_wconf 84' lang='lat' dir='ltr'>exisse</span> <span class='ocrx_word' id='word_1_606' title='bbox 1313 1532 1448 1563; x_wconf 82' lang='lat' dir='ltr'>appareat.</span> 
     </span>
    </p>
   </div>
   <div class='ocr_carea' id='block_1_16' title="bbox 1326 1606 1657 1634">
    <p class='ocr_par' dir='ltr' id='par_1_17' title="bbox 1326 1606 1657 1634">
     <span class='ocr_line' id='line_1_84' title="bbox 1326 1606 1657 1634; baseline -0.006 0"><span class='ocrx_word' id='word_1_607' title='bbox 1326 1606 1608 1634; x_wconf 73' lang='lat' dir='ltr'>PARADOXON</span> <span class='ocrx_word' id='word_1_608' title='bbox 1637 1607 1657 1633; x_wconf 85' lang='lat'>1.</span> 
     </span>
    </p>
   </div>
   <div class='ocr_carea' id='block_1_17' title="bbox 1087 1652 1890 2691">
    <p class='ocr_par' dir='ltr' id='par_1_18' title="bbox 1164 1652 1736 1724">
     <span class='ocr_line' id='line_1_85' title="bbox 1164 1652 1573 1690; baseline -0.007 -9"><span class='ocrx_word' id='word_1_609' title='bbox 1164 1654 1217 1681; x_wconf 79' lang='grc' dir='ltr'>Ὅτι</span> <span class='ocrx_word' id='word_1_610' title='bbox 1227 1653 1309 1690; x_wconf 77' lang='grc' dir='ltr'><em>μόνον</em></span> <span class='ocrx_word' id='word_1_611' title='bbox 1321 1653 1431 1690; x_wconf 72' lang='grc' dir='ltr'>ἀγαθὸν</span> <span class='ocrx_word' id='word_1_612' title='bbox 1443 1653 1472 1679; x_wconf 80' lang='grc' dir='ltr'>τὸ</span> <span class='ocrx_word' id='word_1_613' title='bbox 1483 1652 1573 1679; x_wconf 83' lang='grc' dir='ltr'><em>καλόν.</em></span> 
     </span>
     <span class='ocr_line' id='line_1_86' title="bbox 1170 1691 1736 1724; baseline -0.007 -6"><span class='ocrx_word' id='word_1_614' title='bbox 1170 1692 1242 1724; x_wconf 86' lang='lat' dir='ltr'>Quod</span> <span class='ocrx_word' id='word_1_615' title='bbox 1254 1693 1383 1717; x_wconf 81' lang='lat' dir='ltr'>honestum</span> <span class='ocrx_word' id='word_1_616' title='bbox 1392 1694 1433 1720; x_wconf 79' lang='lat' dir='ltr'>sit,</span> <span class='ocrx_word' id='word_1_617' title='bbox 1445 1692 1472 1716; x_wconf 77' lang='lat' dir='ltr'>id</span> <span class='ocrx_word' id='word_1_618' title='bbox 1481 1691 1563 1716; x_wconf 79' lang='lat' dir='ltr'>solum</span> <span class='ocrx_word' id='word_1_619' title='bbox 1574 1691 1665 1715; x_wconf 85' lang='lat' dir='ltr'>bonum</span> <span class='ocrx_word' id='word_1_620' title='bbox 1675 1697 1736 1715; x_wconf 76' lang='lat' dir='ltr'>esse.</span> 
     </span>
    </p>

    <p class='ocr_par' dir='ltr' id='par_1_19' title="bbox 1087 1725 1890 2691">
     <span class='ocr_line' id='line_1_87' title="bbox 1149 1725 1890 1758; baseline -0.005 -3"><span class='ocrx_word' id='word_1_621' title='bbox 1149 1729 1169 1755; x_wconf 93' lang='lat'>1.</span> <span class='ocrx_word' id='word_1_622' title='bbox 1191 1730 1216 1755; x_wconf 85' lang='lat'>6.</span> <span class='ocrx_word' id='word_1_623' title='bbox 1238 1728 1348 1758; x_wconf 81' lang='lat' dir='ltr'>Vereor,</span> <span class='ocrx_word' id='word_1_624' title='bbox 1365 1736 1398 1754; x_wconf 87' lang='lat' dir='ltr'>ne</span> <span class='ocrx_word' id='word_1_625' title='bbox 1409 1727 1453 1753; x_wconf 89' lang='lat' dir='ltr'>cui</span> <span class='ocrx_word' id='word_1_626' title='bbox 1465 1729 1584 1753; x_wconf 79' lang='lat' dir='ltr'>vestrum</span> <span class='ocrx_word' id='word_1_627' title='bbox 1595 1734 1630 1753; x_wconf 88' lang='lat' dir='ltr'>ex</span> <span class='ocrx_word' id='word_1_628' title='bbox 1640 1725 1790 1752; x_wconf 84' lang='lat' dir='ltr'>Stoicorum</span> <span class='ocrx_word' id='word_1_629' title='bbox 1802 1725 1890 1752; x_wconf 92' lang='lat' dir='ltr'>homi-</span> 
     </span>
     <span class='ocr_line' id='line_1_88' title="bbox 1095 1761 1889 1800; baseline -0.005 -8"><span class='ocrx_word' id='word_1_630' title='bbox 1095 1774 1159 1793; x_wconf 90' lang='lat' dir='ltr'>num</span> <span class='ocrx_word' id='word_1_631' title='bbox 1175 1765 1419 1800; x_wconf 87' lang='lat' dir='ltr'>disputationibus,</span> <span class='ocrx_word' id='word_1_632' title='bbox 1442 1772 1494 1790; x_wconf 90' lang='lat' dir='ltr'>non</span> <span class='ocrx_word' id='word_1_633' title='bbox 1513 1772 1547 1789; x_wconf 82' lang='lat' dir='ltr'>ex</span> <span class='ocrx_word' id='word_1_634' title='bbox 1561 1771 1621 1789; x_wconf 89' lang='lat' dir='ltr'>meo</span> <span class='ocrx_word' id='word_1_635' title='bbox 1636 1771 1718 1789; x_wconf 84' lang='lat' dir='ltr'>sensu</span> <span class='ocrx_word' id='word_1_636' title='bbox 1733 1761 1889 1797; x_wconf 84' lang='lat' dir='ltr'>deprompta</span> 
     </span>
     <span class='ocr_line' id='line_1_89' title="bbox 1093 1798 1890 1835; baseline -0.005 -6"><span class='ocrx_word' id='word_1_637' title='bbox 1093 1803 1159 1830; x_wconf 87' lang='lat' dir='ltr'>haec</span> <span class='ocrx_word' id='word_1_638' title='bbox 1170 1802 1294 1829; x_wconf 86' lang='lat' dir='ltr'>videatur</span> <span class='ocrx_word' id='word_1_639' title='bbox 1303 1802 1400 1829; x_wconf 87' lang='lat' dir='ltr'>oratio:</span> <span class='ocrx_word' id='word_1_640' title='bbox 1413 1801 1502 1827; x_wconf 82' lang='lat' dir='ltr'>dicam</span> <span class='ocrx_word' id='word_1_641' title='bbox 1515 1799 1692 1835; x_wconf 85' lang='lat' dir='ltr'>tamen,quod</span> <span class='ocrx_word' id='word_1_642' title='bbox 1699 1799 1798 1831; x_wconf 65' lang='lat' dir='ltr'>sentim</span> <span class='ocrx_word' id='word_1_643' title='bbox 1812 1804 1837 1826; x_wconf 89' lang='lat' dir='ltr'>et</span> <span class='ocrx_word' id='word_1_644' title='bbox 1847 1798 1890 1825; x_wconf 88' lang='lat' dir='ltr'>di—</span> 
     </span>
     <span class='ocr_line' id='line_1_90' title="bbox 1093 1837 1889 1874; baseline -0.006 -7"><span class='ocrx_word' id='word_1_645' title='bbox 1093 1849 1151 1867; x_wconf 87' lang='lat' dir='ltr'>cam</span> <span class='ocrx_word' id='word_1_646' title='bbox 1163 1840 1287 1870; x_wconf 80' lang='lat' dir='ltr'>brevius,</span> <span class='ocrx_word' id='word_1_647' title='bbox 1304 1847 1385 1874; x_wconf 88' lang='lat' dir='ltr'>quam</span> <span class='ocrx_word' id='word_1_648' title='bbox 1401 1847 1443 1865; x_wconf 90' lang='lat' dir='ltr'>res</span> <span class='ocrx_word' id='word_1_649' title='bbox 1455 1842 1524 1864; x_wconf 87' lang='lat' dir='ltr'>tanta</span> <span class='ocrx_word' id='word_1_650' title='bbox 1534 1837 1589 1863; x_wconf 88' lang='lat' dir='ltr'>dici</span> <span class='ocrx_word' id='word_1_651' title='bbox 1599 1838 1695 1872; x_wconf 86' lang='lat' dir='ltr'>poscit.</span> <span class='ocrx_word' id='word_1_652' title='bbox 1735 1837 1889 1872; x_wconf 81' lang='lat' dir='ltr'>Numquam</span> 
     </span>
     <span class='ocr_line' id='line_1_91' title="bbox 1093 1875 1890 1912; baseline -0.006 -8"><span class='ocrx_word' id='word_1_653' title='bbox 1093 1876 1246 1904; x_wconf 88' lang='lat' dir='ltr'>mehercule</span> <span class='ocrx_word' id='word_1_654' title='bbox 1261 1885 1310 1912; x_wconf 84' lang='lat' dir='ltr'>ego</span> <span class='ocrx_word' id='word_1_655' title='bbox 1325 1884 1413 1911; x_wconf 89' lang='lat' dir='ltr'>neque</span> <span class='ocrx_word' id='word_1_656' title='bbox 1429 1876 1558 1910; x_wconf 89' lang='lat' dir='ltr'>pecunias</span> <span class='ocrx_word' id='word_1_657' title='bbox 1572 1875 1698 1904; x_wconf 83' lang='lat' dir='ltr'>istorum,</span> <span class='ocrx_word' id='word_1_658' title='bbox 1721 1882 1808 1909; x_wconf 87' lang='lat' dir='ltr'>neque</span> <span class='ocrx_word' id='word_1_659' title='bbox 1822 1878 1890 1900; x_wconf 77' lang='lat' dir='ltr'>tecta</span> 
     </span>
     <span class='ocr_line' id='line_1_92' title="bbox 1093 1911 1890 1951; baseline -0.006 -10"><span class='ocrx_word' id='word_1_660' title='bbox 1093 1914 1243 1951; x_wconf 81' lang='lat' dir='ltr'>magnifica,</span> <span class='ocrx_word' id='word_1_661' title='bbox 1253 1922 1339 1948; x_wconf 86' lang='lat' dir='ltr'>neque</span> <span class='ocrx_word' id='word_1_662' title='bbox 1350 1922 1424 1948; x_wconf 75' lang='lat' dir='ltr'>opes,</span> <span class='ocrx_word' id='word_1_663' title='bbox 1438 1920 1525 1947; x_wconf 86' lang='lat' dir='ltr'>neque</span> <span class='ocrx_word' id='word_1_664' title='bbox 1537 1912 1658 1946; x_wconf 88' lang='lat' dir='ltr'>imperia,</span> <span class='ocrx_word' id='word_1_665' title='bbox 1667 1919 1754 1946; x_wconf 91' lang='lat' dir='ltr'>neque</span> <span class='ocrx_word' id='word_1_666' title='bbox 1765 1911 1890 1945; x_wconf 85' lang='lat' dir='ltr'>eas,qui-</span> 
     </span>
     <span class='ocr_line' id='line_1_93' title="bbox 1093 1948 1889 1984; baseline -0.005 -6"><span class='ocrx_word' id='word_1_667' title='bbox 1093 1952 1144 1978; x_wconf 87' lang='lat' dir='ltr'>bus</span> <span class='ocrx_word' id='word_1_668' title='bbox 1160 1952 1278 1978; x_wconf 80' lang='lat' dir='ltr'>maxime</span> <span class='ocrx_word' id='word_1_669' title='bbox 1294 1951 1395 1977; x_wconf 86' lang='lat' dir='ltr'>astricti</span> <span class='ocrx_word' id='word_1_670' title='bbox 1407 1954 1483 1980; x_wconf 84' lang='lat' dir='ltr'>sunt,</span> <span class='ocrx_word' id='word_1_671' title='bbox 1500 1948 1652 1984; x_wconf 74' lang='lat' dir='ltr'>voluptates</span> <span class='ocrx_word' id='word_1_672' title='bbox 1666 1949 1693 1975; x_wconf 91' lang='lat' dir='ltr'>in</span> <span class='ocrx_word' id='word_1_673' title='bbox 1708 1948 1787 1974; x_wconf 85' lang='lat' dir='ltr'>bonis</span> <span class='ocrx_word' id='word_1_674' title='bbox 1808 1948 1889 1974; x_wconf 84' lang='lat' dir='ltr'>rebus</span> 
     </span>
     <span class='ocr_line' id='line_1_94' title="bbox 1093 1985 1889 2023; baseline -0.006 -8"><span class='ocrx_word' id='word_1_675' title='bbox 1093 1994 1138 2015; x_wconf 85' lang='lat' dir='ltr'>aut</span> <span class='ocrx_word' id='word_1_676' title='bbox 1147 1987 1305 2023; x_wconf 82' lang='lat' dir='ltr'>expetendis</span> <span class='ocrx_word' id='word_1_677' title='bbox 1317 1996 1375 2013; x_wconf 81' lang='lat' dir='ltr'>esse</span> <span class='ocrx_word' id='word_1_678' title='bbox 1387 1987 1468 2013; x_wconf 76' lang='lat' dir='ltr'>duxi:</span> <span class='ocrx_word' id='word_1_679' title='bbox 1488 1987 1591 2022; x_wconf 86' lang='lat' dir='ltr'>quippe</span> <span class='ocrx_word' id='word_1_680' title='bbox 1602 1994 1687 2021; x_wconf 89' lang='lat' dir='ltr'>quum</span> <span class='ocrx_word' id='word_1_681' title='bbox 1700 1985 1819 2011; x_wconf 84' lang='lat' dir='ltr'>viderem</span> <span class='ocrx_word' id='word_1_682' title='bbox 1828 2006 1834 2016; x_wconf 92' lang='lat'>,</span> <span class='ocrx_word' id='word_1_683' title='bbox 1847 1993 1889 2011; x_wconf 90' lang='lat' dir='ltr'>re-</span> 
     </span>
     <span class='ocr_line' id='line_1_95' title="bbox 1093 2022 1886 2052; baseline -0.005 0"><span class='ocrx_word' id='word_1_684' title='bbox 1093 2026 1144 2052; x_wconf 85' lang='lat' dir='ltr'>bus</span> <span class='ocrx_word' id='word_1_685' title='bbox 1156 2026 1198 2052; x_wconf 87' lang='lat' dir='ltr'>his</span> <span class='ocrx_word' id='word_1_686' title='bbox 1209 2024 1426 2052; x_wconf 83' lang='lat' dir='ltr'>circumfluentes</span> <span class='ocrx_word' id='word_1_687' title='bbox 1452 2032 1481 2050; x_wconf 87' lang='lat' dir='ltr'>ea</span> <span class='ocrx_word' id='word_1_688' title='bbox 1493 2029 1582 2050; x_wconf 85' lang='lat' dir='ltr'>tamen</span> <span class='ocrx_word' id='word_1_689' title='bbox 1593 2022 1745 2049; x_wconf 85' lang='lat' dir='ltr'>desiderare</span> <span class='ocrx_word' id='word_1_690' title='bbox 1759 2023 1886 2051; x_wconf 81' lang='lat' dir='ltr'>maxime.</span> 
     </span>
     <span class='ocr_line' id='line_1_96' title="bbox 1092 2059 1886 2098; baseline -0.003 -11"><span class='ocrx_word' id='word_1_691' title='bbox 1092 2063 1193 2098; x_wconf 86' lang='lat' dir='ltr'>quibus</span> <span class='ocrx_word' id='word_1_692' title='bbox 1205 2062 1382 2089; x_wconf 75' lang='lat' dir='ltr'>abundarent.</span> <span class='ocrx_word' id='word_1_693' title='bbox 1423 2062 1516 2096; x_wconf 81' lang='lat' dir='ltr'>Neque</span> <span class='ocrx_word' id='word_1_694' title='bbox 1528 2061 1601 2087; x_wconf 89' lang='lat' dir='ltr'>enim</span> <span class='ocrx_word' id='word_1_695' title='bbox 1611 2059 1735 2095; x_wconf 86' lang='lat' dir='ltr'>expletur</span> <span class='ocrx_word' id='word_1_696' title='bbox 1746 2067 1886 2094; x_wconf 83' lang='lat' dir='ltr'>umquam,</span> 
     </span>
     <span class='ocr_line' id='line_1_97' title="bbox 1093 2095 1889 2134; baseline -0.006 -7"><span class='ocrx_word' id='word_1_697' title='bbox 1093 2109 1140 2127; x_wconf 87' lang='lat' dir='ltr'>nec</span> <span class='ocrx_word' id='word_1_698' title='bbox 1151 2101 1264 2127; x_wconf 88' lang='lat' dir='ltr'>satiatur</span> <span class='ocrx_word' id='word_1_699' title='bbox 1274 2099 1431 2134; x_wconf 85' lang='lat' dir='ltr'>cupiditatis</span> <span class='ocrx_word' id='word_1_700' title='bbox 1442 2099 1517 2125; x_wconf 87' lang='lat' dir='ltr'>sitis:</span> <span class='ocrx_word' id='word_1_701' title='bbox 1531 2106 1618 2133; x_wconf 87' lang='lat' dir='ltr'>neque</span> <span class='ocrx_word' id='word_1_702' title='bbox 1628 2097 1726 2128; x_wconf 84' lang='lat' dir='ltr'>solum,</span> <span class='ocrx_word' id='word_1_703' title='bbox 1740 2105 1770 2123; x_wconf 87' lang='lat' dir='ltr'>ea</span> <span class='ocrx_word' id='word_1_704' title='bbox 1781 2097 1829 2131; x_wconf 88' lang='lat' dir='ltr'>qui</span> <span class='ocrx_word' id='word_1_705' title='bbox 1841 2095 1889 2122; x_wconf 85' lang='lat' dir='ltr'>ha—</span> 
     </span>
     <span class='ocr_line' id='line_1_98' title="bbox 1092 2133 1887 2172; baseline -0.006 -8"><span class='ocrx_word' id='word_1_706' title='bbox 1092 2137 1164 2169; x_wconf 88' lang='lat' dir='ltr'>beut,</span> <span class='ocrx_word' id='word_1_707' title='bbox 1173 2137 1288 2164; x_wconf 79' lang='lat' dir='ltr'>libidine</span> <span class='ocrx_word' id='word_1_708' title='bbox 1300 2136 1418 2172; x_wconf 83' lang='lat' dir='ltr'>augendi</span> <span class='ocrx_word' id='word_1_709' title='bbox 1429 2136 1591 2166; x_wconf 85' lang='lat' dir='ltr'>cruciantur,</span> <span class='ocrx_word' id='word_1_710' title='bbox 1599 2134 1647 2161; x_wconf 92' lang='lat' dir='ltr'>sed</span> <span class='ocrx_word' id='word_1_711' title='bbox 1657 2135 1737 2160; x_wconf 86' lang='lat' dir='ltr'>etiam</span> <span class='ocrx_word' id='word_1_712' title='bbox 1748 2133 1887 2160; x_wconf 88' lang='lat' dir='ltr'>amittendi</span> 
     </span>
     <span class='ocr_line' id='line_1_99' title="bbox 1092 2170 1888 2208; baseline -0.006 -7"><span class='ocrx_word' id='word_1_713' title='bbox 1092 2179 1174 2201; x_wconf 84' lang='lat' dir='ltr'>metu.</span> <span class='ocrx_word' id='word_1_714' title='bbox 1215 2175 1240 2200; x_wconf 88' lang='lat'>7.</span> <span class='ocrx_word' id='word_1_715' title='bbox 1263 2175 1292 2200; x_wconf 90' lang='lat' dir='ltr'>In</span> <span class='ocrx_word' id='word_1_716' title='bbox 1307 2182 1362 2208; x_wconf 89' lang='lat' dir='ltr'>quo</span> <span class='ocrx_word' id='word_1_717' title='bbox 1377 2173 1503 2208; x_wconf 85' lang='lat' dir='ltr'>equidem</span> <span class='ocrx_word' id='word_1_718' title='bbox 1523 2172 1819 2199; x_wconf 85' lang='lat' dir='ltr'>continentissimorum</span> <span class='ocrx_word' id='word_1_719' title='bbox 1839 2170 1888 2196; x_wconf 91' lang='lat' dir='ltr'>ho-</span> 
     </span>
     <span class='ocr_line' id='line_1_100' title="bbox 1092 2206 1888 2244; baseline -0.006 -6"><span class='ocrx_word' id='word_1_720' title='bbox 1092 2213 1211 2242; x_wconf 77' lang='lat' dir='ltr'>minum,</span> <span class='ocrx_word' id='word_1_721' title='bbox 1228 2211 1359 2237; x_wconf 90' lang='lat' dir='ltr'>maiorum</span> <span class='ocrx_word' id='word_1_722' title='bbox 1372 2215 1538 2239; x_wconf 82' lang='lat' dir='ltr'>nostrorum,</span> <span class='ocrx_word' id='word_1_723' title='bbox 1555 2217 1635 2244; x_wconf 89' lang='lat' dir='ltr'>saepe</span> <span class='ocrx_word' id='word_1_724' title='bbox 1650 2209 1758 2243; x_wconf 80' lang='lat' dir='ltr'>requiro</span> <span class='ocrx_word' id='word_1_725' title='bbox 1769 2206 1888 2243; x_wconf 87' lang='lat' dir='ltr'>pruden-</span> 
     </span>
     <span class='ocr_line' id='line_1_101' title="bbox 1092 2244 1886 2284; baseline -0.006 -9"><span class='ocrx_word' id='word_1_726' title='bbox 1092 2250 1168 2279; x_wconf 86' lang='lat' dir='ltr'>tiam,</span> <span class='ocrx_word' id='word_1_727' title='bbox 1191 2249 1238 2284; x_wconf 85' lang='lat' dir='ltr'>qui</span> <span class='ocrx_word' id='word_1_728' title='bbox 1256 2248 1321 2274; x_wconf 89' lang='lat' dir='ltr'>haec</span> <span class='ocrx_word' id='word_1_729' title='bbox 1337 2247 1473 2274; x_wconf 87' lang='lat' dir='ltr'>imbecilla</span> <span class='ocrx_word' id='word_1_730' title='bbox 1489 2251 1514 2273; x_wconf 88' lang='lat' dir='ltr'>et</span> <span class='ocrx_word' id='word_1_731' title='bbox 1527 2245 1728 2273; x_wconf 81' lang='lat' dir='ltr'>commutabilia</span> <span class='ocrx_word' id='word_1_732' title='bbox 1747 2244 1886 2280; x_wconf 84' lang='lat' dir='ltr'>[pecuniae</span> 
     </span>
     <span class='ocr_line' id='line_1_102' title="bbox 1092 2282 1885 2321; baseline -0.006 -9"><span class='ocrx_word' id='word_1_733' title='bbox 1092 2284 1222 2321; x_wconf 79' lang='lat' dir='ltr'>membra]</span> <span class='ocrx_word' id='word_1_734' title='bbox 1238 2285 1320 2311; x_wconf 75' lang='lat' dir='ltr'>verbo</span> <span class='ocrx_word' id='word_1_735' title='bbox 1333 2285 1412 2311; x_wconf 66' lang='lat' dir='ltr'>Boxi</span> <span class='ocrx_word' id='word_1_736' title='bbox 1432 2288 1595 2319; x_wconf 87' lang='lat' dir='ltr'>putaverunt</span> <span class='ocrx_word' id='word_1_737' title='bbox 1609 2282 1781 2318; x_wconf 87' lang='lat' dir='ltr'>appellanda,</span> <span class='ocrx_word' id='word_1_738' title='bbox 1801 2289 1885 2316; x_wconf 88' lang='lat' dir='ltr'>quum</span> 
     </span>
     <span class='ocr_line' id='line_1_103' title="bbox 1091 2318 1886 2358; baseline -0.006 -9"><span class='ocrx_word' id='word_1_739' title='bbox 1091 2332 1118 2349; x_wconf 86' lang='lat' dir='ltr'>re</span> <span class='ocrx_word' id='word_1_740' title='bbox 1134 2332 1164 2349; x_wconf 92' lang='lat' dir='ltr'>ac</span> <span class='ocrx_word' id='word_1_741' title='bbox 1180 2323 1256 2349; x_wconf 89' lang='lat' dir='ltr'>factis</span> <span class='ocrx_word' id='word_1_742' title='bbox 1273 2323 1350 2358; x_wconf 78' lang='lat' dir='ltr'>longe</span> <span class='ocrx_word' id='word_1_743' title='bbox 1364 2321 1441 2348; x_wconf 87' lang='lat' dir='ltr'>aliter</span> <span class='ocrx_word' id='word_1_744' title='bbox 1456 2321 1660 2348; x_wconf 83' lang='lat' dir='ltr'>iudicavissent.</span> <span class='ocrx_word' id='word_1_745' title='bbox 1700 2320 1822 2346; x_wconf 85' lang='lat' dir='ltr'>Potestne</span> <span class='ocrx_word' id='word_1_746' title='bbox 1838 2318 1886 2344; x_wconf 90' lang='lat' dir='ltr'>bo-</span> 
     </span>
     <span class='ocr_line' id='line_1_104' title="bbox 1091 2357 1885 2395; baseline -0.006 -9"><span class='ocrx_word' id='word_1_747' title='bbox 1091 2369 1156 2386; x_wconf 90' lang='lat' dir='ltr'>num</span> <span class='ocrx_word' id='word_1_748' title='bbox 1176 2361 1304 2395; x_wconf 85' lang='lat' dir='ltr'>cuiquam</span> <span class='ocrx_word' id='word_1_749' title='bbox 1325 2359 1394 2385; x_wconf 88' lang='lat' dir='ltr'>malo</span> <span class='ocrx_word' id='word_1_750' title='bbox 1413 2358 1491 2385; x_wconf 73' lang='lat' dir='ltr'>esse?</span> <span class='ocrx_word' id='word_1_751' title='bbox 1513 2362 1560 2385; x_wconf 87' lang='lat' dir='ltr'>aut</span> <span class='ocrx_word' id='word_1_752' title='bbox 1582 2362 1669 2393; x_wconf 85' lang='lat' dir='ltr'>potest</span> <span class='ocrx_word' id='word_1_753' title='bbox 1690 2358 1836 2392; x_wconf 86' lang='lat' dir='ltr'>quisquam</span> <span class='ocrx_word' id='word_1_754' title='bbox 1859 2357 1885 2381; x_wconf 92' lang='lat' dir='ltr'>in</span> 
     </span>
     <span class='ocr_line' id='line_1_105' title="bbox 1091 2393 1885 2431; baseline -0.008 -7"><span class='ocrx_word' id='word_1_755' title='bbox 1091 2398 1254 2424; x_wconf 87' lang='lat' dir='ltr'>abundantia</span> <span class='ocrx_word' id='word_1_756' title='bbox 1266 2397 1398 2423; x_wconf 88' lang='lat' dir='ltr'>bonorum</span> <span class='ocrx_word' id='word_1_757' title='bbox 1409 2397 1468 2431; x_wconf 88' lang='lat' dir='ltr'>ipse</span> <span class='ocrx_word' id='word_1_758' title='bbox 1478 2404 1537 2422; x_wconf 86' lang='lat' dir='ltr'>esse</span> <span class='ocrx_word' id='word_1_759' title='bbox 1548 2403 1600 2421; x_wconf 89' lang='lat' dir='ltr'>non</span> <span class='ocrx_word' id='word_1_760' title='bbox 1614 2393 1721 2421; x_wconf 75' lang='lat' dir='ltr'>bonus?</span> <span class='ocrx_word' id='word_1_761' title='bbox 1738 2393 1821 2428; x_wconf 82' lang='lat' dir='ltr'>Atqui</span> <span class='ocrx_word' id='word_1_762' title='bbox 1835 2393 1885 2418; x_wconf 84' lang='lat' dir='ltr'>ista</span> 
     </span>
     <span class='ocr_line' id='line_1_106' title="bbox 1089 2432 1885 2465; baseline -0.008 -4"><span class='ocrx_word' id='word_1_763' title='bbox 1089 2435 1178 2461; x_wconf 89' lang='lat' dir='ltr'>omnia</span> <span class='ocrx_word' id='word_1_764' title='bbox 1191 2435 1251 2461; x_wconf 85' lang='lat' dir='ltr'>talia</span> <span class='ocrx_word' id='word_1_765' title='bbox 1264 2434 1435 2464; x_wconf 77' lang='lat' dir='ltr'>videmus,ut</span> <span class='ocrx_word' id='word_1_766' title='bbox 1444 2436 1521 2459; x_wconf 83' lang='lat' dir='ltr'>etium</span> <span class='ocrx_word' id='word_1_767' title='bbox 1535 2434 1644 2465; x_wconf 77' lang='lat' dir='ltr'>improbi</span> <span class='ocrx_word' id='word_1_768' title='bbox 1652 2433 1761 2457; x_wconf 71' lang='lat' dir='ltr'>habeant</span> <span class='ocrx_word' id='word_1_769' title='bbox 1771 2435 1794 2456; x_wconf 82' lang='lat' dir='ltr'>et</span> <span class='ocrx_word' id='word_1_770' title='bbox 1803 2432 1885 2456; x_wconf 65' lang='lat' dir='ltr'>obsint</span> 
     </span>
     <span class='ocr_line' id='line_1_107' title="bbox 1087 2466 1885 2505; baseline -0.008 -7"><span class='ocrx_word' id='word_1_771' title='bbox 1087 2475 1183 2505; x_wconf 80' lang='lat' dir='ltr'>probis.</span> <span class='ocrx_word' id='word_1_772' title='bbox 1209 2474 1233 2497; x_wconf 85' lang='lat'>8.</span> <span class='ocrx_word' id='word_1_773' title='bbox 1251 2471 1431 2503; x_wconf 89' lang='lat' dir='ltr'>Quamobrem</span> <span class='ocrx_word' id='word_1_774' title='bbox 1443 2470 1504 2496; x_wconf 89' lang='lat' dir='ltr'>licet</span> <span class='ocrx_word' id='word_1_775' title='bbox 1514 2469 1632 2499; x_wconf 87' lang='lat' dir='ltr'>irrideat,</span> <span class='ocrx_word' id='word_1_776' title='bbox 1645 2468 1727 2502; x_wconf 92' lang='lat' dir='ltr'>siqui</span> <span class='ocrx_word' id='word_1_777' title='bbox 1738 2466 1809 2493; x_wconf 85' lang='lat' dir='ltr'>vult:</span> <span class='ocrx_word' id='word_1_778' title='bbox 1823 2466 1885 2501; x_wconf 81' lang='lat' dir='ltr'>plus</span> 
     </span>
     <span class='ocr_line' id='line_1_108' title="bbox 1090 2504 1882 2544; baseline -0.009 -8"><span class='ocrx_word' id='word_1_779' title='bbox 1090 2509 1162 2544; x_wconf 87' lang='lat' dir='ltr'>apud</span> <span class='ocrx_word' id='word_1_780' title='bbox 1173 2517 1216 2535; x_wconf 88' lang='lat' dir='ltr'>me</span> <span class='ocrx_word' id='word_1_781' title='bbox 1227 2513 1315 2535; x_wconf 83' lang='lat' dir='ltr'>tamen</span> <span class='ocrx_word' id='word_1_782' title='bbox 1327 2516 1386 2534; x_wconf 79' lang='lat' dir='ltr'>vera</span> <span class='ocrx_word' id='word_1_783' title='bbox 1397 2508 1463 2534; x_wconf 84' lang='lat' dir='ltr'>ratio</span> <span class='ocrx_word' id='word_1_784' title='bbox 1474 2506 1583 2537; x_wconf 84' lang='lat' dir='ltr'>valebit,</span> <span class='ocrx_word' id='word_1_785' title='bbox 1596 2513 1678 2540; x_wconf 86' lang='lat' dir='ltr'>quam</span> <span class='ocrx_word' id='word_1_786' title='bbox 1691 2504 1766 2539; x_wconf 82' lang='lat' dir='ltr'>vulgi</span> <span class='ocrx_word' id='word_1_787' title='bbox 1777 2504 1882 2538; x_wconf 86' lang='lat' dir='ltr'>opinio.</span> 
     </span>
     <span class='ocr_line' id='line_1_109' title="bbox 1089 2542 1884 2581; baseline -0.008 -9"><span class='ocrx_word' id='word_1_788' title='bbox 1089 2555 1177 2581; x_wconf 88' lang='lat' dir='ltr'>neque</span> <span class='ocrx_word' id='word_1_789' title='bbox 1191 2555 1240 2581; x_wconf 84' lang='lat' dir='ltr'>ego</span> <span class='ocrx_word' id='word_1_790' title='bbox 1252 2554 1382 2580; x_wconf 87' lang='lat' dir='ltr'>umquam</span> <span class='ocrx_word' id='word_1_791' title='bbox 1393 2545 1462 2571; x_wconf 87' lang='lat' dir='ltr'>bona</span> <span class='ocrx_word' id='word_1_792' title='bbox 1474 2542 1626 2579; x_wconf 86' lang='lat' dir='ltr'>perdidisse</span> <span class='ocrx_word' id='word_1_793' title='bbox 1637 2542 1733 2571; x_wconf 83' lang='lat' dir='ltr'>dicam,</span> <span class='ocrx_word' id='word_1_794' title='bbox 1742 2542 1766 2567; x_wconf 88' lang='lat' dir='ltr'>si</span> <span class='ocrx_word' id='word_1_795' title='bbox 1777 2542 1825 2576; x_wconf 88' lang='lat' dir='ltr'>qui</span> <span class='ocrx_word' id='word_1_796' title='bbox 1837 2549 1884 2576; x_wconf 92' lang='lat' dir='ltr'>pe-</span> 
     </span>
     <span class='ocr_line' id='line_1_110' title="bbox 1088 2578 1884 2617; baseline -0.008 -8"><span class='ocrx_word' id='word_1_797' title='bbox 1088 2591 1137 2609; x_wconf 91' lang='lat' dir='ltr'>cus</span> <span class='ocrx_word' id='word_1_798' title='bbox 1149 2589 1194 2610; x_wconf 92' lang='lat' dir='ltr'>aut</span> <span class='ocrx_word' id='word_1_799' title='bbox 1204 2582 1401 2617; x_wconf 86' lang='lat' dir='ltr'>supellectilem</span> <span class='ocrx_word' id='word_1_800' title='bbox 1410 2581 1542 2608; x_wconf 85' lang='lat' dir='ltr'>amiserit:</span> <span class='ocrx_word' id='word_1_801' title='bbox 1565 2587 1652 2614; x_wconf 86' lang='lat' dir='ltr'>neque</span> <span class='ocrx_word' id='word_1_802' title='bbox 1667 2587 1719 2605; x_wconf 91' lang='lat' dir='ltr'>non</span> <span class='ocrx_word' id='word_1_803' title='bbox 1733 2586 1813 2613; x_wconf 86' lang='lat' dir='ltr'>saepe</span> <span class='ocrx_word' id='word_1_804' title='bbox 1826 2578 1884 2604; x_wconf 87' lang='lat' dir='ltr'>lau—</span> 
     </span>
     <span class='ocr_line' id='line_1_111' title="bbox 1088 2616 1884 2655; baseline -0.009 -8"><span class='ocrx_word' id='word_1_805' title='bbox 1088 2620 1158 2647; x_wconf 87' lang='lat' dir='ltr'>dabo</span> <span class='ocrx_word' id='word_1_806' title='bbox 1168 2621 1318 2655; x_wconf 87' lang='lat' dir='ltr'>sapientem</span> <span class='ocrx_word' id='word_1_807' title='bbox 1329 2619 1408 2645; x_wconf 93' lang='lat' dir='ltr'>illum</span> <span class='ocrx_word' id='word_1_808' title='bbox 1417 2619 1538 2644; x_wconf 81' lang='lat' dir='ltr'>Biantem</span> <span class='ocrx_word' id='word_1_809' title='bbox 1546 2637 1552 2648; x_wconf 93' lang='lat'>,</span> <span class='ocrx_word' id='word_1_810' title='bbox 1565 2621 1595 2643; x_wconf 93' lang='lat' dir='ltr'>ut</span> <span class='ocrx_word' id='word_1_811' title='bbox 1605 2617 1712 2651; x_wconf 85' lang='lat' dir='ltr'>opinor,</span> <span class='ocrx_word' id='word_1_812' title='bbox 1728 2616 1776 2650; x_wconf 87' lang='lat' dir='ltr'>qui</span> <span class='ocrx_word' id='word_1_813' title='bbox 1788 2623 1884 2641; x_wconf 66' lang='lat' dir='ltr'>nume·</span> 
     </span>
     <span class='ocr_line' id='line_1_112' title="bbox 1089 2653 1884 2691; baseline -0.009 -7"><span class='ocrx_word' id='word_1_814' title='bbox 1089 2662 1161 2684; x_wconf 88' lang='lat' dir='ltr'>ratur</span> <span class='ocrx_word' id='word_1_815' title='bbox 1177 2658 1203 2684; x_wconf 92' lang='lat' dir='ltr'>in</span> <span class='ocrx_word' id='word_1_816' title='bbox 1218 2661 1336 2691; x_wconf 84' lang='lat' dir='ltr'>septem:</span> <span class='ocrx_word' id='word_1_817' title='bbox 1357 2656 1436 2682; x_wconf 89' lang='lat' dir='ltr'>cuius</span> <span class='ocrx_word' id='word_1_818' title='bbox 1451 2663 1537 2690; x_wconf 89' lang='lat' dir='ltr'>quum</span> <span class='ocrx_word' id='word_1_819' title='bbox 1546 2655 1660 2688; x_wconf 84' lang='lat' dir='ltr'>patriam</span> <span class='ocrx_word' id='word_1_820' title='bbox 1671 2653 1783 2679; x_wconf 87' lang='lat' dir='ltr'>Prienen</span> <span class='ocrx_word' id='word_1_821' title='bbox 1795 2653 1884 2686; x_wconf 80' lang='lat' dir='ltr'>cepis-</span> 
     </span>
    </p>
   </div>
  </div>
 </body>
</html>
