1941 3052
223 141 272 166 l‘s'lo
683 141 725 165 52.
761 139 794 165 M.

222 216 247 238 et
264 216 354 238 natura
372 212 427 246 ipsa
439 210 515 240 dure,
532 219 600 244 quae
613 209 759 244 plurimum
774 209 850 239 valet,
864 215 889 235 et
900 209 1018 236 assiduis

222 248 429 275 domesticorum
446 248 616 273 sermonibus
632 248 658 273 in
677 251 799 281 paternae
811 246 906 281 culpae
921 247 1018 273 simili-

223 286 342 312 tudinem
356 285 487 311 ‹lt-«luctus
499 289 547 309 est.
571 284 652 310 Multa
664 284 760 318 gessit:
782 284 1016 310 multacontraxit:

223 332 332 358 magnas
349 327 434 357 partes
452 322 544 347 habuit
560 321 743 355 publicorum:
766 321 879 347 credidit
895 321 1016 356 populis:

223 362 248 386 in
271 360 394 394 pluribus
416 358 561 393 provinciis
577 358 636 384 eius
653 362 754 384 versata
771 366 813 384 res
827 362 880 384 est:
902 358 976 384 dedit
990 367 1018 385 se

221 398 300 423 etiam
322 396 444 431 regibus:
468 395 531 422 liuic
551 395 602 429 ipsi
622 395 802 421 Alexandrino
821 395 949 429 grandem
966 396 1017 422 iam

221 438 295 460 antea
308 433 448 468 pecuniam
460 432 586 458 credidit:
610 441 657 458 nec
669 433 766 459 interea
781 432 940 467 locupletare
951 434 1019 460 ami-

221 480 266 497 cos
287 479 415 505 umquam
432 478 496 497 suos
512 469 622 500 destitit.
641 470 745 496 mittere
757 471 782 496 in
796 471 942 506 negotium.
956 471 1018 497 dare

222 512 318 543 partes,
333 516 359 534 rc
370 516 476 542 augere,
491 506 542 533 lide
552 511 712 534 sustentare.
734 507 804 539 Quid
816 507 918 534 multa?
932 517 1017 543 quum

222 544 406 580 magnitudine
427 544 523 575 animi.
547 548 603 571 tum
626 544 782 571 liberalitate
798 546 879 571 vitam
896 546 978 580 patris
994 550 1019 572 et

220 582 442 609 consuetudinem
467 586 644 616 expresserat.
695 582 793 609 Pulsus
817 583 915 609 interea
937 592 1019 619 regno

222 619 388 646 Ptolemaeus
409 618 509 646 dolosis
528 619 648 646 consiliis
667 619 708 654 (ut
722 619 791 646 dixit
806 620 918 655 Sibylla,
934 621 1019 647 sensit

221 656 386 692 Postumus.)
402 657 512 683 Romam
523 657 605 683 venit.
646 657 713 683 lluic
724 658 811 692 egenti
823 662 849 684 et
860 659 963 693 roganti
976 658 1018 684 liic

222 694 315 721 infelix
337 694 477 729 pecuniam
498 694 623 721 credidit:
652 703 700 721 nec
720 699 777 721 tum
799 695 931 729 primum:
958 704 1017 722 nam

221 732 341 767 regnanti
353 731 500 758 crediderat
509 731 620 758 absens:
644 740 690 758 nec
703 736 800 758 temere
811 741 840 758 se
850 733 956 759 credere
968 741 1019 767 pu-

222 769 300 800 tabat,
323 769 396 804 quod
415 773 470 795 orat
486 769 585 795 nemini
602 769 726 799 dubium,
743 770 809 804 quin
826 770 849 796 is
865 770 892 796 in
905 779 1017 805 regnum

222 807 404 833 restitueretur
415 815 429 832 a
440 811 533 832 senatu
546 806 698 841 populoque
709 807 835 833 nomano.
853 808 878 833 5.
892 808 920 834 ln
931 807 1018 834 dando

221 848 308 870 nutem
320 849 345 870 et
356 844 487 870 credendo
499 845 628 878 processit
640 843 759 879 longius:
782 853 830 870 nec
841 853 917 871 suam
930 845 1017 871 solum

221 890 362 917 pecuinam
387 881 511 911 credidit,
539 881 586 907 sed
606 881 685 907 etiam
708 882 864 908 amicorum.

220 919 283 954 quis
305 918 401 954 negat?
420 923 465 944 aut
479 918 541 953 quis
558 919 609 944 iam
627 927 679 944 non
695 918 838 945 admonet?
857 920 933 952 Quod
950 919 1018 946 male

210 956 330 987 ·ceci‹lit,
353 956 420 982 bene
440 955 591 982 consultum
614 955 739 990 putares‘?
768 956 820 983 Sed
842 961 882 983 est
896 956 1016 987 difficile,

221 993 293 1028 quod
313 1002 375 1020 cum
400 1002 448 1027 spe
464 1002 559 1028 magna
575 993 613 1019 sis
629 993 776 1029 ingressus,
796 994 823 1020 id
839 1003 889 1020 non
906 995 1017 1029 exsequi

221 1039 309 1066 usque
329 1030 360 1057 ad
376 1035 538 1057 extremum.
578 1031 621 1057 111.
640 1030 762 1066 Supplex
777 1036 832 1058 erat
848 1040 907 1058 rex:
934 1031 1018 1058 multa

221 1068 343 1103 rogabat:
375 1068 464 1094 omnia
480 1067 668 1102 pollicebatur:
691 1069 783 1095 utiam
795 1073 913 1095 metuere
923 1069 1019 1096 Postu-

221 1114 282 1131 mus
298 1110 444 1141 cogeretur,
463 1114 504 1136 ne,
522 1105 594 1140 quod
612 1105 767 1136 crediderat.
782 1106 911 1141 perderet,
925 1107 947 1133 si
962 1115 1019 1132 cre-

220 1142 301 1169 dendi
329 1143 512 1169 constituisset
532 1142 652 1169 modum.
693 1143 766 1170 Nihil
787 1148 876 1170 autem
898 1149 952 1170 erat
972 1143 1019 1170 illo

221 1179 360 1212 blandius,
383 1180 450 1206 nihil
476 1180 524 1206 lioc
540 1180 699 1216 benignius:
726 1185 756 1207 ut
771 1182 857 1217 magis
873 1182 1020 1216 poeniteret

221 1218 349 1252 coepisse,
362 1226 442 1252 quam
455 1217 544 1244 liceret
555 1217 693 1244 desistere.

277 1255 343 1281 ilinc
356 1256 472 1289 primum
485 1255 604 1281 exoritur
614 1255 715 1282 crimen
726 1254 809 1282 illud:
831 1259 1020 1283 senatumcor—

221 1297 330 1327 ruptum
352 1301 410 1318 esse
431 1292 533 1318 dicunt.
565 1294 589 1318 6.
607 1292 628 1319 O
643 1292 680 1319 dii
695 1293 872 1320 immortales!
900 1293 965 1320 haec
979 1298 1020 1320 est

220 1329 265 1356 illa
280 1335 401 1364 exoptata
412 1329 573 1356 iudiciorum
585 1330 732 1357 severitas?
751 1330 924 1366 Cor-ruptores
937 1331 1019 1357 nostri

220 1376 342 1393 caussam
364 1367 473 1393 dicunt:
505 1376 562 1398 nos,
580 1368 627 1402 qui
641 1368 758 1402 corrupti
770 1377 876 1398 sumus,
889 1377 939 1395 non
952 1368 1020 1395 dici—

221 1404 300 1431 mus‘?
324 1404 393 1436 Quid
406 1403 486 1440 ergo‘?
515 1404 643 1431 Senatum
655 1404 796 1431 delendam
809 1405 858 1432 boc
871 1405 934 1437 loco,
947 1405 1020 1432 iudi-

220 1441 282 1468 ces‘?
310 1441 389 1468 Omni
401 1442 526 1476 equidem
540 1441 596 1468 loco
607 1442 701 1469 debeo.
742 1443 778 1469 Ita
790 1443 822 1469 de
835 1452 876 1469 me
886 1448 927 1470 est
939 1444 1020 1470 meri-

220 1484 264 1506 tus
276 1479 321 1505 ille
332 1479 405 1506 ordo.
431 1478 483 1505 Sed
499 1479 525 1505 id
538 1488 585 1505 nec
597 1480 685 1515 agitur
696 1480 745 1506 hoc
756 1484 883 1514 tempore,
898 1489 946 1507 nec
956 1489 1018 1507 cum

219 1517 340 1543 Postumi
351 1525 445 1543 caussa
457 1525 498 1542 res
510 1517 559 1543 ista
571 1517 712 1543 coniuncta
724 1522 774 1544 est.
804 1518 974 1553 Quamquam
985 1518 1019 1544 ad

219 1559 359 1589 sumptum
375 1554 488 1584 itineris,
506 1554 538 1580 ad
554 1553 627 1580 illam
639 1554 863 1590 magnificentiam
875 1560 1019 1590 apparatus

219 1593 430 1626 comitatumque
444 1592 548 1627 regium
562 1592 731 1626 suppeditata
744 1593 856 1626 pecunia
867 1601 880 1619 a
892 1594 1018 1619 Postumo

219 1633 268 1660 est,
282 1629 419 1663 factaeque
430 1629 599 1664 syngraphae
609 1630 711 1656 suntin
722 1629 1016 1664 AlbanoCn.Pompeii,

219 1675 305 1702 quum
317 1666 361 1693 ille
371 1667 453 1693 Roma
465 1665 599 1701 profectus
611 1671 695 1693 esset:
718 1671 805 1693 tamen
818 1675 869 1694 non
878 1667 972 1694 debuit
983 1667 1015 1698 is,

219 1704 268 1739 qui
277 1703 366 1734 dabat,
383 1712 437 1738 quo
448 1703 502 1734 ille.
517 1703 563 1738 qui
575 1704 729 1738 accipiebat,
743 1709 921 1736 consumeret,
933 1712 1018 1740 quae-

220 1749 287 1768 rere.
327 1741 385 1768 Non
405 1741 476 1767 enim
491 1740 593 1772 latroni,
615 1741 663 1767 sed
674 1741 731 1777 regi
741 1741 869 1768 credidit:
902 1751 950 1768 nec
961 1742 1017 1777 regi

218 1778 329 1805 inimico
352 1778 445 1813 populi
460 1779 581 1809 Romani,
598 1778 646 1805 sed
661 1779 694 1809 ei,
706 1779 785 1805 cuius
797 1778 896 1805 reditui
909 1779 1018 1806 consul-

220 1820 278 1843 tum
293 1824 306 1842 a
318 1820 411 1842 senatu
423 1815 544 1842 videbat:
577 1824 624 1842 nec
635 1816 658 1842 ei
670 1816 736 1851 regi.
749 1816 797 1850 qui
809 1816 913 1843 alienus
923 1817 956 1843 ab
969 1817 1018 1843 hoc

219 1853 333 1888 imperio
343 1857 422 1883 esset,
435 1852 482 1878 sed
493 1853 526 1883 ei,
539 1853 650 1887 quicum
663 1852 757 1879 foedus
770 1853 842 1880 feriri
855 1854 880 1880 in
888 1853 1018 1889 Capitolio

219 1890 332 1917 viderat.
363 1891 389 1916 7.
402 1889 478 1922 Quod
489 1890 512 1916 si
528 1890 642 1917 creditor
657 1891 683 1917 in
695 1890 774 1925 culpa
785 1891 829 1922 sit,
843 1900 895 1917 non
907 1892 955 1926 qui
967 1892 1019 1918 im·

219 1927 302 1963 probe
323 1932 363 1954 est
376 1927 475 1954 credita
491 1928 603 1962 pecunia
619 1936 700 1954 usus:
722 1927 864 1954 damnetur
875 1929 906 1959 is,
920 1930 968 1964 qui
979 1928 1019 1955 sa—

218 1965 338 1992 bricatus
349 1964 470 2001 gladium
481 1969 521 1991 est
531 1969 556 1991 et
568 1965 696 1995 vendidit.
710 1973 761 1992 non
772 1965 805 1996 is,
813 1966 860 2000 qui
873 1966 919 1993 illo
928 1966 1019 2002 gladio

219 2003 306 2029 civem
330 2002 449 2037 aliquem
475 2002 618 2028 interemit.
668 2002 847 2034 Quamobrem
870 2012 956 2039 neque
977 2009 1016 2035 tu,

220 2039 248 2067 C.
262 2040 381 2070 Memmi,
393 2039 442 2066 hoc
454 2038 538 2066 facere
549 2039 640 2070 debes,
654 2044 683 2066 ut
693 2044 825 2071 senatum,
838 2042 916 2067 cuius
927 2046 1019 2068 aucto—

219 2078 290 2104 ritati
311 2082 335 2104 te
350 2077 383 2103 ab
398 2076 575 2104 adolescentia
591 2076 697 2108 dedisti,
716 2077 743 2104 in
756 2082 826 2104 tauta
837 2078 947 2105 infamia
959 2087 1018 2105 ver-

219 2115 272 2141 sari
293 2114 370 2146 velis.
388 2122 475 2149 neque
491 2123 539 2150 ego
554 2114 590 2145 id,
603 2115 676 2149 quod
687 2123 738 2141 non
750 2115 846 2151 agitur,
864 2116 1016 2142 defendere.

218 2152 340 2178 Postumi
362 2152 434 2179 enim
454 2160 561 2183 caussa,
583 2161 771 2187 quaecumque
792 2158 844 2184 est,
868 2154 988 2180 seiuncta
1004 2163 1018 2180 a

219 2194 313 2216 senatu
325 2194 374 2216 est.
396 2191 421 2215 8.
434 2188 512 2221 Quod
521 2189 544 2215 si
556 2189 618 2216 item
631 2190 765 2216 aGabinio
774 2191 1019 2218 seiunctamosten-

218 2226 291 2258 dero,
304 2231 383 2258 certe,
399 2226 471 2262 quod
483 2227 564 2257 dicas.
579 2227 645 2253 nihil
661 2227 782 2253 habebis.

274 2264 318 2291 lv.
339 2264 387 2291 Est
397 2264 469 2290 enim
481 2264 545 2290 llaec
556 2273 660 2294 caussa,
682 2274 739 2295 Quo
756 2274 792 2291 aa
810 2274 938 2292 encoma
951 2274 1019 2291 ean-

220 2311 363 2332 vsssair,
385 2302 464 2336 quasi
479 2301 610 2336 quaedam
625 2302 804 2336 appendicula
819 2311 931 2329 caussae
945 2302 1018 2329 iudi-

219 2344 292 2366 catae
301 2343 381 2374 atque
391 2339 542 2365 damnatae.
573 2339 642 2366 Sunt
654 2339 712 2365 lites
724 2340 878 2366 aestimatae
890 2339 922 2366 Α.
935 2339 1018 2366 Gabi-

220 2377 277 2407 nio,
299 2385 348 2403 nec
359 2376 470 2411 praedes
481 2376 544 2407 dati,
559 2385 607 2403 nec
617 2385 650 2403 ex
661 2377 720 2403 eius
731 2376 819 2407 bonis,
831 2382 930 2412 quanta
941 2386 1018 2403 sum-

220 2422 262 2439 ma
284 2413 371 2440 litium
390 2413 495 2444 fuisset,
518 2422 532 2440 a
553 2413 652 2448 populo
673 2419 776 2448 recepta
791 2419 841 2440 est.
881 2414 974 2440 Atnec
984 2423 1018 2441 ex

220 2450 340 2477 Postumi
360 2451 437 2477 bonis
451 2451 551 2478 servari
568 2451 653 2487 legem
664 2460 781 2486 aequum
792 2456 842 2478 est.
882 2451 959 2478 lubet
974 2451 1018 2478 lex

221 2487 286 2513 Iulia
302 2488 428 2522 persequi
442 2489 475 2514 ab
486 2489 528 2519 iis,
542 2488 575 2514 ad
586 2497 655 2523 quos
666 2497 696 2514 ea
711 2489 832 2523 pecunia,
845 2497 928 2523 quam
939 2489 963 2515 is
973 2497 1018 2515 ce-

221 2524 297 2557 perit,
310 2525 357 2558 qui
368 2525 510 2552 damnatus
521 2526 564 2556 sit,
579 2526 739 2560 pervenerit.
766 2525 795 2551 Si
806 2530 846 2552 est
857 2526 905 2552 hoc
917 2534 1016 2552 novum

222 2560 249 2586 in
262 2560 319 2595 lege
330 2562 405 2591 Iulia,
424 2563 503 2589 sicuti
515 2562 598 2589 multa
609 2567 673 2589 sunt
683 2562 804 2588 severius
815 2563 922 2597 scripta,
935 2571 1017 2598 quam

220 2597 248 2623 in
260 2597 378 2631 antiquis
391 2598 504 2633 legibus,
518 2604 543 2625 et
556 2601 689 2626 sanctius:
712 2599 854 2626 inducatur
863 2609 927 2626 sane
937 2601 1017 2626 etiam

221 2635 386 2661 consuetudo
397 2635 478 2661 huius
489 2637 595 2671 generis
606 2637 767 2664 iudiciorum
778 2645 856 2663 nova.
877 2638 903 2663 9.
915 2637 961 2664 Sin
969 2637 1018 2664 boc

221 2671 330 2698 totidem
342 2671 431 2698 verbis
442 2672 565 2700 tralatum
575 2679 656 2709 caput
665 2679 714 2706 est,
731 2673 804 2710 quod
815 2673 866 2701 fuit
877 2683 929 2701 non
939 2674 1018 2702 modo

916 882 1016 909 Stulte:
1046 883 1048 890 ⁴

830 139 859 165 T.
894 138 1172 166 CltjEltONlS
1205 139 1392 167 ORATio

1071 210 1096 236 in
1112 209 1242 240 Cornelia.
1259 210 1306 236 aed
1317 212 1396 237 etiam
1410 216 1469 238 ante
1480 212 1507 238 in
1521 211 1577 246 tege
1589 212 1716 239 Servilia:
1739 220 1786 247 per
1800 213 1864 239 deos

1070 247 1248 273 immortales!
1269 248 1335 282 quid
1356 248 1470 283 agimus,
1488 249 1608 275 iudices?
1636 255 1681 276 aut
1695 258 1776 285 quem
1794 250 1865 277 bunc

1071 293 1171 310 rnorem
1193 293 1323 311 novorum
1340 285 1499 312 iudiciorum
1515 287 1541 312 in
1553 287 1746 322 rempublicam
1760 287 1866 314 induci-

1071 320 1150 347 mus‘?
1169 321 1231 347 Erat
1246 323 1317 348 enim
1337 322 1402 348 haec
1416 323 1581 350 consuetudo
1595 329 1654 350 nota
1667 325 1743 351 vobis
1754 324 1864 359 quidem

1069 358 1207 389 omnibus,
1226 359 1284 389 sed,
1296 360 1319 385 ai
1332 368 1399 386 usus
1413 361 1540 395 magister
1549 365 1589 387 eat
1599 363 1726 396 optimus,
1741 362 1806 388 mibi
1819 361 1867 389 de-

1046 405 1047 412 *
1071 395 1114 421 bet
1125 404 1183 422 esse
1199 397 1345 423 notissima.
1376 397 1507 423 Accusavi
1518 397 1552 424 de
1561 399 1682 433 pecuniis
1694 398 1863 434 repetundis:

1071 432 1152 459 iudex
1177 433 1248 459 sedi:
1290 439 1393 468 praetor
1417 435 1555 469 quaesivi:
1594 435 1701 463 defendi
1722 437 1864 471 plurimos.

1046 464 1047 503 J
1071 469 1149 496 Nulla
1171 479 1245 505 pars,
1263 479 1333 506 quaa
1352 471 1470 506 aliquam
1486 471 1638 499 facultatem
1653 473 1758 500 dicendi
1775 473 1867 500 afferre

1046 516 1047 520 ¹
1071 512 1170 542 posset,
1194 517 1245 534 non
1263 517 1320 534 mea
1337 507 1396 535 suit.

1437 509 1473 535 lta
1488 509 1632 536 contendo:
1656 511 1788 537 neminem
1806 519 1867 537 um-

1070 553 1161 579 quam,
1178 554 1235 575 ouo
1253 554 1288 572 εΑ
1307 554 1434 572 peccam
1453 555 1667 578 νεινικιοιιτ,
1687 556 1808 574 muscam
1824 547 1867 574 di-

1072 583 1154 612 xisse.
1171 583 1218 617 qui
1231 583 1257 609 in
1269 582 1443 610 aestimandis
1455 583 1548 610 litibus
1560 584 1711 619 appellatus
1722 593 1773 611 non
1785 590 1863 612 esset.

1046 629 1048 651 ς
1070 620 1098 645 ln
1121 619 1214 645 litibus
1235 624 1323 646 autem
1340 629 1417 647 nemo
1432 620 1625 656 appellabatur,
1643 622 1693 648 nini
1709 630 1743 648 ex
1757 623 1866 649 testium

1069 656 1148 683 dictis
1160 662 1205 683 aut
1217 658 1316 684 tabulis
1328 659 1491 692 privatorum
1503 663 1548 685 aut
1559 659 1706 685 rationibus
1714 660 1864 686 civitatum.

1071 695 1112 720 40.
1134 695 1226 729 ltaque
1243 695 1268 721 iu
1285 694 1432 722 inserendis
1448 696 1540 722 litibus
1555 696 1649 723 adesse
1663 696 1798 727 solebant.
1817 697 1866 732 qui

1069 731 1173 766 aliquid
1184 732 1217 758 de
1227 741 1257 758 se
1270 733 1442 759 verebantur:
1463 738 1497 764 et,
1510 741 1596 768 quum
1607 738 1681 760 erant
1691 733 1827 769 appellati,
1842 734 1866 761 si

1071 768 1220 800 videbatur,
1232 770 1321 796 atatim
1333 769 1512 797 contradicere
1523 771 1658 798 solebant:
1679 772 1721 798 siu
1734 772 1867 798 eiustem·

1071 806 1142 841 poris
1162 812 1294 833 recentem
1309 807 1436 834 invidiam
1454 808 1658 842 pertimuerant,
1671 808 1868 844 respondebant

1071 848 1171 878 postea.
1211 843 1287 876 Quod
1308 853 1393 879 quum
1410 844 1544 877 fecissent,
1562 845 1688 881 permulti
1704 854 1784 881 saepe
1795 847 1868 873 vice-

1070 885 1142 907 runt.
1164 881 1192 907 V.
1205 881 1259 908 Hoc
1270 890 1332 908 vero
1344 891 1442 908 novum
1453 887 1502 913 est,
1516 888 1576 910 ante
1587 883 1636 910 hoc
1647 888 1753 918 tempus
1759 884 1868 910 omnino

1070 917 1232 945 inauditum.
1273 919 1300 945 ln
1318 919 1411 945 litibus
1428 920 1546 947 Postumi
1563 929 1657 947 nomen
1669 926 1709 947 est
1721 929 1865 957 nusquam.

1071 956 1098 981 ln
1111 955 1204 982 litibus
1215 955 1293 983 dico‘?
1313 956 1390 983 Modo
1402 965 1448 983 vos
1460 957 1540 984 iidem
1554 958 1580 984 in
1593 958 1623 984 A.
1637 957 1782 985 Gabinium
1795 958 1866 985 iudi-

1069 1001 1114 1019 ces
1131 993 1250 1020 sedistis.
1282 994 1351 1020 Num
1368 995 1430 1029 quis
1446 996 1520 1021 testis
1536 995 1693 1022 Postumum
1705 994 1868 1031 appellavit?

1047 1047 1049 1051 -
1071 1031 1148 1056 testis
1163 1030 1271 1057 autem?
1291 1040 1355 1057 num
1372 1031 1526 1059 accusator?
1546 1041 1610 1059 num
1627 1033 1744 1068 denique
1758 1032 1868 1060 totoillo

1071 1067 1098 1094 in
1119 1067 1220 1094 iudicio
1238 1068 1358 1095 Postumi
1379 1078 1474 1096 nomen
1496 1069 1628 1096 audistis?
1651 1072 1690 1096 Η.
1708 1071 1765 1097 Non
1785 1071 1868 1106 igitur

1048 1122 1049 1126 ,
1071 1112 1146 1136 reus,
1163 1113 1196 1132 ex
1206 1114 1235 1131 ea
1246 1114 1350 1137 caussa,
1363 1115 1432 1141 quae
1443 1107 1557 1133 iudicata
1568 1112 1617 1138 est,
1631 1107 1762 1134 redundat
1773 1107 1868 1134 Postu-

1071 1151 1145 1173 mus,
1163 1142 1211 1169 sed
1229 1148 1269 1169 est
1284 1148 1405 1178 arreptus
1418 1152 1488 1170 unus
1500 1153 1583 1180 eques
1594 1145 1729 1171 Romanus
1740 1145 1773 1171 de
1785 1153 1868 1180 pecu-

1048 1179 1049 1197 l
1071 1180 1124 1206 niis
1135 1180 1290 1214 repetundis
1302 1189 1374 1207 reus.
1395 1180 1501 1213 Quibus
1513 1181 1630 1208 tabulis?
1647 1191 1716 1217 quae
1728 1182 1755 1209 in
1766 1181 1868 1208 iudicio

1070 1217 1100 1243 A.
1118 1217 1226 1244 Gabinii
1242 1218 1364 1244 recitatae
1376 1227 1427 1245 non
1439 1224 1512 1246 sunt.
1546 1218 1604 1251 Quo
1616 1218 1700 1245 teste?
1719 1228 1733 1246 a
1744 1224 1866 1255 quotum

1071 1254 1221 1289 appellatus
1242 1264 1376 1290 nusquam
1397 1260 1446 1282 est.
1487 1255 1543 1288 Qua
1563 1255 1740 1291 appellatione
1761 1256 1868 1283 litium?

1071 1292 1098 1318 in
1109 1301 1163 1327 qua
1175 1292 1295 1319 Postumi
1307 1294 1406 1319 mentio
1418 1292 1484 1320 iacta
1496 1293 1569 1320 nulla
1581 1298 1630 1320 est.
1652 1293 1709 1326 Qua
1724 1293 1801 1330 lege?
1813 1302 1866 1330 qua

1071 1338 1123 1356 non
1135 1334 1249 1356 tenetur.

1126 1367 1174 1393 Hic
1186 1367 1248 1398 iam,
1262 1367 1375 1398 iudices,
1384 1368 1465 1394 vestri
1476 1367 1581 1395 consilii
1592 1376 1634 1394 res
1645 1373 1694 1399 est,
1709 1372 1813 1395 vestrae
1823 1376 1867 1394 sa-

1071 1404 1195 1439 pientiae.
1235 1404 1306 1437 Quid
1321 1404 1413 1431 deceat
1428 1414 1488 1436 vos,
1507 1414 1572 1436 non,
1589 1410 1721 1440 quantum
1733 1405 1809 1432 liceat
1820 1413 1868 1432 vo-

1071 1442 1122 1473 bis,
1135 1446 1254 1476 spectare
1265 1442 1378 1468 debetis.
1414 1442 1442 1469 Si
1453 1443 1534 1473 enim,
1546 1443 1613 1478 quid
1625 1443 1708 1473 liceat,
1722 1443 1865 1478 quaeritis:

1071 1479 1182 1514 potestis
1199 1479 1289 1506 tollere
1307 1488 1322 1506 e
1337 1480 1443 1507 civitate
1457 1489 1539 1515 quem
1557 1480 1648 1507 vultis.
1689 1480 1796 1507 Tabella
1815 1485 1865 1511 est,

1070 1525 1139 1552 quae
1150 1517 1194 1543 dat
1205 1521 1375 1552 potestatem;
1396 1517 1511 1544 occultat
1521 1517 1613 1544 eadem
1627 1517 1777 1544 libidinem.
1813 1517 1868 1544 Cu-

1070 1555 1113 1580 ius
1129 1555 1318 1581 conscientiam
1334 1554 1402 1581 nihil
1417 1560 1465 1586 est,
1483 1555 1555 1590 quod
1567 1556 1712 1590 quisquam
1727 1556 1831 1585 timeat,
1843 1555 1866 1581 si

1071 1600 1122 1618 non
1139 1592 1307 1626 pertimescat
1322 1600 1409 1618 suam.
1452 1594 1492 1618 ⁴2.
1514 1592 1564 1619 Ubi
1580 1598 1620 1619 est
1634 1593 1718 1628 igitur
1736 1593 1867 1627 sapientia

1070 1628 1187 1655 iudicis?
1206 1630 1234 1655 ln
1247 1629 1304 1660 hoc,
1317 1634 1348 1655 ut
1358 1638 1409 1656 non
1421 1629 1519 1660 solum,
1533 1629 1599 1665 quid
1610 1630 1703 1665 possit,
1717 1629 1764 1656 sed
1775 1629 1865 1661 etiam,

1069 1666 1136 1701 quid
1147 1666 1250 1697 debeat,
1263 1666 1404 1701 ponderet:
1421 1671 1615 1702 nec,quantum
1627 1667 1679 1693 sibi
1692 1667 1865 1702 permissum,

1069 1704 1221 1730 meminerit
1234 1703 1331 1734 solum,
1340 1703 1386 1729 sed
1398 1705 1486 1735 etiam,
1495 1709 1628 1739 quatenus
1638 1704 1813 1730 commissum
1821 1704 1865 1730 sit.

1069 1741 1149 1767 Datur
1161 1741 1208 1767 tibi
1225 1741 1321 1767 tabella
1332 1740 1436 1767 iudicii.
1476 1741 1533 1774 Qua
1551 1740 1626 1777 lQe‘?
1662 1740 1729 1768 Iulia
1740 1740 1773 1767 de
1784 1749 1868 1776 pecu-

1068 1779 1122 1804 niis
1133 1778 1300 1813 repetundis.
1339 1777 1398 1811 Quo
1407 1778 1439 1805 de
1451 1778 1513 1805 reo?
1531 1778 1564 1805 de
1575 1779 1665 1814 equite
1675 1778 1803 1805 Romano.
1832 1778 1868 1805 At

1069 1816 1119 1842 iste
1133 1816 1198 1843 ordo
1219 1815 1276 1851 lege
1297 1824 1326 1842 ea
1343 1824 1394 1843 non
1410 1820 1522 1842 tenetur.
1562 1815 1623 1847 Illo,
1646 1815 1747 1850 inquit,
1769 1817 1866 1850 capite.

1068 1853 1141 1888 quod
1152 1854 1245 1880 eratin
1257 1853 1414 1880 Postumum
1424 1874 1430 1884 ,
1446 1853 1519 1889 quod
1533 1853 1561 1880 iu
1573 1853 1719 1880 Gabinium
1731 1852 1814 1880 iudex
1823 1861 1868 1879 es-

1069 1899 1121 1922 ses,
1135 1890 1204 1917 nibil
1216 1890 1331 1918 Gabinio
1341 1890 1444 1922 datum,
1461 1899 1547 1926 quum
1559 1891 1586 1917 in
1597 1899 1659 1917 eum
1671 1890 1731 1917 lites
1741 1891 1868 1917 aestima-

1069 1933 1170 1954 rentur.
1209 1928 1244 1955 At
1264 1937 1335 1955 nunc
1350 1928 1439 1955 audio.
1479 1929 1552 1954 Reus
1570 1928 1653 1964 igitur
1667 1927 1812 1954 Postumus
1827 1932 1870 1954 est

1069 1973 1098 1992 ea
1111 1965 1178 2002 lege,
1190 1974 1244 2000 qua
1255 1974 1308 1992 non
1319 1965 1398 1993 modo
1408 1966 1475 2000 ipse,
1488 1965 1537 1992 sed
1547 1970 1618 1992 totus
1629 1966 1708 1992 etiam
1719 1965 1783 1992 ordo
1793 1964 1869 1992 solu-

1069 2007 1113 2029 tus
1128 2012 1157 2030 ac
1169 2002 1237 2030 liber
1247 2007 1298 2029 est.
1338 2003 1382 2030 Vl.
1405 2005 1446 2029 ⁴3.
1467 2003 1516 2029 Hic
1526 2011 1576 2039 ego
1586 2011 1657 2029 nunc
1669 2010 1720 2029 non
1732 2011 1780 2029 vos
1791 2003 1868 2038 prius

1069 2040 1227 2075 implorabo,
1240 2041 1344 2076 equites
1356 2041 1476 2071 Romani,
1489 2049 1605 2076 quorum
1616 2041 1660 2066 ius
1671 2039 1772 2066 iudicio
1782 2044 1869 2066 tenta·

1070 2083 1121 2108 tur,
1134 2087 1216 2113 quam
1227 2087 1284 2109 vos,
1297 2083 1441 2109 senatores,
1453 2086 1569 2113 quorum
1581 2077 1670 2113 agitur
1679 2076 1745 2103 fides
1755 2077 1783 2103 in
1795 2077 1868 2104 bunc

1069 2115 1205 2142 ordinem:
1227 2123 1297 2151 quae
1311 2115 1422 2150 quidem
1437 2123 1522 2150 quum
1534 2123 1614 2150 saepe
1624 2119 1694 2145 ante,
1710 2118 1767 2140 tum
1778 2114 1806 2140 in
1817 2113 1868 2140 hac

1070 2154 1128 2188 ipsa
1139 2161 1234 2180 caussa
1246 2161 1332 2187 nuper
1342 2157 1382 2179 est
1392 2153 1508 2188 cognita.
1544 2153 1610 2179 Nam
1622 2159 1717 2187 quum,
1730 2151 1831 2186 optimo
1841 2155 1868 2178 et

1070 2191 1300 2225 praestantissimo
1319 2189 1444 2221 consule,
1467 2189 1516 2216 Cn.
1538 2189 1676 2224 Pompeio,
1694 2187 1727 2215 de
1743 2188 1792 2215 hac
1807 2189 1866 2223 ipsa
1889 2199 1895 2206 ·

1069 2229 1226 2263 quaestione
1240 2227 1382 2258 referente,
1400 2227 1559 2254 exsisterent
1573 2225 1730 2257 nonnullae,
1747 2225 1795 2252 sed
1806 2233 1868 2260 per-

1070 2273 1170 2300 paucae
1187 2270 1274 2291 tamen
1290 2264 1399 2291 acerbae
1413 2264 1572 2295 sententiae,
1589 2272 1659 2299 quae
1673 2267 1824 2294 censerent,
1836 2267 1868 2290 ut

1070 2303 1180 2332 tribuni,
1195 2307 1223 2329 ut
1235 2301 1370 2337 praefecti,
1384 2306 1413 2328 ut
1423 2302 1536 2332 scribae,
1545 2305 1574 2327 ut
1583 2301 1693 2327 comites
1704 2308 1798 2326 omnes
1809 2308 1869 2326 ma-

1068 2340 1244 2375 gistratuum,
1263 2339 1320 2375 lege
1335 2339 1385 2365 bac
1399 2343 1564 2365 tenerentur:
1587 2346 1647 2368 vos,
1665 2345 1727 2368 VOS,
1743 2337 1864 2372 inquam.

1069 2377 1122 2411 ipsi
1137 2381 1163 2404 et
1177 2381 1287 2403 senatus
1301 2375 1427 2411 frequens
1442 2376 1551 2402 restitit:
1573 2379 1608 2407 et,
1621 2382 1786 2409 quamquam
1796 2379 1865 2406 tum,

1069 2419 1178 2449 propter
1190 2414 1337 2441 multorum
1348 2413 1453 2444 delicta,
1466 2414 1545 2439 etiam
1556 2411 1589 2438 ad
1600 2411 1783 2438 innocentium
1794 2411 1866 2446 peri-

1068 2451 1161 2478 culum
1181 2456 1288 2486 tempus
1308 2450 1378 2477 illud
1397 2454 1542 2480 exarserat,
1560 2454 1662 2479 tamen,
1675 2457 1762 2484 quum
1771 2448 1865 2475 odium

1069 2497 1121 2515 non
1137 2488 1354 2524 restingueretis,
1372 2488 1436 2514 huic
1449 2487 1536 2514 ordini
1551 2486 1642 2521 ignem
1655 2494 1754 2512 novum
1765 2485 1865 2512 subiici

1070 2535 1122 2553 non
1132 2527 1246 2552 sivistis.
1267 2527 1307 2552 ⁴4.
1321 2525 1375 2552 Hoc
1383 2525 1474 2551 animo
1483 2524 1566 2559 igitur
1577 2527 1696 2550 senatus.
1717 2522 1808 2555 Quid?
1815 2530 1864 2549 vos
1901 2545 1904 2551 ,

1068 2564 1174 2598 equites
1193 2563 1318 2594 Romani,
1340 2562 1406 2597 quid
1427 2561 1533 2588 tandem
1549 2561 1615 2587 estis
1629 2559 1734 2587 acturi?
1752 2559 1864 2586 Glaucia

1068 2600 1183 2632 solebat,
1201 2600 1280 2627 bomo
1294 2600 1433 2634 impuruS,
1450 2598 1498 2625 sed
1516 2602 1604 2624 tamen
1614 2602 1718 2628 acutus,
1731 2596 1864 2632 populum

1069 2646 1186 2669 monere,
1199 2642 1237 2668 ut,
1250 2646 1337 2672 quum
1349 2636 1392 2663 lex
1403 2635 1492 2671 aliqua
1504 2635 1665 2665 recitaretur,
1674 2635 1792 2669 primum
1802 2641 1864 2660 ver·
1903 2650 1906 2654 ·

1068 2683 1130 2701 sum
1149 2674 1309 2702 attenderet:
1330 2674 1354 2701 si
1369 2677 1439 2700 osset
1452 2681 1611 2704 mci-noa,
1631 2680 1754 2703 cossus,
1775 2679 1865 2697 enas-
