1941 3052
220 153 263 177 tit
787 154 826 177 40.
863 153 896 177 Μ.
931 152 960 177 T.

215 227 274 248 ctus
291 223 328 248 vir
342 227 366 248 et
381 222 488 247 Graccis
504 221 596 249 litteris
611 222 739 251 eruditum=
760 221 875 247 Panaetii
889 221 1026 251 auditor,'

217 267 296 293 prope
311 258 442 293 pern-etun
454 260 479 285 in
491 259 598 291 Stoicis«,
614 268 728 294 ‹pior-um
741 263 894 293 peracutum
907 263 931 284 et
942 259 1005 284 artis
1024 243 1026 274 Ι

217 296 325 330 plenum
347 297 472 322 orationis
494 305 579 330 genua
602 297 654 322 svis
677 301 763 321 tamen
782 304 840 320 ense
858 295 937 325 exile,
958 303 1005 321 nec
1025 308 1026 313 =

216 334 280 359 satis
295 333 414 368 populari
429 334 574 359 assensioni
590 333 826 358 accommodatum.
848 332 937 366 ltaque
949 331 1026 362 illa·

216 379 284 404 quae
307 371 410 404 propria
434 375 473 395 cst
493 370 573 396 huius
591 369 757 404 disciplinae.
783 368 1003 403 philosophorum
1024 378 1027 406 Ι

216 406 248 432 «lo
262 416 290 433 no
305 407 422 442 ipsorum
437 407 534 441 opinio,
551 408 624 433 firma
639 407 665 432 in
680 406 728 432 hoc
743 406 799 431 viro
812 411 837 432 et
850 406 954 432 stabilis
965 407 1005 432 in-
1024 411 1027 448 Ι

218 449 292 470 venta
311 449 359 470 ent.
396 445 452 470 445,
475 444 525 475 Qui
544 452 628 478 quum
644 443 878 469 innocentissimus
893 443 919 469 in
935 443 1005 469 iudi-

216 482 286 507 cium
312 486 419 506 vocatus
443 485 520 510 esset.
541 480 605 515 (quo
619 480 718 506 iudicio
727 479 882 506 convulsam
898 481 1004 515 penitus

216 519 316 544 scimus
335 526 392 543 esse
411 517 624 552 rempublicam.)
642 526 727 552 quum
741 522 829 543 esst-nt
843 526 873 543 eo
887 522 1004 552 tempore

216 555 426 590 eloquentissimi
443 555 491 580 viri
507 555 535 580 L.
552 554 662 581 Crassus
677 559 701 581 et
716 555 750 580 M.
763 554 894 581 Antonius
907 563 1005 581 consu—

217 593 291 623 lares,
308 600 397 618 eorum
413 591 538 617 adhibere
551 597 674 618 neutrum
690 591 782 618 voluit.
803 592 873 618 Dixit
887 593 944 627 ipse
959 600 1005 627 pro

216 638 283 659 sese,
303 633 327 654 et
341 637 422 663 pauca
438 629 466 655 C.
483 629 564 659 Cotta.
580 629 651 664 quod
666 630 763 655 sororis
777 634 830 655 erat
845 629 926 660 filius,
942 633 968 655 et
982 630 1004 655 is

215 666 323 701 quidem
346 671 431 692 tamen
456 671 484 692 ut
501 671 594 696 orator.
614 675 777 702 quamquam
792 671 847 692 erat
860 666 1003 693 admodum

215 703 377 729 adolescens.
409 703 461 729 Sed
479 703 510 736 Q.
527 704 631 730 Mucius
645 704 781 730 enucleate
796 703 840 730 ille
855 704 964 739 quidem
979 708 1005 730 et

216 740 303 775 polite.
321 745 349 766 ut
362 740 471 771 solebat.
493 750 660 776 nequaquam
679 745 767 767 autem
781 749 810 766 ea
825 741 850 767 vi
865 746 944 776 atque
961 750 1005 767 co-

216 779 267 812 pia.
287 786 368 812 quam
387 786 473 813 genus
490 778 558 804 illud
577 779 669 805 iudicii
687 783 712 804 et
727 778 882 813 magnitudo
895 787 1004 804 caussae

215 815 374 849 postulabat.
396 817 452 841 446.
462 815 595 842 Habemus
610 816 692 849 igitur
705 815 731 842 in
746 815 842 842 Stoicis
856 816 1003 842 oratoribus
1024 838 1026 847 ,

215 851 355 883 Rutilium,
383 852 512 879 Scaurum
536 853 562 879 in
587 850 718 887 antiquis:
753 857 897 887 utrumque
916 858 1003 879 tamen
1024 854 1025 890 ζ

216 889 365 921 taudonms,
385 890 510 924 quoniam
530 898 576 924 per
593 889 653 916 illos
673 898 705 916 ne
724 889 787 916 haec
801 890 910 924 quidem
925 891 952 916 in
966 890 1004 916 ci-
1024 893 1026 904 ³

215 927 294 953 vitute
304 935 400 962 genera
411 927 459 953 hac
468 928 578 953 oratoria
591 927 667 953 laude
678 932 828 953 caruerunt.
845 927 910 953 Volo
920 928 1001 958 enim,

214 968 244 990 ut
258 964 284 990 in
299 973 385 995 scena.
405 964 444 990 sic
457 965 534 990 etiam
552 965 578 990 in
594 964 656 994 foro,
674 973 725 990 non
740 972 784 990 eos
798 964 876 990 modo
891 963 1001 995 laudari,

213 1001 260 1036 qui
284 1001 361 1027 celeri
385 1006 457 1027 motu
481 1006 506 1027 et
529 1001 631 1027 difficili
652 1005 767 1031 utantur.
787 1001 835 1027 sed
854 1010 898 1027 eos
913 1003 1001 1033 etiam.

214 1047 282 1073 quos
300 1039 420 1064 statarios
439 1038 580 1073 appellant,
602 1047 715 1073 quorum
734 1039 769 1064 sit
788 1038 832 1065 illa
846 1038 963 1074 simplex
976 1039 1003 1066 in

192 1081 196 1088 '
213 1075 316 1111 agendo
331 1076 434 1105 veritas.
453 1084 503 1101 non
518 1075 636 1102 molesta.

269 1112 368 1139 XXXI.
383 1113 439 1138 447.
451 1113 483 1138 Εῑ
497 1113 622 1148 quoniam
637 1113 785 1140 Stoicorum
801 1118 841 1140 est
852 1113 917 1140 facta
929 1122 1004 1140 men·
1024 1107 1033 1155 5*

214 1150 257 1181 tio.
273 1149 304 1182 Q.
320 1149 412 1176 Aelius
427 1150 531 1176 Tubero
546 1150 595 1176 fuit
609 1150 655 1177 illo
669 1155 795 1185 tempore.
813 1151 841 1177 L.
858 1151 943 1177 Paulli
958 1160 1004 1177 ne-

214 1195 269 1221 pos,
296 1186 369 1214 nullo
391 1188 417 1213 in
440 1192 572 1214 oratorum
592 1196 711 1219 numero.
727 1188 773 1214 sed
789 1189 841 1214 vita
855 1197 965 1214 severus
979 1193 1005 1215 et

212 1233 361 1260 congruens
379 1233 441 1251 cum
459 1233 488 1251 ea
506 1224 656 1260 disciplina,
677 1234 758 1260 quam
776 1225 890 1257 colebat;
914 1225 1003 1260 paullo

212 1262 290 1288 etiam
305 1262 409 1294 durior,
435 1262 482 1297 qui
497 1262 606 1297 quidem
621 1263 647 1289 in
662 1263 831 1289 triumviratu
846 1263 1002 1289 iudicaverit
1031 1268 1033 1295 j

1031 1299 1032 1304 ¹
1054 1305 1079 1326 et
1102 1299 1225 1331 illustria.
1249 1305 1274 1326 et
1295 1300 1323 1326 in
1342 1308 1453 1326 numero
1472 1305 1641 1334 patronorum
1660 1299 1719 1331 fuit
1740 1305 1769 1326 ut
1782 1309 1843 1327 eum

212 1305 300 1325 contra
318 1299 347 1325 P.
368 1299 493 1330 Africani,
509 1299 634 1326 avunculi
649 1300 701 1330 sui,
718 1300 908 1331 testimonium.
926 1309 1003 1326 vaca·

212 1337 309 1363 tionem
329 1345 454 1373 augureS‚
474 1345 528 1371 quo
546 1337 635 1363 minus
653 1337 761 1363 iudiciis
779 1346 885 1372 operam
899 1337 1000 1369 darent,

213 1383 264 1400 non
279 1374 389 1401 hahere:
411 1374 457 1400 sed
472 1378 501 1400 ut
515 1375 577 1405 vita,
593 1375 632 1400 sic
642 1375 757 1401 oratione
767 1374 860 1405 durus,
873 1374 1000 1406 incultus,

213 1411 346 1438 horridus.
368 1412 458 1446 Itaque
474 1411 618 1438 honoribus
634 1412 763 1438 maiorum
778 1412 936 1446 respondere
951 1421 1002 1438 non

212 1449 307 1483 potuit.
342 1449 403 1475 Fuit
420 1453 507 1475 autem
522 1454 645 1475 constans
659 1449 726 1475 civis
741 1454 766 1475 et
781 1449 854 1475 fortis
868 1454 892 1475 et
907 1449 933 1475 in
948 1450 1003 1484 pri-

211 1486 263 1512 mis
281 1486 401 1513 Graccho
418 1485 556 1517 molestus,
572 1486 645 1521 quod
658 1486 757 1512 indicat
771 1486 883 1513 Gracchi
899 1486 925 1512 in
940 1495 1001 1513 eum

211 1524 302 1549 oratio.
336 1523 404 1550 Sunt
422 1524 500 1549 etiam
515 1524 542 1549 in
557 1523 706 1550 Gracchum
721 1523 878 1550 Tuberonis.
913 1525 939 1550 Is
953 1523 1004 1551 fuit

211 1560 351 1587 mediocris
374 1561 402 1586 in
423 1560 549 1591 dicendo,
577 1560 750 1587 doctissimus
775 1561 803 1587 in
829 1561 1000 1596 disputando.

212 1599 269 1623 448.
286 1598 354 1624 Tum
368 1598 481 1624 Brutus:
500 1597 585 1630 Quam
600 1598 649 1624 boc
661 1598 732 1624 idem
747 1598 774 1624 in
789 1599 886 1625 nostris
899 1599 1003 1625 contin-

210 1643 271 1670 gere
286 1634 414 1671 intelligo,
430 1635 502 1670 quod
515 1635 542 1661 in
557 1635 678 1662 Graecis!
705 1640 734 1661 ut
747 1644 839 1662 omnes
854 1635 908 1662 fere
921 1635 1002 1662 Stoici

211 1672 414 1706 prudentissimi
440 1673 467 1698 in
485 1672 641 1699 disserendo
663 1672 717 1698 sint
739 1677 764 1698 et
786 1672 814 1699 id
837 1677 891 1699 arte
906 1672 1002 1699 faciant
1022 1670 1024 1676 ⁴

210 1709 317 1744 sintque
336 1709 470 1735 architecti
489 1717 572 1744 paene
590 1709 741 1740 verborum,
761 1710 843 1736 iidem
862 1709 974 1736 traducti
988 1719 1002 1736 a

210 1746 373 1780 disputando
387 1746 419 1772 ad
433 1746 586 1778 dicendum,
601 1747 694 1781 inopes
709 1747 883 1781 reperiantur.
912 1747 1001 1774 Unum

210 1784 314 1818 excipio
337 1783 471 1814 Catonem.
495 1784 523 1809 in
541 1792 596 1818 quo
613 1783 808 1818 perfectissimo
826 1783 914 1810 Stoico
926 1793 1003 1811 sum-

210 1829 281 1847 mam
299 1820 478 1856 eloquentiam
497 1829 548 1847 non
566 1821 723 1852 desiderem,
740 1829 820 1856 quam
835 1822 959 1857 exiguam
974 1823 1002 1848 in
1023 1825 1024 1828 ’

211 1859 319 1889 Fannio,
340 1867 372 1884 ne
391 1858 417 1884 in
435 1858 535 1884 Rutilio
548 1858 658 1893 quidem
673 1867 804 1893 magnam,
821 1859 848 1884 in
863 1859 1001 1885 Tuberone

211 1895 312 1922 nullam
327 1895 404 1921 video
415 1894 507 1921 fuisse.
524 1897 580 1921 449.
592 1895 624 1921 Et
634 1904 690 1931 ego,
705 1896 771 1926 Non,
783 1896 998 1930 inquani,Brute,

210 1933 268 1959 sine
291 1941 393 1964 caussa,
419 1937 556 1967 propterea
577 1932 650 1967 quod
671 1933 783 1959 istorum
805 1933 833 1959 in
855 1932 1001 1960 dialecticis

209 1971 296 1997 omnis
314 1978 377 1996 cura
391 1970 566 2001 consumitur⁷
587 1978 685 2005 vagum
700 1969 767 1996 illud
781 1971 906 1996 orationis
919 1975 945 1996 et
959 1970 1002 1997 fu-

209 2016 271 2033 sum
285 2011 311 2033 et
324 2006 466 2042 multiplex
479 2016 531 2033 non
545 2006 686 2033 adhibetur
699 2015 794 2043 genus.
825 2007 899 2034 Tuus
912 2013 1000 2034 autem

210 2044 369 2074 avunculus,
394 2043 621 2078 quemadmodum
645 2045 706 2075 scis,
728 2044 807 2070 habet
824 2053 838 2070 a
853 2044 948 2071 Stoicis
962 2045 998 2076 id,

209 2082 282 2116 quod
295 2082 328 2108 ab
343 2081 396 2107 illis
412 2081 554 2116 petendum
570 2081 633 2114 fuit3
660 2081 707 2107 sed
725 2081 812 2108 dicere
826 2081 919 2108 didicit
932 2090 946 2108 a
959 2082 1001 2108 di-

209 2119 285 2146 cendi
309 2119 442 2154 magistris
465 2127 611 2153 eorumque
630 2126 701 2145 more
719 2127 747 2144 se
762 2120 890 2145 exercuit.
923 2118 1001 2151 Quod

209 2157 232 2182 si
250 2156 339 2183 onmia
352 2165 365 2182 a
381 2155 547 2190 philosophis
560 2160 649 2182 essent
662 2155 788 2190 petenda;
814 2156 1001 2191 Peripatetico-

209 2202 268 2219 rum
284 2193 413 2220 institutis
427 2193 593 2219 commodius
608 2193 752 2228 fingeretur
765 2194 855 2219 oratio.
873 2195 929 2220 ⁴20.
943 2193 1001 2226 Quo

209 2231 294 2266 magis
313 2235 399 2261 tuum,
419 2231 505 2260 Brute,
527 2230 656 2256 iudicium
675 2230 766 2264 probo,
791 2231 839 2265 qui
857 2239 948 2257 eorum
963 2231 1000 2266 (id

209 2272 248 2294 est
261 2276 295 2294 ex
309 2271 395 2294 vetere
408 2267 558 2302 Academia)
576 2267 796 2302 philosophorum
811 2273 909 2294 sectam
923 2276 1001 2295 secu-

208 2309 252 2331 tus
266 2313 426 2339 eS,quorum
438 2305 465 2331 in
475 2304 592 2331 doctrina
604 2309 682 2339 atque
694 2305 840 2339 praeceptis
851 2304 1000 2332 disserendi

209 2343 274 2368 ratio
295 2342 468 2377 coniungitur
489 2350 551 2368 cum
579 2342 709 2368 suavitate
732 2341 838 2368 dicendi
861 2347 886 2368 et
908 2343 998 2378 copia:

209 2387 371 2414 quamquam
390 2387 419 2405 ea
438 2379 495 2414 ipsa
514 2379 748 2414 Peripateticorum
765 2379 1001 2407 Academicorum-

209 2423 261 2450 que
283 2416 447 2443 consuetudo
469 2417 497 2442 in
520 2417 619 2442 ratione
637 2415 744 2443 dicendi
761 2415 821 2443 talis
839 2421 887 2448 est,
908 2422 938 2444 ut
952 2425 1000 2443 nec

209 2452 334 2486 perficere
355 2458 483 2480 oratorem
506 2454 590 2488 possit
612 2454 671 2488 ipsa
693 2461 741 2488 per
759 2462 818 2480 sese
837 2462 885 2480 nec
898 2455 956 2480 sine
969 2463 999 2480 ea

209 2494 294 2515 orator
307 2498 365 2516 esse
381 2490 523 2524 perfectus.
558 2491 633 2521 Nam,
654 2495 683 2516 ut
702 2490 850 2517 Stoicorum
869 2491 1000 2517 astrictior

209 2530 250 2552 est
262 2527 344 2553 oratio
357 2526 545 2562 aliquantoque
555 2528 718 2558 contractior,
726 2536 807 2562 quam
818 2536 896 2554 aures
906 2527 999 2563 populi

210 2563 357 2597 requirunt.
373 2564 411 2589 sic
426 2564 532 2590 illorum
547 2564 654 2591 liberior
666 2569 691 2591 et
706 2564 788 2595 latior.
805 2573 885 2599 quam
900 2566 1000 2600 patitur

208 2600 373 2626 consuetudo
385 2600 546 2627 indiciorum
560 2606 585 2628 et
599 2601 657 2628 fori.
695 2603 738 2628 424
747 2622 753 2627 .
768 2601 834 2634 Quis
847 2603 919 2628 enim
933 2602 1000 2629 ube-

1024 348 1027 371 3
1055 333 1115 358 dam
1140 332 1249 367 epistola
1270 332 1317 358 boc
1336 333 1393 367 ipse
1411 332 1444 358 de
1461 342 1528 359 sese.

209 2637 262 2663 rior
279 2637 306 2663 in
320 2637 432 2663 dicendo
445 2637 570 2664 Platone?
605 2639 694 2665 lovem
708 2639 783 2665 aiunt
796 2638 959 2673 philosophi.
975 2639 997 2665 si

209 2674 308 2700 Graece
322 2673 453 2709 loquatur,
469 2675 507 2701 sic
522 2675 604 2710 loqui.
619 2675 686 2708 Quis
699 2675 838 2702 Aristotele
852 2676 995 2706 nervosior.

996 151 1268 178 ‹zlcssltoxts

1056 221 1237 263 Theophrasto
1249 220 1370 247 dulcior·
1385 221 1555 248 Lectitavisu·
1570 222 1703 249 Plutonem
1714 223 1841 254 studiose.

1056 259 1191 285 audivisse
1205 259 1283 284 etiam
1299 259 1486 284 Demosthenes
1504 259 1615 285 dicitur:
1642 260 1724 302 idque
1736 267 1845 303 apparet

1055 305 1087 322 ιι
1102 304 1197 330 genere
1211 300 1236 321 et
1248 295 1394 330 granditate
1410 295 1559 322 verborum.
1576 297 1642 323 Dicit
1652 298 1731 324 etium
1742 299 1768 325 in
1777 307 1845 333 qu·-

1563 334 1615 360 Sed
1629 339 1654 360 et
1669 335 1750 361 huius
1762 336 1845 362 ontio

1057 371 1082 396 in
1098 369 1293 404 philosophiam
1309 368 1399 395 tralata
1413 371 1569 404 pugnacior.
1579 376 1607 397 ut
1622 372 1655 397 ita
1665 371 1761 402 dicam.
1771 372 1844 399 vide-

1057 412 1099 433 tur
1112 412 1137 432 et
1152 407 1257 433 illorum
1273 407 1299 433 in
1314 407 1411 433 iudicia
1426 409 1550 441 pacatior.

1110 444 1221 470 xxxii.
1244 446 1299 470 ⁴22.
1320 444 1396 469 Nunc
1414 443 1576 479 reliquorum
1590 450 1722 472 oratorum
1737 451 1841 474 aetates.

1056 482 1077 507 ai
1094 481 1186 516 placet.
1202 486 1228 507 et
1240 480 1339 515 gradus
1354 489 1554 516 pemflluumur.
1575 482 1657 508 Nobis
1672 491 1741 512 vero.
1758 483 1845 518 inquit

1056 519 1168 549 Atticus.
1192 523 1218 545 et
1236 518 1406 544 veliementer
1422 518 1541 552 quidem,
1563 523 1591 545 ut
1609 528 1656 554 pro
1673 520 1752 546 Bruto
1765 520 1844 547 etiam

1057 555 1239 591 respondeam.
1273 555 1353 582 Curio
1371 555 1421 581 fuit
1440 556 1520 591 igitur
1540 556 1660 582 eiusdem
1675 558 1766 583 aetatis
1780 557 1842 587 fere.

1055 602 1118 620 sane
1137 593 1249 619 illustris
1267 598 1361 623 orator.
1377 593 1456 619 cuius
1469 593 1502 619 dc
1515 593 1623 628 ingenio
1635 602 1668 620 ex
1681 595 1845 621 orationibus

1056 631 1114 656 eius
1127 631 1272 657 existimari
1288 634 1382 665 potest.
1407 630 1475 656 Sunt
1488 630 1559 656 enim
1573 635 1599 656 et
1612 630 1678 657 ali-e
1691 635 1717 657 et
1729 639 1776 666 pro
1786 631 1843 658 Ser.

1057 667 1152 694 Fulvio
1164 667 1197 694 de
1211 668 1312 694 incestu
1328 667 1425 693 nobilis
1438 668 1528 693 oratio.
1559 667 1641 694 Nobis
1653 668 1763 703 quidem
1779 676 1844 703 pue·

1056 705 1092 731 ris
1119 705 1182 731 haec
1199 705 1319 731 omnium
1338 705 1437 739 optima
1457 705 1612 739 putabatur.
1641 713 1709 740 quae
1728 706 1774 732 vix
1792 706 1843 732 iam

1055 747 1188 777 comparet
1198 742 1225 768 in
1237 742 1285 768 hac
1297 742 1373 768 turba
1384 750 1512 768 novorum
1521 741 1698 768 voluminum.
1708 743 1845 770 l23.Prae·

1055 778 1132 810 clare,
1149 779 1235 814 inquit
1249 779 1355 809 Brutus.
1371 783 1455 810 teneo.
1468 779 1514 814 qui
1527 779 1603 805 istam
1615 779 1719 806 turbam
1730 779 1845 806 volumi·

1057 825 1120 842 num
1135 816 1257 842 effecerit.
1279 816 1311 842 Et
1324 824 1381 851 ego.
1398 817 1517 851 inquam.
1531 816 1843 852 intelligo,Brute.quem

1055 854 1142 883 dicas;
1157 858 1226 879 certe
1240 853 1310 879 enim
1325 858 1350 879 et
1365 853 1425 879 boni
1437 852 1538 888 aliquid
1550 854 1689 880 attulimus
1700 855 1841 885 iuventuti,

1056 890 1278 926 magnificentius,
1298 899 1378 925 quam
1398 890 1491 921 fuerat,
1513 899 1598 926 genus
1611 891 1716 918 dicendi
1730 896 1755 918 et
1767 900 1844 918 orna-

1032 929 1033 942 ³
1056 928 1122 960 tius;
1144 932 1169 954 et
1192 928 1333 954 nocuimus
1355 927 1473 957 fortasse.
1497 927 1569 962 quod
1593 933 1693 954 veteres
1714 929 1844 955 orationes

1056 969 1115 1000 post
1128 970 1239 996 nostras,
1258 973 1309 991 non
1323 973 1337 990 a
1352 973 1394 990 me
1406 965 1516 999 quidem
1530 965 1607 999 (meis
1621 966 1691 992 enim
1702 965 1762 992 illas
1771 971 1845 992 antc-

1056 1002 1134 1037 pono)
1147 1002 1195 1028 sed
1208 1011 1221 1028 a
1237 1001 1372 1037 plerisque
1386 1001 1436 1038 legi
1451 1007 1513 1028 sunt
1527 1001 1636 1028 desitae.
1666 1002 1790 1033 Numera.
1803 1004 1845 1029 in-

1055 1040 1121 1074 quit,
1139 1048 1180 1065 me
1195 1040 1221 1065 in
1236 1039 1384 1074 plerisque:
1411 1048 1574 1074 quamquam
1591 1039 1668 1066 video
1681 1040 1747 1066 mihi
1762 1040 1844 1066 multa

1057 1076 1167 1113 legenda
1188 1077 1241 1102 iam
1265 1081 1289 1102 te
1312 1081 1425 1107 auctore.
1449 1085 1518 1112 quae
1539 1081 1614 1103 antea
1631 1077 1842 1104 contemnebam.

1058 1105 1114 1140 tiit.
1138 1114 1219 1149 Atqui
1243 1113 1315 1145 haec,
1338 1114 1457 1148 inquam.
1477 1113 1510 1140 de
1528 1114 1630 1140 incestu
1645 1113 1749 1141 laudata
1762 1115 1844 1141 oratio

1056 1151 1166 1186 puerilis
1180 1155 1220 1177 est
1235 1150 1298 1177 locis
1313 1150 1418 1177 multis:
1444 1151 1477 1177 de
1491 1159 1587 1182 amore.
1603 1150 1636 1177 de
1650 1152 1796 1182 tormentis,
1811 1151 1845 1178 de

1055 1187 1227 1219 rumore.loci
1242 1196 1304 1214 sane
1319 1188 1425 1220 inanes;
1442 1193 1633 1219 verumtamen,
1646 1188 1763 1215 nondum
1776 1189 1844 1215 tritis

1024 1219 1033 1264 ξ
1055 1230 1204 1252 nostrorum
1220 1225 1358 1252 hominum
1373 1226 1483 1252 auribus
1497 1234 1545 1252 nec
1558 1225 1660 1252 erudita
1673 1226 1788 1256 civitate.
1805 1231 1845 1253 to·

1056 1262 1188 1289 lerabiles.
1215 1262 1328 1305 Scripsit
1342 1263 1420 1289 etiam
1435 1262 1485 1289 alia
1499 1262 1627 1289 nonnulla
1641 1268 1666 1289 et
1679 1262 1762 1289 multa
1775 1263 1845 1290 dixit

1055 1338 1143 1368 mirer
1166 1346 1252 1372 quum
1275 1341 1301 1363 et
1318 1337 1372 1363 vita
1392 1338 1626 1372 suppeditavisset.
1643 1342 1668 1363 et
1681 1337 1807 1372 splendor
1819 1338 1844 1364 ei

1054 1383 1106 1401 non
1120 1374 1258 1405 defuisset,
1266 1373 1403 1400 consulem
1415 1383 1466 1401 non
1482 1374 1575 1401 fuisse.
1590 1373 1713 1401 XXXIII.
1723 1376 1779 1402 «25
1791 1374 1844 1401 Sed

1030 1412 1032 1414 ’
1053 1420 1113 1438 ecce
1127 1412 1154 1438 in
1169 1412 1293 1438 manibus
1308 1412 1356 1442 vir,
1372 1416 1398 1438 et
1411 1412 1754 1447 praestantissimoingenio
1763 1417 1788 1438 et
1798 1411 1844 1438 na-

1054 1449 1141 1485 granti
1164 1448 1254 1475 studio
1271 1453 1296 1475 et
1313 1448 1407 1475 doctus
1421 1458 1435 1475 a
1449 1457 1540 1483 puero,
1557 1449 1586 1476 C.
1603 1449 1749 1476 Gracchus.
1784 1449 1843 1476 Noli

1054 1487 1125 1513 enim
1140 1491 1241 1521 putare,
1257 1494 1430 1521 quemquam.
1446 1487 1533 1517 Brute,
1546 1486 1691 1521 pleniorem
1703 1491 1728 1513 et
1738 1486 1844 1513 uberio-

1054 1533 1109 1550 rem
1124 1524 1156 1550 ad
1170 1523 1313 1550 dicendum
1329 1523 1421 1550 fuisse.
1443 1523 1476 1550 Et
1490 1523 1543 1554 ille.
1560 1523 1604 1550 Sic
1617 1524 1840 1559 prorsus.inquit‚

1053 1562 1178 1588 existimo
1200 1565 1279 1596 atque
1301 1561 1384 1587 istum
1406 1560 1439 1587 de
1457 1561 1642 1596 superioribus
1659 1569 1742 1596 paene
1755 1561 1843 1588 solum

1055 1598 1122 1634 lego.
1157 1599 1240 1624 Immo
1261 1597 1348 1632 plane,
1372 1598 1492 1632 inquam,
1518 1598 1610 1629 Brute.
1639 1597 1711 1634 legas
1736 1606 1841 1625 censeo.

1053 1636 1184 1662 Damnum
1202 1635 1273 1661 enim
1291 1634 1366 1661 illius
1380 1635 1522 1662 immaturo
1535 1635 1642 1662 interitu
1656 1643 1698 1662 res
1711 1635 1843 1662 Romanae

1054 1673 1215 1707 Latinaeque
1238 1671 1339 1698 litterae
1360 1671 1488 1699 fecerunt.
1523 1674 1579 1699 4Ξ6.
1599 1672 1705 1699 Utinam
1723 1681 1776 1699 non
1789 1677 1842 1699 tam

1054 1709 1126 1736 fratri
1148 1710 1286 1744 pietatem.
1311 1717 1392 1744 quam
1419 1710 1517 1744 patriae
1543 1714 1675 1744 praestare
1697 1709 1841 1736 voluisset!

1052 1755 1134 1782 quam
1152 1746 1198 1773 ille
1216 1745 1292 1772 facile
1310 1746 1356 1772 tali
1374 1747 1490 1782 ingenio,
1510 1746 1614 1773 diutius
1627 1747 1650 1773 si
1664 1747 1784 1777 vin'sset.
1800 1746 1841 1773 vel

1053 1789 1190 1819 paternam
1203 1788 1273 1810 esset
1286 1783 1328 1810 vel
1338 1784 1435 1810 avitam
1446 1783 1559 1820 gloriam
1568 1785 1766 1819 consequutus!
1780 1784 1843 1811 Elo—

1052 1822 1160 1856 quentia
1173 1820 1284 1856 quidem
1298 1821 1387 1847 nescio
1400 1829 1433 1847 an
1447 1821 1586 1848 habuisset
1596 1829 1685 1856 parem
1697 1822 1839 1848 neminem.

1053 1858 1168 1886 Grandis
1190 1862 1230 1884 est
1252 1858 1350 1889 verbis,
1375 1859 1482 1893 sapiens
1504 1859 1651 1889 sententiis.
1675 1867 1772 1894 genere
1789 1863 1843 1885 toto

1052 1896 1155 1932 gravis:
1183 1903 1278 1921 manus
1295 1899 1413 1922 extrema
1431 1903 1483 1922 non
1500 1896 1611 1922 accessit
1627 1895 1755 1930 operibus
1767 1896 1840 1922 eius:

1022 1927 1025 1935 Α
1053 1932 1185 1968 praeclare
1198 1932 1319 1958 inchoata
1333 1932 1426 1963 multa,
1442 1932 1557 1967 perfecta
1570 1941 1623 1959 non
1637 1932 1724 1967 plane.
1740 1933 1843 1968 Legen—

1052 1970 1112 2001 dus,
1129 1970 1250 2004 inquam,
1265 1974 1305 1995 est
1319 1969 1362 1996 hic
1371 1970 1560 2000 orator,Brute,
1572 1970 1595 1996 si
1604 1971 1750 2005 quisquam
1760 1969 1839 2001 alius,

1052 2007 1194 2034 iuventuti.
1229 2007 1286 2033 Non
1304 2007 1376 2033 enim
1392 2006 1480 2033 solum
1499 2015 1601 2033 acuere.
1620 2006 1666 2033 sed
1680 2007 1760 2033 etiam
1773 2006 1842 2034 alere

1051 2045 1191 2080 ingenium
1205 2048 1300 2078 potest.

1109 2082 1166 2108 427.
1186 2081 1253 2107 Huic
1266 2081 1396 2107 successit
1408 2081 1485 2106 aetati
1500 2080 1529 2107 C.
1545 2080 1642 2112 Galba,
1662 2080 1749 2108 Servii
1767 2080 1841 2108 illius

1052 2119 1265 2154 eloquentissimi
1279 2118 1329 2144 viri
1344 2117 1461 2148 filius,P.
1469 2117 1557 2144 Crassi
1566 2117 1716 2153 eloquentis
1725 2123 1752 2145 et
1760 2118 1842 2145 iuris-

1052 2157 1129 2191 periti
1143 2164 1233 2191 gener.
1257 2155 1411 2181 Laudabant
1425 2155 1497 2181 hunc
1509 2160 1597 2190 patres
1610 2155 1702 2186 nostri,
1718 2154 1842 2182 favebant

1051 2194 1130 2220 etiam
1144 2197 1251 2228 propter
1265 2192 1346 2226 patris
1360 2193 1528 2224 memoriam,
1550 2192 1598 2219 sed
1606 2191 1738 2219 oeeiditin
1747 2200 1838 2219 cursu.

1051 2231 1117 2256 Nam
1140 2229 1275 2266 rogatione
1297 2228 1426 2259 Mamilia.
1455 2229 1627 2265 Iugurthinae
1651 2229 1840 2256 coniurationis

1051 2267 1160 2297 invidia.
1180 2275 1267 2301 quum
1287 2275 1334 2301 pro
1352 2275 1410 2292 sese
1423 2267 1481 2301 ipse
1494 2266 1615 2297 dixisset,
1630 2274 1776 2301 oppressus
1789 2272 1838 2293 ost.

1050 2305 1142 2331 Exstat
1156 2304 1214 2330 eius
1228 2304 1366 2338 peroratio,
1381 2304 1430 2338 qui
1443 2303 1566 2340 epilogus
1578 2303 1688 2330 dicitur:
1710 2304 1759 2338 qui
1770 2308 1841 2331 tanto

1051 2342 1079 2368 in
1097 2342 1195 2368 honore
1213 2341 1304 2375 pueris
1323 2341 1400 2367 nobis
1419 2345 1481 2372 erat,
1498 2345 1528 2367 ut
1539 2349 1602 2367 eum
1615 2340 1695 2366 etiam
1709 2341 1840 2367 ediscere-

1051 2387 1122 2405 mus.
1156 2378 1212 2409 Hic,
1231 2378 1280 2413 qui
1294 2378 1321 2404 in
1335 2377 1448 2413 collegio
1461 2377 1627 2404 sacerdotum
1640 2383 1719 2408 esset,
1735 2379 1839 2413 primus

1051 2421 1109 2451 post
1124 2416 1232 2442 Romam
1247 2415 1380 2442 conditam
1393 2415 1493 2441 iudicio
1506 2414 1614 2449 publico
1627 2419 1667 2441 est
1679 2415 1840 2441 condemna-

1051 2459 1104 2479 tus.
1138 2452 1262 2479 XXXIV.
1289 2454 1346 2478 428.
1370 2452 1398 2478 P.
1414 2451 1512 2486 Scipio,
1535 2452 1582 2486 qui
1601 2456 1641 2478 est
1658 2452 1686 2478 in
1699 2451 1839 2478 consulatu

1050 2495 1180 2520 mortuus,
1197 2499 1249 2516 non
1264 2489 1378 2516 multum
1392 2488 1438 2515 ille
1450 2488 1560 2523 quidem
1575 2497 1623 2515 nec
1637 2497 1715 2524 saepe
1724 2488 1836 2520 dicebat,

1049 2528 1096 2553 sed
1114 2532 1140 2554 et
1158 2527 1249 2553 Latine
1268 2526 1401 2561 loquendo
1413 2526 1501 2552 cuivis
1514 2530 1568 2552 erat
1583 2534 1630 2561 par
1642 2531 1668 2552 et
1680 2534 1772 2552 omnes
1783 2525 1839 2552 sale

1051 2564 1206 2599 facetiisque
1227 2563 1380 2598 superabat.
1412 2563 1478 2589 Eius
1497 2562 1598 2598 collega
1616 2563 1646 2589 L.
1661 2563 1748 2589 Bestia
1761 2563 1838 2589 bonis

1050 2602 1134 2628 initiis
1155 2609 1233 2628 orsus
1256 2600 1417 2630 tribunatus,
1442 2600 1449 2634 (
1457 2608 1516 2625 nam
1541 2600 1570 2626 P.
1595 2599 1739 2634 Popillium
1757 2600 1784 2626 vi
1807 2599 1836 2626 C.

1050 2638 1162 2665 Gracchi
1176 2638 1320 2671 expulsum
1334 2645 1383 2663 sua
1397 2637 1530 2672 rogatione
1543 2636 1728 2672 restituit‚)vir
1741 2642 1767 2663 et
1779 2644 1839 2663 acer

1049 2680 1074 2701 et
1098 2684 1150 2702 non
1171 2674 1326 2703 indisertus.
1350 2674 1437 2700 tristes
1455 2674 1543 2700 exitus
1561 2674 1654 2700 habuit
1671 2673 1836 2700 consulatus.
