1941 3052
380 153 565 181 ORATIO
598 153 629 179 11.

61 228 116 255 cies
127 236 141 254 a
151 230 270 253 monstro
279 225 326 252 illo
337 229 416 260 atque
427 225 549 261 prodigio
560 224 701 251 moenibus
711 224 778 258 ipsis
789 223 856 249 intra

62 265 165 292 moenia
177 263 384 298 comparabitur.
405 262 493 298 Atque
505 263 576 288 hunc
586 261 696 297 quidem
709 270 793 287 unum
806 261 857 286 hu-

61 303 106 330 ius
120 301 185 328 belli
200 301 339 328 domestici
354 300 451 326 ducem
466 301 525 326 sine
539 299 718 326 controversia
731 299 855 324 vicimus.

61 340 120 366 Non
135 339 207 365 enim
222 338 275 364 iam
291 338 359 364 inter
375 337 455 363 latera
470 341 558 363 nostra
570 337 623 363 sica
634 335 680 362 illa
691 336 854 362 versabitur:

61 377 154 404 nonin
165 384 270 410 campo,
285 375 375 401 nonin
388 374 456 405 foro,
470 375 561 401 nonin
572 374 659 405 curia,
677 382 730 400 non
741 373 857 407 denique

61 414 130 441 intra
150 413 310 439 domesticos
325 413 438 447 parietes
454 413 684 446 pertimescemus.
725 411 792 437 Loco
813 410 858 436 ille

62 455 151 478 motus
167 455 219 482 est,
237 459 323 485 quum
338 454 378 475 est
393 458 426 476 ex
436 450 506 476 Urbe
522 448 663 484 depulsus.
702 448 793 474 Palam
805 448 857 473 iam

61 497 123 515 cum
136 488 220 518 hoste,
230 487 304 514 nullo
315 487 486 522 impediente,
495 486 596 513 bellum
608 486 711 512 iustum
722 493 856 521 geremus.

62 526 126 553 Sine
136 525 220 552 dubio
231 524 398 560 perdidimus
415 525 563 555 hominem,
582 523 777 559 magnificeque
793 522 860 547 vici-

62 572 138 594 mus,
161 571 247 598 quum
262 562 340 588 illum
357 570 390 588 ex
405 561 516 588 occultis
531 561 638 587 insidiis
649 561 674 586 in
688 564 808 594 apertum
823 559 859 584 la-

62 600 206 628 trocinium
218 600 392 626 coniecimus.
432 601 458 626 2.
480 598 557 631 Quod
573 607 635 624 vero
650 606 701 624 non
717 601 857 623 cruentum

62 646 228 668 mucronem,
241 642 271 664 ut
282 637 380 668 voluit,
394 636 502 667 extulit,
516 635 588 670 quod
600 636 670 661 vivis
682 635 758 661 nobis
770 642 859 669 egres-
879 656 880 678 Χ

62 685 111 703 sus
122 679 171 707 est,
184 675 257 710 quod
267 675 291 701 ei
303 674 403 700 ferrum
415 674 448 700 de
459 673 585 699 manibus
597 673 772 702 extorsimus,
785 671 858 706 quod
879 695 880 702 ,

62 712 212 740 incolumes
223 713 305 743 cives,
318 711 391 746 quod
402 716 516 737 stantem
528 710 625 737 Urbem
637 709 759 744 reliquit:
773 717 859 743 quan-
879 724 881 751 κ,

63 755 90 777 to
100 750 207 776 tandem
219 749 296 776 illum
309 757 427 775 maerore
438 747 567 774 afflictum
578 756 637 774 esse
649 752 674 773 et
690 746 858 781 profligatum
879 754 881 777 ζ

63 786 183 823 putatis?
193 788 260 813 Iacet
271 786 317 812 ille
328 794 399 812 nunc
411 790 568 820 prostratus,
582 784 708 817 Quirites,
722 788 747 810 et
758 792 786 809 se
798 792 860 818 per·
879 781 881 805 l

62 825 170 852 culsum
181 828 262 859 atque
273 824 406 849 abiectum
418 832 477 849 esse
487 823 576 853 sentit,
588 827 614 848 et
625 826 757 856 retorquet
769 821 859 847 oculos
880 827 881 860 ᾗ

62 862 180 898 profecto
191 870 270 896 saepe
281 861 313 887 ad
325 861 392 887 hanc
403 861 497 886 urbem
505 881 511 891 ,
529 869 610 895 quam
621 868 655 886 ex
665 860 723 885 suis
735 858 859 885 faucibus
880 863 882 892 ζ

63 904 179 935 ereptam
191 907 250 925 esse
262 898 349 934 luget:
361 907 431 933 quae
441 898 552 933 quidem
565 897 654 924 laetari
666 897 731 923 mihi
743 896 857 927 videtur,
880 919 882 932 ,

62 937 136 973 quod
148 941 246 963 tantam
258 940 361 971 pestem
373 936 522 962 evomuerit
533 935 656 970 forasque
667 934 816 970 proiecerit.

117 975 149 1001 11.
163 976 186 1001 3.
208 974 243 1000 At
253 974 276 1000 si
287 974 349 1008 quis
361 978 400 999 est
412 973 485 1004 talis,
503 972 597 1008 quales
609 981 667 998 esse
678 980 771 999 omnes
782 980 861 1006 opor-

63 1011 147 1043 tebat,
170 1012 218 1047 qui
234 1011 261 1038 in
277 1011 326 1038 hoc
341 1011 414 1046 ipso,
437 1011 465 1037 in
480 1019 535 1046 quo
550 1010 667 1036 exsultat
677 1014 702 1036 et
713 1009 861 1044 triumphat
881 1006 883 1033 l

63 1049 146 1076 oratio
156 1057 228 1080 mea,
241 1057 284 1075 me
296 1048 467 1075 vehementer
477 1052 596 1079 accuset,
613 1047 686 1082 quod
698 1052 750 1073 tam
761 1047 861 1081 capita-
881 1044 883 1070 ἐ

64 1086 116 1114 lem
129 1087 232 1114 hostem
244 1095 296 1112 non
311 1086 559 1121 comprehenderim
576 1086 678 1120 potius,
696 1094 778 1120 quam
795 1084 862 1110 emi-
882 1078 883 1086 ¹

64 1125 160 1151 serim:
183 1133 235 1150 non
247 1128 288 1150 est
298 1124 348 1150 ista
359 1132 417 1150 mea
429 1123 522 1159 culpa,
544 1123 676 1155 Quirites,
699 1122 746 1148 sed
758 1127 862 1156 tempo-

63 1170 135 1189 rum.
175 1162 366 1196 interemptum
382 1169 442 1187 esse
457 1162 486 1187 L.
504 1160 645 1188 Catilinam
661 1165 687 1186 et
701 1160 862 1195 gravissimo

64 1198 199 1235 supplicio
209 1199 331 1225 affectum
343 1198 503 1234 iampridem
519 1199 668 1234 oportebat,
691 1198 773 1233 idque
789 1206 802 1223 a
820 1205 862 1223 me

64 1241 90 1263 et
105 1245 163 1264 mos
178 1237 310 1263 maiorum
325 1241 350 1263 et
365 1237 447 1263 huius
463 1237 568 1272 imperii
585 1236 712 1262 severitas
728 1240 753 1262 et
768 1243 863 1269 respu-

64 1273 135 1301 blica
155 1274 316 1309 postulabat.
348 1273 402 1300 Sed
422 1283 504 1309 quam
525 1273 625 1300 multos
646 1273 730 1299 fuisse
751 1273 860 1307 putatis,

65 1312 122 1347 qui,
136 1320 205 1346 quae
215 1320 264 1347 ego
274 1311 414 1343 deferrem,
429 1321 481 1338 non
492 1310 648 1338 crederent‘?
658 1319 739 1346 quam
751 1310 860 1341 multos,

65 1350 113 1384 qui
134 1353 240 1384 propter
260 1348 401 1375 stultitiam
423 1358 475 1376 non
494 1348 635 1384 putarent?
654 1357 736 1383 quam
753 1347 860 1378 multos,

64 1387 113 1422 qui
125 1387 204 1413 etiam
216 1386 406 1413 defenderent?
420 1395 501 1422 quam
513 1386 622 1417 multos,
635 1386 682 1421 qui
695 1390 801 1420 propter
813 1385 864 1411 im-

65 1424 226 1459 probitatem
238 1423 375 1450 faverent‘?
394 1424 432 1450 Ac
443 1425 480 1455 si,
493 1424 600 1450 sublato
612 1423 666 1454 illo,
680 1423 779 1458 depelli
791 1431 805 1449 a
817 1431 864 1449 vo-

66 1462 109 1488 bis
129 1470 208 1488 omne
228 1461 378 1496 periculum
400 1462 560 1493 iudicarem,
582 1462 635 1488 iam
652 1461 756 1496 pridem
772 1469 821 1496 ego
832 1460 862 1486 L.

66 1498 208 1526 Catilinam
221 1507 272 1525 non
284 1499 362 1525 modo
374 1499 491 1525 invidiae
502 1507 584 1530 meae,
598 1507 691 1525 verum
703 1499 782 1524 etiam
795 1498 864 1523 vitae

66 1536 187 1572 periculo
198 1536 382 1563 sustulissem.
405 1538 429 1563 4.
438 1536 490 1563 Sed
502 1545 587 1572 quum
600 1536 729 1567 viderem,
744 1544 775 1562 ne
787 1535 864 1561 vobis

66 1574 178 1609 quidem
190 1574 316 1601 omnibus
328 1582 355 1600 re
366 1575 445 1600 etiam
462 1579 519 1600 tum
536 1574 658 1609 probata,
681 1574 704 1600 si
721 1573 812 1604 illum,
835 1577 865 1598 ut

66 1616 123 1638 erat
134 1612 259 1642 meritus,
277 1616 361 1638 morte
373 1612 559 1643 mulctassem‚
574 1611 641 1642 fore,
655 1615 685 1637 ut
696 1611 755 1637 eius
767 1611 862 1640 socios,

66 1649 170 1676 invidia
189 1657 348 1684 oppressus,
372 1650 498 1684 persequi
520 1658 572 1676 non
594 1657 709 1684 possem,
733 1657 789 1674 rem
811 1648 864 1674 hut·

66 1686 178 1718 deduxi,
191 1691 221 1713 ut
231 1690 287 1712 tum
301 1686 387 1722 palam
400 1695 520 1723 pugnare
532 1687 749 1722 possetis,quum
762 1686 864 1712 hostem

67 1728 157 1759 aperte
168 1724 308 1751 videretis:
325 1733 406 1760 quem
418 1724 528 1760 quidem
541 1733 590 1760 ego
601 1724 718 1755 hostem,
736 1723 863 1756 Quirites,

67 1769 149 1797 quam
165 1761 338 1788 vehementer
353 1761 417 1788 foris
432 1771 490 1788 esse
506 1761 656 1788 timendum
676 1766 782 1797 putem,
807 1760 866 1787 licet

68 1797 131 1825 binc
142 1798 312 1834 intelligatis,
330 1799 403 1834 quod
415 1799 482 1826 illud
493 1800 572 1826 etiam
585 1799 696 1826 moleste
708 1799 775 1831 fero,
793 1798 866 1833 quod

68 1843 103 1863 ex
113 1836 183 1863 Urbe
194 1844 289 1871 parum
301 1838 442 1863 comitatus
453 1837 558 1864 exierit.
599 1837 704 1863 Utinam
716 1836 762 1863 ille
773 1845 866 1863 omnes

69 1881 162 1901 secum
173 1882 237 1900 suas
248 1875 338 1909 copias
349 1874 502 1901 eduxisset!
516 1874 670 1910 Tongilium
683 1874 749 1900 mihi
761 1874 864 1905 eduxit,

68 1919 150 1946 quem
163 1919 251 1938 amare
262 1911 289 1937 in
301 1916 436 1946 praetexta
449 1910 603 1948 [calumnia]
616 1916 751 1947 coeperat:
774 1911 868 1937 Publi—-

69 1948 142 1975 cium
153 1953 179 1975 et
190 1949 354 1981 Munatium,
371 1958 486 1984 quorum
499 1958 542 1976 aes
554 1949 685 1981 alienum,
702 1953 866 1976 contractum

68 1986 98 2013 in
110 1986 221 2020 popina,
240 1985 345 2013 nullum
358 1987 521 2022 reipublicae
533 1991 635 2014 motum
647 1987 739 2014 all‘erre
750 1991 865 2022 poterat:

67 2022 180 2058 reliquit
190 2031 258 2058 quos
270 2023 355 2050 virosi
377 2028 479 2059 quanto
490 2033 548 2051 aere
560 2024 660 2051 alieno!
682 2033 764 2059 quam
777 2024 868 2050 valen-

67 2060 123 2087 tes!
135 2068 217 2095 quam
230 2060 347 2087 nobilest
374 2062 417 2088 111.
430 2063 455 2088 5.
468 2062 559 2097 Itaque
570 2071 620 2098 ego
630 2062 707 2088 illum
719 2062 867 2088 exercitum

68 2101 95 2125 et
106 2097 252 2124 Gallicanis
264 2097 414 2134 legionibus
426 2103 452 2125 et
463 2099 512 2125 hoc
527 2099 645 2131 delectu,
665 2108 746 2134 quem
762 2100 789 2125 in
805 2107 868 2135 agro

68 2134 167 2162 Piceno
182 2139 208 2161 et
223 2134 326 2162 Gallico
342 2135 373 2168 Q.
392 2136 515 2162 Metellus
531 2136 638 2168 habuit.
661 2141 688 2163 et
708 2137 750 2163 his
771 2137 865 2171 copiis,

68 2180 139 2208 quae
149 2181 164 2198 a
176 2172 253 2199 nobis
264 2173 384 2207 quotidie
395 2178 596 2208 comparantur,
609 2183 706 2210 magno
716 2183 794 2209 opere
805 2183 868 2200 con-

69 2214 172 2243 temn03
186 2209 329 2236 collectum
341 2219 373 2237 ex
385 2211 495 2237 senibus
507 2211 663 2246 desperatis,
672 2220 706 2238 ex
716 2212 812 2247 agresti
827 2211 868 2237 lu-

69 2248 161 2279 xuria,
175 2256 209 2274 ex
220 2248 328 2274 rusticis
340 2248 538 2280 decoctoribus,
551 2257 585 2275 ex
596 2249 642 2280 iis.
655 2249 702 2284 qui
716 2249 867 2275 vadimonia

70 2283 205 2316 deserere,
219 2293 300 2320 quam
313 2285 390 2312 illum
402 2286 564 2317 exercitum,
576 2286 743 2313 maluerunt:
765 2286 867 2321 quibus

71 2329 120 2358 ego
132 2331 183 2349 non
194 2322 273 2349 modo
283 2323 307 2349 si
318 2323 401 2349 aciem
413 2324 547 2350 exercitus
562 2324 645 2350 nostri
654 2344 660 2355 ,
677 2332 771 2350 verum
787 2324 867 2350 etiam

71 2359 95 2386 si
105 2359 223 2386 edictum
235 2361 363 2395 praetoris
374 2360 522 2392 ostendero,
535 2361 684 2387 concident.
725 2361 786 2392 llos,
799 2369 868 2396 quos

71 2396 150 2423 video
169 2397 280 2424 volitare
300 2398 328 2424 in
349 2397 417 2429 foro,
439 2407 508 2433 quos
524 2402 592 2424 stare
608 2398 641 2424 ad
661 2398 778 2429 curiam,
799 2407 868 2433 quos

71 2434 150 2460 etiam
162 2435 189 2461 in
206 2439 329 2462 senatum
346 2436 449 2467 venire,
471 2436 520 2471 qui
537 2436 621 2462 nitent
637 2436 798 2471 unguentis,
820 2436 867 2470 qui

71 2469 177 2507 fulgent
192 2480 324 2507 purpura,
342 2472 450 2499 mallem
465 2482 558 2499 secum
569 2481 633 2499 suos
645 2472 746 2499 milites
757 2472 869 2499 eduxis-

71 2512 125 2535 set:
141 2509 189 2544 qui
200 2509 223 2536 si
235 2509 279 2536 hic
290 2515 459 2544 permanent,
473 2515 646 2540 mementote,
664 2518 716 2536 non
729 2514 780 2536 tam
792 2518 869 2536 excr-

71 2545 154 2572 citum
166 2545 244 2573 illum
255 2555 315 2573 esse
327 2548 415 2579 nobis,
429 2556 510 2583 quam
525 2548 585 2578 hos,
603 2547 651 2582 qui
662 2548 810 2573 exercitum
822 2546 869 2573 de—

71 2588 222 2614 seruerunt,
236 2585 473 2619 pertimescendos.
510 2586 597 2620 Atque
609 2585 658 2611 hoc
669 2585 748 2611 etiam
760 2589 824 2610 sunt
836 2584 869 2610 ti-

71 2620 162 2647 mendi
174 2621 259 2657 magis
267 2642 273 2653 ,
286 2622 372 2657 quod,
384 2622 452 2658 quid
462 2622 590 2658 cogitent,
605 2630 647 2648 me
658 2622 726 2648 scire
737 2622 865 2653 sentiunt.

72 2664 158 2692 neque
169 2662 256 2685 tamen
270 2664 468 2694 permoventur.
509 2662 533 2686 6.
555 2659 652 2689 Video.
669 2659 713 2685 cui
725 2659 822 2694 Apulia
833 2659 869 2686 sit

71 2694 205 2728 attributa,
217 2695 280 2732 quis
292 2696 387 2724 habeat
396 2697 540 2729 Etruriam,
552 2697 616 2733 quis
627 2697 866 2733 agruml’icenum.

664 153 712 179 ΙΝ
744 153 774 178 L.
809 151 1104 179 CATILINAM.
1139 151 1238 178 CAP.
1274 152 1282 176 l

1308 166 1344 170 —-
1365 152 1389 176 5.
1657 151 1700 176 424

909 223 971 257 quis
983 222 1131 253 Gallicum,
1154 222 1216 257 quis
1232 221 1285 248 sibi
1301 221 1349 247 has
1366 220 1481 247 urbanas
1494 219 1605 246 insidias
1616 220 1706 246 caedis

909 265 988 295 atque
1004 260 1188 286 incendiorum
1209 259 1402 293 depoposcerit.
1443 257 1538 284 Omnia
1560 258 1705 292 superioris

910 297 994 324 noctis
1006 297 1117 323 consilia
1129 297 1161 323 ad
1173 305 1215 322 me
1226 296 1313 322 delata
1324 304 1383 322 esse
1398 295 1530 322 sentiunt:
1554 295 1667 330 patefeci
1678 296 1705 321 in

911 340 1005 360 senatu
1018 335 1143 360 hesterno
1154 334 1210 360 die:
1225 334 1337 360 Catilina
1350 334 1407 368 ipse
1419 333 1567 368 pertimuit,
1576 332 1704 368 profugit:

909 372 937 398 hi
959 372 1023 406 quid
1045 370 1218 406 exspectant?
1237 372 1291 397 Nae
1311 371 1352 397 illi
1373 370 1544 396 vehementer
1560 374 1660 401 errant,
1683 370 1705 396 si

910 409 983 435 illam
1000 418 1086 435 meam
1102 409 1243 444 pristinam
1265 408 1400 435 lenitatem
1421 412 1578 443 perpetuam
1599 412 1707 443 sperant

910 446 1037 473 futuram.

966 484 1008 510 lV.
1026 483 1103 515 Quod
1114 483 1280 518 exspectavi,
1297 483 1350 509 iam
1366 492 1427 509 sum
1443 487 1596 513 assecutus,
1614 486 1643 508 ut
1659 491 1707 508 vos

909 530 1003 548 omnes
1020 521 1115 547 factam
1131 529 1190 547 esse
1205 525 1294 555 aperte
1308 521 1517 546 coniurationem
1534 524 1623 546 contra
1637 528 1708 545 rem-

910 559 1047 593 publicam
1059 559 1199 584 videretis:
1213 558 1264 584 nisi
1277 566 1339 584 vero
1350 558 1373 584 si
1384 558 1446 593 quis
1458 562 1505 588 cst,
1519 558 1566 592 qui
1579 557 1707 584 Catilinae

911 596 1013 622 similes
1029 605 1091 622 cum
1103 596 1215 622 Catilina
1232 596 1329 621 sentire
1345 604 1396 621 non
1410 600 1492 630 putet.
1534 596 1591 621 Non
1603 599 1643 620 est
1655 596 1707 620 iam

912 633 1012 659 lenitati
1035 633 1122 659 locus:
1145 634 1314 659 severitatem
1335 641 1377 658 res
1393 633 1451 667 ipsa
1468 632 1575 668 flagitat.
1617 632 1707 658 Unum

911 672 990 697 etiam
1003 679 1073 696 nunc
1085 670 1242 697 concedam:
1265 675 1374 700 exeant,
1388 670 1602 704 proficiscantur,
1617 678 1649 695 ne
1662 678 1709 704 pa-

911 709 1010 734 tiantur
1030 708 1164 734 desiderio
1185 708 1228 734 sui
1249 707 1389 734 Catilinam
1411 708 1541 733 miserum
1563 707 1707 733 tabescere.

911 746 1101 771 Demonstrabo
1112 746 1175 771 iter:
1188 744 1295 771 Aurelia
1307 745 1350 770 via
1362 744 1496 779 profectus
1508 749 1560 770 est:
1574 745 1597 770 si
1609 744 1710 770 accele-

911 792 968 809 rare
980 782 1077 813 volent,
1092 782 1124 808 ad
1138 791 1274 817 vesperam
1287 787 1493 816 consequentur.
1518 783 1544 807 7.
1557 782 1579 807 Ο
1592 781 1710 808 fortuna-

912 825 965 846 tam
978 820 1181 855 rempublicam,
1190 819 1334 855 siquidem
1347 820 1415 845 hanc
1426 819 1558 845 sentinam
1570 819 1652 844 huius
1664 828 1710 845 ur-

912 858 954 884 bis
966 858 1086 884 eiecerit!
1100 858 1157 884 Uno
1167 856 1320 883 mehercule
1328 857 1440 884 Catilina
1451 857 1592 887 exhausto,
1607 856 1709 882 releva-

913 901 937 922 ta
952 896 1019 921 mihi
1035 900 1061 922 et
1081 900 1195 921 recreata
1216 895 1368 929 respublica
1391 894 1506 920 videtur.
1547 894 1618 926 Quid
1639 894 1709 920 enim

913 933 975 959 mali
991 938 1036 959 aut
1051 933 1160 959 sceleris
1177 933 1241 968 fingi
1257 936 1302 958 aut
1317 933 1426 967 cogitari
1447 936 1546 966 potest,
1569 931 1641 966 quod
1659 940 1709 957 non

913 971 958 997 ille
969 970 1138 1005 conceperit?
1148 970 1215 1002 Quis
1227 974 1277 996 tota
1290 970 1363 996 Italia
1376 969 1521 999 veneficus,
1535 970 1597 1004 quis
1608 968 1712 1004 gladia-

913 1013 965 1040 tor,
978 1009 1041 1043 quis
1054 1008 1131 1039 latro,
1145 1009 1207 1043 quis
1218 1008 1345 1038 sicarius,
1362 1008 1425 1042 quis
1437 1007 1581 1041 parricida,
1598 1007 1661 1041 quis
1672 1011 1712 1032 te»

913 1051 1105 1072 stamentorum
1117 1046 1265 1076 subiector,
1279 1045 1342 1080 quis
1353 1045 1578 1079 circumscriptor,
1592 1045 1654 1079 quis
1665 1052 1713 1079 ga-

914 1093 976 1115 neo,
995 1084 1058 1119 quis
1071 1092 1166 1118 nepos,
1184 1083 1247 1118 quis
1259 1082 1375 1114 adulter,
1393 1091 1462 1118 quae
1478 1082 1576 1108 mulier
1592 1081 1709 1112 infamis,

913 1122 975 1157 quis
987 1126 1126 1156 corruptor
1136 1121 1296 1152 iuventutis,
1309 1121 1372 1155 quis
1383 1125 1535 1154 corruptus,
1549 1120 1611 1154 quis
1623 1119 1713 1154 perdi-

914 1164 957 1185 tus
973 1159 1087 1185 inveniri
1105 1163 1206 1194 potest,
1228 1159 1275 1193 qui
1292 1167 1320 1184 se
1335 1167 1397 1184 cum
1410 1158 1521 1184 Catilina
1534 1166 1585 1183 non
1598 1156 1713 1182 familia—

915 1198 1022 1223 rissime
1034 1197 1135 1223 vixisse
1148 1195 1279 1223 fateatur?
1289 1195 1362 1228 Quae
1374 1195 1468 1222 caedes
1481 1204 1527 1230 per
1539 1195 1618 1221 hosce
1630 1203 1713 1220 annos

915 1235 973 1261 sine
985 1234 1031 1261 illo
1044 1234 1109 1261 facta
1122 1234 1179 1260 est‘?
1194 1234 1267 1269 quod
1279 1233 1409 1260 nefarium
1423 1238 1547 1268 stuprum
1560 1241 1611 1258 non
1624 1240 1670 1267 per
1682 1231 1714 1258 il-

916 1272 992 1298 lum‘?
1012 1275 1036 1298 8.
1055 1273 1108 1298 Iam
1121 1281 1184 1299 vero
1194 1280 1263 1307 quae
1275 1276 1345 1298 tanta
1357 1271 1384 1297 in
1397 1270 1453 1297 ullo
1464 1279 1593 1305 umquam
1607 1270 1715 1296 bomine

915 1310 1064 1336 iuventutis
1077 1309 1200 1336 illecebra
1214 1309 1273 1339 fuit,
1287 1313 1386 1344 quanta
1398 1309 1425 1335 in
1437 1307 1501 1335 illo‘?
1520 1308 1567 1342 qui
1579 1307 1645 1333 alios
1657 1308 1714 1341 ipse

915 1347 1020 1374 amabat
1032 1348 1201 1381 turpissime,
1218 1347 1331 1373 aliorum
1344 1346 1427 1372 amori
1439 1345 1647 1381 flagitiosissime
1659 1353 1715 1370 ser-

916 1385 1018 1411 viebat:
1041 1385 1101 1411 aliis
1114 1384 1230 1411 fructum
1244 1384 1402 1414 libidinum,
1421 1383 1482 1409 aliis
1495 1387 1605 1409 mortem
1619 1390 1715 1417 paren-

916 1427 973 1449 tum
991 1431 1042 1448 non
1060 1422 1138 1449 modo
1154 1421 1332 1456 impellendo,
1355 1430 1448 1447 verum
1466 1421 1545 1446 etiam
1562 1419 1715 1446 adiuvando

917 1460 1102 1494 pollicebatur.
1144 1460 1221 1486 Nunc
1232 1468 1295 1485 vero
1306 1467 1387 1494 quam
1400 1459 1503 1488 subito,
1518 1466 1569 1483 non
1582 1457 1669 1483 solum
1682 1465 1715 1483 ex

917 1498 1000 1528 Urbe,
1023 1506 1117 1523 verum
1134 1498 1213 1523 etiam
1225 1505 1257 1523 ex
1269 1497 1340 1533 agris
1353 1497 1488 1531 ingentem
1501 1503 1642 1521 numerum
1656 1503 1716 1529 per-

917 1535 1033 1561 ditorum
1056 1535 1197 1561 hominum
1218 1534 1373 1569 collegerat!
1398 1534 1481 1559 Nemo
1502 1541 1553 1559 nou
1571 1532 1649 1558 modo
1665 1532 1716 1558 Ro-

918 1581 990 1604 mae,
1013 1572 1060 1598 sed
1074 1581 1121 1598 nec
1133 1572 1189 1598 ullo
1205 1572 1232 1598 in
1248 1571 1347 1607 angulo
1363 1571 1444 1597 totius
1460 1570 1549 1597 ltaliae
1570 1578 1716 1604 oppressus

918 1619 977 1636 aere
988 1610 1075 1636 alieno
1087 1609 1150 1640 fuit,
1167 1618 1249 1644 quem
1266 1618 1316 1635 non
1334 1609 1365 1635 ad
1379 1609 1427 1635 hoc
1439 1607 1595 1634 incredibile
1607 1607 1716 1633 sceleris

918 1648 1012 1674 foedus
1023 1648 1157 1673 asciverit.
1181 1647 1209 1673 V.
1223 1649 1248 1673 9.
1261 1647 1348 1681 Atque
1360 1651 1389 1672 ut
1400 1647 1458 1672 eius
1470 1645 1575 1672 diversa
1588 1644 1676 1671 studia
1689 1645 1715 1670 in

917 1685 1044 1712 dissimili
1057 1686 1157 1711 ratione
1169 1685 1319 1720 perspicere
1331 1684 1454 1718 possitis:
1473 1692 1551 1709 nemo
1562 1687 1603 1708 est
1615 1683 1641 1708 in
1654 1681 1718 1708 ludo

917 1723 1075 1759 gladiatorio
1087 1722 1177 1757 paullo
1188 1722 1220 1748 ad
1237 1722 1341 1748 facinus
1357 1721 1494 1752 audacior,
1512 1721 1600 1755 quise
1612 1729 1663 1746 non
1676 1720 1717 1745 in-

919 1761 1014 1787 timum
1027 1760 1156 1787 Catilinae
1168 1768 1226 1786 esse
1239 1759 1364 1786 fateatur:
1379 1767 1456 1785 nemo
1468 1759 1494 1785 in
1506 1766 1585 1784 scena
1598 1757 1681 1783 levior
1692 1761 1718 1783 et

919 1799 1044 1833 nequior,
1067 1799 1115 1833 qui
1137 1806 1165 1824 se
1186 1806 1238 1824 non
1261 1797 1382 1823 eiusdem
1400 1804 1481 1831 prope
1497 1795 1615 1822 sodalem
1633 1794 1718 1820 fuisse

918 1840 1116 1863 commemoret.
1139 1835 1226 1871 Atque
1238 1834 1308 1861 idem
1321 1839 1418 1865 tamen,
1432 1838 1586 1868 stuprorum
1599 1837 1623 1858 et
1635 1831 1719 1858 scele-

919 1883 978 1901 rum
990 1873 1178 1900 exercitatione
1191 1872 1371 1903 assuefactus,
1396 1871 1493 1907 frigore
1508 1875 1533 1897 et
1550 1870 1619 1896 fame
1635 1874 1659 1896 et
1674 1870 1718 1896 siti

919 1920 949 1939 ac
970 1911 1071 1948 vigiliis
1093 1910 1259 1946 perferendis
1281 1910 1356 1936 fortis
1377 1909 1410 1935 ab
1427 1909 1487 1936 istis
1504 1907 1716 1943 praedicabatur,

919 1958 1004 1984 quum
1021 1949 1169 1975 industriae
1185 1948 1307 1975 subsidia
1323 1952 1402 1982 atque
1418 1947 1595 1973 instrumenta
1611 1945 1719 1971 virtutis

919 1987 946 2014 in
960 1987 1072 2013 libidine
1083 1986 1248 2021 audaciaque
1259 1989 1438 2012 consumeret.
1482 1985 1520 2010 ⁴0.
1535 1984 1610 2009 llunc
1622 1991 1684 2008 vero
1696 1982 1718 2007 si

919 2025 1004 2051 secuti
1016 2029 1095 2050 erunt
1105 2023 1307 2054 suicomites,si
1319 2031 1352 2049 ex
1359 2022 1428 2049 Urbe
1440 2021 1553 2048 exieriut
1564 2020 1719 2055 desperato-

920 2071 979 2088 rum
992 2062 1132 2088 hominum
1145 2061 1268 2097 flagitiosi
1279 2068 1389 2096 greges:
1412 2068 1427 2085 o
1443 2068 1490 2085 nos
1503 2059 1606 2089 beatos,
1623 2066 1639 2084 o
1650 2066 1719 2083 rem-

920 2099 1055 2134 publicam
1068 2099 1261 2130 fortunatam,o
1272 2097 1432 2132 praeclaram
1446 2096 1551 2123 laudem
1563 2094 1719 2122 consulatus

920 2137 987 2163 meil
1010 2137 1066 2163 Non
1083 2137 1155 2163 enim
1171 2137 1224 2162 iam
1240 2140 1304 2162 sunt
1317 2135 1463 2161 mediocres
1476 2134 1615 2160 hominum
1630 2131 1719 2158 libidi—

920 2183 976 2205 neS,
991 2183 1043 2201 non
1056 2174 1189 2200 humanae
1201 2182 1230 2199 ac
1242 2172 1392 2199 tolerandae
1403 2172 1544 2198 audaciae:
1567 2170 1634 2196 nihil
1647 2170 1720 2205 cogi-

920 2216 984 2242 tant,
999 2211 1051 2238 nisi
1063 2211 1167 2241 caedes,
1182 2210 1235 2237 nisi
1247 2209 1379 2239 incendia,
1394 2209 1445 2235 nisi
1457 2209 1578 2243 rapinas:
1593 2208 1720 2242 putrimo-

920 2250 963 2275 nia
985 2258 1033 2275 sua
1055 2248 1245 2283 profuderunt:
1269 2246 1388 2273 fortunas
1409 2254 1472 2272 suas
1493 2245 1717 2278 abligurricrunt:

921 2295 962 2312 res
974 2295 1018 2312 eos
1030 2285 1200 2320 iampridem,
1214 2284 1280 2311 tides
1291 2292 1377 2318 nuper
1387 2283 1500 2309 delicere
1511 2282 1612 2316 coepit:
1626 2281 1719 2307 eadem

921 2328 1009 2350 tamen
1021 2323 1080 2352 illa,
1098 2331 1168 2357 quae
1179 2327 1234 2348 erat
1246 2322 1272 2348 in
1285 2321 1447 2347 abundantia
1456 2341 1462 2350 ,
1477 2319 1559 2346 libido
1571 2323 1718 2353 permanet.

920 2360 997 2393 Quod
1013 2361 1037 2386 si
1054 2360 1080 2386 in
1097 2360 1160 2386 vino
1175 2364 1200 2385 ct
1215 2358 1271 2385 alca
1283 2358 1486 2384 comissationes
1498 2356 1585 2382 solum
1598 2361 1623 2382 ct
1635 2360 1719 2382 scorta

919 2402 1092 2433 quun-rorent.
1105 2401 1195 2422 essent
1207 2396 1246 2422 illi
1257 2395 1368 2430 quidem
1381 2394 1554 2429 desperandi,
1572 2393 1618 2419 scd
1632 2398 1719 2419 tamen

920 2439 1010 2461 esseut
1023 2434 1134 2460 ferendi.
1161 2434 1214 2460 lloc
1227 2442 1290 2459 vero
1299 2433 1362 2467 quis
1375 2431 1441 2458 ferre
1454 2432 1547 2466 possit.
1562 2432 1660 2457 inertes
1673 2431 1721 2457 ho-

921 2473 1006 2498 mines
1020 2471 1173 2498 fortissimis
1186 2471 1251 2497 viris
1263 2470 1399 2499 insidiari,
1413 2469 1589 2495 stultissimos
1602 2467 1720 2503 pruden-

921 2510 1044 2539 tissimis,
1066 2509 1187 2535 ebriosos
1207 2508 1319 2537 sobriis,
1342 2507 1504 2532 dormientes
1527 2505 1721 2541 vigilantibus?

920 2547 967 2582 qui
981 2547 1047 2573 mihi
1059 2546 1219 2573 accubantes
1236 2545 1262 2571 in
1278 2544 1424 2574 conviviis,
1442 2543 1574 2578 complexi
1592 2543 1718 2569 mulieres

920 2584 1085 2618 impudicus,
1109 2584 1171 2610 vino
1184 2582 1319 2617 languidi,
1341 2581 1450 2607 conferti
1462 2581 1535 2611 cibo,
1557 2582 1637 2607 sertis
1648 2580 1719 2607 redi-

920 2621 978 2647 miti
987 2642 993 2652 ,
1007 2621 1154 2657 unguentis
1163 2620 1250 2649 obliti,
1263 2618 1395 2646 debilitati
1407 2619 1518 2653 stupris,
1531 2623 1650 2645 eructant
1662 2626 1719 2643 ser·-

920 2659 1047 2685 monibus
1062 2658 1120 2684 suis
1135 2657 1243 2684 caedem
1260 2657 1390 2683 bonomm
1403 2661 1482 2691 nique
1495 2656 1573 2683 Urbis
1585 2655 1717 2682 incendia.

921 2697 962 2722 ll.
983 2695 1090 2728 Quibus
1105 2704 1154 2731 ego
1168 2694 1274 2721 conlido
1288 2693 1443 2729 impendere
1459 2693 1543 2720 fatum
1564 2692 1672 2728 aliquod
1693 2697 1718 2719 et
