1941 3052
196 156 244 181 ⁸70
764 151 806 177 96.
841 150 875 176 Μ.

195 225 368 252 deterrimum
389 228 442 252 cst,
459 221 530 256 quod
549 220 666 247 recusari
681 228 732 246 non
749 223 848 254 potest·,
871 223 896 245 et
914 218 985 252 quod

197 262 240 289 ille
271 263 293 287 si
317 261 407 290 faciat,
441 260 547 284 iamiam
569 267 582 283 a
604 257 681 283 bonis
704 257 831 283 omnibus
851 265 986 282 summam

197 300 267 326 ineat
278 299 399 331 gratiam.
422 297 445 321 ⁴.
462 295 598 321 Tultmnue·
611 295 691 329 igitur
702 294 759 324 hoc,
772 302 826 328 quo
841 293 916 318 illum
925 302 986 327 poa-

196 346 224 362 ιω
240 334 336 361 adduci
355 337 465 366 nogant:
497 332 530 357 ‹lo
542 331 655 365 reliquis
666 330 732 365 quid
744 336 784 356 est
794 329 987 356 deterrimum?

195 372 340 399 coricedcre
362 370 410 399 illi,
424 368 510 403 quod,
528 373 555 394 ιιι
571 368 640 394 idem
655 368 734 398 dicit,
751 367 986 402 impudentissime

197 408 321 444 postulat.

195 447 264 472 (tiam
287 453 333 479 per
353 443 445 469 decem
466 452 563 472 annos,
587 451 638 468 non
655 442 703 468 tibi
719 451 733 468 a
749 446 856 472 senatu,
874 441 920 467 sed
937 450 950 466 a
963 446 986 467 te

198 484 255 518 ipso
270 491 317 516 per
333 482 387 507 vim
404 485 429 507 ct
441 489 487 514 per
504 480 643 506 sactitncm
659 479 744 505 datos.
767 479 904 504 Praeteriit
920 483 987 504 tem·
1008 471 1017 495 3¹

197 529 261 554 pus,
280 527 331 545 non
345 518 426 552 legis,
444 517 490 542 scd
509 516 631 543 libidinis
643 520 715 542 tuae:
743 515 782 542 sac
794 521 890 545 tamen,
909 515 985 550 legis.

198 557 229 583 Ut
240 555 413 585 succedatur.
431 554 596 580 decernitur:
624 553 739 588 impedis
751 558 775 579 et
785 553 839 583 ais,
854 552 921 578 habe
935 553 987 579 mei

197 594 335 621 rationem.
377 591 448 618 llabe
465 596 491 617 tu
508 596 638 617 nostrum.
679 591 833 617 Exercitum
849 594 876 615 tu
889 589 987 615 habeas

197 631 315 661 diutius,
332 638 414 664 quam
430 628 546 663 populus
563 628 654 658 iussit,
673 628 757 654 invito
767 626 879 654 senatu‘?
899 627 988 661 Depu-

196 676 262 704 gnes
278 671 392 702 oportet,
410 666 462 692 nisi
474 665 608 691 concedis
648 664 715 691 Cum
728 664 796 691 bona
806 664 916 699 quidem
928 673 985 698 spe,

198 710 226 732 ut
245 705 282 732 nit
302 704 386 734 idem,
406 702 447 730 vel
465 702 591 729 vincendi
610 701 652 729 vel
667 702 694 728 in
710 701 830 728 libertate
845 701 985 728 moriendi.

197 743 250 768 lam
271 742 294 768 si
316 740 491 776 pugnandum
508 745 560 772 est,
583 747 637 774 quo
651 744 782 774 tempore,
800 740 826 765 in
841 747 918 769 casu,
934 747 988 773 quo

196 778 321 810 consilio,
344 779 370 804 in
392 777 558 812 temporibus
578 777 660 803 situm
685 781 734 803 est.
775 777 864 811 ltaque
879 780 902 802 te
918 776 943 802 in
958 784 987 802 ea

196 816 352 852 quaestione
368 824 418 842 non
433 823 552 841 exerceo.
593 813 634 840 Ad
645 822 689 845 ea,
702 821 770 849 quae
784 813 856 844 dixi,
872 812 948 844 affer,
964 813 988 839 si

196 853 262 889 quid
275 853 371 885 habes;
396 852 522 887 equidem
534 852 592 878 dies
603 856 746 886 noctesque
759 855 890 886 torqueor.

250 923 279 943 X.
295 924 336 948 (ΛιΙ
347 923 425 943 L'xbcm.
435 923 532 943 Marcello,
543 923 626 940 Lentulo
636 929 681 939 tou.
694 922 749 944 705.)

383 965 548 993 CICERO
577 964 745 992 ATTICO
773 964 802 992 S.

251 1007 351 1039 Subito
361 1011 504 1038 consilium
516 1011 584 1046 cepi,
598 1015 635 1041 ut,
649 1015 792 1045 antequam
805 1009 912 1040 luceret,
930 1009 989 1035 exi-

198 1058 267 1076 rem:
295 1058 327 1075 ne
343 1050 391 1084 qui
407 1053 567 1083 conspectus
584 1048 657 1074 fieret
671 1052 717 1074 aut
731 1055 832 1078 sermo,
849 1046 989 1073 lictoribus

197 1087 353 1122 praesertim
382 1085 516 1112 laureatis.
557 1086 593 1111 De
614 1084 730 1119 reliquo,
756 1093 844 1119 neque
870 1083 987 1114 hercule,

197 1123 264 1158 quid
275 1132 362 1159 agam,
377 1132 433 1153 nec,
447 1122 513 1157 quid
525 1127 632 1148 acturus
643 1122 705 1151 sim.
719 1122 787 1148 scio:
811 1121 847 1147 ita
856 1129 917 1147 sum
929 1129 990 1155 per-

198 1161 320 1188 turbatus
335 1161 481 1186 temeritate
497 1160 579 1186 nostri
595 1159 775 1185 amentissimi
790 1158 906 1185 consilii.
928 1158 990 1184 Tibi

198 1206 261 1224 vero
276 1197 342 1233 quid
358 1197 500 1227 suadeam,
518 1197 596 1222 cuius
613 1197 671 1231 ipse
685 1195 830 1222 consilium
846 1194 991 1230 exspecto?

197 1235 302 1262 Gnaeus
319 1239 407 1261 noster
421 1233 488 1269 quid
504 1233 611 1260 consilii
629 1234 730 1268 ceperit
739 1234 874 1268 capiatve.
888 1233 988 1263 nescio,

197 1272 286 1298 adhuc
296 1272 323 1298 in
334 1272 442 1306 oppidis
452 1275 599 1297 coarctatus
611 1275 636 1297 et
647 1276 769 1305 stupens.
800 1270 914 1301 Omnes,
927 1270 990 1296 siin

197 1309 270 1335 ltalia
280 1309 417 1340 consistat,
430 1309 532 1335 erimus
544 1316 609 1341 una;
632 1308 675 1334 sin
686 1307 770 1339 cedet,
779 1307 989 1334 consiliiresest.

197 1346 292 1372 Adhuc
306 1351 389 1376 certe,
403 1346 455 1372 nisi
465 1354 514 1381 ego
526 1346 638 1376 insanio,
652 1344 732 1371 stulte
742 1345 832 1371 omnia
842 1345 989 1371 etincaute.

196 1384 250 1414 Tu,
268 1391 381 1418 quaeso,
399 1382 492 1410 crebro
503 1382 537 1409 ad
548 1391 590 1409 me
601 1382 689 1409 scribe
701 1381 743 1408 vel
755 1381 828 1418 quod
839 1382 867 1409 in
877 1381 991 1409 buccam

198 1425 310 1447 venerit.

251 1493 290 1513 XI.
316 1494 424 1517 (nancile,
433 1495 516 1513 Lentulo
527 1501 574 1513 coss.
585 1496 641 1516 70⁵.)

382 1545 550 1573 CICERO
578 1546 746 1574 ATTICO
775 1546 802 1573 S.

253 1593 275 1617 l.
298 1586 424 1623 Quaeso,
441 1591 509 1626 quid
526 1591 575 1618 hoc
590 1591 648 1618 est?
662 1596 708 1619 aut
721 1592 789 1627 quid
804 1591 910 1628 agitur?
924 1590 991 1617 Mihi

196 1629 269 1655 enim
289 1628 413 1655 tenebrae
432 1633 505 1655 sunt.
545 1628 706 1665 Cingulum,
727 1630 818 1664 inquis
827 1650 833 1660 ,
855 1637 903 1656 nos
918 1633 992 1655 tene—

196 1674 272 1692 mus:
298 1665 435 1692 Anconem
460 1666 613 1693 amisimus.
653 1666 789 1693 Labienus
812 1666 938 1692 discessit
958 1665 991 1691 ab

196 1703 318 1729 Caesare.
352 1703 445 1730 Utrum
457 1702 490 1729 de
504 1703 663 1738 imperatore
674 1703 768 1738 populi
779 1704 901 1734 Romani,
913 1711 946 1729 an
958 1701 992 1728 de

195 1739 345 1766 Hannibale
360 1739 515 1775 loquimur?
534 1740 556 1767 O
571 1740 709 1767 hominem
725 1745 858 1767 amentem
873 1745 899 1766 et
909 1740 992 1766 mise-

196 1785 271 1807 rum,
287 1777 336 1812 qui
351 1785 383 1803 ne
399 1777 523 1803 umbram
535 1777 647 1812 quidem
659 1786 790 1812 umquam
801 1779 847 1804 τοῦ
858 1778 938 1804 καλοῦ
950 1777 992 1802 vi-

196 1813 279 1841 derit!
302 1814 390 1849 Atque
401 1814 466 1841 haec
478 1814 515 1840 ait
524 1815 614 1840 omnia
625 1813 711 1840 facere
722 1823 751 1840 se
762 1814 902 1850 dignitatis
913 1822 992 1840 caus-

196 1859 236 1877 sa.
276 1850 328 1877 Ubi
338 1856 378 1878 est
388 1855 477 1878 autem
488 1851 619 1887 dignitas,
633 1851 687 1878 nisi
698 1851 746 1877 ubi
758 1850 901 1877 honestas?
920 1851 991 1876 Num

198 1887 340 1914 honestum
352 1889 443 1923 igitur,
452 1888 550 1914 habere
561 1888 710 1915 exercitum
721 1887 796 1914 nullo
807 1887 917 1922 publico
928 1896 992 1913 con-

197 1924 277 1951 silio‘?
295 1933 427 1959 occupare
443 1925 523 1951 urbes
539 1926 656 1956 civium,
676 1933 731 1960 quo
742 1924 846 1951 facilior
856 1925 891 1951 sit
902 1924 991 1950 aditus

197 1961 230 1989 ad
241 1961 372 1996 patriam?
379 1964 464 1997 χρεῶν
476 1961 624 1993 ἀποκοπὰς,
631 1961 759 1998 φυγάδων
772 1961 917 1993 καθόδους,
929 1970 992 1988 sex-

196 2003 273 2025 centa
283 1997 335 2025 alia
346 1998 447 2025 scelera
459 1998 566 2025 moliri?

277 2037 322 2074 τὴν
337 2040 408 2067 θεῶν
419 2042 539 2077 μεγίστην
550 2038 611 2068 ὥστ’
626 2041 688 2075 ἔχειν
700 2041 846 2077 τυραννίδα.

195 2080 254 2107 Sibi
265 2079 362 2107 habeat
372 2089 449 2107 suam
460 2080 603 2108 fortunam.
642 2081 726 2108 Unam
739 2080 892 2107 mehercule
903 2085 991 2107 tecum

196 2118 387 2152 apricationem
400 2118 427 2144 in
439 2117 486 2144 illo
497 2118 639 2145 Lucretino
653 2123 698 2145 tuo
713 2118 768 2145 sole
783 2118 891 2149 malim,
908 2127 991 2153 quam

195 2155 286 2181 onmia
309 2155 461 2181 istiusmodi
487 2164 581 2191 regna3
608 2155 650 2181 vel
675 2156 765 2190 potius
788 2156 856 2182 mori
879 2155 989 2186 millies,

196 2200 278 2227 quam
289 2191 372 2218 semel
385 2192 539 2219 istiusmodi
549 2192 701 2228 quidquam
712 2193 839 2228 cogitare.
878 2195 904 2219 2.
919 2192 992 2225 Quid

196 2229 219 2255 si
232 2233 259 2255 tu
272 2228 358 2255 velis?
369 2229 471 2264 inquis.
493 2229 549 2265 Age
560 2231 623 2264 quis
634 2234 683 2261 est,
696 2230 741 2256 cui
752 2229 821 2256 velle
833 2239 885 2256 non
898 2229 992 2256 liceat‘?

196 2265 248 2292 Sed
259 2274 309 2301 ego
321 2266 370 2292 hoc
382 2266 472 2301 ipsum
485 2267 555 2293 velle
567 2267 693 2293 miserius
704 2275 763 2293 esse
774 2267 856 2297 duco,
869 2276 951 2302 quam
963 2267 991 2293 in

196 2311 304 2329 crucem
315 2302 382 2330 tolli.
422 2304 478 2330 Una
490 2312 532 2330 res
543 2309 583 2330 est
594 2312 623 2330 ea
634 2305 767 2335 miserior,
781 2304 906 2339 adipisci,
918 2303 992 2339 quod

198 2340 232 2366 ita
244 2340 372 2367 volueris.
413 2340 464 2367 Sed
481 2340 546 2367 haec
562 2341 701 2368 hactenus.
742 2341 870 2368 Libenter
880 2342 952 2368 enim
964 2342 992 2367 in

198 2377 240 2403 his
252 2376 382 2404 molestiis
393 2379 540 2412 ἐνσχολάζω
551 2389 600 2405 σοι.
621 2380 646 2405 3.
659 2378 809 2405 Redeamus
815 2378 848 2405 ad
859 2383 991 2405 nostrum.

198 2414 246 2440 Per
260 2413 393 2441 fortunas!
416 2414 495 2450 quale
512 2415 561 2442 tibi
576 2415 721 2442 consilium
733 2416 854 2450 Pompeii
867 2415 993 2442 videtur?

198 2450 251 2477 Hoc
261 2459 374 2485 quaero,
390 2452 463 2486 quod
474 2452 574 2479 Urbem
584 2452 733 2487 reliquerit.
773 2453 830 2488 Ego
840 2453 912 2479 enim
924 2451 992 2480 ἀπο-

198 2490 242 2528 ρῶ.
264 2488 333 2514 Tum
344 2489 412 2515 nihil
424 2489 580 2516 absurdius.
601 2489 699 2516 Urbem
711 2493 739 2515 tu
754 2489 910 2524 relinquas?
922 2490 993 2525 Ergo

199 2523 284 2565 idern,
303 2525 326 2551 si
338 2525 409 2552 Galli
419 2527 551 2553 venirent.
592 2527 663 2552 »Non
676 2530 729 2557 est,
747 2527 849 2561 inquit,
866 2527 893 2553 in
904 2527 994 2561 parie—

200 2559 272 2586 tibus
288 2562 466 2595 respublica.«
504 2564 551 2590 „At
562 2563 590 2589 in
601 2563 654 2590 aris
665 2567 691 2589 et
706 2562 799 2589 focis«
818 2564 906 2590 »Fecit
920 2563 993 2590 idem

200 2596 419 2624 Themistocles«
457 2599 582 2627 Fluctum
593 2601 667 2626 enim
677 2600 758 2626 totius
769 2599 908 2627 barbariae
924 2600 993 2627 ferre

201 2633 265 2659 urbs
277 2643 330 2660 una
341 2643 392 2661 non
403 2641 513 2670 poterat.
539 2637 573 2664 At
583 2637 655 2663 idem
666 2636 782 2663 Pericles
793 2645 846 2663 non
857 2637 929 2667 fecit,
945 2646 993 2664 an-

202 2679 266 2696 num
278 2670 332 2697 fere
345 2677 404 2706 post
419 2674 691 2709 quinquagesimum,
708 2682 795 2708 quum
805 2679 910 2708 praeter
920 2683 994 2701 moe-

1038 218 1080 243 nia
1097 216 1163 243 nihil
1181 221 1289 243 teneret.

1014 261 1016 284 ι
1037 263 1124 280 arcem
1137 259 1224 280 tamt-u
1237 255 1412 280 retinuerunt.

365 407 429 432 Num
441 405 507 441 quid
521 404 724 440 impudentius?
743 405 864 430 Tenuisti
877 405 987 438 provin·
1008 400 1009 408 ¹

1008 515 1017 559 ι’
1039 518 1129 543 biliter
1150 517 1271 543 homines
1289 522 1385 543 movet.

1008 570 1018 608 l,

909 149 939 174 T.
973 146 1247 174 ClCERONlS

1331 217 1418 243 Nostri
1433 216 1512 246 olim,
1531 216 1598 243 L'rbe
1618 216 1719 252 relique
1741 222 1827 252 capta,

1080 290 1152 319 Οὕτω
1166 303 1218 319 που
1230 292 1279 318 τῶν
1293 290 1413 327 πρόσθεν
1426 291 1597 327 ἐπυνθάμιθα
1612 294 1670 318 siin
1685 290 1790 327 ἀνδρῶν.

1016 363 1017 371 ¹
1039 333 1062 359 4.
1077 333 1178 358 llursus
1191 337 1279 358 autem
1291 340 1324 357 ex
1338 331 1427 358 dolore
1440 332 1829 366 municipaliserrnoriibuu1ue

1038 378 1129 395 eorum
1139 390 1144 399 ,
1157 378 1225 403 quos
1235 369 1378 398 convenio,
1394 368 1500 395 videtur
1511 369 1560 394 boc
1570 369 1713 395 eonsilium
1725 371 1828 395 exitum

1040 406 1205 432 habiturum.
1246 406 1310 431 Mira
1337 406 1476 431 hominum
1500 405 1608 440 querela
1633 411 1685 435 cst,
1714 407 1827 438 (nescio,

1040 444 1111 469 istic:
1125 443 1171 469 sed
1185 443 1274 472 facies,
1290 447 1318 468 ut
1328 444 1411 468 sciam
1420 448 1438 477 z)
1449 444 1506 468 aine
1518 443 1719 476 magistratibus
1731 443 1828 469 L'rbem

1038 489 1110 510 csse.
1123 481 1181 506 sine
1191 485 1296 506 senatu.
1337 480 1454 515 Fugiens
1465 479 1582 514 denique
1595 480 1737 514 Pompeius
1748 481 1829 506 mira·

1425 516 1496 548 Quid
1516 516 1642 551 quaeris?
1661 516 1719 543 Atia
1734 526 1828 543 caussa

1040 555 1105 581 sacta
1125 559 1179 580 cst:
1206 553 1274 580 nihil
1295 554 1346 580 iarn
1372 553 1573 580 concedendum
1598 558 1693 588 putant
1711 554 1828 580 Caesari.

1016 610 1017 640 1
1039 593 1119 621 llaec,
1138 596 1165 617 tu
1180 591 1246 617 milii
1262 591 1382 625 explica,
1398 590 1487 625 qualia
1503 591 1567 616 sint.
1606 592 1631 616 5.
1653 591 1709 626 Ego
1724 592 1830 627 negotio

1039 637 1163 664 praesum
1179 637 1230 654 non
1247 628 1410 654 turbulento.
1451 627 1513 653 Vult
1531 628 1603 653 enim
1625 636 1667 653 me
1688 628 1830 663 Pompeius

1038 675 1106 695 esse,
1122 674 1203 701 quem
1216 670 1267 691 tota
1279 665 1343 691 haec
1355 666 1489 699 Campana
1499 669 1524 690 et
1535 665 1668 690 maritima
1678 673 1722 691 ora
1735 665 1831 691 habeat

1039 705 1189 732 ἐπίσκοπον,
1202 702 1234 728 ad
1246 711 1327 737 quem
1337 702 1458 728 delectus
1468 707 1494 728 et
1504 710 1609 727 summa
1621 703 1720 737 negotii
1733 702 1830 728 rerem-

1039 746 1091 767 tur.
1132 741 1222 774 ltaque
1235 748 1319 775 vagus
1331 748 1389 765 esse
1400 739 1561 774 cogitabam.
1602 739 1638 764 Te
1650 744 1713 773 puto
1725 740 1776 765 iam
1790 739 1831 765 vi-

1038 777 1115 807 dere.
1131 785 1199 812 quae
1210 778 1244 803 sit
1255 776 1321 812 ὁρμή
1331 777 1467 806 Caesaris,
1484 776 1532 810 qui
1544 775 1674 810 populus,
1691 777 1738 811 qui
1750 776 1831 802 totius

1040 815 1139 850 negotii
1154 819 1252 840 status:
1275 822 1304 839 ea
1323 813 1402 839 velim
1423 813 1526 839 scribas
1541 812 1574 838 ad
1590 821 1646 843 me,
1668 818 1694 840 et
1708 813 1829 848 quidem.

1039 853 1166 887 quoniam
1178 850 1318 877 mutabilia
1328 856 1489 885 sunt,quam
1496 850 1666 884 saepissime.
1683 850 1832 885 Acquiesco

1040 890 1112 916 enim
1123 894 1149 915 et
1158 888 1280 915 scribens
1291 888 1324 914 ad
1336 893 1360 914 te
1371 893 1397 914 et
1409 888 1499 923 legens
1511 892 1565 914 tua.

1094 957 1146 979 ΧΙΙ,
1176 959 1272 983 (Pomm.
1283 959 1382 980 arnano.
1391 958 1471 977 ιωιμιο
1481 964 1528 976 ων.
1539 958 1593 980 τω.)

1225 1001 1393 1028 CICERO
1422 1000 1588 1028 ATTICO
1617 1000 1644 1027 S.

1098 1041 1120 1066 l.
1143 1033 1235 1065 Unam
1245 1039 1334 1065 adhuc
1345 1048 1358 1065 a
1371 1043 1395 1065 te
1405 1038 1545 1073 epistolam
1558 1045 1710 1072 acceperam
1719 1057 1725 1066 ,
1742 1036 1831 1063 datam

1040 1076 1170 1107 x11.Kal.,
1185 1077 1212 1102 in
1223 1085 1276 1111 qua
1287 1076 1500 1111 significabatur,
1516 1075 1595 1101 aliam
1607 1080 1631 1101 te
1643 1079 1702 1100 ante
1713 1073 1830 1103 dedisse,

1040 1122 1122 1149 quam
1134 1122 1185 1139 non
1197 1121 1362 1148 acceperam.
1402 1112 1454 1138 Sed
1465 1120 1579 1147 quaeso,
1595 1116 1624 1138 ut
1637 1111 1740 1138 scribas
1750 1119 1832 1146 quam

1041 1151 1213 1186 saepissime,
1232 1159 1283 1176 non
1296 1150 1374 1176 modo
1385 1150 1407 1175 si
1419 1149 1486 1184 quid
1498 1150 1567 1175 scies
1578 1154 1623 1175 aut
1633 1148 1766 1178 audieris,
1785 1147 1832 1174 sed

1041 1189 1121 1214 etiarn
1138 1189 1161 1214 si
1178 1187 1244 1222 quid
1261 1187 1447 1222 suspicabare,
1470 1187 1655 1221 maximeque,
1672 1185 1738 1221 quid
1755 1184 1833 1211 nobis

1043 1225 1195 1251 faciendum
1211 1229 1257 1251 aut
1272 1233 1324 1251 non
1336 1223 1488 1250 faciendum
1500 1229 1588 1258 putes.
1629 1223 1696 1249 Nam
1706 1222 1779 1258 quod
1791 1230 1834 1248 ro-

1041 1272 1102 1298 gas,
1116 1270 1221 1293 curem,
1235 1267 1264 1288 ut
1274 1262 1356 1292 scias,
1375 1261 1441 1296 quid
1453 1261 1596 1296 Pompeius
1607 1265 1681 1296 agat:
1699 1268 1731 1286 ne
1743 1261 1834 1294 ipsum

1042 1299 1153 1335 quidem
1164 1300 1233 1325 scire
1244 1304 1321 1334 puto3
1339 1303 1460 1325 nostrum
1474 1298 1585 1333 quidem
1597 1305 1684 1324 nemo.
1724 1299 1750 1323 2.
1771 1295 1834 1322 vidi

1043 1336 1187 1364 Lentulum
1202 1336 1340 1363 consulem
1352 1336 1466 1363 Formiis
1480 1344 1508 1362 x.
1527 1335 1596 1367 Kal.;
1615 1335 1672 1361 vidi
1688 1334 1831 1360 Libonem:

1043 1374 1121 1409 plena
1132 1374 1236 1401 timoris
1246 1379 1272 1400 et
1281 1374 1378 1400 erroris
1389 1373 1489 1400 omnia.
1520 1372 1566 1399 llle
1577 1373 1627 1398 iter
1638 1372 1777 1403 Larinum;
1795 1369 1834 1397 ibi

1043 1412 1115 1438 enim
1133 1411 1269 1442 cohortes,
1295 1416 1321 1437 et
1336 1411 1462 1437 Luceriae
1477 1415 1502 1436 et
1517 1410 1618 1436 Theani
1634 1408 1791 1444 reliquaque
1807 1407 1833 1433 in

1042 1448 1150 1483 Apulia.
1181 1448 1245 1475 Inde
1256 1453 1346 1475 utrum
1357 1448 1502 1474 consistere
1514 1447 1620 1482 uspiam
1632 1445 1705 1475 velit.
1718 1455 1751 1472 an
1762 1452 1835 1471 mare

1043 1486 1169 1516 transire,
1187 1487 1315 1512 nescitur.
1356 1485 1386 1512 Si
1399 1490 1501 1516 manet;
1519 1492 1624 1514 vereor,
1642 1491 1675 1510 ne
1685 1483 1834 1509 exercitum

1044 1523 1151 1549 firmum
1167 1523 1264 1549 habere
1280 1532 1332 1549 non
1351 1523 1446 1557 possit.
1486 1521 1534 1548 Sin
1549 1520 1677 1552 discedit:
1700 1528 1767 1555 quo,
1790 1522 1836 1545 aut

1043 1569 1106 1595 qua,
1114 1565 1160 1587 aut
1169 1560 1236 1595 quid
1248 1560 1326 1586 nobis
1337 1559 1472 1595 agendum
1483 1558 1541 1586 est?
1551 1558 1657 1585 Nescio.
1674 1558 1741 1583 Nam
1753 1557 1834 1583 istum

1043 1597 1163 1632 quidem,
1172 1598 1251 1623 cuius
1262 1596 1428 1633 φαλαρισμὸν
1440 1597 1526 1627 times,
1534 1596 1623 1622 omnia
1635 1595 1784 1621 taeterrime
1796 1592 1836 1619 sa-

1043 1640 1149 1661 cturum
1165 1639 1240 1669 puto.
1280 1634 1334 1660 Nec
1348 1642 1411 1660 eum
1427 1642 1516 1659 rerum
1532 1632 1644 1668 prolatio
1659 1639 1707 1658 nec
1726 1635 1834 1657 senatus

1044 1672 1304 1708 magistratuumque
1329 1670 1468 1697 discessus
1491 1678 1541 1696 nec
1559 1669 1691 1696 aerarium
1712 1667 1835 1694 clausum

1043 1709 1168 1735 tardabit.
1208 1710 1232 1735 3.
1255 1707 1308 1735 Sed
1320 1707 1394 1739 haec,
1408 1712 1438 1734 ut
1447 1707 1555 1737 scribis,
1566 1707 1618 1733 cito
1629 1706 1757 1732 sciemus.
1791 1705 1835 1730 In-

1043 1746 1120 1772 terim
1132 1744 1214 1771 velim
1226 1745 1294 1771 mihi
1305 1745 1437 1780 ignoscas,
1451 1743 1524 1779 quod
1534 1743 1567 1770 ad
1580 1740 1836 1770 tescribotammul-

1043 1788 1068 1810 ta
1080 1783 1166 1809 toties.
1206 1782 1356 1817 Aequiesco
1372 1782 1458 1812 enim,
1475 1786 1502 1808 et
1516 1786 1574 1807 tuas
1585 1779 1645 1807 volo
1656 1779 1752 1806 elicere
1764 1778 1836 1805 litte-

1043 1829 1098 1851 ras,
1117 1819 1289 1854 maximeque
1303 1818 1461 1849 consilium,
1478 1818 1545 1853 quid
1561 1826 1651 1853 agam,
1669 1822 1715 1843 aut
1727 1824 1782 1852 quo
1792 1823 1836 1842 me

1043 1862 1119 1892 pacto
1137 1865 1242 1892 geram3
1265 1856 1439 1883 demittamne
1459 1864 1501 1881 me
1521 1856 1630 1890 penitus
1650 1855 1677 1880 in
1695 1851 1837 1880 caussam?

1043 1895 1101 1921 Non
1112 1893 1246 1920 deterreor
1260 1892 1394 1928 periculo,
1412 1892 1461 1918 sed
1475 1892 1616 1926 dirumpor
1630 1891 1731 1918 dolore.
1770 1890 1835 1916 Tam

1043 1931 1117 1958 nullo
1132 1931 1258 1961 consilio,
1277 1935 1322 1957 aut
1337 1935 1390 1956 tam
1404 1934 1494 1956 contra
1505 1937 1597 1955 meum
1607 1928 1751 1955 consilium
1761 1932 1836 1963 gesta

1043 1977 1102 1995 esse
1112 1969 1215 1994 omnia!
1233 1968 1273 1994 An
1283 1972 1392 1994 cuncter
1402 1972 1428 1993 et
1439 1967 1599 2002 tergiverser
1606 1986 1612 1997 ,
1628 1970 1655 1992 et
1664 1966 1698 1992 iis
1709 1973 1752 1991 me
1762 1964 1833 1994 dem,

1042 2006 1091 2040 qui
1103 2010 1200 2035 tenent,
1213 2005 1261 2040 qui
1272 2003 1428 2039 potiuntur?
1438 2003 1564 2038 Αἰόεόμαι
1576 2005 1678 2038 Τρῶας·
1689 2010 1738 2028 nec
1747 2000 1834 2028 solum

1042 2043 1121 2073 civis,
1130 2042 1178 2068 sed
1189 2043 1270 2068 etiam
1282 2042 1362 2068 amici
1373 2041 1462 2068 officio
1473 2049 1594 2072 revocem
1608 2039 1836 2074 etsii'rangorsae-

1043 2088 1076 2114 pe
1091 2079 1276 2105 misericordia
1291 2087 1446 2113 puerorum.
1487 2079 1512 2104 4.
1533 2078 1566 2104 Ut
1582 2078 1665 2112 igitur
1680 2077 1715 2102 ita
1730 2080 1835 2110 pertur-

1043 2117 1113 2147 bato,
1127 2117 1177 2143 etsi
1188 2121 1212 2143 te
1223 2116 1317 2143 eadem
1327 2115 1480 2146 sollicitant,
1489 2114 1576 2141 scribe
1587 2113 1701 2148 aliquid,
1713 2118 1739 2139 et
1748 2112 1836 2138 maxi·

1043 2162 1095 2185 me,
1111 2154 1135 2180 si
1145 2154 1289 2188 Pompeius
1299 2152 1373 2179 Italia
1384 2152 1463 2183 cedit,
1471 2152 1539 2187 quid
1550 2151 1628 2178 nobis
1638 2149 1772 2186 agendum
1783 2157 1836 2184 pu-

1043 2196 1092 2218 tes.
1114 2191 1158 2217 M'.
1170 2191 1281 2225 quidem
1292 2190 1489 2225 Lepidus(nam
1500 2188 1602 2215 fuimus
1613 2188 1743 2222 una)eum
1754 2186 1835 2212 finem

1043 2228 1144 2259 statuit,
1158 2228 1187 2254 L.
1199 2228 1349 2262 Torquatus
1360 2226 1496 2253 eumdem.
1522 2226 1564 2252 Me
1574 2233 1659 2260 quum
1672 2222 1764 2254 multa,
1777 2228 1835 2249 tum

1043 2266 1123 2292 etiam
1140 2264 1245 2291 lictores
1261 2264 1425 2299 impediunt:
1446 2262 1515 2290 nihil
1531 2262 1589 2289 vidi
1603 2269 1746 2296 umquam,
1762 2259 1835 2295 quod

1044 2303 1134 2329 minus
1149 2301 1279 2337 explicari
1295 2306 1394 2336 posset.
1434 2302 1526 2335 ltaque
1543 2308 1557 2326 a
1569 2304 1594 2326 te
1608 2298 1676 2325 nihil
1691 2297 1757 2324 dum
1769 2297 1836 2323 certi

1043 2340 1170 2374 exquiro,
1183 2339 1230 2365 sed
1241 2339 1308 2373 quid
1320 2338 1452 2365 videatur.
1492 2337 1612 2371 Denique
1623 2336 1709 2370 ipsam
1722 2334 1835 2369 ἀπορίαι,

1044 2382 1117 2403 tuam
1127 2377 1208 2411 cupio
1218 2383 1388 2412 cognoscere.
1428 2376 1453 2401 5.
1470 2373 1619 2401 Labienum
1630 2372 1663 2398 ab
1676 2371 1722 2398 illo
1732 2370 1836 2397 disces-

1043 2415 1126 2444 sisse,
1143 2413 1340 2448 propemodum
1353 2416 1465 2439 constat.
1504 2410 1534 2437 Si
1547 2411 1583 2436 ita
1597 2409 1697 2435 factum
1707 2413 1791 2438 esset,
1806 2412 1836 2434 ut

1044 2451 1090 2477 ille
1104 2451 1215 2477 Romam
1230 2450 1342 2476 veniens
1358 2449 1543 2484 magistratum
1557 2451 1584 2472 et
1598 2450 1721 2472 senatum
1736 2445 1836 2472 Romae

1043 2487 1201 2518 offenderet,
1219 2496 1316 2523 magno
1327 2487 1390 2513 usui
1400 2493 1510 2512 caussae
1521 2488 1625 2510 nostrae
1637 2482 1742 2508 fuisset.
1785 2482 1836 2508 Da-

1043 2533 1150 2551 mnasse
1161 2525 1234 2551 enim
1248 2523 1358 2551 sceleris
1369 2523 1505 2549 hominem
1520 2521 1650 2550 amicum,
1669 2518 1834 2554 reipublicae

1043 2570 1151 2592 caussa,
1168 2561 1318 2588 videretur:
1339 2559 1412 2595 quod
1429 2566 1501 2585 nunc
1516 2565 1624 2592 quoque
1644 2556 1763 2589 videtur;
1785 2555 1835 2582 sed

1044 2600 1135 2625 minus
1149 2598 1270 2633 prodest:
1290 2606 1343 2624 non
1358 2597 1430 2623 enim
1441 2595 1534 2625 habet,
1546 2595 1591 2620 cui
1601 2594 1698 2628 prosit;
1715 2600 1834 2627 eumque

1043 2636 1157 2662 arbitror
1175 2636 1323 2670 poenitere;
1350 2634 1404 2659 nisi
1424 2631 1488 2658 forte
1510 2631 1537 2658 id
1557 2632 1647 2666 ipsum
1667 2635 1708 2657 est
1723 2629 1831 2659 falsum,

1021 2669 1024 2695 ἶ
1042 2672 1201 2699 discessisse
1212 2672 1300 2698 illum.
1331 2671 1384 2696 Nos
1395 2668 1505 2704 quidem
1516 2677 1564 2704 pro
1574 2673 1644 2695 certo
1655 2667 1832 2694 habebamus.
