1941 3052
434 153 481 179 ΙΝ
512 153 711 180 VERREM
745 154 843 180 ACT.
865 154 897 180 11.

89 224 209 256 tendam,
229 233 305 256 eum,
324 225 372 260 qui
386 233 435 252 suo
448 225 548 252 iudicio
560 225 702 252 damnatus
717 225 764 256 sit,
781 225 880 251 iurato—

88 272 148 290 rum
162 263 282 290 iudicum
296 263 434 289 sententiis
452 263 571 289 damnari
589 267 718 298 oportere.
759 264 801 288 20.
823 263 879 288 Non

88 300 229 327 defendam
240 300 373 335 Apollonii
382 309 504 326 caussam
515 301 592 326 amici
604 305 682 335 atque
694 300 807 334 hospitis
817 300 878 330 mei,

88 347 121 364 ne
134 342 210 364 tuum
224 337 355 364 iudicium
369 338 461 364 videar
475 337 637 364 rescindere:
657 337 725 364 nihil
743 337 776 363 de
795 337 881 363 homi-

88 376 130 402 nis
144 374 304 410 frugalitate,
320 375 426 406 virtute,
442 375 581 410 diligentia
595 375 696 401 dicam:
716 374 879 409 praetermit-

88 416 140 439 tam
154 411 223 438 illud
237 412 329 443 etiam,
346 411 379 438 de
392 421 446 447 quo
459 417 534 438 antea
548 412 618 443 dixi,
641 412 760 438 fortunas
773 412 832 438 eius
846 411 880 437 ita

87 450 244 476 constitutas
263 448 359 480 fuisse,
380 449 493 480 familia,
516 458 623 484 pecore,
648 449 735 480 villis,
760 449 881 483 pecuniis

87 486 204 517 creditis,
221 491 250 513 ut
264 487 365 513 nemini
379 487 469 513 minus
483 486 631 521 expediret.
648 486 733 512 ullum
749 487 776 512 in
791 485 880 512 Sicilia

87 523 234 550 tumultum
249 528 295 550 aut
308 524 409 550 bellum
419 525 594 551 commoveri:
612 532 662 550 non
672 524 758 549 dicam
771 532 803 549 ne
813 522 881 548 illud

87 561 207 596 quidem,
223 561 246 587 si
261 561 377 587 maxime
392 561 418 587 in
432 561 510 596 culpa
521 560 601 587 fuerit
610 560 776 595 Apollonius,
792 565 880 586 tamen

87 599 116 625 in
139 598 274 625 hominem
297 599 517 625 honestissimum
540 599 656 624 civitatis
678 598 881 624 honestissimae

87 640 141 662 tam
160 636 278 671 graviter
296 636 471 662 animadverti
491 644 585 662 caussa
607 635 706 661 indicta
729 643 780 661 non
804 643 882 669 opor·

88 674 182 700 tuisse.
222 675 264 700 2⁴.
286 673 393 699 Nullam
411 673 539 699 invidiam
558 673 586 699 in
601 677 637 703 te,
659 681 691 698 ne
705 681 738 698 ex
751 672 805 698 illis
820 672 882 706 qui-

88 710 149 736 dem
164 710 243 736 rebus
257 710 402 741 concitabo,
418 719 503 745 quum
518 714 588 736 esset
601 709 661 736 talis
675 710 717 736 vir
729 710 757 736 in
767 717 878 740 carcere,

88 748 115 774 in
131 747 255 779 tenebris,
270 748 298 774 in
308 747 440 782 squalore,
456 747 483 773 in
494 747 628 778 sordibus,
644 747 789 782 tyrannicis
800 747 882 772 inter-

88 785 166 811 dictis
181 785 242 816 tuis,
259 785 325 819 patri
340 789 429 811 exacta
443 789 534 815 aetate,
550 789 575 810 et
585 784 745 811 adolescenti
756 784 819 815 filio,
835 784 883 809 ad-
902 801 904 816 ί

88 822 169 848 eundi
188 822 220 848 ad
237 822 314 848 illum
333 823 461 848 miserum
479 826 635 856 potestatem
654 830 800 856 numquam
823 830 881 847 esse
903 818 904 824 ¹

88 858 193 886 factam.
232 859 318 885 Etiam
333 859 401 885 illud
415 859 576 894 praeteribo,
596 860 819 894 quotiescumque
833 859 882 884 Pa—

88 905 211 923 normum
233 897 338 923 veneris
360 896 406 923 illo
429 905 498 923 anno
520 901 546 923 et
566 905 615 923 sex
632 897 784 927 mensibus,
809 896 880 931 (nam

88 933 190 960 tamdiu
204 933 256 960 fuit
268 934 296 960 in
309 942 412 960 carcere
426 933 609 969 Apollonius,)
628 935 704 961 toties
718 934 751 960 ad
765 938 790 960 te
804 942 882 960 sena·

87 975 144 997 tum
159 971 374 997 Panormitanum
389 971 477 998 adisse
491 971 640 1006 supplicem
659 980 721 998 cum
741 972 882 1007 magistra-

87 1008 160 1035 tibus
178 1008 415 1044 sacerdotibusque
432 1008 548 1043 publicis
566 1013 684 1036 orantem
703 1013 782 1044 atque
804 1009 882 1035 obse-

87 1050 217 1076 crantem,
237 1049 268 1072 ut
285 1046 428 1081 aliquando
446 1046 491 1073 ille
506 1047 587 1073 miser
600 1051 680 1081 atque
693 1047 820 1073 innocens
837 1055 882 1072 ca-

88 1082 204 1109 lamitate
218 1082 263 1109 illa
278 1083 443 1110 liberaretur.
472 1084 604 1119 Relinque
618 1084 682 1110 haec
695 1085 797 1110 omnia:
813 1092 882 1119 quae

87 1120 110 1146 si
125 1120 206 1146 velim
220 1122 358 1156 persequi,
380 1121 457 1147 facile
475 1121 612 1148 ostendam
627 1126 671 1148 tua
685 1121 840 1148 crudelitate
854 1122 881 1147 in

87 1157 153 1184 alios
171 1166 263 1184 omnes
280 1159 329 1185 tibi
347 1158 435 1185 aditus
453 1159 650 1185 misericordiae
672 1159 792 1185 iudicum
815 1159 882 1185 iam—
904 1169 905 1177 ¹

87 1195 190 1230 pridem
209 1204 268 1222 esse
284 1196 446 1230 praeclusos.

87 1232 230 1259 concedam
253 1238 278 1259 et
300 1234 443 1260 remittam.

484 1234 627 1261 Praevideo
649 1235 733 1265 enim,
759 1234 825 1269 quid
847 1234 882 1259 sit
904 1239 905 1267 j

87 1269 248 1296 defensurus
261 1271 426 1297 Hortensius.

465 1271 600 1298 Fatebitur
614 1271 684 1306 apud
698 1272 780 1298 istum
796 1279 882 1306 neque

87 1311 251 1334 senectutem
269 1308 351 1342 patris
373 1317 460 1343 neque
483 1309 686 1335 adolescentiam
710 1309 771 1340 iiiii,
796 1317 882 1344 neque
911 1316 912 1319 ¹

89 1343 210 1371 lacrimas
232 1346 374 1380 utriusque
396 1346 457 1380 plus
481 1346 611 1378 valuisse,
636 1355 718 1381 quam
741 1346 881 1373 utilitatem

88 1381 256 1417 salutemque
274 1383 438 1417 provinciae:
467 1383 536 1410 dicet
554 1383 746 1419 rempublicam
767 1384 882 1410 admini-

87 1420 165 1446 strari
189 1420 246 1446 sine
269 1424 343 1446 metu
365 1429 395 1447 ac
417 1421 557 1447 severitate
575 1430 627 1447 non
647 1430 736 1456 posse:
761 1426 879 1456 quaeret,

87 1457 261 1491 quamobrem
277 1456 361 1484 fasces
375 1458 540 1492 praetoribus
559 1458 754 1493 praeferantur,
774 1467 822 1484 cur
840 1467 882 1484 se-

87 1502 165 1520 cures
179 1494 267 1526 datae,
288 1503 336 1521 cur
349 1504 437 1522 carcer
450 1496 616 1527 aedificatus,
639 1505 686 1522 cur
700 1501 735 1522 tot
749 1496 881 1531 supplicia

87 1531 142 1557 sint
164 1531 192 1558 in
215 1532 352 1566 improbos
374 1541 446 1559 more
471 1534 600 1559 maiorum
623 1533 784 1560 constituta?
809 1534 882 1566 Quae

87 1577 172 1604 quum
195 1570 283 1595 omnia
305 1570 421 1605 graviter
441 1579 586 1605 severeque
605 1570 716 1597 dixerit:
743 1579 879 1606 quaeram,

87 1614 135 1632 cur
153 1605 224 1632 hunc
242 1607 366 1633 eumdem
379 1607 551 1642 Apollonium
566 1608 659 1634 Verres
679 1608 748 1634 idem
764 1613 879 1643 repente,

88 1642 162 1670 nulla
176 1652 243 1670 nova
257 1652 285 1670 re
299 1643 385 1676 allata,
402 1645 474 1671 nulla
489 1645 652 1676 defensione,
669 1646 726 1672 sine
740 1654 834 1672 caussa
849 1645 881 1672 de

87 1689 190 1707 carcere
204 1681 288 1708 emitti
303 1681 429 1708 iusserit?
443 1687 600 1718 tantumque
614 1683 641 1709 in
656 1683 704 1709 boc
714 1683 825 1709 crimine
835 1692 882 1709 su-
910 1680 912 1689 l

87 1718 215 1753 spicionis
233 1727 291 1745 esse
310 1719 462 1749 affirmabo,
483 1724 512 1746 ut
526 1721 576 1746 iam
592 1721 658 1755 ipsis
673 1721 809 1747 iudicibus
823 1721 882 1746 sine

87 1764 145 1782 mea
163 1757 392 1791 argumentatione
409 1757 588 1784 coniecturam
611 1757 696 1784 facere
719 1759 879 1793 permittam,

86 1792 159 1828 quod
173 1793 222 1820 hoc
235 1802 321 1829 genus
339 1794 497 1829 praedandi,
517 1803 598 1830 quam
612 1796 779 1830 improbum,
799 1804 881 1830 quam

86 1830 229 1866 indignum
247 1839 383 1866 quamque
401 1831 434 1858 ad
452 1832 664 1868 magnitudinem
683 1838 812 1867 quaestus
831 1834 882 1859 im-

88 1875 211 1894 mensum
225 1868 415 1904 infinitumque
429 1878 488 1896 esse
502 1870 633 1896 videatur.
673 1872 716 1897 23.
733 1871 798 1897 Nam
812 1879 881 1906 quae

86 1905 137 1932 iste
150 1905 177 1932 in
191 1905 332 1940 Apollonio
344 1906 418 1938 fecit,
439 1915 468 1933 ea
483 1908 600 1942 primum
615 1908 731 1934 breviter
744 1908 882 1944 cognosci-

87 1946 120 1973 te,
136 1947 202 1978 quot
215 1947 240 1969 et
253 1948 351 1978 quanta
365 1944 432 1977 sint,
457 1943 554 1971 deinde
569 1945 632 1971 haec
646 1945 788 1980 expendite
802 1950 881 1980 atque

87 1980 223 2006 aestimate
236 1981 363 2015 pecunia:
379 1982 525 2016 reperietis,
542 1982 640 2009 idcirco
655 1982 718 2009 haec
731 1983 758 2009 in
771 1991 824 2009 uno
835 1983 882 2009 ho-

87 2018 159 2043 mine
173 2018 318 2052 pecunioso
335 2022 372 2045 tot
389 2019 545 2050 constituta,
566 2024 595 2046 ut
612 2021 707 2046 ceteris
725 2020 881 2046 formidines

87 2054 218 2081 similium
234 2055 461 2082 incommodorum
476 2061 555 2091 atque
569 2057 690 2091 exempla
701 2057 880 2092 periculorum
904 2067 905 2073 ¹

87 2096 308 2126 proponerentur.
347 2093 468 2120 Primum
491 2094 657 2120 insimulatio
679 2099 719 2121 est
745 2095 881 2130 repentina

87 2128 208 2164 capitalis
231 2134 311 2164 atque
333 2130 459 2157 invidiosi
480 2131 614 2158 criminis:
643 2133 763 2163 statuite,
787 2133 880 2167 quanti

87 2165 137 2193 hoc
155 2167 254 2201 putetis
273 2171 299 2193 et
316 2175 398 2202 quam
416 2167 515 2194 multos
533 2168 692 2202 redemisse;
716 2169 813 2196 deinde
830 2170 882 2196 cri-

87 2211 148 2230 men
162 2204 220 2230 sine
234 2209 398 2236 accusatore,
418 2206 546 2232 sententia
561 2207 618 2232 sine
631 2206 755 2238 consilio,
771 2207 882 2233 damna-

56 2269 63 2277 .
87 2241 124 2268 tio
137 2241 195 2268 sine
209 2241 377 2268 defensione:
398 2243 534 2269 aestimate
548 2243 642 2270 harum
658 2252 746 2271 rerum
760 2245 881 2271 omnium

87 2279 184 2313 pretia,
200 2282 226 2305 et
239 2280 350 2314 cogitate
364 2280 391 2305 in
407 2280 448 2305 his
462 2279 650 2315 iniquitatibus
665 2289 748 2308 unum
764 2281 882 2308 haesisse

87 2315 272 2350 Apollonium,
289 2321 389 2343 ceteros
403 2316 520 2351 profecto
530 2317 628 2344 multos
638 2326 672 2345 ex
683 2318 724 2345 bis
735 2319 882 2345 incommo-
904 2337 906 2341 ,

87 2351 129 2379 dis
143 2354 255 2388 pecunia
269 2362 298 2380 se
313 2353 452 2385 liberasse;
469 2359 602 2389 postremo
617 2355 746 2387 tenebrae,
763 2356 879 2387 vincula,

87 2397 188 2422 carcer,
207 2390 344 2417 inclusum
363 2391 528 2426 supplicium
547 2397 627 2427 atque
645 2401 658 2419 a
676 2398 819 2428 conspectu
835 2402 882 2428 pa—

88 2431 192 2454 rentum
207 2435 237 2454 ac
255 2427 382 2459 liberum,
403 2429 520 2464 denique
534 2438 547 2455 a
564 2429 647 2456 libero
659 2430 755 2465 spiritu
770 2436 795 2457 et
808 2439 882 2457 com-

89 2464 163 2491 muni
178 2464 237 2491 luce
254 2465 405 2493 seclusum:
440 2467 481 2493 24.
503 2467 565 2493 hacc
584 2475 657 2498 vcro,
679 2475 748 2502 quae
766 2467 807 2494 vel
828 2468 880 2494 vita

88 2501 183 2528 redimi
205 2506 274 2529 recte
296 2504 412 2538 possint,
438 2504 578 2530 aestimare
596 2505 707 2539 pecunia
726 2513 777 2531 non
800 2513 879 2540 queo.

89 2538 156 2565 Haec
169 2540 256 2566 omnia
270 2549 329 2567 sero
343 2541 454 2568 redemit
468 2541 637 2576 Apollonius,
655 2541 706 2568 iam
722 2550 838 2568 maerore
852 2551 881 2568 ac

89 2575 204 2617 miseriis
228 2577 361 2611 perditus:
390 2578 436 2604 sed
461 2583 546 2605 tamen
570 2584 670 2605 ceteros
693 2579 795 2610 docuit,
821 2584 881 2605 ante

88 2612 166 2638 istius
180 2614 305 2640 avaritiae
320 2624 349 2641 ac
363 2615 455 2642 sceleri
469 2624 620 2644 occurrere:
646 2616 697 2642 nisi
713 2625 775 2643 vero
787 2617 881 2643 existi-

487 1197 533 1223 IX.
555 1198 597 1223 2⁶2.
619 1196 713 1223 Omnia
731 1197 814 1232 igitur
831 1197 881 1222 ista
904 1216 913 1232 ,

89 2649 175 2681 matis,
191 2649 326 2678 hominem
341 2653 595 2687 pecuniosissimum
610 2653 668 2679 sine
682 2653 771 2689 aliqua
785 2662 879 2680 caussa

87 2691 216 2721 quaestus
229 2687 341 2715 electum
355 2689 387 2716 ad
403 2694 455 2717 tam
468 2690 625 2718 incredibile
638 2691 748 2723 crimen,
763 2696 809 2718 aut
822 2692 880 2718 sine

931 153 1070 180 LlB.V.
1105 154 1202 180 CAP.
1237 156 1369 181 6—12.
1672 156 1718 182 33⁴

931 224 1023 250 eadem
1041 233 1135 250 caussa
1154 230 1261 259 repente
1279 234 1293 251 e
1311 233 1413 251 carcere
1435 225 1577 256 emissum,
1606 230 1650 251 aut
1674 226 1723 252 hoc

932 262 1075 296 praedandi
1089 271 1174 297 genus
1189 263 1221 288 ab
1235 263 1285 288 isto
1299 263 1326 288 in
1341 262 1387 288 illo
1401 271 1454 288 uno
1464 262 1613 288 adhibitum
1625 271 1654 289 ac
1666 268 1724 289 ten-

932 304 1028 330 tatum,
1050 304 1075 325 et
1094 308 1144 325 non
1163 308 1210 334 per
1227 299 1303 326 illum
1319 300 1443 326 omnibus
1457 300 1609 334 pecuniosis
1624 300 1723 326 Siculis

932 341 1032 362 metum
1048 337 1212 371 propositum
1227 342 1252 363 et
1266 337 1403 363 iniectum.

988 374 1022 399 X.
1039 375 1081 400 25.
1098 374 1183 408 Cupio
1197 374 1272 405 mihi,
1289 374 1401 405 iudices,
1417 374 1450 400 ab
1464 373 1510 400 illo
1524 374 1635 404 subiici,
1656 382 1725 408 quo-

933 412 1004 437 niam
1018 411 1051 437 de
1065 411 1173 437 militari
1188 412 1245 437 eius
1259 411 1342 447 gloria
1357 411 1428 442 dico,
1450 412 1473 437 si
1487 411 1553 446 quid
1568 411 1634 437 forte
1648 419 1725 446 prae-

932 453 1012 474 tereo.
1053 449 1118 474 Nam
1134 449 1200 475 mihi
1215 449 1306 475 videor
1319 449 1351 475 de
1365 449 1492 475 omnibus
1505 449 1558 474 iam
1571 449 1652 474 rebus
1666 449 1724 475 eius

932 486 1016 520 gestis
1030 485 1140 517 dixisse,
1157 495 1225 521 quae
1239 486 1348 521 quidem
1363 486 1395 512 ad
1407 485 1469 512 belli
1480 485 1654 521 fugitivorum
1666 495 1726 520 per—

933 523 1046 549 tinerent
1060 523 1256 558 suspicionem:
1281 529 1350 549 certe
1365 523 1431 549 nihil
1446 523 1534 549 sciens
1548 523 1723 558 praetermisi.

933 560 1040 586 Habetis
1059 560 1175 586 hominis
1193 561 1317 591 consilia,
1343 561 1523 595 diligentiam,
1549 560 1723 595 vigilantiam,

932 597 1081 624 custodiam
1095 597 1333 632 defensionemque
1348 599 1509 632 provinciae.
1535 598 1646 624 Summa
1661 597 1726 624 illuc

933 636 1059 669 pertinet,
1080 640 1110 661 ut
1127 635 1231 666 sciatis,
1252 636 1377 670 quoniam
1397 635 1473 670 plura
1487 643 1583 670 genera
1598 640 1661 661 sunt
1674 636 1726 661 im-

933 677 1092 706 peratorum,
1108 681 1141 698 ex
1155 681 1208 707 quo
1220 681 1316 707 genere
1331 673 1380 698 iste
1394 673 1437 703 sit,
1453 681 1486 698 ne
1500 673 1603 698 diutius
1616 673 1643 698 in
1655 677 1726 698 tanta

932 710 1043 744 penuria
1058 710 1175 736 virorum
1190 709 1298 735 fortium
1313 709 1391 735 talem
1406 711 1591 744 imperatorem
1605 710 1726 745 ignorare

933 747 1057 781 possitis:
1078 755 1129 773 non
1144 747 1176 772 ad
1190 747 1221 778 Q.
1237 747 1346 773 Maximi
1362 747 1528 781 sapientiam,
1545 755 1632 781 neque
1646 747 1678 772 ad
1693 747 1726 772 il-

934 784 986 810 lius
997 785 1142 818 superioris
1153 784 1268 810 Africani
1279 785 1306 810 in
1321 793 1347 810 re
1361 784 1479 819 gerunda
1494 784 1663 814 celeritatem,
1680 792 1726 810 ne-

932 830 985 856 que
999 821 1031 847 ad
1047 822 1141 852 huius,
1162 822 1209 856 qui
1224 827 1314 856 postea
1333 821 1395 851 fuit,
1417 821 1553 856 singulare
1571 821 1723 851 consilinm,

933 867 1019 894 neque
1038 859 1071 885 ad
1085 859 1170 885 Paulli
1189 860 1317 885 rationem
1335 868 1364 885 ac
1384 858 1567 893 disciplinam,
1589 867 1675 893 neque
1694 858 1726 884 ad

933 896 962 923 C.
978 897 1053 922 Marii
1068 897 1122 923 vim
1137 901 1217 931 atque
1231 897 1365 927 virtutem,
1382 896 1428 922 sed
1443 896 1475 922 ad
1489 895 1562 921 aliud
1576 904 1662 931 genus
1676 896 1727 921 im-

933 939 1078 968 peratorem
1097 943 1162 960 sane
1180 934 1323 969 diligenter
1341 933 1510 960 retinendum
1529 937 1553 959 et
1567 941 1727 959 conservan-

933 971 1011 1002 dum,
1027 980 1141 1006 quaeso,
1157 972 1318 1007 cognoscite.
1358 973 1400 997 26.
1416 972 1542 997 ltinerum
1557 971 1674 1005 primum
1690 970 1727 996 la-

910 1040 911 1045 *
933 1009 1037 1039 borem,
1058 1009 1105 1044 qui
1120 1009 1162 1035 vel
1176 1010 1311 1035 maximus
1326 1009 1405 1035 estin
1424 1017 1451 1034 re
1470 1008 1590 1038 militari,
1612 1007 1724 1037 iudices,

910 1072 912 1075 ζ
933 1051 958 1072 et
972 1047 999 1072 in
1010 1046 1099 1072 Sicilia
1114 1046 1230 1073 maxime
1244 1047 1419 1077 necessarius,
1436 1046 1555 1080 accipite.
1571 1054 1651 1080 quam
1664 1045 1728 1071 faci-

934 1083 985 1110 lem
1004 1084 1056 1110 sibi
1075 1085 1124 1110 iste
1143 1089 1168 1110 et
1181 1084 1331 1110 iucundum
1346 1084 1444 1110 ratione
1458 1083 1624 1118 consilioque
1639 1082 1727 1108 reddi—

933 1121 1008 1148 derit.
1048 1122 1166 1148 Primum
1187 1122 1352 1156 temporibus
1372 1121 1491 1147 bibernis
1509 1120 1541 1146 ad
1564 1120 1728 1155 magnitudi-

934 1167 994 1185 nem
1014 1158 1143 1195 frigorum
1162 1164 1187 1185 et
1205 1159 1237 1185 ad
1256 1163 1444 1193 tempestatum
1463 1159 1518 1184 vim
1537 1166 1566 1184 ac
1585 1157 1726 1184 fluminum

933 1196 1098 1231 praeclarum
1117 1197 1167 1223 sibi
1188 1197 1236 1223 hoc
1255 1196 1402 1223 remedium
1417 1199 1588 1230 compararat.
1630 1195 1726 1221 Urbem

933 1234 1079 1270 Syracusas
1093 1234 1220 1271 elegerat:
1236 1235 1314 1260 cuius
1330 1234 1373 1260 hic
1387 1234 1455 1260 situs
1470 1237 1550 1268 atque
1561 1233 1624 1259 haec
1635 1237 1726 1258 natura

933 1280 993 1298 esse
1007 1271 1056 1298 loci
1067 1272 1187 1307 caelique
1199 1272 1304 1303 dicitur,
1322 1276 1350 1298 ut
1361 1271 1453 1297 nullus
1464 1278 1592 1305 umquam
1605 1270 1662 1296 dies
1674 1275 1725 1295 tam

934 1318 1028 1345 magna
1042 1309 1249 1344 turbulentaque
1268 1313 1423 1344 tempestate
1442 1308 1533 1338 fuerit,
1554 1309 1619 1342 quin
1638 1307 1727 1342 aliquo

933 1351 1051 1381 tempore
1070 1347 1128 1373 eius
1146 1347 1200 1373 diei
1218 1347 1302 1373 solem
1322 1347 1443 1372 homines
1461 1346 1586 1371 viderint.
1628 1345 1674 1370 Hic
1693 1346 1726 1370 ita

933 1384 1040 1410 vivebat
1054 1384 1103 1410 iste
1122 1384 1208 1411 bonus
1226 1385 1368 1419 imperator
1387 1384 1506 1409 hibernis
1525 1382 1677 1412 mensibus,
1699 1387 1727 1408 ut

933 1430 994 1448 eum
1010 1430 1060 1448 non
1077 1421 1153 1448 facile
1167 1431 1218 1448 non
1234 1422 1311 1448 modo
1325 1426 1397 1447 extra
1413 1425 1523 1451 tectum,
1545 1420 1591 1446 sed
1606 1428 1638 1445 ne
1653 1424 1726 1445 extra

911 1491 912 1495 Ἰ
934 1459 1031 1485 lectum
1051 1460 1160 1494 quidem
1181 1460 1325 1494 quisquam
1346 1458 1460 1484 videret:
1485 1459 1519 1484 ita
1539 1458 1591 1483 diei
1611 1457 1726 1483 brevitas

933 1497 1074 1526 conviviis,
1091 1497 1176 1523 noctis
1191 1496 1328 1531 longitudo
1342 1496 1442 1530 stupris
1457 1500 1481 1521 et
1491 1494 1598 1530 flagitiis
1609 1500 1727 1520 contere-

933 1534 1020 1560 batur.
1042 1535 1084 1561 ΕΠ.
1099 1533 1188 1566 Quum
1203 1539 1291 1560 autem
1307 1542 1352 1559 ver
1366 1542 1425 1559 csse
1439 1537 1567 1566 coeperat,
1584 1532 1662 1558 cuius
1677 1532 1727 1557 ini-

933 1572 1001 1598 tium
1015 1572 1065 1598 iste
1081 1580 1131 1597 non
1147 1580 1160 1597 a
1172 1572 1296 1600 Favonio,
1314 1579 1400 1605 neque
1414 1570 1447 1596 ab
1461 1570 1512 1596 alio
1526 1574 1595 1595 astro
1607 1569 1724 1595 notabat:

933 1609 994 1639 sed,
1014 1618 1099 1644 quum
1115 1617 1200 1635 rosam
1216 1609 1329 1639 viderat,
1351 1614 1414 1634 tunc
1428 1608 1543 1641 incipere
1559 1615 1603 1632 ver
1617 1607 1727 1632 arbitra-

934 1647 1023 1679 batur,
1040 1646 1119 1672 dabat
1133 1655 1162 1672 se
1178 1646 1259 1672 labori
1271 1651 1350 1681 atque
1362 1645 1515 1671 itineribus:
1532 1645 1558 1670 in
1570 1644 1670 1679 quibus
1681 1652 1728 1670 us—

933 1692 985 1719 que
1004 1692 1034 1709 eo
1052 1693 1080 1710 se
1099 1684 1241 1719 praebebat
1260 1684 1402 1718 patientem
1421 1687 1500 1717 atque
1519 1682 1678 1717 impigrum,
1699 1686 1728 1707 ut

933 1729 994 1748 eum
1011 1730 1089 1747 nemo
1104 1729 1232 1756 umquam
1248 1721 1274 1747 in
1290 1729 1359 1755 equo
1373 1720 1509 1746 sedentem
1525 1719 1630 1745 viderit.

988 1759 1036 1784 Xl.
1057 1759 1136 1789 Nam,
1157 1763 1186 1784 ut
1201 1767 1257 1784 mos
1273 1758 1321 1784 fuit
1336 1757 1475 1792 Bithyniae
1494 1757 1614 1792 regibus,
1638 1756 1726 1782 lectica

933 1796 1075 1831 octophoro
1090 1796 1231 1826 ferebatur,
1247 1797 1274 1822 in
1289 1804 1340 1830 qua
1356 1795 1486 1830 pulvinus
1497 1799 1551 1820 erat
1562 1793 1725 1828 perlucidus.

934 1833 1089 1865 Melitensis
1107 1842 1164 1860 rosa
1180 1833 1291 1860 farctus:
1309 1834 1366 1868 ipse
1380 1837 1468 1858 autem
1479 1840 1600 1858 coronam
1616 1831 1727 1857 habebat

934 1880 1015 1898 unam
1034 1873 1060 1897 in
1079 1872 1177 1906 capite,
1204 1870 1311 1897 alteram
1331 1871 1357 1896 in
1376 1870 1455 1899 collo,
1481 1869 1677 1903 reticulumque
1695 1867 1727 1894 ad

934 1918 1010 1935 nares
1025 1909 1076 1935 sibi
1092 1909 1250 1935 admovebat
1265 1909 1425 1934 tenuissimo
1436 1907 1497 1937 lino,
1515 1907 1626 1932 minutis
1638 1914 1728 1931 macu-

935 1946 976 1978 lis,
992 1946 1101 1981 plenum
1117 1955 1200 1973 rosae.
1227 1946 1271 1972 Sic
1285 1945 1403 1972 confecto
1417 1945 1518 1973 itinere.
1534 1952 1619 1978 quum
1634 1943 1665 1969 ad
1679 1943 1728 1969 ali-

933 1984 1005 2019 quod
1019 1984 1148 2019 oppidum
1166 1987 1280 2013 venerat,
1297 1983 1389 2009 eadem
1406 1982 1494 2008 lectica
1509 1990 1596 2016 usque
1611 1981 1636 2007 in
1651 1981 1728 2006 cubi-

933 2022 1024 2048 culum
1043 2021 1220 2048 ‹leferebatur.
1262 2021 1300 2047 Eo
1319 2020 1460 2046 veniebant
1474 2019 1625 2045 Siculorum
1641 2018 1728 2053 magi-

933 2063 1040 2089 stratus,
1057 2059 1199 2085 veniebant
1213 2059 1316 2093 equites
1331 2058 1455 2089 Romani,
1483 2057 1509 2082 id
1523 2056 1595 2090 quod
1610 2065 1642 2082 cx
1657 2055 1727 2081 mul-

933 2097 968 2122 tis
986 2097 1080 2122 iuratis
1099 2096 1225 2122 audistis:
1250 2096 1444 2122 controversiae
1457 2098 1557 2120 secreto
1571 2093 1727 2119 defereban-

934 2138 990 2160 tur:
1007 2133 1096 2169 paullo
1111 2138 1170 2168 post
1184 2133 1270 2168 palam
1282 2133 1386 2159 decreta
1397 2131 1594 2158 auferebantur.
1618 2130 1724 2158 Deinde.

934 2171 980 2197 ubi
995 2171 1142 2206 paullisper
1156 2172 1182 2197 in
1197 2170 1330 2200 cubiculo,
1349 2170 1440 2204 pretio,
1458 2178 1507 2195 non
1523 2169 1655 2203 aequitate
1671 2168 1726 2193 iura

933 2208 1122 2243 descripseram
1145 2208 1238 2234 Veneri
1256 2208 1308 2234 iam
1324 2212 1348 2233 et
1365 2207 1458 2233 Libero
1472 2205 1605 2240 reliquum
1621 2210 1726 2239 tempus

933 2246 1024 2272 deberi
1039 2245 1224 2271 arbitrabatur.
1265 2247 1307 2270 28.
1322 2246 1381 2277 Quo
1396 2244 1451 2270 loco
1465 2243 1529 2269 mibi
1546 2251 1596 2268 non
1612 2247 1726 2276 praeter-

934 2282 1061 2309 mittenda
1077 2283 1181 2309 videtur
1196 2281 1321 2318 praeclari
1337 2281 1503 2316 imperatoris
1517 2280 1621 2315 egregia
1632 2288 1660 2305 ac
1671 2279 1726 2304 sin—

932 2319 1033 2355 gularis
1047 2319 1195 2355 diligentia.
1237 2320 1300 2345 Nam
1317 2320 1408 2345 scitote
1421 2326 1480 2344 esse
1494 2317 1623 2351 oppidum
1643 2317 1669 2342 in
1684 2317 1727 2341 Si-

933 2357 993 2383 cilia
1008 2356 1113 2383 nullum
1125 2357 1202 2383 exiis
1212 2357 1328 2391 oppidis,
1346 2356 1484 2390 inquibus
1495 2355 1639 2380 consistere
1651 2362 1726 2388 prae-

934 2399 1002 2420 tores
1017 2398 1042 2420 et
1055 2398 1216 2420 conventum
1231 2402 1307 2429 agere
1321 2393 1420 2420 solent.
1440 2401 1494 2427 quo
1512 2392 1539 2417 in
1557 2390 1656 2425 oppido
1675 2399 1725 2416 nou

933 2432 977 2457 isti
996 2439 1029 2458 ex
1047 2431 1136 2465 aliqua
1156 2430 1256 2457 familia
1275 2439 1326 2456 non
1345 2429 1456 2465 ignobili
1475 2428 1574 2454 delecta
1589 2428 1620 2453 ad
1637 2428 1726 2454 libidi-

934 2477 993 2495 nem
1009 2468 1106 2494 mulier
1119 2473 1198 2494 esset.
1222 2468 1312 2503 ltaque
1327 2466 1469 2494 nonnullae
1483 2475 1515 2492 cx
1529 2474 1560 2492 eo
1574 2474 1685 2491 numero
1699 2466 1725 2491 in

932 2506 1086 2532 convivium
1112 2505 1308 2531 adhibebantur
1331 2504 1432 2540 pulum:
1460 2504 1482 2529 si
1506 2511 1574 2538 quac
1599 2503 1725 2529 castiores

933 2547 1018 2573 erant,
1043 2542 1075 2568 iul
1095 2547 1201 2577 teinpus
1227 2542 1379 2572 veniebant,
1406 2541 1491 2567 lucem
1510 2544 1725 2575 conventumque

935 2580 1060 2606 vitabant.
1083 2580 1163 2606 Erant
1177 2585 1265 2606 autem
1280 2580 1402 2605 convivia
1415 2587 1465 2605 non
1477 2578 1522 2604 illo
1532 2577 1639 2603 silentio
1650 2586 1726 2612 prae-

933 2622 1018 2643 torum
1035 2617 1125 2652 populi
1142 2618 1217 2643 lloni.
1233 2622 1312 2652 atque
1327 2617 1515 2651 imperatorum
1530 2623 1616 2649 neque
1630 2623 1661 2640 eo
1675 2623 1725 2649 pu-

909 2657 911 2670 *
931 2654 1002 2685 dore,
1018 2656 1064 2689 qui
1080 2655 1106 2680 in
1119 2655 1322 2688 magistratuum
1335 2654 1467 2680 conviviis
1478 2653 1576 2678 versari
1587 2651 1661 2681 solet,
1677 2651 1724 2678 sed

908 2689 911 2716 2
931 2700 992 2718 cum
1009 2692 1125 2718 maximo
1139 2692 1254 2718 clamore
1267 2697 1346 2726 atque
1363 2691 1496 2718 convicio:
1522 2697 1723 2724 nonnumquam

1460 2736 1517 2764 42·
