1941 3052
246 180 276 205 *ii
829 184 853 208 5.
890 183 923 208 M.
959 184 978 208 's

245 251 308 277 titur
327 251 397 286 apud
417 252 569 278 ‘Ferentium
590 252 704 278 brevio-r
722 260 746 278 et
764 254 902 279 ‹mummi-2
917 263 995 280 senex
1013 255 1037 280 in
1060 256 1061 260 ’

1060 291 1061 312 ἶ
1092 297 1119 316 ut
1136 292 1240 316 virtum
1255 296 1299 316 aut
1314 292 1377 316 artis
1391 291 1505 317 alieuius
1520 297 1883 328 perreptmneui,autquarn-

247 289 352 318 Autlriu,
369 298 437 323 qum.-
451 299 609 321 cognoscere
625 290 748 315 libertum
766 290 841 316 w-tit:

302 326 337 351 1:¹0
349 330 426 359 prit'ln
440 332 461 351 νΙ
475 331 546 358 minti
563 333 638 352 ιἰΙιιυι
653 333 675 352 ι’(
690 331 822 353 romanum
836 338 914 353 nurum

301 373 441 395 romaum-ex,
457 369 479 388 ι’(
494 367 554 397 qun!
568 369 653 396 [ιιι-νη·
668 368 692 390 in
707 366 754 389 lim:
769 374 795 389 rae·
810 369 831 389 Ικ
847 367 929 390 ΓοἸιηα.

247 401 335 434 itaqu·⁴
358 401 584 435 ‹pu-tuatluimluiu
614 402 639 426 in
665 401 803 435 partitione
828 402 978 436 proposuit,
1005 403 1038 428 ita

246 442 339 466 narrat,
359 439 474 471 primum
489 439 560 471 gnati
578 439 671 464 vitam:

303 475 366 500 Num
382 478 402 500 is
415 481 548 508 prmlquum
563 478 672 501 nrm—ssu
685 479 718 501 (¹1¹
732 477 838 508 ephebis,
854 477 937 505 Sosia,
953 492 988 496 -—

301 511 416 547 [libr-rius
432 515 530 537 r11·1·1¹¹li
543 516 592 545 sni!
605 511 738 548 poteslas]

244 548 340 574 ‹lo-imle
354 558 433 574 suuui
449 550 604 575 consilium:

301 587 329 611 Ι·,“Ι
345 596 410 611 Ιιιιιιι·
426 589 451 611 m
465 597 566 619 uper-um
581 590 621 612 do.

1024 183 1298 209 utut-:unsis

1089 259 1252 280 constantem
1271 259 1296 279 «τι
1314 254 1462 280 absolutam
1481 254 1569 289 aliqua
1589 263 1615 280 ιη
1634 264 1661 280 re
1680 254 1880 289 perfectionem,

1093 329 1132 353 vis
1150 329 1288 354 scientiam
1312 333 1337 354 et
1355 329 1416 354 item
1435 330 1552 363 eorpmia
1574 329 1690 363 aliquam
1709 330 1883 356 commodita-

1060 385 1062 393 ,
1092 371 1142 391 tem
1163 374 1213 391 non
1234 370 1325 391 natura
1345 365 1442 395 datam,
1459 366 1505 391 scel
1520 366 1610 392 studio
1624 367 1808 401 industriaque
1823 376 1883 402 par-

1092 408 1153 428 tam.
1177 403 1286 428 Affectio
1299 407 1347 432 est,
1364 403 1444 428 animi
1460 408 1505 428 aut
1518 404 1635 438 corporis
1650 412 1682 430 ex
1697 408 1822 438 tempere.
1834 405 1883 431 ali-

1060 435 1062 466 ]
1090 449 1142 474 qua
1158 440 1190 465 de
1203 449 1305 470 caussa,
1322 441 1501 469 commutatio,
1512 445 1539 466 ut
1554 440 1659 470 laetitia,
1676 440 1819 476 cupiditas,
1828 450 1884 467 mt—

245 624 342 649 lleimle
357 623 422 658 quitl
438 624 540 650 Sosiam
558 624 621 650 velit
635 623 728 655 facere,
747 624 771 650 iil
786 625 857 659 quod
874 631 1036 659 postremum
1060 650 1062 653 .

1060 667 1062 675 ¹
1089 664 1115 690 di
1137 673 1187 690 non
1208 664 1376 690 faciendive·
1393 665 1539 699 excogitata
1555 664 1627 690 ratio.
1662 665 1737 691 Facta
1756 669 1845 691 nutem
1858 670 1884 691 et

245 661 333 694 posuit
349 661 373 686 in
390 661 537 695 partitione,
555 666 717 696 postremum
733 662 810 688 dicit:

302 698 374 723 Nuuc
390 702 458 723 tuum
473 704 508 724 es!
523 703 643 732 nsfiu'ium.

243 735 474 766 Queimulmoilum
501 737 581 770 igitur
605 737 647 763 bie
668 741 693 762 et
716 736 747 762 ad
768 737 880 772 primam
903 746 1038 773 quamque

244 776 342 806 partem
359 773 475 807 primum
491 775 608 805 accessit,
625 779 649 800 et
672 774 798 800 omnibus
815 774 944 801 absolutis
959 776 1038 802 linem

242 810 348 836 dicendi
373 810 442 842 feeit,
469 811 507 837 sic
527 813 602 838 nobis
623 812 706 846 placet
726 816 749 837 ct
768 812 800 837 ad
815 812 936 845 singulas
951 818 1038 847 partes

243 847 366 874 accedere
377 853 401 874 et
415 849 541 875 omnibus
555 850 684 875 absolutis
701 858 829 883 perorare.
848 851 923 875 Nunc
933 850 965 876 ‹le
975 859 1038 876 eon-

243 885 390 911 lirmatione
404 886 538 921 deinceps,
556 888 589 913 ita
607 891 634 913 ut
647 887 711 913 ordo
726 887 782 921 ipsc
798 887 922 921 postulat,
937 888 1038 922 praeci-

242 922 370 956 piendum
387 923 500 950 videtur.

297 960 394 987 XXIV.
411 962 451 987 32.
473 962 644 988 Confirmatio
661 966 709 993 est,
732 970 778 996 per
795 970 876 996 quam
895 971 1038 996 arg-'umen-

243 997 321 1023 tando
335 1002 438 1024 nostrae
451 1008 560 1025 caussae
575 999 654 1025 tidem
669 1004 694 1025 et
707 1000 889 1026 auctoritatem
905 1005 929 1026 et
950 1001 1038 1026 tirma-

241 1039 361 1061 mentum
384 1035 506 1071 adiungit
529 1037 619 1063 oratio.
659 1037 744 1063 lluius
769 1037 852 1072 partis
878 1042 946 1064 certa
975 1042 1037 1064 sunt

201 1085 206 1093 ι
240 1077 465 1108 praecepta,quae
479 1074 506 1100 in
518 1074 624 1109 singula
639 1083 794 1100 caussarum
806 1084 902 1110 genera
914 1075 1038 1101 dividen-

240 1113 292 1135 tur.
328 1110 515 1137 V‹·rmniam‹,·n
532 1120 582 1138 non
598 1112 799 1139 incommodum
815 1112 929 1143 videtur,
942 1122 1038 1148 quam-

240 1146 300 1172 dam
316 1147 413 1174 silvam
428 1153 506 1183 atque
522 1150 657 1175 materiam
678 1150 831 1176 universam
846 1155 904 1176 ante
920 1151 1037 1185 permix—

241 1187 292 1209 tam
307 1189 332 1210 et
341 1185 479 1212 confusam
491 1195 622 1221 exponere
633 1188 753 1213 omnium
765 1189 1033 1221 argumentationum,

240 1226 298 1255 post
321 1227 409 1249 autem
430 1223 539 1255 tradere,
559 1224 786 1259 quemadmodum
808 1234 890 1251 unum
910 1225 1036 1260 quodque

239 1268 348 1286 caussae
366 1269 461 1295 genus,
483 1261 545 1288 binc
563 1262 690 1288 omnibus
709 1262 912 1298 argumentandi
928 1264 1037 1289 rationi-

239 1296 290 1322 bus
305 1298 403 1329 tractis,
419 1298 574 1325 confirmare
588 1304 713 1334 oporteat.

294 1334 388 1361 Omnis
406 1344 448 1362 res
467 1337 677 1371 argumentando
694 1337 867 1363 confirmatur
884 1342 929 1364 aut
947 1346 980 1364 ex
994 1346 1032 1368 eo,

238 1371 310 1406 quod
329 1373 459 1407 personis,
479 1378 524 1400 aut
542 1383 575 1400 ex
593 1383 631 1405 eo,
653 1374 725 1409 quod
741 1375 854 1410 negotiis
868 1380 907 1401 est
921 1375 1035 1402 attribu-

239 1413 305 1435 tum.
339 1410 376 1436 Ac
399 1412 520 1445 personis
543 1411 591 1438 has
614 1421 656 1438 res
674 1412 814 1438 attributas
836 1417 970 1447 putamus,
988 1422 1035 1439 no-

238 1455 308 1478 men,
330 1452 459 1479 naturam,
481 1449 590 1480 victum,
612 1449 754 1481 fortunam,
771 1450 902 1481 habitum,
919 1450 1035 1476 affectio-

238 1492 307 1515 nem,
325 1485 422 1516 studia,
439 1486 558 1517 consilia,
577 1486 652 1518 saeta,
669 1496 756 1517 casus,
773 1488 914 1513 orationes.
931 1488 1032 1514 Nomen
1055 1499 1063 1514 t*

237 1525 285 1552 est,
311 1522 382 1556 quod
407 1523 453 1549 uni
473 1523 571 1558 cuique
590 1533 718 1559 personae
737 1525 900 1556 attribuitur,
916 1533 970 1560 quo
984 1534 1034 1551 suo

1055 1518 1057 1531 ι

1054 1536 1057 1554 l

236 1567 359 1593 quaeque
374 1561 481 1595 proprio
495 1566 519 1587 et
532 1565 602 1587 certo
617 1561 746 1588 vocabulo
760 1561 918 1596 appellatur.
950 1563 1034 1588 Natu-
1054 1569 1057 1590 ι

237 1605 292 1621 ram
315 1597 403 1631 ipsam
426 1597 537 1624 delinire
559 1598 669 1625 difficile
688 1604 740 1627 est;
770 1604 857 1633 partes
871 1604 960 1626 autem
975 1600 1033 1626 eius
1061 1618 1063 1623 .

236 1642 392 1661 enumerare
410 1643 462 1666 eas,
485 1644 599 1670 quarum
621 1636 775 1672 indigemus
793 1637 825 1663 ad
844 1637 912 1663 hanc
926 1646 1034 1672 praece-

236 1671 363 1705 ptionem,
385 1671 491 1699 facilius
509 1677 558 1699 est.
590 1675 631 1700 35.
647 1674 700 1699 Eae
714 1678 802 1700 autem
818 1675 913 1708 partim
928 1675 1029 1705 divino,
1053 1701 1055 1708 Α

236 1709 332 1742 partim
347 1709 450 1736 mortali
465 1710 492 1736 in
505 1718 602 1745 genere
616 1716 766 1737 versantur.
781 1711 932 1737 Mortalium
943 1716 1031 1738 autem
1053 1723 1055 1733 ⁴

236 1754 297 1779 pars
313 1746 338 1772 in
353 1746 502 1778 hominum,
520 1756 580 1782 pars
596 1748 623 1774 in
636 1748 782 1774 bestiarum
797 1757 894 1783 genere
909 1758 1033 1775 numera—

237 1788 287 1809 tur.
322 1783 409 1819 Atque
423 1784 563 1811 hominum
577 1794 663 1821 genus
678 1790 701 1811 et
717 1785 744 1811 in
758 1794 824 1812 sexu
839 1786 1029 1817 consideratur,

236 1820 313 1847 virile
327 1830 359 1847 an
375 1821 505 1848 muliebre
519 1823 562 1854 sit,
579 1827 604 1849 et
618 1823 645 1848 in
660 1823 773 1854 natione,
791 1823 883 1857 patria,
895 1824 1032 1859 cognatio-

236 1866 276 1889 ne,
294 1862 385 1885 aetate.
420 1859 539 1890 Natione,
557 1860 654 1886 Graius
668 1869 700 1886 an
716 1860 858 1893 barbarus,
886 1862 978 1896 patria,
997 1862 1032 1887 Α-

236 1895 383 1922 theniensis
407 1905 439 1923 an
464 1897 703 1928 Lacedaemonium
736 1898 903 1933 cognatione,
929 1899 1030 1934 quibus

1092 483 1142 507 tus,
1161 477 1289 507 molestia,
1307 477 1425 507 morbus,
1441 477 1574 507 debilitas,
1591 483 1616 504 ct
1629 478 1688 508 alia,
1705 487 1774 513 quae
1787 487 1884 513 genere

1091 515 1117 540 in
1132 514 1223 540 eodem
1239 515 1416 549 reperiuntur.
1450 515 1574 540 studium
1589 519 1629 541 est
1643 521 1730 541 autem
1745 516 1827 542 animi
1841 524 1883 542 a»-

1091 552 1167 577 sidua
1187 557 1211 578 et
1230 553 1374 578 velut-meus
1392 551 1424 577 ad
1443 552 1559 587 aliquam
1575 561 1629 578 rem
1644 552 1774 587 applicata
1789 562 1883 588 magna

1090 598 1151 615 cum
1177 589 1311 615 voluntate
1334 590 1481 624 oerupatio,
1503 595 1531 615 ut
1546 589 1738 624 philosophiae,
1756 591 1881 625 poeticae,

1090 628 1257 661 geometriae,
1276 627 1432 653 litterarum.
1453 627 1601 653 Consilium
1616 631 1655 653 est
1668 627 1770 662 aliquid
1786 627 1884 654 facien—

1089 710 1168 727 casus
1191 706 1216 728 et
1238 703 1370 728 orationes
1393 702 1478 728 tribus
1502 711 1533 728 ex
1554 702 1718 736 temporibus
1732 701 1883 728 considera-

1090 739 1202 771 buntur,
1219 739 1285 774 quid
1301 739 1391 765 fecerit
1404 743 1449 765 aut
1462 739 1529 774 quid
1544 740 1594 774 ipsi
1610 739 1735 765 acciderit
1753 744 1798 765 aut
1816 739 1882 774 quid

1089 776 1200 808 dixerit,
1228 781 1273 802 aut
1290 776 1356 811 quid
1377 775 1461 806 faciat.
1482 777 1548 811 quid
1566 777 1617 811 ipsi
1636 776 1746 807 aecidat,
1761 776 1828 812 quid
1841 776 1883 803 di-

1089 818 1143 846 cat3
1159 818 1205 840 aut
1216 814 1282 848 quid
1298 813 1416 840 facturus
1430 814 1474 844 sit,
1489 814 1555 849 quid
1570 815 1621 848 ipsi
1635 823 1760 840 casurum
1774 814 1818 845 sit,
1829 822 1882 849 qua

1089 851 1123 877 sit
1138 860 1237 877 usurus
1250 851 1376 878 oratione.
1402 851 1440 877 Ac
1453 852 1574 885 personis
1587 851 1696 886 quidem
1712 851 1775 878 baec
1790 851 1883 877 viden-

1090 892 1132 915 tur
1145 897 1203 914 esse
1217 888 1352 915 attributa.

1144 926 1240 952 xxvi.
1257 927 1298 952 37.
1327 925 1445 961 Negotiis
1468 930 1555 952 autem
1579 934 1648 961 quae
1670 931 1733 952 suut
1746 927 1880 955 attributa.

1089 964 1186 998 partim
1204 968 1268 989 sunt
1285 963 1446 989 continentia
1464 971 1526 989 cum
1542 963 1601 998 ipso
1615 963 1727 999 negotio,
1744 964 1840 998 partim
1855 965 1881 990 in

1088 1002 1208 1036 gestione
1222 1001 1319 1036 negotii
1334 1000 1544 1032 considerantur,
1561 1001 1656 1035 partim
1667 1000 1790 1027 adiuncta
1802 1010 1883 1037 nego-

1090 1038 1125 1064 tio
1150 1043 1225 1069 sunt,
1256 1038 1352 1073 partim
1378 1042 1484 1074 gestum
1509 1038 1644 1074 negotium
1670 1044 1880 1073 consequuntur.

1089 1075 1255 1102 Continentia
1280 1084 1342 1101 cum
1367 1076 1426 1110 ipso
1441 1076 1546 1111 negotio
1563 1079 1626 1101 sunt
1640 1084 1678 1106 ea,
1694 1084 1763 1111 quae
1777 1084 1883 1111 semper

1088 1112 1167 1139 al'tixa
1181 1121 1239 1139 esse
1254 1112 1378 1139 videntur
1391 1112 1424 1139 ad
1439 1122 1503 1143 rem,
1525 1121 1611 1148 neque
1625 1113 1658 1139 ab
1671 1122 1700 1139 ea
1715 1118 1827 1148 possunt
1840 1122 1883 1140 se-

1088 1150 1184 1185 parari.
1218 1151 1259 1177 Ex
1273 1150 1316 1176 his
1330 1150 1414 1185 prima
1429 1155 1469 1176 est
1483 1150 1572 1176 brevis
1585 1150 1736 1185 complexio
1745 1151 1825 1177 totius
1836 1159 1883 1177 ne-

1087 1188 1161 1223 gotii,
1177 1196 1245 1222 quae
1259 1196 1393 1214 summam
1407 1188 1523 1214 continet
1538 1187 1607 1219 facti,
1621 1188 1669 1214 boc
1679 1187 1770 1214 modo:
1787 1188 1882 1215 Paren-

1088 1226 1121 1251 tis
1135 1226 1241 1256 occisio,
1263 1225 1362 1260 patriae
1377 1225 1503 1260 proditio,
1520 1225 1616 1251 deinde
1629 1233 1724 1251 caussa
1737 1226 1796 1252 eius
1807 1234 1883 1252 sum-

1088 1271 1154 1293 mae,
1171 1271 1218 1298 per
1231 1271 1311 1297 quam
1330 1266 1356 1288 et
1369 1271 1450 1297 quam
1465 1263 1498 1289 ob
1514 1271 1578 1293 rem,
1606 1266 1631 1288 et
1644 1263 1723 1289 cuius
1737 1263 1773 1289 rei
1787 1271 1881 1289 caussa

1088 1299 1185 1326 sactum
1201 1301 1235 1326 sit
1249 1299 1399 1334 quaeritur,
1427 1299 1524 1326 deinde
1550 1304 1610 1326 ante
1623 1305 1726 1336 gestam
1744 1308 1799 1326 rem
1813 1308 1883 1335 quae

1087 1337 1153 1364 facta
1168 1338 1229 1368 sint,
1245 1337 1410 1363 continenter
1424 1346 1510 1372 usque
1521 1336 1553 1363 ad
1565 1337 1654 1372 ipsum
1671 1337 1820 1373 negotium3
1835 1337 1883 1364 d&

1086 1375 1157 1406 iude,
1173 1376 1200 1401 in
1216 1375 1274 1409 ipso
1287 1374 1404 1410 gerendo
1418 1375 1523 1410 negotio
1532 1374 1599 1410 quid
1610 1379 1699 1401 actum
1709 1375 1758 1407 sit3
1773 1374 1879 1402 deinde.

1085 1413 1152 1448 quid
1166 1417 1257 1447 postea
1271 1411 1371 1438 factum
1385 1412 1428 1438 sit.

1142 1452 1184 1476 38.
1200 1451 1228 1476 ln
1242 1449 1362 1485 gestione
1375 1454 1464 1476 autem
1479 1449 1641 1485 negotii,qui
1657 1448 1732 1476 locus
1746 1449 1882 1476 secundus

1087 1492 1141 1513 erat
1155 1487 1188 1514 de
1202 1487 1244 1517 iis,
1260 1495 1330 1521 quae
1344 1487 1456 1522 negotiis
1470 1487 1595 1513 attributa
1609 1491 1682 1518 sunt,
1691 1487 1829 1522 quaeritur
1843 1487 1882 1514 lo-

1085 1533 1142 1556 cus,
1159 1529 1275 1559 tempus,
1291 1524 1403 1556 occasio,
1419 1524 1524 1555 modus,
1542 1523 1689 1550 facultates.
1718 1524 1805 1551 Locus
1818 1533 1882 1551 con-

1084 1562 1227 1592 sideratur,
1243 1561 1270 1587 in
1285 1569 1339 1596 quo
1350 1570 1391 1588 res
1402 1566 1475 1597 gesta
1486 1562 1529 1592 sit,
1543 1570 1576 1588 ex
1587 1562 1881 1597 opportunitate,quam

1086 1599 1207 1626 videatur
1220 1598 1348 1625 habuisse
1362 1599 1395 1625 ad
1410 1599 1545 1635 negotium
1560 1598 1812 1625 administrandum.
1844 1599 1880 1626 Ea

1084 1641 1172 1663 autem
1187 1637 1372 1671 opportunitas
1385 1636 1524 1671 quaeritur
1541 1645 1575 1663 ex
1588 1636 1782 1672 magnitudine,
1800 1637 1881 1663 inter-

1083 1674 1162 1705 vallo,
1184 1673 1388 1709 longinquitate,
1408 1674 1616 1708 propinquitate,
1636 1673 1791 1705 solitudine,
1811 1673 1882 1700 cele-

1083 1711 1187 1742 britate,
1209 1715 1303 1738 natura
1322 1711 1410 1745 ipsius
1429 1711 1479 1737 loci
1505 1715 1531 1737 et
1550 1711 1684 1737 vicinitate
1699 1711 1780 1738 totius
1793 1712 1881 1748 regio-

1054 1751 1055 1754 ’
1084 1749 1140 1781 nis;
1156 1757 1190 1776 ex
1203 1749 1246 1775 his
1260 1749 1340 1775 etiam
1355 1748 1590 1775 attributionibus:
1606 1757 1680 1775 sacer
1693 1757 1726 1775 an
1740 1747 1877 1784 profanus

1053 1786 1055 1803 ³
1083 1786 1211 1821 publicus
1229 1795 1263 1812 an
1281 1786 1413 1821 privatus,
1429 1785 1534 1812 alienus
1547 1794 1580 1812 an
1594 1786 1692 1820 ipsius,
1707 1785 1741 1812 de
1754 1794 1809 1822 quo
1822 1787 1880 1822 agi-

1053 1826 1061 1844 ¹³
1083 1829 1135 1855 tur,
1158 1823 1232 1850 locus
1251 1823 1286 1850 sit
1304 1827 1350 1850 aut
1368 1823 1457 1850 fuerit.
1492 1824 1532 1849 39.
1553 1823 1671 1858 Tempus
1684 1828 1725 1849 est
1737 1827 1826 1850 autem
1840 1823 1877 1855 id,

1053 1865 1061 1897 >5

1083 1869 1137 1896 quo
1151 1869 1222 1888 nunc
1236 1861 1347 1892 utimur,
1363 1861 1435 1896 (nam
1445 1861 1536 1895 ipsum
1546 1860 1656 1895 quidem
1665 1860 1824 1897 generaliter
1831 1860 1880 1888 de-

1084 1898 1159 1925 finire
1181 1897 1292 1925 difficile
1315 1899 1375 1934 est,)
1397 1906 1457 1933 pars
1475 1898 1608 1933 quaedam
1626 1898 1796 1930 aeternitatis,
1815 1907 1879 1925 cum

1060 1925 1061 1962 l
1083 1935 1198 1962 alicuius
1221 1936 1314 1967 annui,
1338 1936 1479 1967 menstrui,
1504 1935 1595 1962 diurni
1625 1935 1782 1962 nocturnive
1798 1936 1878 1970 spatii

235 1933 390 1965 maioribus,
416 1934 518 1968 quibus
541 1935 761 1970 consanguineis,
790 1939 881 1966 aetate,
910 1945 978 1970 puer
999 1945 1030 1962 an

1082 1978 1152 2000 certa
1165 1973 1368 2009 significatione.
1388 1973 1417 1999 In
1432 1972 1482 1999 hoc
1495 1977 1521 1999 et
1533 1981 1603 2008 quae
1615 1973 1799 2008 praeterierint
1815 1981 1879 1999 con-

235 1970 398 2002 adolescens,
420 1975 483 1998 natu
501 1972 628 2007 grandior
641 1981 674 1998 an
688 1981 778 1999 senex.
809 1973 945 2000 Praeterea
959 1982 1032 2000 com-

235 2008 312 2034 moda
326 2013 351 2034 et
365 2009 532 2035 incommoda
543 2009 744 2036 considerantur
755 2010 788 2036 ab
801 2015 892 2036 natura
904 2010 962 2037 data
974 2011 1032 2037 ani-
1082 2010 1248 2043 siderantur;
1276 2015 1301 2037 et
1314 2019 1406 2037 eorum
1419 2011 1550 2045 ipsorum,
1565 2018 1634 2045 quae
1645 2014 1751 2045 propter
1761 2014 1879 2036 vetusta-

235 2054 278 2071 mo
301 2050 347 2072 aut
368 2047 480 2080 corpori,
506 2047 555 2073 hoc
570 2047 661 2073 modo:
690 2047 782 2074 valens
805 2056 838 2073 an
862 2047 1029 2081 imbecillus,
1060 2058 1061 2064 ¹
1082 2053 1135 2074 tem
1149 2048 1338 2079 obsoleverint,
1366 2053 1396 2074 ut
1409 2047 1577 2074 incredibilia
1591 2047 1732 2073 videantur
1745 2051 1771 2074 et
1784 2047 1835 2074 iam
1850 2047 1878 2074 in

235 2082 331 2117 longus
350 2092 382 2109 an
401 2083 504 2116 brevis,
533 2084 666 2111 formosus
684 2094 717 2111 an
731 2084 872 2116 deformis,
906 2085 985 2112 velox
998 2095 1029 2112 an
1052 2075 1061 2107 ll
1083 2085 1235 2112 fabularum
1259 2093 1371 2112 numero
1394 2089 1568 2120 reponantur,
1596 2089 1622 2110 et
1643 2092 1726 2119 quae,
1755 2085 1808 2111 iam
1829 2084 1877 2111 diu

234 2119 325 2146 tardus
344 2121 391 2152 sit,
420 2125 514 2147 acutus
533 2130 566 2147 an
586 2121 717 2155 hebetior,
746 2131 848 2149 memor
866 2131 898 2149 an
918 2122 1032 2150 oblivio-

233 2165 294 2189 sus,
324 2158 416 2189 comis,
444 2157 589 2190 officiosus,
614 2159 728 2193 pudens,
758 2161 861 2194 patiens
879 2169 912 2186 an
930 2165 1029 2187 contra.

232 2194 266 2220 Et
279 2194 396 2226 omnino,
422 2203 490 2230 quae
509 2204 522 2222 a
541 2201 634 2222 natura
651 2196 748 2223 dantur
766 2197 855 2224 animo
873 2202 899 2223 et
915 2198 1028 2232 corpori,

235 2230 495 2269 [considerabuntur]
523 2233 550 2259 in
575 2238 677 2260 natura.
717 2235 784 2260 Nam
807 2243 875 2270 quae
899 2234 1030 2261 industria

233 2274 429 2304 comparantur,
442 2270 474 2296 ad
490 2270 610 2297 habitum
625 2271 766 2305 pertinent,
783 2272 816 2297 de
827 2280 881 2306 quo
896 2272 1030 2306 posterius

233 2306 377 2333 dicendum
401 2311 450 2333 est.
484 2307 568 2334 XXV.
592 2309 622 2334 In
640 2309 713 2335 victu
731 2309 899 2335 considerare
917 2314 1027 2344 oportet,

233 2343 305 2378 apud
319 2353 396 2379 quos,
413 2349 438 2370 et
451 2353 505 2379 quo
519 2353 600 2376 more,
614 2350 640 2372 et
650 2346 728 2371 cuius
742 2346 870 2372 arbitratu
884 2347 919 2372 sit
932 2346 1030 2373 educa-

233 2385 285 2412 tus,
301 2390 369 2416 quos
384 2382 507 2408 habuerit
520 2382 616 2409 artium
632 2382 784 2409 liberalium
798 2384 948 2419 magistrOS,
961 2392 1030 2419 quos

233 2418 342 2444 vivendi
357 2424 548 2454 praeceptoreS,
569 2420 670 2454 quibus
689 2420 782 2446 amicis
801 2425 898 2452 utatur,
924 2429 979 2456 quo
1001 2422 1028 2447 in

234 2456 353 2491 negotio,
382 2461 509 2491 quaestu,
535 2457 645 2484 artificio
668 2457 703 2483 sit
720 2463 874 2493 occupatus,
895 2458 1030 2493 quomodo

233 2501 288 2518 rem
304 2492 461 2520 familiarem
475 2494 652 2526 administret,
665 2503 718 2530 qua
732 2495 926 2522 consuetudine
937 2496 1030 2522 dom&

233 2529 298 2555 stica
311 2530 356 2556 sit.
389 2531 418 2556 In
441 2530 546 2558 fortuna
563 2533 709 2567 quaeritur,
738 2541 833 2559 servus
851 2533 887 2559 sit
903 2541 936 2559 an
951 2533 1026 2564 liber,

233 2567 395 2601 pecuniosus
420 2576 451 2594 an
476 2569 573 2600 tenuis,
595 2570 715 2604 privatus
730 2578 762 2596 an
776 2578 838 2596 cum
853 2574 990 2604 potestate,
1005 2570 1028 2596 si

233 2612 294 2630 cum
309 2609 445 2639 potestate,
463 2606 519 2632 iure
533 2615 565 2632 an
581 2607 686 2638 iniuria,
700 2606 774 2638 felix,
787 2607 875 2633 clarus
885 2616 918 2633 an
927 2612 1026 2639 contra,

233 2641 326 2676 quales
342 2641 438 2668 liberos
453 2642 557 2669 habeat.
591 2644 629 2670 Ac
647 2645 669 2670 si
684 2644 717 2670 de
731 2653 783 2670 non
798 2645 861 2671 vivo
873 2649 1025 2679 quaeretur,

233 2679 311 2704 etiam
334 2679 408 2714 quali
429 2685 511 2706 morte
534 2681 569 2707 sit
586 2681 695 2707 affectus
717 2681 767 2707 erit
792 2681 1026 2708 considerandum.

234 2717 273 2742 3ss.
300 2716 426 2743 Habitum
449 2722 535 2743 autem
560 2718 728 2753 appellamus
746 2719 828 2745 animi
847 2723 893 2745 aut
910 2719 1027 2754 corporis

1060 2129 1061 2134 ¹
1082 2128 1157 2158 gesta
1174 2128 1200 2149 et
1217 2131 1232 2149 a
1250 2123 1377 2149 memoria
1400 2126 1488 2148 nostra
1506 2126 1614 2152 remota,
1635 2127 1722 2148 tamen
1737 2121 1834 2148 faciant
1846 2122 1878 2148 fi-

1082 2160 1142 2186 dem
1157 2168 1220 2186 vere
1234 2159 1329 2186 tradita
1343 2167 1410 2190 esse,
1426 2159 1499 2194 quod
1513 2167 1605 2185 eorum
1620 2164 1792 2185 monumenta
1807 2164 1877 2186 certa

1081 2198 1108 2223 in
1133 2197 1228 2224 litteris
1251 2201 1368 2229 exstent,
1396 2201 1421 2222 et
1443 2205 1512 2231 quae
1535 2205 1620 2231 nuper
1637 2201 1712 2232 gesta
1729 2197 1791 2227 sint,
1808 2204 1877 2231 quae

1082 2235 1150 2260 seire
1164 2234 1286 2270 plerique
1301 2234 1417 2268 possint,
1445 2239 1471 2259 et
1488 2234 1552 2260 item
1565 2242 1634 2268 quae
1648 2234 1746 2260 instent
1759 2234 1787 2260 in
1800 2241 1878 2268 prae-

1081 2272 1166 2298 sentia
1180 2276 1205 2298 et
1218 2280 1287 2306 quae
1300 2280 1385 2306 quum
1398 2271 1514 2297 maxime
1525 2270 1588 2297 liant
1598 2275 1624 2297 et
1632 2279 1701 2306 quae
1710 2279 1877 2306 consequan-

1082 2314 1135 2335 tur.
1160 2309 1189 2335 In
1203 2309 1305 2343 quibus
1320 2313 1406 2343 potest
1419 2308 1590 2339 considerari,
1605 2307 1672 2343 quid
1685 2308 1761 2334 ocius
1774 2312 1801 2334 et
1809 2307 1876 2343 quid

1081 2347 1168 2372 serius
1187 2345 1308 2372 futurum
1322 2346 1366 2372 sit.
1400 2345 1434 2372 Et
1450 2346 1515 2372 item
1528 2345 1705 2372 communiter
1718 2345 1746 2371 in
1759 2349 1876 2380 tempore

1081 2383 1269 2418 perspiciendo
1283 2382 1465 2419 longinquitas
1476 2383 1535 2409 eius
1546 2387 1586 2409 est
1594 2381 1796 2408 consideranda.
1808 2383 1876 2408 Nam

1081 2429 1160 2455 saepe
1173 2425 1275 2455 oportet
1284 2420 1433 2446 commetiri
1446 2429 1508 2446 cum
1522 2424 1640 2454 tempore
1653 2419 1790 2455 negotium
1799 2423 1826 2446 et
1834 2419 1876 2445 vi-

1080 2457 1151 2487 dere,
1168 2458 1318 2492 potueritne
1332 2462 1377 2484 aut
1391 2457 1547 2493 magnitudo
1560 2457 1658 2492 negotii
1672 2461 1718 2483 aut
1730 2455 1876 2483 multitudo

1080 2503 1169 2521 rerum
1192 2495 1220 2521 in
1242 2503 1274 2521 eo
1296 2495 1407 2530 transigi
1422 2499 1549 2529 tempore.
1585 2493 1774 2521 Consideratur
1785 2498 1874 2520 autem

1080 2537 1187 2567 tenipus
1204 2537 1230 2558 et
1247 2533 1309 2558 anni
1327 2537 1353 2558 et
1371 2532 1471 2558 mensis
1485 2536 1511 2558 et
1523 2531 1576 2557 diei
1591 2535 1616 2557 et
1629 2531 1714 2557 noctis
1727 2535 1754 2557 et
1767 2530 1875 2566 vigiliae

1079 2574 1105 2596 et
1123 2569 1201 2596 horae
1220 2574 1245 2596 et
1262 2570 1290 2596 in
1308 2568 1398 2604 aliqua
1416 2573 1490 2604 parte
1507 2568 1622 2594 alicuius
1636 2568 1742 2594 horum.
1763 2567 1872 2594 XXVII.

1080 2608 1120 2633 40.
1141 2606 1251 2633 Occasio
1269 2611 1309 2633 est
1324 2615 1387 2641 pars
1405 2606 1541 2640 temporis,
1559 2605 1662 2632 habens
1675 2606 1704 2631 in
1717 2613 1746 2631 se
1758 2604 1874 2632 alicuius

1079 2644 1116 2670 rei
1131 2644 1253 2670 idoneam
1267 2643 1382 2670 faciendi
1395 2647 1441 2669 aut
1451 2651 1503 2669 non
1514 2642 1628 2669 faciendi
1637 2642 1872 2677 opportunitatem.

1079 2680 1166 2713 Quare
1178 2689 1241 2707 cum
1256 2686 1373 2716 tempore
1387 2680 1437 2707 hoc
1449 2679 1550 2706 differt.-
1577 2688 1638 2706 nam
1651 2687 1749 2715 genere
1761 2678 1872 2714 quidem

1079 2723 1224 2753 utrumque
1242 2718 1314 2745 idem
1332 2725 1391 2744 esse
1405 2717 1577 2753 intelligitur,
1605 2725 1700 2743 verum
1713 2716 1742 2742 in
1755 2720 1873 2750 tempore
