1941 3052
221 138 282 162 (3250
783 134 841 158 261.
874 132 907 157 Μ.
939 131 968 156 Τ,

218 206 304 242 llydra
317 211 386 232 tvm-t
398 204 480 234 flexu,
497 205 599 230 Cratera
609 204 617 214 ‘
630 208 655 229 et
666 203 768 228 Corvus
780 202 918 228 adhaeret:

216 249 241 270 et
253 253 351 278 paitrau
363 253 375 268 e
388 242 477 268 tihi-lis
489 241 593 268 stellam
609 240 690 266 niniul
704 241 909 273 Anguitenentis

217 286 279 306 nunt
290 289 386 313 genua,
400 284 424 304 et
436 279 534 304 smirnii
549 278 617 303 lovis
631 277 692 302 Atos
704 278 816 303 nuntius
829 278 920 303 instat:
962 278 1010 303 540

218 323 323 352 propter
335 318 425 351 liquus
437 316 521 349 rupit·-
533 319 557 340 et
569 315 704 340 cervicum
719 314 820 340 lumine
833 315 925 349 tangit.
942 315 1009 349 (2⁴³5)

273 355 354 380 llum-e
366 362 450 387 aequo
461 353 547 386 spatio
557 351 696 377 devinctos
708 352 822 377 sustinet
834 353 901 382 axis,

217 401 263 426 per
278 391 380 417 medios
395 398 500 415 summo
511 388 576 414 cueli
589 388 621 414 de
635 389 732 414 vertice
745 393 861 415 tranans.

217 429 262 455 llle
277 433 363 454 alitem
376 427 446 452 claro
457 431 568 461 quartus
578 434 640 451 cum
654 425 754 451 lumine
766 426 854 452 circus

216 465 336 500 partibus
349 465 475 490 extremis
487 468 619 489 extremos
629 463 746 489 continet
757 463 845 494 orbes,

215 508 240 528 ct
251 501 331 527 simul
344 511 357 526 a
371 500 457 527 medio
470 501 556 526 media
568 500 601 526 de
612 505 684 534 parte
696 505 810 531 secatur,

215 544 293 573 utque
304 538 432 573 obliquus
446 539 470 564 in
484 538 526 564 his
538 538 625 564 nitens
636 546 697 563 cum
711 537 812 563 lumine
824 537 918 569 fertur,

215 581 243 602 ut
256 584 341 606 nemo,
355 576 399 601 cui
410 580 500 601 sancta
516 584 595 601 manu
608 574 763 601 doctissima
775 574 861 601 Pallas

214 613 347 639 sollertem
361 613 418 647 ipsa
428 612 501 639 dedit
514 611 628 638 fabricae
643 612 792 638 rationibus
804 617 896 643 artem,

215 656 266 676 tam
279 655 382 676 tornare
394 654 450 676 cate
462 654 594 676 contortos
606 650 707 684 possiet
717 650 806 681 orbes,

213 696 294 722 quam
309 692 372 714 sunt
384 688 409 713 in
421 687 494 714 caelu
505 686 598 714 (livino
611 687 721 713 numine
733 686 805 718 flexi,

214 730 309 751 terram
323 725 470 760 cingentes,
483 729 608 751 ornantes
620 724 721 750 lumine
732 723 874 755 mundum,

213 761 331 788 culmine
344 767 495 789 transverso
507 762 651 788 retinentes
662 761 751 788 sidera
763 761 838 788 fulta.

213 800 342 831 Quattuor
353 799 381 825 hi
394 804 465 826 motu
477 799 566 826 cuncti
580 799 725 826 volvuntur
735 799 839 825 eodem.

212 837 264 863 Sed
277 841 378 863 tantum
390 845 487 871 supera
500 841 582 863 terras
593 845 700 871 semper
711 841 782 863 tenet
796 836 842 862 ille
960 837 1008 862 555

212 874 388 905 curriculum,
396 874 506 909 oblique
514 873 628 900 inflexus
636 874 721 900 tribus
728 873 841 900 orbibus
852 882 932 904 unus,
941 874 1008 909 (310)

212 916 312 946 quanto
323 916 363 938 est
373 911 480 938 divisus
491 911 591 938 Cancer
602 912 688 946 spatio
699 921 713 938 a
725 911 897 946 Capricorno;

213 953 238 985 at
249 949 342 975 subter
353 954 435 975 terras
447 949 564 983 spatium
575 957 623 983 par
633 957 692 975 esse
704 957 814 975 necesse
825 953 878 975 est:

213 991 238 1012 et
248 991 362 1020 quantos
374 987 463 1013 radios
475 986 589 1012 iacimus
600 986 633 1012 de
645 985 747 1012 lumine
759 991 856 1017 nostro.

961 465 1009 489 5513

942 501 1010 536 (5500)

960 651 1009 675 550

941 687 1008 722 (305)

212 1026 275 1058 quis
288 1023 359 1050 hunc
369 1024 377 1036 ’
392 1031 543 1050 convexum
555 1022 641 1050 caeli*
652 1024 835 1059 contingimus
845 1023 945 1052 orbem,
960 1024 1008 1048 550
1030 1030 1039 1054 ξ,

942 1060 1008 1096 (315)
1030 1059 1039 1098 J]

1030 1102 1031 1108 ¹
1059 1098 1178 1123 exoritur
1189 1096 1307 1123 candens
1319 1096 1417 1122 illustri
1432 1096 1532 1122 lumine
1546 1096 1564 1121 Υ
1574 1097 1653 1131 irgo.

212 1070 260 1087 sex
271 1065 357 1087 tantae
369 1065 492 1095 poterunt
502 1061 554 1087 sub
565 1069 627 1087 eum
639 1060 782 1087 succedere
793 1065 890 1095 partes,

212 1098 275 1124 bina
287 1098 345 1133 pari
356 1098 442 1132 spatio
453 1097 577 1124 caelestia
589 1099 667 1133 signa
679 1103 808 1124 tenentes.

212 1135 355 1162 Zodiacum
369 1135 439 1161 huuc
453 1135 547 1162 Graeci
561 1136 685 1166 vocitant,
700 1136 838 1170 nostrique
853 1135 939 1162 Latini

211 1173 304 1199 orbem
315 1171 477 1208 signiferum
488 1172 671 1206 perhibebunt
682 1173 789 1198 nomine
801 1181 878 1199 vero:

212 1219 273 1237 nam
284 1211 354 1245 gerit
365 1210 409 1236 hic
421 1209 532 1236 volvens
544 1209 586 1235 bis
598 1218 646 1236 sex
657 1209 776 1236 ardentia
788 1210 876 1245 signa.

210 1247 326 1274 Aestiter
336 1252 376 1273 est
387 1246 507 1281 pandens
519 1246 649 1274 ferventia
660 1247 747 1273 sidera
759 1247 869 1274 Cancer.

210 1285 287 1311 Hunc
298 1284 390 1311 subter
401 1283 507 1319 fulgens
518 1284 590 1310 cedit
600 1285 642 1310 vis
655 1289 728 1311 torva
739 1285 846 1315 Leonis,

210 1330 292 1357 quem
304 1321 383 1348 rutilo
394 1322 518 1356 sequitur
528 1321 663 1348 collucens
674 1330 783 1356 corpore
794 1322 885 1358 Virgo.

210 1360 280 1386 Exin
291 1359 423 1394 proiectae
434 1358 504 1385 claro
515 1367 578 1385 cum
593 1358 695 1385 lumine
706 1358 818 1392 Cbelae3

210 1397 323 1431 ipsaque
334 1396 510 1431 consequitur
521 1395 614 1422 lucens
626 1397 667 1422 vis
679 1405 776 1432 magna
787 1397 882 1432 Nepai.

210 1434 274 1460 Inde
286 1434 477 1469 Sagittipotens
488 1433 582 1460 dextra
593 1432 693 1460 flexum
705 1438 776 1460 tenet
786 1442 893 1461 arcum:

209 1476 270 1506 post
284 1471 356 1497 hunc
366 1479 410 1497 ore
423 1470 478 1498 sero
489 1470 668 1505 Capricornus
679 1471 776 1498 vadere
788 1472 889 1508 pergit:

210 1508 341 1535 humidus
353 1508 415 1534 inde
428 1508 478 1535 loci
490 1508 605 1535 collucet
615 1508 751 1543 Aquarius
763 1509 837 1535 orbe.

208 1546 279 1573 Exin
291 1546 456 1581 squamigeri
471 1551 608 1581 serpentes
621 1545 713 1572 ludere
727 1547 829 1581 pisces:

209 1586 272 1619 quis
284 1591 373 1609 comes
386 1588 426 1610 est
436 1583 522 1614 Aries⁷
535 1583 650 1610 obscuro
663 1583 765 1610 lumine
776 1583 879 1615 labens,

209 1620 361 1655 inflexoque
372 1629 443 1656 genu
455 1621 572 1655 proiecto
583 1629 692 1655 corpore
704 1621 818 1652 Taurus,

209 1663 235 1684 et
246 1658 364 1688 Gemini,
377 1657 480 1684 clarum
492 1658 620 1684 iactantes
632 1658 740 1684 lucibus
752 1659 853 1694 ignem.

209 1696 278 1721 llaec
289 1695 333 1721 Sol
345 1699 451 1721 aeterno
461 1695 593 1722 convestit
605 1695 707 1722 lumine
723 1695 848 1727 lustrans,

209 1741 298 1759 annua
309 1732 454 1758 conficiens
468 1733 583 1759 vertenti
595 1737 712 1767 tempora
724 1741 816 1759 cursu.

208 1770 258 1796 llic
268 1774 385 1804 quantus
398 1770 476 1796 terris
487 1778 625 1796 connexus
637 1769 747 1804 pellitur
756 1770 840 1801 orbis,

209 1806 376 1833 tantumdem
388 1806 433 1833 ille
444 1811 538 1842 patens
549 1815 646 1841 supera
659 1807 809 1834 mortalibu'
820 1806 918 1834 cedit*.
939 1807 1007 1843 (335)

208 1844 262 1871 Sex
272 1844 345 1871 omni
356 1853 463 1879 semper
474 1844 574 1870 cedunt
586 1844 701 1870 labentia
713 1849 798 1875 nocte,

209 1886 246 1907 tot
255 1881 359 1907 caelum
371 1890 465 1908 rursus
477 1881 608 1917 fugientia
621 1882 699 1917 signa
709 1882 839 1908 revisunt.

208 1919 263 1945 Hoc
274 1919 391 1953 spatium
404 1923 510 1945 tranans
522 1919 609 1944 caecis
620 1927 674 1945 nox
684 1918 791 1945 conticit
800 1918 916 1950 umbris,

208 1955 280 1990 quod
293 1964 389 1990 supera
401 1960 483 1982 terras
495 1956 581 1990 prima
591 1955 625 1981 de
637 1960 711 1982 nocte
723 1955 846 1982 relictum
957 1957 1006 1982 585

208 1991 338 2028 signifero
349 2001 383 2018 ex
393 1992 456 2018 orbe
467 1997 507 2019 est
517 1997 543 2019 et
552 1993 692 2028 signorum
703 1992 797 2019 ordine
809 1992 918 2019 fultum.
938 1992 1006 2028 (340)

264 2029 340 2061 Quod
355 2030 378 2055 si
390 2029 460 2055 Solis
470 2038 534 2055 aves
545 2035 630 2056 certos
641 2038 801 2065 cognoscere
811 2038 918 2061 cursus.

207 2071 282 2094 ortus
293 2067 432 2102 signorum
445 2072 574 2093 nocturno
588 2071 706 2101 tempore
718 2067 804 2093 vises:

209 2113 270 2130 nam
282 2112 389 2138 semper
400 2105 509 2139 signum
521 2105 645 2130 exoriens
657 2105 732 2130 Titan
745 2104 826 2130 trahit
836 2113 932 2130 unum.

208 2141 256 2167 Sin
267 2146 356 2167 autem
369 2140 490 2167 officiens
501 2142 588 2177 signis
600 2150 676 2167 mons
687 2141 807 2168 obstruet
817 2141 897 2171 altus,

208 2183 254 2204 aut
264 2178 383 2205 adiment
398 2178 484 2204 lucem
496 2187 572 2205 caeca
583 2178 699 2214 caligine
710 2178 811 2205 nubes:

207 2220 292 2242 certas
303 2216 361 2251 ipse
372 2220 447 2242 notas
460 2216 527 2242 caeli
540 2215 572 2242 de
585 2216 701 2252 tegmine
712 2224 833 2247 sumens,

207 2257 280 2279 ortus
292 2258 370 2288 atque
381 2253 471 2279 obitus
482 2262 575 2280 omnes
586 2261 745 2289 cognoscere
755 2254 855 2288 possis.

208 2289 280 2321 Quae
291 2289 373 2317 simul
385 2291 524 2321 exsistant,
537 2299 640 2322 cerueS,
648 2299 717 2325 quae
730 2295 848 2326 tempore
859 2290 952 2318 eodem

208 2328 383 2362 praecipitent
392 2327 506 2359 obitum,
521 2333 651 2354 nocturno
661 2333 780 2362 tempore
791 2337 895 2355 nosces.

262 2365 329 2396 lam,
352 2364 434 2391 simul
450 2370 480 2392 ut
494 2373 592 2400 supero
607 2373 636 2391 se
652 2369 736 2392 totum
750 2365 853 2392 lumine
867 2365 950 2392 Can-

614 2410 649 2428 ce
656 2411 669 2429 r

207 2436 312 2468 extulit,
326 2438 459 2474 extemplo
469 2439 541 2466 cedit
551 2439 661 2474 delapsa
672 2439 783 2470 Corona,

207 2479 232 2500 et
243 2474 298 2501 loca
310 2477 425 2502 convisit
435 2476 520 2503 cauda
531 2482 609 2503 tenus
621 2475 705 2503 infera
719 2477 815 2502 Piscis.

206 2511 350 2537 Dimidiam
365 2514 481 2540 retinens
492 2513 578 2540 stellis
589 2513 715 2540 distincta
726 2513 828 2540 Corona

206 2553 308 2583 partem
323 2550 403 2575 etiam
418 2559 528 2585 supera,
551 2556 630 2586 atque
644 2550 696 2577 alia
708 2550 742 2577 de
752 2556 827 2585 parte
838 2551 945 2586 repulsa

940 1247 1008 1282 (320)

958 1398 1008 1423 570

940 1434 1008 1470 (325)

959 1585 1008 1610 575

940 1621 1008 1656 (330)

956 2143 1005 2168 590

614 2593 667 2614 est:

206 2631 288 2658 quam
303 2627 390 2649 tamen
407 2623 558 2659 insequitur
573 2625 672 2655 Piscis,
690 2633 739 2652 nec
753 2629 825 2652 totus
838 2625 872 2651 ad
886 2634 945 2652 um-
1024 2637 1025 2647 i

611 2662 674 2688 bras
933 2663 1001 2699 (355)

959 1211 1008 1236 565
1026 1237 1032 1249 Δ

959 1771 1007 1796 580
1036 1790 1038 1796 i

936 2178 1005 2214 (345)
1026 2180 1028 2210 j

954 2330 1004 2354 595
1026 2358 1027 2363 ,

935 2402 1003 2438 (350)
1025 2429 1027 2434 .

1039 314 1041 344 ζ
1063 315 1114 340 lam
1129 322 1190 339 vero
1202 313 1382 348 Arctophylax
1394 322 1444 339 uun
1457 322 1540 348 aequa
1553 319 1626 348 parte
1641 321 1755 341 secatur.

1039 356 1041 367 v

1039 369 1041 383 Ι

1001 131 1273 157 utet-:noxis

1039 202 1041 214 '¹
1062 207 1169 230 tructus,
1183 201 1229 227 secl
1242 210 1340 236 nupero
1349 206 1485 227 contr-ctus
1496 210 1604 236 corpore
1615 203 1695 229 cedit.

1062 240 1147 273 Atqui*
1161 239 1285 264 humeros
1299 247 1383 273 nsque
1397 247 1410 264 a
1422 239 1713 275 genii›un,claruritque
1725 242 1842 266 recondit

1063 278 1246 311 Anguitenens
1259 275 1355 301 validis
1367 285 1494 311 magnum
1506 285 1519 302 a
1531 277 1684 303 cervicibus
1696 280 1827 311 Anguem.

1807 317 1856 341 005

1063 352 1128 377 Nam
1142 351 1247 376 brevior
1258 350 1327 375 clara
1339 350 1406 376 caeli
1418 350 1451 376 de
1463 356 1535 385 parte
1550 351 1663 381 videtur.
1788 355 1855 386 (360)

1038 407 1041 426 i
1062 388 1175 422 auiplior
1189 387 1304 413 infernas
1316 387 1447 421 depulsus
1459 388 1577 422 possidet
1589 388 1708 414 umbras.

1037 841 1039 853 i

1037 884 1039 909 l

1037 913 1039 935 l

1037 982 1039 995 l

1037 1187 1039 1203 l

1037 1205 1039 1220 l

1037 1548 1039 1557 ⁴

1037 1572 1039 1579 A

1028 2115 1029 2122 ¹
1056 2104 1122 2131 dum
1134 2105 1207 2139 Nepa
1218 2109 1243 2130 et
1253 2103 1410 2129 Arcitenens
1422 2103 1541 2129 invisant
1553 2101 1654 2128 lumina
1665 2101 1746 2128 caeli:

1058 426 1185 458 Quattuor
1198 425 1241 450 hic
1251 425 1345 450 obit-ns
1356 434 1447 451 secum
1462 425 1594 451 deduc-m·
1605 426 1682 460 signa

1062 462 1190 497 signifero
1200 462 1266 487 solet
1279 471 1313 488 ex
1323 462 1395 488 orlei:
1413 467 1468 488 tuni
1481 463 1567 488 scrius
1580 462 1634 493 itte,

1061 509 1145 534 quum
1158 508 1254 533 supera
1267 508 1327 524 sese
1337 500 1445 526 satiavit
1458 499 1525 529 luce.
1539 500 1648 529 recedit.
1807 503 1856 527 610

1062 542 1120 571 post
1132 537 1246 562 medium
1261 536 1352 562 labens
1364 536 1434 563 claro
1445 546 1506 563 cum
1517 546 1627 572 corpore
1639 542 1752 563 noctem.
1787 539 1857 572 (355)

1062 575 1129 600 llaec
1143 574 1256 599 obscura
1269 579 1361 599 tenens
1372 576 1504 600 convestit
1515 574 1601 600 sidera
1614 574 1707 601 tellus:

1061 617 1085 637 at
1097 616 1169 646 parte
1181 620 1214 637 ex
1225 610 1276 636 alia
1288 610 1365 637 claris
1376 620 1437 637 cum
1451 611 1557 637 lucibus
1569 617 1638 638 errat

1060 650 1150 679 Orion,
1166 648 1286 674 humeris
1300 653 1325 674 et
1338 648 1388 675 lato
1400 654 1504 683 pectore
1517 648 1633 684 fulgens,

1061 692 1085 713 et
1097 687 1188 712 dextra
1201 686 1317 711 retinens
1329 695 1380 712 non
1392 695 1498 712 cassum
1513 685 1624 712 luminis
1635 694 1737 712 ensem.
1807 689 1856 713 5⁴³3

1115 723 1166 749 Sed
1177 731 1262 758 quum
1275 723 1307 749 de
1320 725 1394 749 terris
1407 724 1449 749 vis
1460 728 1500 750 est
1511 722 1639 758 patefacta
1648 724 1856 758 Leonis.(370)

1060 762 1158 790 omnia,
1172 769 1240 795 quae
1252 761 1352 786 Cancer
1364 760 1499 795 praeclaro
1509 760 1606 786 detulit
1616 766 1685 791 ortu,

1059 798 1158 824 cedunt
1168 798 1317 828 obscurata.
1331 797 1412 824 simul
1424 799 1465 824 vis
1478 807 1573 833 magna
1585 797 1692 832 Aquilai

1061 836 1179 870 pellitur,
1193 844 1232 865 ac,
1247 834 1314 861 flexo
1325 835 1468 862 considens
1479 843 1602 870 corpore.
1617 835 1703 861 Nixus

1061 874 1112 899 iam
1124 881 1222 907 supero
1235 872 1316 898 l'erme
1328 872 1460 907 depulsus
1473 872 1574 899 lumine
1585 872 1669 898 cedit:
1807 875 1856 899 620

1038 937 1039 942 ,
1060 910 1106 937 sed
1116 910 1538 945 laevumgenusatqueillustrem
1548 909 1679 944 linquitin
1691 909 1774 936 altum
1787 911 1854 945 (375)

1060 948 1188 983 plantam.
1200 948 1268 973 Tum
1279 953 1368 973 contra
1381 948 1499 973 exoritur
1509 947 1610 973 clarum
1623 947 1822 983 caputliydrae.

1037 1006 1039 1010 .
1060 991 1085 1012 et
1097 986 1184 1019 Lepus
1199 990 1224 1011 et
1236 986 1364 1014 Procvon,
1380 986 1427 1019 qui
1439 993 1497 1010 sese
1510 984 1631 1010 fervidus
1643 983 1723 1010 insert

1060 1028 1119 1049 ante
1130 1022 1243 1048 Canem:
1257 1015 1319 1048 ind'e
1331 1022 1411 1048 Canis
1423 1022 1534 1057 vestigia
1547 1023 1632 1056 prima
1645 1021 1780 1048 videntur.

1114 1060 1171 1086 Non
1184 1068 1267 1094 pauca
1279 1068 1293 1085 e
1304 1059 1377 1085 caelo
1389 1059 1528 1094 depellens
1537 1060 1624 1094 signa,
1641 1064 1749 1093 repente
1807 1060 1856 1084 625

1789 1097 1846 1122 ‘380

1060 1134 1136 1161 Cedit
1146 1134 1216 1160 clara
1228 1133 1308 1160 Fides
1318 1133 1449 1169 Cyllenia,
1463 1134 1594 1169 mergitur
1605 1132 1676 1158 unda
1788 1109 1795 1131 i
1848 1103 1856 1130 y

1059 1171 1218 1207 Delphinus,
1231 1170 1314 1197 simul
1325 1171 1460 1206 obtegitur
1471 1170 1583 1205 depulsa
1595 1169 1706 1205 Sagitta,

1060 1215 1139 1244 atque
1150 1210 1214 1235 Avis
1226 1208 1258 1234 ad
1269 1217 1404 1234 summam
1415 1207 1528 1234 caudam
1541 1208 1695 1242 primasque
1707 1208 1808 1234 recedit

1060 1248 1156 1282 pinnas
1168 1251 1193 1272 et
1204 1254 1319 1281 magnus
1331 1246 1430 1280 pariter
1440 1245 1575 1271 delabitur
1585 1245 1690 1271 Amnis.
1807 1247 1856 1272 630

1061 1285 1107 1310 llic
1119 1285 1213 1319 Equus
1227 1292 1241 1309 a
1252 1284 1339 1318 eapite
1350 1288 1375 1309 et
1388 1282 1466 1319 longa
1477 1283 1581 1308 cervice
1594 1281 1709 1309 latescit:
1789 1283 1857 1318 (385)

1061 1321 1168 1357 longius
1179 1321 1299 1347 exoritur
1309 1321 1362 1346 iam
1374 1320 1445 1347 claro
1454 1328 1564 1354 corpore
1575 1318 1701 1354 Serpens,

1054 1360 1214 1393 Crateraque
1227 1363 1304 1385 tenus
1317 1357 1388 1384 lucet
1399 1357 1558 1384 mortalibus
1570 1357 1669 1392 Hydra.

1059 1396 1123 1423 inde
1136 1396 1218 1431 pedes
1229 1396 1309 1422 Canis
1320 1395 1437 1421 ostendit
1450 1396 1503 1421 iam
1515 1395 1682 1429 posteriores.

1060 1439 1085 1460 et
1096 1439 1155 1468 post
1167 1434 1224 1468 ipse
1236 1432 1396 1459 trahitclaro
1410 1440 1472 1458 cum
1486 1432 1587 1458 lumine
1599 1431 1729 1467 Puppim:

1060 1472 1214 1506 insequitur
1226 1470 1318 1496 labens
1332 1478 1380 1505 per
1392 1469 1459 1496 caeli
1472 1469 1574 1495 lumina
1587 1469 1680 1501 Navis,

1059 1514 1085 1535 et
1096 1509 1203 1534 iamiam
1216 1513 1268 1534 toto
1280 1508 1410 1542 processit
1419 1515 1528 1542 corpore
1540 1506 1634 1541 Virgo;

1060 1545 1125 1572 haee
1137 1545 1257 1572 medium
1271 1544 1388 1571 ostendit
1399 1544 1501 1571 radiato
1510 1544 1601 1578 stipite
1613 1543 1724 1571 Malum.

1115 1584 1148 1609 At
1158 1591 1243 1618 quum
1256 1582 1404 1617 procedunt
1417 1582 1532 1608 obscuro
1541 1589 1651 1616 corpore
1661 1581 1681 1608 C
1688 1582 1705 1608 h
1712 1581 1760 1608 ela
1767 1590 1782 1608 e
1789 1602 1795 1612 ,

1059 1621 1166 1647 exsistit
1178 1620 1277 1655 pariter
1289 1619 1361 1655 larga
1372 1628 1435 1645 cum
1448 1618 1507 1645 luce
1518 1619 1619 1649 Bootes,

1059 1659 1138 1684 cuius
1151 1658 1177 1684 in
1189 1657 1334 1683 adversum
1345 1661 1386 1683 est
1397 1657 1526 1683 Arcturus
1537 1663 1646 1690 corpore
1658 1656 1738 1687 fixus,

1060 1700 1166 1730 totaque
1178 1695 1230 1721 iam
1243 1702 1339 1728 supera
1353 1693 1459 1729 fulgens
1471 1692 1619 1727 prolabitur
1628 1693 1712 1728 Argo:

1059 1732 1212 1768 Hydraque,
1225 1730 1297 1766 quod
1310 1730 1359 1757 late
1370 1730 1444 1757 caelo
1454 1730 1575 1764 dispersa
1587 1735 1701 1761 tenetur,

1059 1769 1178 1796 nondum
1191 1773 1242 1795 tota
1253 1773 1336 1802 patet;
1350 1768 1429 1794 nam*
1440 1767 1553 1794 caudam
1565 1767 1682 1802 contegit
1692 1767 1798 1793 umbra.

1058 1809 1229 1840 Anyuitenens
1240 1810 1323 1831 nutem
1334 1809 1457 1831 renovata
1469 1806 1524 1830 luce
1534 1806 1648 1838 resulqet.

1057 1844 1111 1870 lam
1123 1843 1247 1870 dextrum
1258 1850 1346 1878 genus
1357 1847 1382 1868 et
1393 1841 1542 1868 decoratam
1556 1841 1658 1867 lumine
1668 1849 1760 1868 suram

1057 1881 1138 1916 erigit
1147 1880 1192 1907 ille
1203 1888 1302 1907 vacans
1314 1878 1423 1915 vulgato
1434 1879 1542 1905 nomine
1553 1879 1650 1909 Nixus,

1058 1921 1102 1952 qun·
1112 1918 1185 1944 Fidis
1195 1919 1339 1944 Arcadicae
1348 1925 1447 1949 semper
1457 1918 1567 1949 confinia
1579 1919 1675 1949 lonyi't:

1057 1964 1138 1990 quem
1151 1960 1226 1981 nocte
1237 1954 1400 1980 exstinctum
1413 1958 1492 1988 atque
1503 1958 1626 1979 exortum
1638 1952 1758 1979 vidimus
1768 1961 1832 1983 una,

1058 2001 1186 2027 persaepe
1198 1997 1226 2018 ut
1238 2000 1352 2026 parvum
1362 1996 1470 2017 tranans
1480 1991 1659 2025 geminaverit
1669 1990 1773 2017 orbem.
1806 1991 1855 2017 650

1058 2030 1106 2056 Hic
1117 2038 1203 2065 genus
1215 2034 1240 2055 et
1250 2036 1341 2054 suram
1353 2036 1415 2054 cum
1427 2028 1518 2055 Chelis
1529 2028 1609 2063 erigit
1619 2027 1684 2059 alte;

1058 2068 1115 2101 ipse
1127 2072 1216 2093 autem
1229 2074 1357 2101 praeceps
1367 2065 1481 2092 obscura
1494 2070 1569 2091 nocte
1580 2069 1692 2095 tenetur,

1808 1433 1857 1458 635

1788 1470 1857 1505 (³⁹0)

1807 1619 1856 1645 640

1787 1656 1856 1691 (395)

1807 1805 1856 1831 645

1788 1879 1856 1914 (too)

1797 2103 1845 2129 405

1056 2141 1135 2168 nam‘
1146 2150 1175 2167 se
1186 2149 1272 2176 quum
1284 2140 1405 2166 medium
1417 2139 1516 2175 pandet
1527 2139 1613 2174 Nepa,
1630 2138 1722 2166 tollere
1736 2102 1799 2166 veri>
1846 2103 1856 2137 )

1056 2179 1083 2205 in
1095 2178 1199 2205 caelum
1211 2183 1294 2205 totum
1306 2178 1429 2204 exoriens
1439 2177 1581 2203 conabitur
1590 2177 1686 2203 Areus.

1055 2216 1103 2242 Hic
1114 2216 1201 2242 tribus
1212 2214 1298 2241 elatus
1309 2223 1371 2241 cum
1383 2215 1470 2250 signis
1479 2222 1589 2249 corpore
1600 2218 1653 2240 toto

1805 2178 1854 2203 655

1026 2264 1027 2270 ¹
1057 2253 1139 2285 lucet,
1153 2258 1179 2279 at
1189 2253 1310 2279 exoritur
1320 2252 1408 2278 media
1420 2251 1452 2278 de
1464 2257 1537 2286 parte
1551 2251 1662 2282 Corona,

1055 2290 1195 2325 caudaque
1207 2289 1334 2316 Centauri
1345 2294 1464 2315 extremo
1474 2288 1589 2315 candore
1603 2287 1728 2324 refulget.
1785 2288 1854 2322 (4⁴0)

1055 2328 1104 2354 Hie
1114 2336 1142 2353 se
1155 2328 1208 2353 iam
1219 2331 1305 2353 totum
1314 2334 1407 2353 caecas
1421 2326 1516 2361 Equus
1527 2325 1601 2352 abdit
1612 2326 1640 2352 in
1651 2325 1772 2356 umbras,

1054 2373 1146 2400 quem.
1160 2363 1240 2390 rutila
1251 2362 1358 2399 fulgens
1370 2363 1472 2398 pluma,
1484 2362 1662 2397 praetervolat
1672 2362 1744 2388 Ales.

1054 2401 1159 2428 Occidit
1170 2400 1357 2428 Andromedae
1368 2400 1471 2427 clarum
1481 2405 1570 2435 eaput,
1583 2405 1609 2426 et
1620 2399 1675 2426 sera
1685 2399 1784 2426 Pistrix

1055 2439 1163 2470 labitur,
1180 2438 1323 2465 horribiles
1334 2437 1428 2472 epulas
1439 2437 1544 2464 funesta
1555 2438 1706 2472 requirens.

1803 2363 1852 2387 660

1025 2489 1026 2492 =
1055 2477 1127 2503 Hanc
1137 2481 1226 2502 contra
1238 2475 1363 2510 Cepheus
1374 2484 1427 2501 non
1438 2479 1525 2501 cessat
1535 2474 1643 2501 tendere
1653 2473 1767 2508 palmas.
1783 2473 1852 2508 (415)

1024 2519 1025 2544 ζ
1054 2513 1101 2540 Illa
1111 2522 1198 2548 usque
1209 2513 1243 2539 ad
1257 2513 1364 2547 spinam
1375 2520 1500 2547 mergens
1510 2520 1539 2537 se
1549 2511 1655 2538 caerula
1665 2509 1766 2536 condit.

953 2590 1001 2614 600
1024 2550 1025 2584 j
1054 2551 1087 2577 At
1102 2551 1227 2586 Cepheus
1241 2554 1323 2585 caput
1337 2554 1418 2585 atque
1435 2549 1563 2575 humeros
1577 2547 1736 2583 palmasque
1751 2555 1795 2574 re-

1463 2585 1554 2612 clinat.
1802 2585 1851 2610 665

1107 2624 1198 2657 Quum
1209 2632 1272 2651 vero
1283 2624 1326 2650 vis
1336 2628 1376 2650 est
1387 2623 1534 2649 vehemens
1545 2627 1636 2648 exorta
1646 2622 1765 2657 Nepai,

1054 2661 1105 2689 late
1113 2662 1174 2688 fusa
1185 2660 1269 2688 volat:
1293 2660 1332 2697 [in
1343 2665 1426 2687 terras
1437 2659 1537 2686 labitur
1547 2658 1628 2690 unda,
