1941 3052
578 653 613 681 M.
652 653 852 681 TULLII
894 653 1224 683 CICERONIS

286 740 831 790 ACADEMICA
898 741 1513 791 POSTERIORA.

642 926 832 953 NOTITIA
864 927 1156 955 LITTERARIA.

136 1001 213 1021 Cicero
227 1007 314 1021 omnem
332 1000 469 1021 Academiae
489 999 658 1028 philosophiam
677 999 765 1021 duobus
775 999 839 1020 libris
857 999 1030 1024 illustraverat,
1049 1006 1141 1027 eoaque,
1156 999 1181 1020 in
1199 999 1283 1027 quibus
1294 999 1391 1024 catulo,
1405 998 1504 1020 Lucullo
1518 1002 1540 1020 et
1549 999 1670 1021 Hortensio
1678 1006 1723 1020 ser-

81 1043 168 1057 monem
188 1036 309 1061 tribuerat,
326 1035 374 1056 iam
391 1034 589 1056 absolutosAttico
603 1034 758 1056 describendos
778 1036 843 1061 (unte
860 1041 957 1055 mensem
971 1034 1081 1056 Sextilem
1098 1035 1157 1056 anni
1171 1035 1286 1060 DCCIX.)
1301 1034 1407 1059 miserat,
1427 1041 1499 1062 quum
1509 1038 1531 1056 et
1539 1041 1599 1056 nova
1607 1035 1723 1063 prooemia

81 1072 200 1093 scribenda
219 1071 262 1092 sibi
278 1071 375 1099 putavit
384 1070 429 1098 (cf.
449 1071 479 1091 ad
492 1070 541 1091 Ate.
558 1070 631 1095 XIII,
645 1071 691 1096 32.)
701 1073 795 1097 et‚quas
805 1070 920 1097 loquentes
929 1070 1174 1098 indua-erutfflersonas
1184 1076 1230 1091 non
1240 1078 1255 1091 a
1263 1069 1347 1091 litteris
1359 1069 1502 1097 quidermsed
1510 1068 1678 1098 aphilosophia
1689 1074 1724 1091 en-

81 1114 131 1128 men
149 1106 237 1127 alienas
246 1113 291 1127 ene
309 1105 429 1127 intellexit.
461 1105 610 1129 Quamobrem
616 1120 623 1130 ,
642 1105 716 1126 Attici
733 1104 837 1130 hortatu,
859 1105 967 1126 Varronis
985 1112 1110 1133 perronam
1123 1105 1282 1133 disputationi
1298 1105 1394 1126 inserere
1409 1105 1550 1130 constituit,
1569 1105 1633 1132 eique
1645 1109 1724 1133 parces

80 1142 142 1163 dedit
159 1141 282 1166 Antiochi,
300 1141 395 1169 quintae
408 1140 544 1162 Academiae
562 1140 698 1165 conditoris,
721 1143 818 1161 veterem
827 1140 975 1161 Academiam
988 1141 1123 1162 instaurare
1141 1140 1264 1168 cupientie.
1298 1140 1352 1168 Ipse
1367 1147 1418 1161 vero
1431 1144 1511 1168 parte:
1529 1140 1630 1168 sumpsit
1647 1139 1724 1161 Philo-

80 1178 131 1204 nis,
149 1177 190 1205 qui
208 1180 319 1204 quartum
333 1176 438 1204 deinceps
451 1175 653 1197 inm-Academiae
665 1175 784 1203 principer
793 1176 870 1196 locum
883 1175 918 1197 ita
928 1175 1059 1197 obtinuerat
1064 1191 1072 1201 ,
1087 1179 1114 1197 ut
1128 1183 1198 1197 novae
1206 1175 1344 1197 Academiae
1351 1176 1442 1204 placitu
1453 1179 1564 1197 tueretur.
1594 1174 1724 1197 Sermonem

81 1216 172 1237 autem,
191 1219 258 1239 quem
271 1211 296 1232 in
313 1211 416 1232 Cumano
431 1217 509 1232 coram
521 1211 600 1232 Attico
617 1210 723 1232 habitum
741 1218 786 1231 esso
795 1210 880 1238 fingit,
898 1211 1028 1238 composuit
1045 1219 1066 1232 u.
1079 1218 1104 1239 p.
1122 1211 1147 1232 U.
1164 1218 1184 1231 c.
1204 1214 1251 1232 709.
1263 1210 1297 1239 cf.
1308 1210 1359 1232 libr.
1370 1210 1442 1232 XIII.
1455 1211 1486 1231 ad
1498 1211 1547 1232 Act.
1577 1210 1616 1232 Ita
1626 1214 1683 1232 nala
1693 1215 1725 1232 est

81 1248 166 1275 duplex
180 1246 419 1268 Academicorum
435 1246 542 1267 recensio.
572 1246 633 1267 Num
647 1252 788 1274 quamquam
803 1246 880 1267 Cicero
897 1246 1004 1267 Priora
1021 1246 1196 1267 Academica
1217 1246 1325 1273 evulgari
1332 1246 1452 1271 noluerat,
1472 1245 1544 1266 nihilo
1563 1249 1639 1267 tamen
1648 1245 1725 1267 minus

80 1290 108 1304 ex
116 1283 156 1304 illo
166 1282 280 1310 exemplu,
295 1283 355 1309 quod
363 1283 394 1302 ud
403 1281 506 1303 Atticum
526 1281 633 1306 miserat,
651 1281 706 1302 haec
724 1288 811 1309 quoque
829 1282 853 1302 in
871 1281 993 1310 publicum
1008 1285 1154 1302 emanarunt.
1186 1282 1234 1306 Quo
1241 1280 1342 1309 suctum
1357 1285 1402 1306 ent,
1417 1284 1444 1301 ut
1465 1288 1539 1301 unum
1558 1285 1617 1302 certe
1630 1281 1726 1302 Luculli

78 1317 221 1346 prooemium
236 1324 289 1338 cum
307 1317 364 1338 libro
378 1317 614 1338 Academicorum.
628 1316 761 1344 priorum
780 1318 878 1338 necundo
896 1316 965 1337 eliam
982 1323 1046 1337 nunc
1064 1320 1142 1338 exstet.
1170 1316 1275 1338 Alterum
1291 1316 1370 1337 Catuli
1378 1315 1518 1344 prooemium
1530 1323 1583 1336 cnm
1592 1315 1642 1343 ipso
1652 1316 1724 1337 Acad.

78 1353 186 1382 priorum
204 1352 260 1373 libro
278 1352 298 1373 Ι.
317 1352 443 1373 intercidit.
470 1351 708 1373 Academicorum
731 1355 809 1373 autem
825 1351 1037 1380 posteriorum,
1053 1359 1110 1380 quae
1125 1355 1237 1379 quattuor
1255 1351 1320 1372 libris
1334 1351 1527 1379 comprehcndine
1537 1350 1639 1376 dicitur,
1654 1351 1725 1371 unius

80 1388 135 1409 libri
148 1387 222 1416 primi
239 1387 335 1408 initium
349 1387 419 1409 eliam
435 1387 499 1408 laodic
518 1391 627 1415 superen-
657 1386 724 1407 Hauc
734 1386 809 1414 igitur
818 1388 915 1408 alterum
927 1387 1165 1408 Academicorum
1179 1386 1330 1407 recensionem
1341 1394 1411 1414 quum
1422 1388 1453 1407 ad
1463 1386 1569 1407 Atticum
1578 1386 1679 1407 mitteret
1689 1386 1725 1407 Ci-

81 1430 144 1448 cero,
159 1427 187 1444 ut
204 1422 255 1448 hic,
277 1422 298 1443 si
314 1422 443 1448 videretur,
465 1424 496 1443 ad
507 1423 540 1443 M.
555 1422 687 1444 Terentium
699 1422 822 1443 Varronem
842 1423 1022 1447 transmitteret,
1033 1422 1061 1443 <ei
1078 1421 1189 1443 adiunxit
1198 1422 1272 1447 illam,
1283 1429 1341 1450 quae
1351 1425 1372 1443 et
1382 1421 1416 1442 his
1427 1421 1491 1442 libris
1500 1421 1622 1449 praemitti
1631 1421 1694 1445 uolet.
1705 1425 1725 1442 e!

80 1458 106 1479 in
119 1458 222 1486 epistolis
236 1459 267 1478 ud
277 1457 328 1479 Diu.
341 1457 386 1482 IX,
402 1461 421 1479 8.
436 1457 535 1485 legitur,
550 1458 684 1486 epistolam,
705 1458 776 1479 eidem
789 1457 887 1478 Varroni
895 1457 1042 1485 inscriptam.
1085 1457 1167 1484 Itaque
1181 1464 1253 1484 quum
1270 1456 1345 1482 olim,
1367 1461 1415 1478 turn
1435 1456 1495 1477 hanc
1505 1457 1531 1477 nb
1542 1463 1647 1477 cannam
1658 1456 1725 1477 libro-

80 1500 132 1514 rum
147 1493 245 1514 istorum
259 1492 361 1513 ordinem
378 1492 406 1512 ab
416 1491 522 1514 Ernestio
532 1492 615 1514 ΙῖιιιΙιίἱ
630 1497 653 1515 et
664 1492 784 1514 Goerenzii
799 1493 901 1520 exemplo
919 1496 1035 1514 cervulum
1047 1494 1144 1513 ‹iem-ere
1159 1493 1236 1518 nolui,
1260 1492 1395 1520 praesertim
1406 1491 1476 1512 Nonii
1489 1491 1630 1513 anctoritate
1642 1492 1725 1519 proba-

82 1533 141 1554 tum,
159 1529 259 1549 alterum
277 1527 384 1555 priorum
406 1527 595 1549 Academicorum
610 1529 695 1549 librum
714 1531 824 1556 quartum
841 1528 994 1549 numerantis.
1034 1527 1071 1556 Cf.
1095 1527 1244 1554 fragmenta.
1276 1527 1378 1548 Ceterum
1402 1527 1457 1547 haec
1480 1528 1553 1554 Opera
1575 1533 1620 1547 ene·
1639 1526 1725 1547 Acade-

82 1564 143 1584 mica
161 1563 314 1588 nominanda.
335 1562 474 1584 Goerenzius
491 1563 605 1585 evidenter
619 1564 712 1589 docuit,
733 1564 880 1588 Quaestione:
889 1563 1038 1584 Academica:
1047 1563 1107 1584 dixit
1117 1562 1213 1582 Nonius.

136 1710 198 1740 Etsi
210 1722 310 1740 munus
322 1712 449 1748 flagitare,
463 1713 589 1748 quamvis
602 1714 665 1748 quis
676 1713 831 1745 ostenderit,
844 1722 878 1740 ne

82 1751 199 1787 populus
210 1751 321 1786 quidem
333 1750 412 1782 solet,
426 1751 479 1777 nisi
490 1751 652 1778 concitatus:
671 1756 760 1778 tamen
771 1759 820 1787 ego
830 1759 878 1778 ex-

80 1789 244 1824 spectatione
255 1788 383 1824 promissi
393 1788 433 1814 tui
444 1796 561 1820 moveor,
569 1793 600 1815 ut
610 1788 767 1816 admoneam
780 1793 813 1819 te,
826 1797 878 1815 non

81 1831 112 1853 ut
124 1825 251 1862 flagitem.
292 1826 354 1852 Misi
369 1830 457 1852 autem
473 1824 506 1852 ad
522 1830 547 1852 te
561 1830 687 1861 quattuor
697 1826 878 1853 admonitores

82 1872 134 1890 non
150 1864 232 1890 nimis
247 1862 423 1889 verecundos.
465 1863 539 1889 Nosti
553 1863 625 1890 enim
643 1863 760 1898 profecto
773 1872 803 1890 os
814 1863 879 1891 ado-

83 1901 249 1927 lescentioris
259 1899 428 1926 Academiae.
462 1900 503 1926 Ex
513 1908 543 1926 ea
554 1901 638 1936 igitur
649 1901 737 1928 media
749 1901 878 1928 excitatos

82 1938 159 1964 misi:
172 1938 230 1972 qui,
239 1941 338 1968 metuo,
347 1936 482 1963 neteforte
493 1936 627 1973 flagitent:
640 1946 689 1973 ego
700 1943 789 1965 autem
802 1947 879 1965 man-

81 1975 154 2006 davi,
168 1979 198 2001 ut
208 1978 340 2009 rogarent.
366 1974 563 2008 Exspectabam
573 1975 684 2001 omnino
694 1975 808 2007 iamdiu,
822 1984 879 2002 me-

82 2021 135 2048 que
152 2011 332 2042 sustinebam,
357 2019 389 2037 no
405 2010 437 2037 ad
449 2015 473 2037 te
485 2012 561 2046 prius
573 2012 631 2046 ipse
642 2012 709 2047 quid
721 2012 876 2044 scriberem,

81 2058 164 2085 quam
181 2048 285 2083 aliquid
300 2049 478 2083 accepissem,
502 2053 531 2075 ut
551 2057 657 2083 possem
674 2054 699 2076 to
714 2051 879 2077 remunerari

82 2095 164 2122 quam
181 2085 321 2112 simillimo
333 2093 453 2112 munere.
494 2085 547 2112 Sed
557 2094 642 2121 quum
655 2091 682 2113 tu
695 2087 797 2113 tardius
810 2087 879 2114 laco-

83 2133 133 2155 res,
148 2125 174 2150 id
187 2128 239 2153 est,
252 2127 340 2158 utego
351 2123 522 2157 interpretor,
539 2123 712 2159 diligentius,
732 2125 815 2151 teneri
827 2133 878 2151 non

83 2162 171 2197 potui,
193 2161 260 2196 quin
276 2160 491 2186 coniunctionem
503 2160 654 2187 studiorum
666 2163 820 2197 amorisque
831 2170 879 2189 no-

82 2199 140 2230 stri,
154 2207 208 2234 quo
219 2206 326 2233 possem
339 2197 485 2224 litterarum
497 2206 604 2233 genere,
617 2198 790 2226 declararem.
818 2200 878 2226 Feci

83 2237 167 2273 igitur
177 2243 328 2262 sermonem
340 2234 409 2261 inter
419 2243 467 2261 nos
478 2234 600 2261 habitum
613 2236 639 2262 in
651 2236 780 2267 Cumano,
793 2245 878 2272 quum

83 2278 154 2300 esset
164 2281 217 2301 una
228 2272 402 2308 Pomponius.
443 2271 505 2299 Tibi
519 2272 582 2300 dedi
594 2277 682 2307 partes
692 2273 877 2305 Antiochinas,

928 1684 997 1711 quas
1007 1684 1022 1701 a
1033 1680 1058 1702 te
1069 1675 1176 1710 probari
1187 1674 1355 1702 intellexisse
1361 1674 1562 1702 mihividebar:
1575 1674 1727 1701 mihisum-

929 1714 972 1748 psi
984 1712 1117 1739 Philonis.
1157 1713 1224 1739 Puto
1236 1712 1300 1744 fore,
1313 1717 1356 1743 ut.
1369 1721 1455 1747 quum
1466 1711 1577 1748 legeris,
1590 1713 1687 1739 mirere
1698 1712 1727 1739 id

929 1759 977 1777 nos
989 1750 1089 1777 locutos
1100 1758 1159 1777 esse
1170 1751 1240 1777 inter
1255 1758 1316 1781 nos,
1333 1749 1406 1785 quod
1423 1758 1571 1785 numquam
1588 1749 1669 1776 locuti
1680 1758 1728 1776 su-

930 1797 1001 1815 mus.
1041 1788 1095 1814 Sed
1112 1788 1183 1814 nosti
1197 1796 1298 1814 morem
1314 1787 1494 1823 dialogorum.
1534 1787 1663 1814 Posthaec
1679 1796 1728 1813 au-

930 1830 992 1856 tem.
1006 1826 1043 1852 mi
1055 1826 1146 1856 Varro,
1159 1833 1241 1860 quam
1252 1824 1369 1860 plurima
1378 1846 1384 1855 ,
1400 1825 1424 1851 si
1435 1824 1586 1853 videbitur.
1600 1824 1669 1851 etde
1680 1833 1729 1851 no-

930 1863 986 1894 bis,
1003 1868 1029 1890 et
1039 1863 1108 1890 inter
1119 1871 1180 1889 nos:
1199 1871 1258 1889 sero
1275 1861 1399 1889 sortasse:
1417 1862 1464 1888 scd
1476 1862 1647 1897 superiorum
1660 1866 1728 1888 tem-

930 1909 1025 1936 porum
1046 1899 1150 1927 fortuna
1173 1899 1338 1935 reipublicae
1353 1908 1477 1926 caussam
1494 1900 1638 1926 sustineat:
1663 1898 1728 1925 haec

930 1939 983 1973 ipsi
999 1942 1133 1973 praestare
1148 1937 1290 1964 debemus.
1331 1937 1418 1972 Atque
1434 1938 1536 1963 utinam
1548 1937 1649 1971 quietis
1661 1942 1728 1963 tem-

929 1975 1055 2010 poribus,
1074 1980 1154 2010 atque
1170 1974 1275 2010 aliquo,
1297 1975 1320 2001 si
1337 1984 1390 2001 non
1406 1974 1489 2005 bono.
1506 1979 1532 2001 at
1547 1973 1643 2000 saltem
1657 1979 1728 2000 certo

929 2017 999 2040 statu
1015 2013 1146 2043 civitatis.
1166 2012 1231 2038 haec
1246 2012 1316 2038 inter
1331 2020 1379 2038 nos
1394 2012 1483 2039 studia
1499 2020 1624 2038 exercere
1635 2020 1728 2046 posse·

930 2050 1004 2077 musl
1021 2050 1192 2085 Quamquam
1205 2055 1261 2076 tum
1273 2049 1384 2084 quidem
1397 2049 1438 2076 vel
1451 2049 1519 2075 aliae
1530 2049 1674 2084 quaepiam
1687 2057 1728 2075 ra—

931 2088 1016 2114 tiones
1041 2087 1166 2113 honestas
1187 2087 1265 2113 nobis
1285 2091 1311 2113 et
1329 2095 1408 2113 curas
1432 2092 1459 2113 et
1480 2087 1598 2112 actiones
1622 2086 1725 2112 darem.

930 2125 1008 2150 Nunc
1026 2129 1115 2150 autem
1131 2123 1198 2158 quid
1213 2129 1266 2153 est.
1290 2124 1349 2150 sine
1366 2124 1409 2149 his
1423 2132 1472 2150 cur
1486 2124 1578 2149 vivere
1593 2123 1729 2149 velimus?

930 2161 997 2188 Mihi
1015 2170 1078 2187 vero
1092 2169 1154 2187 cum
1172 2161 1214 2186 his
1226 2161 1294 2195 ipsis
1305 2161 1365 2187 vix:
1384 2161 1427 2187 his
1438 2165 1527 2187 autem
1539 2160 1677 2189 detracti&
1695 2169 1727 2186 ne

931 2200 977 2225 vix
996 2198 1117 2233 quidem.
1158 2197 1212 2224 Sed
1236 2198 1301 2224 hacc
1319 2206 1407 2224 coram
1427 2202 1454 2224 et
1467 2198 1587 2232 saepius.
1629 2198 1727 2232 Migra—

931 2237 1030 2263 tionem
1044 2240 1070 2262 et
1079 2235 1242 2269 emptionem
1260 2234 1373 2261 feliciter
1383 2235 1491 2262 evenire
1503 2234 1577 2265 volo.
1595 2240 1727 2269 tuumque

931 2275 958 2300 in
970 2282 1000 2300 ea
1013 2282 1039 2300 re
1051 2271 1196 2300 consilium
1209 2271 1301 2307 probo.
1342 2272 1422 2304 Cura.
1436 2278 1465 2300 ιιι
1476 2272 1575 2299 valeas.

799 2406 993 2422 -ςοορδ-

1488 2709 1532 2733 tn
1547 2705 1559 2720 *
