1941 3052
242 124 289 149 960
799 122 853 146 106,
891 120 924 146 Μ.
960 121 990 146 Τ.

239 201 335 219 cursus
348 192 391 218 swt
401 192 531 218 omnium.
572 191 635 216 Sive
649 191 720 217 cnim
734 191 887 220 vicerimus.
901 190 957 225 (qui
969 191 1031 226 qui-

240 231 301 256 ‹lcm
325 229 502 264 pulcherrime
525 229 688 257 vit-cramus,
712 228 763 253 nisi
782 227 899 262 Lepidus
921 227 1031 262 perdere

239 267 338 296 (nuntia,
355 271 379 292 et
392 266 476 300 perire
489 266 544 299 ipsc
555 273 616 290 cum
629 265 685 290 suis
696 265 916 299 concupivisset.)
929 269 971 290 tun
984 273 1032 290 no-

241 305 282 330 bis
297 304 448 329 auctoritate
464 310 532 336 opus
543 306 582 327 cst
594 301 625 327 ml
636 301 820 327 cotim-andum
833 301 950 336 aliquem
963 302 1031 327 civi-

241 342 301 368 tatis
312 345 422 366 statum:
446 340 503 364 slve
518 339 596 364 ctiam
609 347 679 364 nuuc
689 344 822 365 certamen
835 338 968 373 reliquum
980 343 1029 369 cst,

241 379 355 404 maxima
368 385 429 410 spes
440 381 480 402 cst
490 384 574 410 quum
588 377 613 401 in
626 377 838 406 auctoritatctua,
848 381 903 402 tum
917 377 942 402 in
954 384 1031 402 exer-

239 416 308 440 citus
320 414 357 440 tui
371 413 485 439 viribus.
512 412 564 438 Sed
577 422 697 448 propera,
714 422 760 447 per
771 413 844 439 deos.
876 413 935 439 Scis
947 413 1028 443 enim,

238 456 369 486 quantum
388 451 423 476 sit
443 451 469 476 in
491 450 670 484 temporibus,
694 455 824 484 quantum
842 451 867 476 in
885 450 1029 476 celeritate.

239 489 342 514 Soror-is
354 492 413 514 tuae
425 487 488 513 filiis
500 496 580 521 quam
593 487 737 522 diligenter
747 487 899 518 consulam,
917 496 996 521 spero
1007 491 1030 513 te

238 534 271 552 cx
288 525 379 551 matris
395 530 466 550 etex
481 525 579 550 sororis
597 524 690 550 litteris
708 525 889 559 cogniturum.
929 525 986 556 Qua
1004 524 1029 550 in

238 571 333 588 caussa
345 562 472 588 maiorem
486 561 570 587 habco
582 562 710 588 rationem
723 566 782 587 tuac
795 561 948 591 voluntatis.
962 569 1030 596 quae

239 600 306 626 milii
320 599 458 625 carissima
470 603 518 628 est.
532 607 622 633 quam,
637 604 664 625 ut
676 598 840 634 quibusdam
853 598 954 629 videor,
967 607 1031 624 con-

238 637 349 663 stantiae
370 644 453 662 meae.
493 635 545 661 Sed
561 645 610 671 ego
627 636 699 662 nulla
715 637 741 662 in
758 644 785 662 re
800 636 883 666 malo,
909 644 989 671 quam
1006 641 1030 663 te

239 673 352 700 amando
362 678 486 699 constans
497 678 522 699 ct
533 682 592 699 esse
603 678 628 700 ct
640 673 735 699 videri.

290 747 353 768 XVl.
380 746 456 767 ARG.
481 746 564 767 Auctor
586 746 682 771 gruiter
704 746 844 773 reprehendit
866 746 981 767 ciceroni·
1004 747 1030 767 ud
1058 744 1060 750 ¹

238 781 351 802 Octavium
361 780 485 808 epintolam,
498 788 540 808 qua
549 788 596 802 eum
608 785 702 806 rugant,
713 785 737 802 ut
748 781 879 802 {itaci-utare·
890 781 976 808 patri-e
986 781 1030 802 nl-

237 823 276 836 vu·
286 815 360 836 vellet.
390 817 436 836 liae
451 815 539 836 tinem.-
554 823 566 836 ιι
576 816 705 837 Mnrklamlo
720 816 775 837 lianc
790 816 884 837 maxime
893 817 920 837 oli
931 823 1030 838 catinum

237 850 261 871 in
279 851 439 871 dubitationem
459 855 576 875 vocantur.
595 852 651 877 quud
671 859 682 872 e
697 852 825 872 Maced-»nia
843 853 907 872 datae
921 852 1029 876 dicantur,

238 892 365 912 quamquam
377 885 454 906 cicero
465 886 520 913 npmt
531 886 672 907 Plutarchum
683 887 756 911 (lirut.
765 889 848 913 xxii.)
859 893 872 907 ι
882 887 957 911 Bruto,
969 891 1029 907 unte-

238 927 301 947 quam
311 928 339 941 ex
349 920 415 941 nulia
425 921 504 945 abiret.
512 922 538 941 υΙι
550 922 644 942 favorem
656 928 707 945 erga
715 921 826 942 Octavium
838 922 984 949 repreliennu·
996 929 1029 943 e·-

236 962 262 983 μι·
271 955 364 976 dicutur.
393 956 426 976 De
437 959 533 983 temporo
543 956 629 983 quidem
641 956 774 977 l'lutarcbun
783 957 864 977 err-»ris
876 957 985 982 arguitur:
1001 957 1028 977 ts.

237 991 264 1010 ad
275 991 322 1011 Ait.
334 994 390 1015 ΧΠ,
403 993 434 1012 12.
446 993 467 1011 et
477 991 539 1015 XVI.
550 994 569 1012 ss.
581 994 602 1011 et
614 994 644 1012 15.
664 993 784 1018 Suspectum
795 999 845 1012 vero
855 999 903 1012 ene
913 996 1031 1013 censentur

238 1025 295 1046 intuo
314 1025 418 1052 loquendi
437 1025 554 1046 formulae:
579 1026 695 1053 explere
711 1027 835 1047 meritum
854 1039 880 1042 —
897 1027 1030 1054 prohibe-

238 1067 265 1081 re
276 1060 401 1088 prae-entia
411 1060 468 1081 nial·
476 1073 502 1076 —
512 1060 568 1081 nihil
579 1061 635 1081 tanti
647 1061 697 1085 fuit,
709 1069 759 1088 quo
770 1074 795 1077 —
804 1062 911 1083 deterreri
921 1063 948 1083 oh
958 1074 984 1078 —

385 1114 536 1141 BRUTUS
566 1115 592 1141 S.
624 1116 653 1141 D.
685 1115 881 1143 CICERONI.

297 1161 319 1186 l.
341 1155 506 1186 Particulam
527 1160 674 1186 litterarum
695 1165 815 1192 tuarum,
843 1170 910 1196 quas
931 1162 1030 1188 misisti

237 1195 355 1228 Octavio,
370 1196 432 1232 legi.
447 1198 556 1223 missam
568 1198 601 1223 ab
613 1198 698 1224 Attico
710 1198 788 1224 mihi.
815 1197 941 1224 Studium
954 1203 1030 1225 tuum

237 1242 354 1268 curaque
366 1234 398 1259 de
410 1234 495 1260 salute
508 1243 564 1260 mea
577 1234 650 1260 nulla
662 1243 704 1260 me
716 1243 783 1261 nova
790 1235 925 1270 voluptate
932 1235 1029 1263 affecit.

236 1271 294 1297 Non
305 1270 393 1297 solum
404 1272 476 1297 enim
488 1272 626 1302 usitatum,
635 1271 682 1298 sed
694 1273 774 1298 etiam
784 1273 972 1307 quotidianum
979 1277 1028 1304 est,

236 1307 341 1342 aliquid
352 1308 445 1334 audire
456 1308 488 1334 de
500 1313 538 1340 te,
556 1309 627 1343 quod
640 1317 687 1343 pro
699 1314 787 1336 nostra
801 1309 931 1345 dignitate
943 1310 1031 1336 fideli-

237 1350 275 1371 ter
295 1349 374 1379 atque
396 1345 540 1372 honorifice
556 1346 659 1372 dixeris
674 1351 720 1373 aut
735 1346 839 1373 seceris.
880 1348 913 1374 At
928 1347 1027 1378 dolore,

236 1386 366 1417 quantum
379 1382 468 1409 animo
479 1383 628 1409 maximum
640 1392 734 1418 capere
746 1392 866 1418 possum,
878 1384 972 1411 eadem
985 1384 1030 1411 illa

236 1427 297 1453 pars
309 1419 446 1454 epistolae,
459 1421 573 1455 scriptae
585 1420 618 1447 ad
629 1420 771 1447 Octavium
783 1421 816 1447 de
828 1421 915 1453 nobis,
932 1422 1028 1448 affecit.

236 1456 282 1482 Sic
293 1457 366 1482 enim
378 1456 418 1483 illi
429 1458 528 1493 gratias
540 1459 598 1493 agis
612 1457 645 1484 de
661 1458 814 1492 republica,
831 1463 884 1485 tam
896 1458 1030 1494 supplici·
1058 1458 1060 1475 ἶ

237 1499 275 1520 ter
289 1502 319 1519 ac
334 1493 452 1521 demisse
472 1494 548 1529 (quid
569 1495 704 1522 scribam‘?
723 1495 807 1530 pudet
822 1496 983 1522 conditionis
999 1505 1028 1522 ac

236 1530 370 1558 fortunae:
393 1531 441 1557 sed
462 1536 549 1558 tamen
571 1532 746 1559 scribendum
766 1533 832 1568 est3)
856 1533 1029 1560 commendas

235 1572 353 1594 nostram
369 1568 482 1595 salutem
498 1569 552 1595 illi:
574 1578 643 1604 quae
662 1575 745 1596 morte
761 1579 813 1605 qua
829 1579 880 1597 non
896 1571 1030 1605 pernicio-

235 1604 308 1631 sior‘?
322 1610 352 1632 ut
362 1614 471 1640 prorsus
483 1610 581 1641 praete
593 1606 675 1638 feras,
694 1616 744 1633 non
759 1607 893 1634 sublatam
907 1608 1030 1634 domina-

235 1642 348 1673 tionem,
363 1642 410 1669 sed
422 1643 562 1670 dominum
573 1649 766 1670 commutatum
778 1653 846 1671 esse.
887 1645 972 1671 Verba
984 1650 1029 1671 tua

235 1687 394 1715 recognosce
405 1685 431 1706 et
441 1680 509 1707 aude
521 1689 626 1716 negare,
642 1682 786 1708 servientis
797 1681 927 1708 adversus
939 1690 1028 1718 regem

235 1717 299 1742 istas
312 1725 370 1742 esse
382 1725 484 1751 preces,
524 1718 613 1744 Unum
624 1718 664 1744 ais
675 1727 747 1749 esse,
765 1719 837 1753 quod
851 1719 884 1745 ab
895 1728 925 1745 eo
936 1724 1030 1754 postu-

236 1752 304 1780 letur
315 1759 340 1780 et
350 1759 533 1788 exspectetur:
546 1759 576 1781 ut
586 1764 630 1781 eos
644 1756 732 1786 cives,
745 1755 778 1781 de
789 1756 891 1790 quibus
903 1757 955 1782 viri
966 1756 1029 1782 boni

235 1790 408 1826 populusque
428 1792 564 1818 Romanus
584 1792 652 1818 bene
670 1793 820 1823 existimet,
843 1793 932 1819 salvos
952 1792 1027 1819 velit.

234 1827 324 1859 Quid?
334 1829 357 1854 si
369 1828 443 1859 nolit,
452 1838 504 1855 non
515 1829 635 1855 erimus‘?
644 1829 735 1864 Atqui,
749 1838 801 1856 non
812 1838 880 1860 esse.
894 1838 975 1864 quam
986 1838 1029 1856 es-

235 1873 263 1890 se
276 1864 423 1898 perillum,
441 1871 566 1900 praestat.
606 1868 631 1892 2.
653 1867 723 1901 Ego,
740 1867 847 1892 medius
861 1866 957 1898 fidius,
977 1876 1027 1893 non

235 1902 369 1932 existimo,
383 1907 436 1928 tam
446 1911 539 1929 omnes
550 1903 614 1929 deos
625 1911 733 1929 aversos
744 1912 803 1929 esse
814 1912 828 1929 a
839 1903 923 1930 salute
935 1904 1028 1938 populi

235 1938 357 1969 Romani,
366 1944 395 1965 ut
401 1938 527 1965 Octavius
538 1940 655 1966 orandus
665 1941 700 1966 sit
711 1949 758 1974 pro
769 1940 854 1967 salute
866 1941 1027 1976 cuiusquam

234 1976 311 2006 civis,
326 1984 378 2002 non
389 1976 476 2002 dicam
489 1985 535 2010 pro
547 1976 734 2003 liberatoribus
744 1977 817 2004 orbis
828 1983 972 2004 terrarum:
986 1979 1028 2004 iu-

235 2017 280 2039 vat
300 2013 372 2038 enim
388 2014 530 2049 magnifice
550 2013 636 2049 loqui,
659 2019 684 2040 et
699 2019 769 2041 certe
785 2015 874 2046 decet,
897 2015 1027 2042 adversus

235 2050 401 2085 ignorantes,
418 2050 485 2085 quid
500 2059 547 2085 pro
558 2059 666 2085 quoque
677 2051 827 2078 timendum
839 2057 883 2078 aut
895 2061 908 2078 a
920 2061 1027 2087 quoque

234 2086 380 2122 petendum
402 2088 446 2113 sit.
485 2088 539 2114 Hoc
557 2093 599 2119 tu,
617 2088 722 2120 Cicero,
744 2097 823 2123 posse
844 2089 934 2116 fateris
950 2090 1028 2116 Octa-

235 2125 325 2154 vium,
338 2129 363 2150 et
374 2124 414 2150 illi
427 2125 530 2151 amicus
541 2124 588 2151 es?
607 2130 665 2156 aut,
678 2126 702 2152 si
713 2135 756 2152 me
767 2135 859 2152 carum
871 2126 968 2157 habes,
985 2127 1029 2154 vis

234 2161 332 2187 Romae
348 2161 449 2193 videri;
473 2171 572 2196 quum,
590 2167 619 2189 ut
633 2163 671 2188 ibi
682 2171 741 2189 esse
752 2172 872 2198 possem,
890 2172 1028 2190 commen-

234 2198 340 2224 dandus
352 2207 434 2233 puero
444 2199 485 2225 illi
496 2198 612 2225 fuerim?
625 2200 675 2226 Cui
685 2200 753 2235 quid
763 2201 821 2236 agis
831 2202 939 2236 gratias,
953 2202 985 2231 si,
999 2206 1028 2227 ut

234 2244 282 2262 nos
293 2235 382 2261 salvos
393 2244 451 2262 esse
463 2236 528 2263 velit
539 2241 564 2263 et
575 2237 698 2271 patiatur,
710 2238 859 2273 rogandum
870 2237 968 2272 putas‘?
987 2239 1027 2264 An

234 2272 284 2299 hoc
295 2281 342 2307 pro
355 2273 484 2299 beneficio
495 2278 535 2300 est
549 2274 718 2306 habendum,
735 2275 808 2309 quod
819 2284 861 2306 se⁷
879 2283 960 2310 quam
972 2275 1027 2302 An-

232 2310 346 2341 tonium,
359 2319 418 2336 esse
430 2310 561 2342 maluerit,
571 2320 584 2337 a
596 2320 649 2346 quo
660 2312 710 2338 ista
720 2312 834 2346 petenda
845 2311 952 2338 essent?
962 2312 1028 2339 Vin-

233 2347 287 2373 dici
300 2347 339 2373 illi
351 2347 461 2382 quidem
473 2347 574 2374 alienae
586 2348 786 2380 dominationis,
799 2358 852 2375 non
863 2350 973 2380 vicario,
982 2358 1027 2375 ec-

233 2384 295 2418 quis
311 2384 458 2419 supplicat,
476 2390 505 2411 ut
518 2386 618 2420 optime
634 2386 736 2412 meritis
752 2386 785 2412 de
799 2386 937 2421 republica
950 2386 1027 2413 liceat

234 2429 292 2447 esse
313 2421 414 2448 salvis?
442 2424 466 2448 3.
486 2423 536 2448 Ista
558 2431 621 2449 vero
636 2423 808 2449 imbecillitas
823 2428 849 2450 et
863 2423 1023 2458 desperatio,

233 2459 312 2483 cuius
323 2458 402 2493 culpa
413 2468 466 2485 non
477 2460 564 2495 magis
576 2461 602 2485 in
615 2464 638 2486 te
650 2459 757 2490 residet,
766 2469 848 2494 quam
860 2461 887 2486 in
898 2461 1025 2487 omnibus

233 2494 307 2525 aliis,
323 2500 349 2521 et
363 2496 502 2522 Caesarem
521 2497 549 2522 in
567 2497 743 2531 cupiditatem
764 2498 840 2532 regni
855 2497 977 2532 impulit,
1000 2502 1026 2524 et

233 2532 346 2558 Antonio
366 2537 426 2566 post
441 2534 578 2559 interitum
594 2533 669 2560 illius
684 2535 830 2568 persuasit,
848 2540 879 2561 ut
893 2534 1025 2561 interfecti

234 2567 321 2593 locum
332 2576 461 2603 occupare
472 2575 623 2602 conaretur;
640 2576 666 2597 et
676 2579 747 2597 nunc
758 2579 871 2605 puerum
884 2573 965 2597 istum
978 2580 1026 2598 ex-

234 2604 307 2634 tulit,
325 2610 353 2630 ut
364 2610 391 2631 tu
403 2606 550 2637 iudicares,
568 2607 695 2641 precibus
705 2616 764 2634 esse
776 2608 970 2643 impetrandam
982 2617 1025 2634 sa-

234 2640 315 2667 lutem
331 2641 429 2668 talibus
444 2644 510 2669 viris
519 2664 525 2674 ,
543 2639 781 2680 misericordiaque
792 2646 874 2672 unius
885 2647 933 2672 vix
944 2646 1024 2672 etiam

1026 120 1310 148 Cicssnoxts

1058 191 1061 226 J
1083 200 1153 218 nunc
1171 192 1220 218 viri
1236 197 1306 218 tutos
1322 191 1376 219 lore
1393 201 1452 223 non.
1471 193 1541 220 haud
1557 193 1610 220 ulla
1622 193 1672 220 alia
1685 203 1721 220 rc.
1761 194 1837 227 Quod
1849 195 1870 221 si

1059 235 1061 265 Ι
1084 230 1214 255 ltomanou
1229 238 1277 255 non
1292 238 1350 255 ense
1367 231 1598 257 meminissemus:
1621 240 1672 257 non
1685 231 1813 258 audacius
1824 232 1873 258 do-

1059 272 1061 276 *
1083 266 1178 292 minari
1190 271 1317 300 cuperent
1328 268 1453 301 postremi
1467 267 1601 298 homines,
1619 277 1700 303 quam
1714 269 1739 295 id
1752 278 1799 295 nos
1811 277 1872 303 pro-

1060 311 1061 315 *
1083 303 1252 329 tuln-remus:
1275 312 1361 338 neque
1377 305 1463 338 magi}
1480 305 1597 331 irritatus
1607 311 1677 332 esset
1690 307 1819 332 Antonius
1832 314 1873 332 rc-

1059 346 1061 370 }
1082 341 1270 373 gnoCacsaris.
1283 350 1364 375 quam
1376 341 1410 367 ob
1421 341 1542 367 eiusdem
1554 347 1664 368 mortem
1676 343 1829 369 deterritus.
1847 344 1871 369 6.

1060 387 1061 396 ¹
1082 378 1120 403 'l'u
1135 378 1246 411 quidem
1260 378 1422 408 consularis,
1439 383 1464 404 et
1475 384 1606 405 tantorum
1618 380 1748 406 scelerum
1762 380 1871 409 vindex.

1082 414 1192 449 (quihus
1203 417 1354 449 oppressis.
1373 424 1477 446 vereor.
1496 424 1528 442 ne
1545 417 1571 442 in
1583 416 1663 442 breve
1675 422 1780 452 tempus
1792 417 1872 443 dilata

1059 451 1061 476 ἰ
1082 452 1116 477 sit
1127 451 1174 477 abs
1187 457 1210 477 te
1222 453 1431 487 perni‹:ics.)qui
1444 458 1517 487 potes
1531 454 1641 483 intueri.
1663 462 1731 489 quae
1744 455 1871 489 gesseris,

1081 488 1177 519 simul,
1194 494 1218 515 et
1232 490 1278 515 ista
1292 489 1332 515 vel
1346 490 1456 524 probare
1469 490 1509 515 vel
1523 491 1556 516 ita
1569 490 1685 517 demisse
1697 499 1726 517 ac
1738 490 1814 517 facile
1826 499 1874 526 pa-

1083 526 1110 555 ti,
1119 531 1146 551 ut
1158 526 1294 560 probantis
1306 528 1423 562 speciem
1437 526 1553 553 habeas?
1563 527 1638 559 Quod
1651 532 1739 554 autem
1750 528 1799 555 tibi
1810 537 1872 554 cum

1082 563 1196 589 Antonio
1217 565 1351 598 privatum
1372 564 1464 590 odium
1471 564 1484 589 ἵ)
1513 572 1609 599 nempe
1633 565 1697 600 quia
1723 565 1873 600 postulabat

1083 600 1156 631 liaeo,
1165 600 1277 627 salutem
1291 602 1324 627 ab
1335 610 1364 627 se
1376 602 1439 636 peti,
1448 603 1593 636 precariam
1606 610 1653 628 nos
1663 601 1872 629 incolumitatem

1058 646 1060 669 ἦ
1083 637 1193 668 habere,
1211 647 1224 664 a
1241 639 1342 673 quibus
1355 640 1411 673 ipse
1424 639 1571 665 libertatem
1583 639 1743 673 accepissem
1761 647 1819 665 esse
1831 648 1874 666 ar-

1058 689 1060 694 .
1083 675 1192 701 bitrium
1209 684 1289 702 suum
1310 676 1343 702 de
1362 676 1509 710 republica.
1550 676 1705 708 Quaerenda
1721 684 1780 702 esse
1801 685 1872 703 arma

1083 713 1194 746 putasti,
1215 713 1316 747 quibus
1330 713 1462 739 (luminari
1477 713 1677 748 prohiberetur:
1699 713 1815 745 scilicet,
1833 718 1871 744 ut.

1082 750 1128 776 illo
1139 750 1287 784 prohibito,
1306 759 1460 785 rogaremus
1471 750 1598 780 alterum,
1615 751 1663 785 qui
1678 759 1707 776 se
1723 751 1749 777 in
1764 751 1823 777 eius
1835 750 1874 777 lo-

1081 796 1142 813 cum
1155 789 1246 822 reponi
1258 792 1399 822 pateretur.
1408 797 1440 814 an
1452 793 1480 814 ut
1490 793 1561 814 esset
1571 788 1614 814 sui
1626 788 1692 814 iuris
1703 796 1734 814 ac
1745 788 1872 822 mancipii

1082 824 1254 859 respublica?
1265 825 1321 851 Nisi
1335 824 1398 852 sorte
1411 834 1462 852 non
1474 825 1507 851 de
1518 826 1661 855 servitute,
1678 824 1725 851 sed
1737 824 1770 851 de
1780 824 1874 851 condi-

1082 862 1152 888 tione
1163 862 1299 888 serviendi
1314 867 1464 888 recusatum
1477 867 1517 888 est
1527 871 1540 888 a
1553 862 1640 888 nobis.
1674 862 1755 897 Atqui
1767 871 1818 888 non
1830 870 1874 888 so-

1083 899 1138 926 lum
1153 899 1222 926 bono
1235 899 1344 926 domino
1359 900 1496 934 potuimus
1508 899 1622 926 Antonio
1635 898 1745 925 tolerare
1757 904 1873 926 nostram

1082 936 1228 967 fortunam,
1251 936 1298 962 sed
1314 937 1393 963 etiam
1410 937 1548 963 beneficiis
1566 941 1645 972 atque
1663 936 1822 967 honoribus,
1844 940 1874 963 ut

1082 975 1234 1009 participes.
1249 973 1310 1004 frui,
1324 975 1432 1009 quantis
1444 973 1586 1000 vellemus».
1626 973 1697 1005 Quid
1708 974 1780 1000 enim
1792 981 1874 1009 nega-

1083 1012 1141 1038 ret‘
1154 1012 1201 1041 iis.
1223 1020 1338 1046 quorum
1355 1012 1509 1046 patientiam
1526 1011 1628 1037 videret
1644 1011 1793 1037 maximum
1809 1018 1874 1036 suae

1082 1048 1272 1075 dominationis
1293 1048 1457 1083 praesidium
1478 1047 1555 1074 esse?
1571 1047 1622 1074 Sed
1643 1047 1710 1074 nihil
1727 1048 1790 1074 tanti
1812 1046 1872 1077 tuit.

1081 1094 1135 1120 quo
1150 1085 1328 1112 venderemus
1340 1085 1418 1112 fidem
1431 1090 1547 1112 nostram
1559 1090 1584 1112 et
1596 1085 1754 1111 libertatem.
1785 1086 1810 1111 5.
1826 1084 1875 1110 itio

1082 1123 1140 1157 ipse
1155 1131 1235 1157 puer,
1253 1131 1334 1158 quem
1350 1123 1470 1149 Caesaris
1487 1131 1583 1150 nomen
1599 1123 1709 1148 incitare
1724 1121 1832 1148 videtur
1846 1122 1873 1148 in

1081 1160 1202 1187 Caesaris
1218 1159 1414 1191 interfectores,
1435 1161 1529 1195 quanti
1545 1160 1681 1190 aestimet,
1697 1159 1731 1194 (si
1746 1159 1782 1185 sit
1800 1166 1874 1185 com-

1059 1202 1061 1228 ς
1082 1198 1180 1223 mercio
1193 1196 1285 1232 locus),
1299 1205 1385 1232 posse,
1398 1197 1476 1224 nobis
1487 1196 1650 1226 auctoribus.
1662 1201 1774 1226 tantum.
1787 1204 1874 1231 quan-

1059 1229 1060 1248 *
1082 1239 1138 1261 tum
1150 1234 1267 1269 profecto
1278 1235 1388 1269 poterit,
1405 1235 1534 1269 quoniam
1548 1234 1640 1260 vivere
1650 1238 1676 1259 et
1686 1233 1815 1268 pecunias
1826 1232 1875 1259 ha-

1081 1272 1143 1298 bere
1164 1276 1190 1298 et
1209 1271 1263 1298 dici
1283 1271 1437 1298 consulares
1457 1270 1601 1298 volumus?
1618 1274 1737 1296 ceterum
1758 1269 1875 1305 nequid-

1081 1317 1163 1344 quam
1175 1309 1284 1344 pericrit
1295 1309 1353 1336 ille:
1375 1309 1453 1335 cuius
1469 1309 1578 1335 interitu
1592 1307 1658 1343 quid
1669 1308 1756 1343 gavisi
1766 1315 1872 1338 sumus.

1059 1360 1060 1366 =
1081 1347 1105 1372 si
1117 1351 1220 1373 mortuo
1230 1346 1316 1373 nihilo
1327 1348 1419 1373 minus
1429 1347 1557 1373 servituri
1572 1344 1697 1372 eramus?
1715 1344 1794 1370 Nulla
1810 1352 1874 1371 cura

1081 1384 1114 1410 ab
1126 1383 1187 1410 aliis
1198 1383 1355 1410 adhibetur:
1381 1383 1427 1410 sed
1440 1383 1508 1410 mihi
1519 1384 1595 1418 prius
1605 1383 1695 1408 omnia
1706 1381 1745 1408 dii
1754 1381 1875 1417 deaeque

1081 1421 1237 1456 eripuerint,
1251 1429 1332 1456 quam
1343 1420 1411 1447 illud
1424 1421 1566 1451 iudicium,
1578 1428 1632 1455 quo
1643 1427 1694 1446 non
1706 1418 1785 1445 modo
1797 1418 1875 1445 her&

1081 1458 1110 1484 di
1125 1459 1197 1489 eius,
1214 1467 1296 1493 quem
1310 1459 1410 1489 occidi,
1428 1467 1480 1484 non
1494 1457 1687 1487 concesserim,
1704 1455 1777 1491 quod
1788 1456 1816 1482 in
1827 1455 1874 1482 illo

1058 1521 1060 1528 ‚
1081 1504 1132 1522 non
1145 1495 1208 1527 tuli,
1226 1495 1273 1522 sed
1287 1504 1319 1522 ne
1331 1496 1399 1531 patri
1409 1495 1520 1530 quidem
1532 1503 1604 1525 meo,
1622 1495 1645 1520 si
1659 1494 1816 1524 reviviscat,
1832 1497 1871 1524 ut,

1058 1539 1059 1542 ’
1081 1533 1197 1567 patiente
1214 1542 1270 1564 me,
1286 1533 1348 1568 plus
1366 1532 1472 1568 legibus
1487 1541 1517 1558 ac
1532 1536 1626 1558 senatu
1637 1531 1732 1566 possit.
1771 1530 1812 1556 An
1824 1529 1874 1556 hoc

1082 1570 1131 1596 tibi
1141 1578 1301 1605 persuasum
1313 1575 1361 1601 est,
1376 1570 1429 1597 t'ore
1441 1575 1542 1596 ceteros
1553 1569 1587 1595 ab
1597 1577 1628 1595 eo
1640 1568 1752 1598 liberos.
1765 1575 1820 1602 quo
1831 1567 1873 1594 in-

1058 1603 1059 1631 ἶ
1081 1608 1136 1634 vito
1151 1607 1229 1634 nobis
1243 1608 1270 1633 in
1283 1609 1332 1634 ista
1343 1608 1451 1633 civitate
1462 1606 1536 1633 locus
1548 1615 1599 1632 non
1611 1604 1663 1632 sit‘?
1682 1604 1734 1637 Qui
1745 1612 1823 1638 porro
1834 1603 1870 1634 id,

1058 1637 1059 1684 i
1081 1644 1152 1679 quod
1164 1645 1240 1679 petis.
1256 1644 1312 1671 fieri
1327 1649 1424 1679 potest,
1438 1648 1467 1670 ut
1478 1642 1623 1678 impetres?
1633 1643 1720 1677 Rogas
1731 1641 1812 1671 enim,
1826 1649 1873 1667 ve-

1058 1687 1059 1703 *
1082 1681 1111 1708 lit
1122 1690 1169 1708 nos
1181 1681 1269 1708 salvos
1280 1690 1348 1708 esse.
1388 1681 1518 1707 Videmur
1531 1689 1560 1706 er
1578 1688 1594 1706 o
1609 1679 1659 1705 tibi
1672 1678 1786 1705 salutem
1797 1686 1873 1704 acce-

1058 1706 1060 1739 i
1080 1719 1166 1754 pturi.
1183 1727 1268 1753 quum
1280 1719 1362 1745 vitam
1374 1719 1571 1752 acceperimus.
1593 1724 1688 1751 quam,
1706 1716 1730 1741 si
1742 1716 1818 1749 prius
1829 1715 1873 1741 di-

1058 1752 1059 1791 i
1081 1757 1213 1782 mittimus
1224 1755 1382 1791 dignitatem
1393 1760 1418 1781 et
1430 1755 1591 1784 libertatem,
1613 1754 1661 1788 qui
1672 1760 1818 1787 possumus
1828 1760 1873 1778 ac-

1058 1814 1059 1818 ,
1079 1792 1187 1827 cipere?
1199 1795 1224 1819 6.
1237 1793 1277 1819 An
1289 1798 1317 1819 tu
1328 1793 1426 1819 Romae
1438 1792 1566 1822 hahitare,
1579 1790 1607 1817 id
1619 1795 1697 1825 putas
1709 1789 1870 1816 incolumem

1058 1841 1059 1851 π
1080 1829 1157 1856 esse‘?
1168 1830 1227 1861 Res,
1242 1839 1292 1857 non
1306 1830 1380 1856 locus
1390 1834 1493 1864 oportet
1503 1832 1618 1863 praestet
1630 1828 1698 1853 istuc
1709 1826 1788 1852 mihi.
1805 1827 1872 1868 ‘Ne-

1058 1865 1059 1893 3
1080 1876 1133 1902 que
1148 1867 1292 1893 incolumis
1308 1867 1347 1893 sui
1359 1866 1471 1893 Caesare
1486 1867 1563 1896 vivo,
1585 1865 1638 1891 nisi
1650 1868 1791 1899 postquam
1803 1863 1872 1890 illud

1079 1905 1199 1931 conscivi
1215 1904 1334 1931 facinus:
1356 1913 1444 1939 neque
1459 1911 1575 1938 usquam
1591 1901 1668 1928 exsul
1680 1909 1738 1927 esse
1749 1909 1869 1935 possum,

1058 1949 1059 1953 ¹
1079 1941 1145 1967 dum
1165 1942 1265 1968 servire
1286 1946 1312 1968 et
1329 1942 1385 1976 pati
1406 1939 1581 1968 contumelias
1600 1939 1679 1974 peius
1698 1938 1779 1965 odero
1793 1937 1871 1965 malis

1079 1979 1206 2005 omnibus
1226 1978 1296 2005 aliis.
1337 1979 1430 2005 Nonne
1450 1978 1500 2004 hoc
1517 1982 1557 2004 est
1575 1977 1603 2003 in
1620 1975 1727 2002 easdem
1748 1975 1871 2002 tenebras

1080 2015 1217 2047 recidisse,
1226 2024 1311 2050 quum
1322 2016 1356 2042 ab
1367 2024 1406 2046 eo,
1415 2016 1462 2050 qui
1474 2014 1580 2051 tyranni
1591 2021 1688 2040 nomen
1699 2013 1795 2039 ascivit
1805 2012 1868 2043 sibi,

1058 2073 1059 2076 η
1079 2053 1173 2088 (quum
1190 2054 1217 2079 in
1229 2053 1338 2080 Graecis
1353 2052 1511 2079 civitatibus
1526 2051 1604 2078 liberi
1619 2055 1805 2086 twannorum,
1822 2058 1871 2084 op—

1079 2091 1180 2125 pressis
1191 2090 1260 2121 illis,
1277 2090 1370 2117 eodem
1385 2089 1519 2124 supplicio
1530 2087 1701 2122 afficiantur.)
1711 2088 1823 2121 petitur.
1841 2091 1871 2113 ut

1079 2127 1202 2153 vindices
1217 2132 1296 2162 atque
1316 2135 1488 2162 oppressores
1508 2125 1698 2152 dominationis
1713 2123 1782 2150 salvi
1798 2123 1870 2150 sint?

1079 2165 1150 2190 Hanc
1165 2173 1214 2200 ego
1229 2165 1366 2191 civitatem
1382 2164 1474 2190 videre
1489 2163 1585 2193 velim,
1607 2166 1653 2188 aut
1667 2166 1759 2196 putem
1773 2160 1866 2190 ullam,

1078 2210 1147 2236 quae
1158 2210 1191 2227 ne
1202 2201 1325 2228 traditam
1337 2201 1448 2236 quidem
1460 2206 1539 2235 atque
1548 2198 1709 2226 inculcatam
1719 2197 1868 2224 libertatem

1079 2239 1196 2273 recipere
1207 2238 1310 2273 possit?
1329 2239 1446 2273 plusque
1458 2239 1549 2264 timeat
1559 2238 1586 2263 in
1598 2244 1680 2271 puero
1692 2243 1787 2261 nomen
1801 2234 1869 2261 sub-

1079 2275 1124 2302 lati
1144 2276 1229 2311 regis,
1251 2284 1333 2310 quam
1353 2275 1469 2302 confidat
1489 2275 1552 2304 sibi,
1574 2281 1659 2309 quum
1672 2271 1751 2314 illum
1765 2273 1866 2306 ipsum,

1077 2313 1126 2347 qui
1137 2313 1268 2339 maximas
1278 2321 1343 2347 opes
1354 2313 1491 2343 habuerit,
1508 2318 1655 2346 paucorum
1666 2313 1763 2335 virtute
1774 2309 1869 2335 subla-

1056 2355 1057 2383 }
1078 2355 1135 2376 tum
1146 2349 1253 2376 videat?
1272 2351 1313 2376 Me
1324 2358 1387 2376 vero
1398 2349 1508 2385 posthac
1519 2357 1551 2375 ne
1561 2345 1791 2375 commendaveris
1802 2346 1868 2373 Cae-

1056 2386 1057 2405 1
1077 2388 1131 2413 sari
1141 2391 1200 2414 tuo:
1218 2395 1250 2413 ne
1265 2392 1290 2413 te
1305 2387 1416 2422 quidem
1431 2387 1535 2422 ipsum,
1552 2386 1576 2412 si
1588 2393 1630 2411 me
1641 2382 1745 2425 audies.
1784 2383 1867 2425 Yalde

1077 2433 1136 2450 care
1147 2424 1273 2451 aestimas
1283 2429 1320 2450 tot
1329 2432 1422 2455 annos,
1434 2428 1499 2459 quot
1510 2424 1559 2449 ista
1570 2426 1641 2448 aetas
1653 2425 1756 2454 recipit,
1770 2429 1793 2446 st
1804 2429 1868 2455 pro-

1055 2461 1057 2483 f
1077 2466 1135 2496 pter
1154 2470 1211 2487 eam
1231 2469 1354 2487 caussam
1374 2469 1457 2496 puero
1476 2461 1522 2486 isti
1543 2458 1744 2493 supplicaturus
1763 2465 1802 2484 es.
1841 2458 1866 2484 7.

1054 2491 1056 2528 ,ἶ
1076 2497 1185 2529 Deinde,
1201 2498 1273 2533 quod
1284 2498 1465 2533 pulcherrime
1477 2497 1571 2526 fecisti,
1587 2504 1617 2521 ac
1627 2494 1693 2521 facis
1703 2494 1730 2520 in
1740 2494 1863 2525 Antonio,

1077 2535 1148 2566 vide,
1162 2544 1194 2561 ne
1206 2540 1375 2562 convertatur
1385 2544 1399 2561 a
1411 2534 1488 2560 laude
1499 2533 1610 2559 maximi
1621 2531 1705 2558 animi
1716 2531 1749 2556 ad
1759 2532 1865 2566 opinio-

1054 2565 1056 2606 ζ
1076 2581 1137 2598 nem
1148 2572 1310 2599 formidinis.
1351 2573 1418 2598 Nam
1428 2572 1452 2597 si
1462 2570 1589 2597 Octavius
1604 2569 1654 2595 tibi
1671 2567 1770 2602 placet,
1786 2577 1801 2594 a
1811 2577 1865 2603 quo

1075 2609 1108 2635 de
1120 2614 1207 2636 nostra
1218 2609 1304 2635 salute
1315 2608 1459 2643 petendum
1470 2608 1518 2633 sit:
1535 2615 1588 2633 non
1598 2605 1739 2633 dominum
1751 2605 1862 2641 fugisse,

1075 2646 1122 2673 sed
1133 2647 1288 2672 amiciorem
1299 2645 1439 2672 dominum
1450 2644 1588 2679 quaesisse
1599 2642 1745 2670 w'deberis.
1778 2642 1862 2674 Quem
