1941 3052
11 314 12 318 ¹
55 308 153 335 videri.

347 124 714 151 ACADEMICORUM
745 123 950 151 PRIORUM
980 125 1059 150 LIB.

12 198 15 218 J·
55 202 111 228 tur,
129 195 180 222 alia
191 203 253 222 vera
264 199 340 226 sunt,
356 194 407 221 alia
420 194 498 221 falsa:
516 199 542 221 et
555 195 627 230 quod
639 194 737 221 falsum
748 199 801 225 est,
819 194 846 220 id

12 263 13 267 Ἰ
55 233 158 270 percipi
174 241 225 259 non
240 236 340 267 potest:
357 232 430 267 quod
444 237 532 258 autem
544 241 638 258 verum
651 233 740 259 visum
751 237 803 262 est,
820 232 847 258 id

55 279 134 298 omne
148 270 199 296 tale
215 274 268 301 est,
285 274 315 296 ut
330 269 452 295 eiusdem
468 269 541 296 modi
556 269 654 296 falsum
669 270 748 296 etiam
763 270 849 304 possit

192 307 238 338 Et,
255 315 325 342 quae
340 306 399 333 visa
415 307 469 333 sint
483 306 630 338 eiusmodi,
648 311 677 333 ut
692 308 720 333 in
734 308 768 332 iis
780 306 848 332 nihil

56 345 168 374 intersit,
178 353 230 371 non
240 353 319 379 posse
330 343 459 374 accidere,
467 348 497 370 ut
507 352 599 370 eorum
611 344 662 370 alia
673 344 775 378 percipi
786 352 850 378 pos-

56 383 118 413 sint,
132 381 183 408 alia
194 390 246 408 non
258 382 371 416 possint.
397 381 509 407 Nullum
520 382 603 416 igitur
613 386 653 408 est
664 382 763 412 visum,
777 380 849 416 quod

56 419 159 455 percipi
170 419 283 453 possit«
323 419 364 445 tt.
384 418 458 450 Quae
469 422 557 444 autem
569 423 688 449 sumunt,
701 423 730 445 ut
740 418 850 444 conclu-

56 457 121 484 dant
131 455 169 487 id,
182 455 255 491 quod
265 455 372 482 volunt:
391 464 425 482 ex
436 455 479 481 his
490 455 543 482 duo
554 456 607 482 sibi
618 460 713 490 putant
723 455 847 482 concedi:

57 502 145 529 neque
169 494 242 519 enirn
267 494 413 528 quisquam
438 497 579 528 repugnat,
618 493 656 519 Ea
681 498 744 519 sunt
768 493 847 519 haec:

57 531 148 565 »Quae
163 531 221 557 visa
231 529 297 556 falsa
309 531 375 561 sint,
394 538 423 556 ea
435 530 537 564 percipi
549 539 601 556 non
615 538 727 565 posset«
748 535 774 556 et
784 530 850 556 alte-

57 577 133 595 rum:
155 569 243 594 »tuter
253 576 322 602 quae
332 568 390 593 visa
402 567 470 593 nihil
483 568 599 597 intersit,
617 576 651 594 ex
663 568 696 594 iis
708 576 760 593 non
772 575 850 601 posse

57 605 108 633 alia
119 604 181 632 talia
191 613 260 636 esse,
268 609 298 631 ut
308 605 410 639 percipi
421 605 533 639 possint,
548 604 599 631 alia
609 609 639 631 ut
650 613 701 631 non
714 605 817 639 possint
825 614 830 630 :
838 615 849 628 «

57 643 162 678 reliqua
177 651 240 669 vero
255 641 339 668 multa
349 646 374 668 et
385 643 457 668 varia
469 643 568 668 ratione
580 641 737 668 defendunt.
777 641 850 673 Quae

58 685 122 707 sunt
135 681 200 706 item
215 679 283 705 duo:
305 687 404 710 unum,
420 678 511 710 »Quae
523 679 678 710 videantur,
696 687 787 705 eorum
799 678 850 704 alia

59 726 120 744 vera
133 725 205 748 esse,
223 716 274 743 alia
285 715 385 749 falsa3«
400 715 527 742 alterum:
547 716 650 743 »Omne
661 717 764 747 visum,
778 715 851 750 quod

58 756 118 782 sita
130 762 207 785 vero,
224 753 275 780 tale
285 761 357 784 esse,
375 752 454 788 quale
466 754 546 780 etiam
561 763 575 780 a
590 753 656 779 falso
666 754 752 788 possit
761 761 850 779 esse«

59 794 100 819 42.
122 792 191 818 Haec
202 790 256 817 duo
266 791 400 826 proposita
414 799 466 816 non
480 790 686 825 praetervolant,
703 790 750 817 sed
762 791 797 816 ita
809 790 852 816 di-

59 829 150 860 latant,
166 832 258 855 utnon
270 827 431 854 mediocrem
441 836 533 853 curam
544 827 690 854 adhibeant
699 832 724 854 et
735 827 852 863 diligen-

59 867 134 894 tiam.
173 865 304 892 Dividunt
318 865 391 891 enim
406 865 433 891 in
449 869 551 899 pai-tea,
572 869 598 891 et
612 874 656 892 eas
672 865 783 900 quidem
796 873 853 891 ma-

59 912 140 940 gnas:
153 903 271 938 primum
283 902 311 928 in
321 910 431 928 sensus:
445 901 542 928 deinde
554 903 581 928 in
593 910 709 937 ea,quae
716 902 853 928 ducuntur

59 950 73 967 a
84 940 219 970 sensibuS,
232 944 258 965 et
269 939 302 965 ab
312 940 386 965 omni
396 939 604 969 consuetudine,
620 949 701 975 quam
714 939 851 966 obscurari

60 977 162 1005 volunt.
196 977 265 1003 Tum
275 977 438 1011 perveniunt
448 976 481 1002 ad
493 985 550 1003 eam
562 982 675 1011 partem,
688 982 718 1004 ut
729 985 762 1003 ne
774 978 853 1003 ratio-

59 1023 92 1042 ne
103 1013 215 1050 quidem
226 1018 252 1040 et
261 1014 413 1040 coniectura
425 1013 479 1040 ulla
494 1022 536 1040 res
548 1015 650 1049 percipi
662 1016 757 1049 possit.
785 1015 854 1040 Haec

59 1057 149 1079 autem
163 1052 291 1078 universa
305 1050 451 1077 concidunt
464 1052 543 1077 etiam
555 1052 696 1079 minutius.
737 1053 770 1078 Ut
781 1053 853 1078 enim

59 1090 92 1116 de
108 1089 234 1115 sensibus
255 1088 379 1115 hesterno
393 1096 516 1115 sermone
531 1089 653 1121 vidistis,
673 1091 735 1116 item
752 1089 855 1116 faciunt

59 1127 93 1154 de
107 1126 234 1161 reliquis:
256 1126 284 1152 in
299 1125 470 1162 singulisque
486 1126 582 1157 rebus,
604 1135 672 1162 quas
693 1127 720 1153 in
741 1128 853 1153 minima

59 1164 236 1199 dispertiunt,
252 1163 347 1190 volunt
360 1162 478 1194 efficere,
502 1164 535 1190 iis
550 1164 691 1195 omnibus,
711 1172 781 1199 quae
796 1165 854 1190 visa

59 1203 122 1233 sint,
139 1201 211 1227 veris
220 1200 344 1226 adiuncta
356 1208 415 1226 esse
426 1200 501 1231 falsa,
509 1209 578 1236 quae
590 1210 604 1228 a
615 1202 686 1228 veris
698 1201 766 1228 nihil
777 1201 856 1228 diffe-

60 1243 132 1270 rant3
146 1246 175 1264 ea
187 1246 272 1273 quum
282 1237 344 1264 talia
355 1238 418 1269 sint,
431 1238 499 1264 nihil
511 1247 590 1273 posse
601 1239 802 1273 comprehendi.

115 1275 186 1302 xlv.
208 1276 249 1302 43.
271 1275 343 1301 Hanc
357 1283 407 1310 ego
421 1275 596 1302 subtilitatem
610 1276 781 1311 philosophia
793 1277 856 1311 qui—

59 1313 121 1340 dem
137 1313 327 1348 dignissimam
342 1312 447 1343 iudico,
463 1313 511 1339 sed
528 1314 561 1340 ab
577 1322 670 1340 eorum
681 1322 789 1345 caussa,
807 1315 855 1349 qui

60 1352 97 1378 ita
112 1350 263 1381 disserunt,
283 1350 501 1377 remotissimam.
541 1351 715 1378 Definitiones
726 1352 813 1382 enim,
830 1355 856 1378 et

59 1388 226 1424 partitiones,
238 1391 264 1413 et
275 1387 370 1413 horum
383 1387 534 1414 luminibus
544 1393 623 1415 utens
633 1389 729 1417 oratio:
747 1393 806 1415 tum
817 1389 856 1415 si-

59 1424 230 1452 militudines
248 1423 555 1460 dissimilitudinesque,
576 1430 602 1452 et
617 1434 709 1452 earum
726 1426 815 1452 tenuis
830 1431 856 1452 et

60 1466 136 1489 acuta
151 1461 302 1493 distinctio,
319 1461 459 1488 fidentium
470 1467 511 1489 est
522 1463 677 1494 hominum,
694 1463 741 1489 illa
756 1471 819 1489 vera
830 1468 856 1490 et

60 1500 136 1527 firma
152 1503 178 1526 et
192 1503 261 1526 certa
277 1507 349 1530 esse,
371 1507 440 1534 quae
456 1504 588 1527 tutentur:
611 1509 663 1527 non
678 1508 785 1531 eorum.
808 1501 856 1536 qui

59 1537 188 1568 clament,
215 1536 301 1563 nihilo
321 1537 408 1572 magis
428 1545 490 1563 vera
512 1537 557 1563 illa
577 1546 649 1569 esse,
674 1546 757 1573 quam
777 1537 854 1564 falsa.

59 1574 131 1607 Quid
143 1574 215 1600 enim
226 1578 318 1609 agant,
331 1574 368 1605 si,
386 1582 471 1609 quum
483 1573 586 1609 aliquid
598 1574 764 1606 definierint,
782 1580 857 1611 roget

60 1620 106 1639 eos
121 1611 272 1646 quispiam,
289 1619 354 1637 num
370 1610 415 1637 illa
431 1611 553 1638 definitio
568 1613 654 1647 possit
668 1613 695 1639 in
706 1613 786 1639 aliam
798 1621 855 1639 rem

60 1648 198 1676 transferri
213 1647 376 1684 quamlibet:
397 1649 421 1674 si
436 1657 514 1683 posse
529 1649 660 1683 dixerint;
683 1650 751 1685 quid
766 1650 855 1677 dicere

60 1686 188 1718 habeant,
205 1694 254 1712 cur
265 1685 310 1712 illa
322 1693 384 1711 vera
394 1685 515 1713 definitio
526 1686 579 1713 sit‘?
593 1688 616 1713 si
629 1688 798 1723 negaverint;
816 1687 856 1714 fa-

59 1723 172 1751 tendum
188 1723 235 1753 sit,
258 1723 385 1758 quoniam
402 1723 444 1749 vel
461 1722 506 1750 illa
522 1723 643 1751 definitio
654 1724 791 1751 transferri
802 1733 855 1752 non

60 1762 147 1796 possit
161 1761 189 1787 in
204 1759 316 1793 falsum;
338 1760 410 1795 quod
425 1768 455 1787 ea
471 1760 627 1788 definitione
642 1762 804 1797 explicetur,
826 1762 855 1789 id

60 1798 164 1834 percipi
175 1805 268 1833 posse:
285 1797 357 1832 quod
369 1798 481 1824 minime
492 1797 533 1825 illi
544 1798 648 1826 volunt.
688 1799 787 1826 Eadem
800 1800 856 1826 dici

60 1839 186 1870 poterunt
197 1835 225 1861 in
235 1834 362 1862 omnibus
374 1834 529 1872 [partibus].
570 1837 610 1863 44.
631 1836 659 1863 Si
669 1837 743 1864 enim
753 1837 852 1869 dicent.

61 1881 105 1904 ea,
121 1872 154 1899 de
169 1872 270 1907 quibus
285 1871 432 1903 disserent.
450 1881 479 1899 se
492 1873 612 1900 dilucide
623 1875 789 1909 perspicere,
806 1883 856 1901 nec

61 1909 117 1937 ulla
127 1909 317 1936 communione
327 1910 448 1936 visorum
463 1910 605 1945 impediri,
628 1912 856 1947 comprehendere

61 1955 92 1974 ea
107 1955 136 1973 se
152 1945 316 1973 fatebuntur.
355 1946 402 1972 Sin
418 1951 507 1973 autem
528 1947 665 1983 negabunt
685 1957 747 1975 vera
767 1950 825 1975 visa
841 1958 855 1975 a

61 1984 138 2011 falsis
149 1991 228 2018 posse
238 1982 384 2019 distingui,
399 1984 448 2018 qui
460 1989 584 2018 poterunt
595 1984 701 2021 longius
713 1986 857 2022 progredi?

61 2021 222 2049 Occurretur
232 2020 315 2051 enim,
328 2021 399 2047 sicut
409 2029 550 2047 occursum
562 2027 612 2048 est.
653 2023 719 2049 Nam
730 2023 855 2050 concludi

61 2062 251 2095 argumentum
263 2065 315 2084 non
327 2062 426 2092 potest,
442 2058 495 2084 nisi
507 2059 555 2089 iis,
567 2067 636 2094 quae
647 2060 680 2086 ad
691 2060 856 2087 concluden—

62 2096 128 2123 dum
139 2099 246 2130 sumpta
258 2099 345 2125 erunt.
359 2095 394 2121 ita
405 2095 534 2130 probatis,
547 2101 576 2122 ut
587 2095 652 2123 falsa
663 2097 785 2124 eiusdem
798 2106 856 2124 mo-

62 2133 91 2160 di
101 2132 175 2160 nulla
191 2132 296 2167 possint
309 2139 377 2158 esse.
416 2132 486 2168 Ergo
501 2133 538 2164 si,
557 2133 638 2160 rebus
653 2134 856 2169 comprehensis

61 2175 88 2198 et
98 2170 245 2206 perceptis,
263 2169 322 2195 nisa
332 2173 358 2196 et
368 2177 508 2205 progressa
519 2171 586 2197 ratio
597 2171 646 2198 hoc
657 2171 769 2203 efficiet,
787 2171 855 2199 nihil

62 2216 142 2244 posse
151 2205 356 2242 comprehendi;
370 2207 437 2241 quid
449 2211 534 2241 potest
544 2209 664 2242 reperiri,
681 2209 753 2244 quod
765 2210 855 2244 ipsum

62 2245 117 2272 sibi
128 2248 260 2280 repugnet
269 2242 375 2279 magis?
389 2243 534 2279 Quumque
546 2245 603 2280 ipsa
615 2251 708 2273 natura
718 2252 856 2273 accuratae

61 2282 190 2310 orationis
210 2281 261 2308 hoc
281 2281 448 2316 profiteatur,
479 2290 508 2308 se
528 2281 632 2317 aliquid
652 2283 853 2318 patefacturam,

62 2319 135 2355 quod
145 2327 198 2346 non
208 2322 342 2354 appareat.
354 2322 389 2349 et.
404 2326 459 2353 quo
469 2318 497 2345 id
510 2318 616 2346 facilius
627 2326 794 2356 assequatur,
807 2321 856 2348 ad-

61 2356 211 2384 hibituram
222 2361 248 2382 et
260 2364 366 2386 sensuS‚
379 2360 405 2382 et
415 2364 454 2387 ea.
467 2364 536 2391 quae
547 2358 688 2392 perspicua
698 2358 766 2391 aint;
788 2367 856 2393 qua-

61 2392 97 2421 lis
107 2398 148 2420 est
157 2393 270 2420 istorum
280 2393 376 2423 oratio.
392 2393 439 2428 qui
455 2393 544 2420 omnia
555 2402 608 2420 non
620 2399 672 2421 tam
683 2404 742 2422 esse
750 2416 756 2427 ,
773 2404 855 2430 quam

61 2430 151 2458 videri
166 2430 277 2458 volunt?
296 2431 412 2458 Maxime
433 2435 521 2457 autem
537 2432 747 2463 convincuntur,
769 2441 855 2467 quum

62 2467 129 2495 haec
139 2467 193 2495 duo
203 2476 252 2503 pro
261 2467 473 2504 congruentibus
484 2472 605 2500 sumunt,
618 2473 672 2496 tam
683 2469 855 2496 vehementer

61 2505 372 2540 repugnantia:primum
388 2513 447 2531 esso
461 2505 594 2540 quaedam
609 2505 675 2533 falsa
691 2507 763 2533 visa:
782 2507 855 2542 quod

62 2550 149 2577 quum
164 2542 270 2574 volunt,
293 2542 429 2569 declarant
442 2542 574 2577 quaedam
590 2551 650 2569 esse
665 2551 740 2570 vera:
757 2543 855 2570 deinde

63 2578 179 2610 ibidem,
201 2580 272 2606 inter
282 2579 347 2606 falsa
359 2580 417 2606 visa
427 2584 453 2606 et
463 2584 551 2606 vetera
563 2580 630 2606 nihil
645 2581 783 2607 interesse.
823 2581 856 2608 At

63 2616 183 2652 primum
202 2622 371 2651 sumpseras,
393 2621 531 2652 tamquam
546 2617 698 2645 interesset:
723 2618 757 2645 ita
773 2618 855 2654 priori

63 2654 208 2689 posterius,
220 2654 361 2689 posteriori
372 2655 499 2690 superius
511 2663 562 2682 non
575 2655 707 2692 iungitur.

1092 125 1127 150 [l.
1161 125 1211 150 El)
1254 128 1276 150 ll
1301 141 1335 144 —
1362 128 1397 151 tss.
1642 128 1690 151 983

954 197 994 221 45.
1016 195 1068 221 Sed
1079 195 1284 230 progrediamur
1298 195 1418 231 longius,
1436 201 1461 222 et
1473 197 1508 221 ita
1519 203 1644 230 agamus.
1663 201 1691 221 ut

899 232 967 257 nihil
984 232 1062 258 nobis
1078 234 1204 258 assentati
1220 241 1279 259 esse
1293 233 1445 260 videamur:
1468 241 1591 267 quaeque
1603 233 1636 258 ab
1648 232 1692 258 his

899 269 1038 299 (licuntur,
1053 271 1092 295 sic
1103 278 1310 304 persequamur,
1327 275 1356 296 ut
1367 270 1434 296 nihil
1447 271 1474 296 in
1485 271 1635 304 praeteritis
1651 278 1692 296 re-

901 306 1065 340 linquamus.
1106 308 1225 333 Primum
1242 308 1325 343 igitur
1340 308 1517 342 perspicuitas
1534 307 1591 333 illa.
1610 316 1692 342 quam

900 343 1035 374 diximus,
1053 345 1117 370 satis
1133 353 1256 380 magnam
1269 345 1348 371 habet
1360 346 1429 375 vim,
1455 350 1484 371 ut
1498 346 1556 379 ipsa
1573 353 1620 378 per
1634 353 1693 370 sese

899 389 939 411 ea,
953 389 1022 415 quae
1033 382 1095 411 sint,
1109 382 1200 411 nobis,
1214 383 1249 408 ita
1260 387 1288 408 ut
1299 383 1360 412 sint,
1378 382 1487 408 indicet.
1529 382 1580 407 Sed
1594 387 1691 411 tamen,

900 422 929 443 ut
939 426 1095 444 maneamus
1118 419 1144 444 in
1166 420 1317 453 perspicuis
1338 419 1442 445 firmius
1467 424 1492 445 et
1516 420 1692 448 constantius,

901 456 1000 481 maiore
1011 455 1127 490 quadam
1138 464 1206 490 opus
1218 461 1258 483 est
1268 457 1310 482 vel
1322 462 1376 482 arte
1388 456 1430 482 vel
1443 456 1597 491 diligentia,
1617 465 1649 482 ne
1661 456 1694 481 ab

901 493 943 522 iis,
952 500 1021 526 quae
1032 492 1101 518 clara
1114 493 1168 519 sint
1179 495 1237 527 ipsa
1248 502 1295 527 per
1306 502 1373 523 sese,
1382 495 1459 528 quasi
1468 494 1621 528 praestigiis
1632 494 1694 527 qui-

901 529 1015 555 busdam
1031 534 1057 555 et
1071 531 1241 564 captionibus
1257 531 1434 564 depellantur.
1476 531 1531 556 XV.
1554 531 1630 559 Nam,
1647 530 1694 564 qui

902 566 987 592 voluit
997 567 1143 593 subvenire
1153 568 1288 593 erroribus
1300 569 1433 602 Epicurus
1448 569 1495 598 iis,
1509 568 1557 602 qui
1569 568 1695 593 videntur

901 604 1059 630 conturbare
1071 605 1127 630 veri
1139 606 1329 640 coguitionem,
1347 605 1470 639 dixitque
1484 605 1612 639 sapientis
1625 613 1693 634 csse,

901 642 1054 674 opinionem
1071 650 1084 667 a
1102 643 1293 676 perspicuitate
1310 643 1465 675 seiungere:
1487 642 1555 667 nihil
1572 642 1693 676 profecit.

902 678 990 712 Ipsius
1010 679 1081 704 enim
1101 680 1237 713 opinionis
1256 688 1370 705 errorem
1392 675 1465 705 iiullo
1481 679 1559 705 niodo
1575 679 1693 705 sustulit.

902 716 943 741 46.
957 715 1136 747 Quamobrem
1147 725 1232 750 quum
1243 716 1311 743 duae
1322 725 1432 743 caussae
1444 718 1595 751 perspicuis
1607 717 1695 742 ctcvi-

903 752 1116 779 dentibusrehus
1123 753 1312 780 adversentur:
1325 754 1425 780 auxilia
1439 754 1548 780 totidem
1559 759 1620 779 sunt
1633 762 1696 779 con-

903 795 940 815 tra
951 790 1139 823 comparanda.
1165 791 1329 817 Adversatur
1340 792 1411 817 enim
1424 792 1551 825 primum.
1565 790 1636 825 quod
1649 799 1695 824 pa-

903 835 962 852 rum
974 827 1095 862 defigunt
1106 829 1209 854 animos
1221 833 1247 854 et
1259 828 1401 854 intendunt
1412 829 1439 853 in
1451 837 1494 858 ea,
1510 836 1579 862 quae
1591 829 1697 861 perspi-

903 872 952 890 cua
964 869 1035 895 sunt,
1050 869 1086 895 ut,
1100 870 1198 899 quauta
1211 865 1269 891 luce
1281 874 1310 891 ea
1321 865 1484 891 circumfusa
1496 866 1549 891 siut
1558 868 1576 895 ¹,
1593 865 1697 898 possint

904 910 1060 936 agnoscere:
1083 902 1196 928 alterum
1213 908 1266 933 est,
1284 902 1355 936 quod
1373 902 1514 928 fallacibus
1530 907 1555 928 et
1570 903 1697 936 captiosis

904 939 1157 974 interrogationibus
1181 941 1379 974 circumscripti
1406 945 1485 974 atquc
1510 939 1615 973 decepti
1636 940 1698 973 qui-

904 976 979 1007 dam,
997 985 1083 1011 quum
1098 986 1141 1003 eas
1152 977 1299 1003 dissolvere
1312 986 1363 1003 non
1375 982 1500 1011 possunt,
1518 976 1672 1002 desciscunt
1684 985 1697 1001 a

905 1014 1025 1040 veritate.
1065 1014 1174 1048 Oportet
1189 1015 1272 1050 igitur
1283 1020 1308 1040 et
1319 1023 1362 1045 ea,
1380 1023 1448 1049 quae
1460 1022 1508 1048 pro
1519 1014 1698 1048 perspicuita-

904 1055 929 1077 te
942 1051 1097 1085 responderi
1109 1057 1234 1086 possunt,
1253 1053 1281 1078 in
1293 1057 1418 1087 promptu
1429 1052 1540 1081 habere,
1554 1051 1586 1077 de
1597 1051 1698 1086 quibus

905 1089 958 1115 iam
970 1089 1105 1119 diximus,
1123 1094 1148 1115 et
1158 1097 1217 1115 esse
1228 1095 1355 1120 armatos.
1374 1094 1402 1116 ut
1413 1097 1551 1115 occurrere
1563 1090 1699 1123 possimus

905 1126 1160 1161 interrogationibus
1189 1126 1293 1157 eorum,
1329 1127 1520 1161 captionesque
1550 1126 1696 1152 discutere:

905 1163 977 1198 quod
988 1164 1116 1198 deinceps
1129 1163 1213 1190 facere
1225 1165 1362 1191 constitui.
1403 1165 1444 1190 47.
1466 1164 1605 1198 Exponam
1618 1164 1700 1199 igitur

905 1202 1053 1236 generatim
1068 1206 1225 1237 argumenta
1239 1210 1345 1228 eorum,
1363 1202 1490 1236 quoniam
1503 1202 1556 1236 ipsi
1567 1202 1647 1227 etiam
1659 1200 1699 1227 illi

905 1238 992 1265 solent
1007 1247 1058 1264 non
1074 1238 1185 1265 confuse
1202 1238 1285 1273 loqui.
1326 1239 1446 1265 Primum
1462 1244 1592 1265 conantur
1610 1244 1700 1265 osten-

905 1275 977 1306 dere,
992 1275 1074 1302 multa
1085 1284 1164 1310 posse
1175 1276 1262 1302 videri
1273 1284 1341 1307 esse,
1350 1284 1418 1311 quae
1429 1277 1539 1302 omnino
1550 1275 1623 1301 nulla
1635 1276 1699 1306 sint,

906 1321 991 1347 quum
1011 1314 1094 1339 animi
1112 1314 1228 1340 inaniter
1243 1319 1401 1340 moveantur
1415 1313 1508 1339 eodem
1525 1312 1603 1339 modo
1619 1313 1700 1339 rebus

907 1351 954 1381 iis,
975 1359 1044 1385 quae
1060 1350 1149 1377 nullae
1163 1351 1231 1382 sint,
1249 1356 1277 1377 ut
1289 1351 1336 1381 iis,
1354 1359 1422 1386 quae
1433 1351 1496 1377 sint.
1536 1351 1603 1376 Nam
1614 1358 1700 1385 quum

906 1387 1012 1419 dicatis,
1026 1388 1162 1422 inquiunt,
1177 1389 1234 1414 visa
1246 1388 1378 1423 quaedam
1390 1389 1460 1414 mitti
1471 1396 1483 1414 a
1496 1387 1558 1418 deo,
1576 1387 1648 1414 velut
1659 1396 1698 1416 ea.

907 1426 1013 1459 quaein
1029 1425 1132 1451 somnis
1149 1425 1304 1456 videantur,
1321 1434 1444 1460 quaeque
1460 1425 1590 1455 oraculiS,
1608 1426 1700 1459 auspi-

906 1463 966 1493 ciis,
979 1463 1049 1489 extis
1060 1462 1242 1489 declarentur:
1255 1463 1330 1497 (haec
1342 1464 1413 1489 enim
1425 1463 1501 1489 aiunt
1512 1462 1618 1497 probari
1630 1462 1701 1488 Stoi-

906 1501 959 1531 cis,
975 1508 1043 1535 quos
1054 1505 1143 1526 contra
1155 1499 1304 1535 disputant)
1315 1505 1460 1535 quaerunt,
1482 1508 1598 1534 quonam
1611 1499 1698 1529 modo,

908 1536 973 1563 falsa
990 1538 1047 1563 visa
1063 1546 1131 1572 quae
1145 1538 1213 1568 sint,
1231 1546 1261 1563 ea
1278 1537 1345 1564 deus
1361 1538 1466 1564 efficere
1478 1538 1561 1572 possit
1574 1537 1701 1572 probabi-

908 1574 955 1601 lia:
969 1583 1038 1609 quae
1049 1579 1137 1601 autem
1150 1574 1228 1609 plane
1240 1576 1361 1610 proxime
1373 1575 1405 1601 ad
1418 1583 1511 1601 verum
1518 1574 1653 1602 accedant,
1662 1573 1702 1600 ef-

907 1612 985 1638 ficere
1001 1621 1053 1639 non
1068 1611 1171 1647 possit?
1192 1617 1250 1641 aut.
1269 1613 1292 1638 si
1307 1621 1336 1639 ea
1352 1620 1460 1647 quoque
1477 1613 1573 1646 possit:
1592 1620 1640 1638 cur
1655 1611 1701 1638 illa

907 1658 959 1676 non
970 1650 1063 1684 possit,
1079 1658 1149 1684 quae
1160 1649 1364 1684 perdifficiliter.
1373 1651 1586 1676 internoscantur
1596 1648 1703 1675 tamen?

906 1692 940 1718 et,
954 1688 977 1713 si
990 1687 1064 1718 haec,
1077 1696 1125 1714 cur
1136 1695 1202 1718 non,
1221 1688 1290 1714 inter
1300 1696 1369 1722 quae
1382 1686 1449 1713 nihil
1462 1687 1567 1713 intersit
1576 1685 1703 1713 omnino?

907 1726 948 1751 48.
964 1724 1073 1755 Deinde,
1087 1733 1172 1760 quum
1184 1733 1261 1751 mens
1273 1730 1411 1751 moveatur
1422 1725 1480 1759 ipsa
1491 1732 1538 1759 per
1549 1732 1620 1754 sese,
1638 1729 1666 1750 ut
1677 1728 1703 1750 et

906 1770 936 1788 ea
947 1761 1091 1793 declarant,
1100 1770 1169 1796 quae
1180 1763 1340 1797 cogitatione
1351 1762 1536 1797 depingimus,
1549 1766 1575 1788 et
1585 1770 1624 1792 ea,
1633 1769 1702 1796 quae

907 1799 949 1826 vel
965 1799 1176 1830 dormientibus,
1199 1799 1241 1826 vel
1258 1799 1367 1826 furiosis
1383 1799 1523 1830 videntur,
1541 1807 1641 1829 nonne,
1660 1800 1702 1825 in-

906 1837 1018 1872 quiunt,
1037 1837 1185 1863 verisimile
1196 1838 1245 1868 sit,
1262 1838 1301 1863 sic
1316 1838 1396 1864 etiam
1413 1841 1528 1863 mentem
1542 1837 1657 1866 moveri,
1673 1841 1703 1862 ut

907 1883 959 1901 non
975 1874 1054 1901 modo
1070 1883 1121 1901 non
1138 1875 1312 1905 internoscat,
1334 1876 1392 1901 visa
1409 1882 1471 1900 vera
1487 1873 1532 1900 illa
1548 1875 1616 1903 sint,
1633 1881 1702 1899 anno

907 1911 987 1943 false,
1010 1911 1058 1938 sed
1074 1917 1103 1939 ut
1117 1913 1145 1938 in
1161 1912 1204 1938 his
1219 1912 1287 1938 nihil
1303 1912 1407 1938 intersit
1422 1910 1549 1937 omnino?
1568 1915 1597 1937 ut
1615 1911 1638 1937 si
1654 1911 1702 1946 qui

907 1954 1050 1976 tremerent
1061 1954 1087 1976 et
1096 1949 1298 1976 exalbescerent
1310 1949 1352 1975 vel
1364 1949 1416 1984 ipsi
1428 1957 1475 1983 per
1485 1956 1513 1974 se
1522 1969 1528 1979 ,
1541 1954 1614 1975 motu
1627 1957 1702 1974 men-

907 1987 941 2014 tis
951 1986 1052 2022 aliquo.
1065 1986 1107 2013 vel
1119 1987 1223 2013 obiecta
1235 1986 1349 2013 terribili
1361 1995 1388 2013 re
1399 1988 1576 2016 extrinsecus
1594 1985 1661 2012 nihil
1674 1991 1703 2011 ut

907 2028 990 2055 esset,
1007 2025 1054 2059 qui
1069 2024 1283 2059 distingueretur
1299 2029 1398 2050 tremor
1408 2023 1453 2050 ille
1464 2028 1489 2050 et
1500 2023 1597 2058 pallor.
1615 2031 1702 2058 neque

907 2066 937 2088 ut
951 2061 1101 2096 quidquam
1118 2062 1259 2088 interesset
1273 2063 1343 2088 inter
1358 2061 1515 2087 intestinum
1530 2066 1555 2087 et
1570 2060 1699 2087 oblatum<

907 2099 1042 2125 Postremo
1053 2099 1076 2124 si
1088 2098 1161 2124 nulla
1173 2099 1231 2124 visa
1241 2103 1305 2125 sunt
1316 2098 1475 2133 probabilia,
1483 2106 1552 2132 quac
1560 2097 1624 2124 falsa
1636 2098 1701 2125 sint.

906 2135 958 2162 alia
970 2136 1036 2162 ratio
1046 2140 1095 2162 est.
1136 2135 1183 2161 Sin
1195 2141 1284 2162 autem
1296 2140 1373 2162 sunt:
1389 2143 1437 2161 cur
1453 2144 1504 2161 non
1520 2136 1614 2162 otiam.
1632 2142 1701 2169 quae

908 2181 959 2199 non
976 2171 1054 2198 facile
1069 2172 1300 2199 internoscantur?
1319 2181 1368 2198 cur
1383 2181 1435 2199 non
1449 2177 1479 2198 ut
1489 2172 1567 2206 plane
1579 2171 1646 2198 nihil
1661 2172 1701 2206 in-

907 2209 1000 2236 tersit?
1011 2210 1167 2244 praesertim
1179 2218 1263 2244 quum
1277 2210 1329 2244 ipsi
1340 2209 1445 2239 dicatis,
1459 2210 1606 2243 sapientem
1620 2210 1645 2235 in
1659 2208 1701 2234 fu-

908 2255 965 2273 rore
979 2247 1113 2273 sustinere
1124 2255 1153 2272 se
1164 2246 1198 2272 ab
1208 2247 1282 2273 omni
1293 2255 1419 2277 assensu,
1432 2247 1496 2281 quia
1509 2246 1581 2273 nulla
1595 2247 1620 2272 in
1633 2246 1701 2271 visis

907 2284 1044 2310 distinctio
1054 2288 1188 2319 appareat.

962 2321 1032 2347 xvi.
1048 2322 1089 2347 ⁴9.
1103 2321 1142 2347 Ad
1154 2321 1202 2347 has
1212 2328 1306 2347 omnes
1317 2321 1436 2347 visiones
1448 2321 1541 2346 inanes
1553 2319 1701 2346 Antiochus

907 2358 1017 2393 quidem
1030 2357 1161 2393 permulta
1172 2358 1292 2387 dicebat.
1308 2362 1334 2383 et
1344 2362 1399 2383 erat
1409 2356 1442 2383 de
1456 2357 1504 2383 hnc
1515 2365 1567 2383 una
1579 2365 1606 2383 re
1619 2357 1701 2382 unius

906 2396 962 2422 ‹lici
981 2395 1138 2430 disputatio.
1179 2395 1245 2421 Mihi
1265 2400 1353 2421 autem
1377 2403 1428 2420 non
1449 2394 1521 2420 idem
1544 2393 1700 2420 faciundum

907 2438 984 2468 puto,
997 2433 1045 2459 sed
1058 2434 1115 2467 ipsa
1127 2433 1213 2468 capita
1225 2431 1352 2458 dicenda:
1365 2436 1391 2457 et
1403 2432 1520 2466 primum
1532 2431 1643 2466 quidem
1651 2430 1701 2457 hoc

907 2469 1172 2504 reprehendendum.
1188 2469 1261 2505 quod
1272 2469 1469 2504 captiosissimo
1480 2476 1577 2504 genere
1588 2469 1701 2495 interro-

906 2507 1022 2543 gationis
1037 2512 1161 2537 utuntur:
1179 2507 1251 2542 quod
1267 2515 1353 2540 genus
1368 2507 1478 2532 minime
1491 2507 1517 2532 in
1529 2505 1700 2540 philosophia

907 2544 1014 2579 probari
1029 2544 1110 2576 solet,
1132 2553 1218 2580 quum
1236 2543 1339 2579 aliquid
1357 2544 1509 2570 minutatim
1525 2548 1551 2569 et
1567 2542 1699 2579 gradatim

907 2581 1015 2608 additur
1028 2586 1074 2608 aut
1091 2582 1218 2609 demitur.
1259 2582 1360 2608 Sarnos
1376 2580 1423 2607 hos
1440 2585 1546 2611 vocant;
1562 2580 1610 2615 qui
1626 2588 1700 2606 accr—

908 2627 972 2645 vum
987 2617 1109 2646 efficiunt
1123 2627 1177 2646 uno
1191 2618 1282 2645 addito
1293 2625 1388 2653 grano:
1407 2619 1534 2644 vitiosum
1545 2625 1609 2644 sane
1619 2622 1645 2644 et
1655 2625 1700 2643 ca—

884 2664 887 2678 »
907 2657 1024 2692 ptiosum
1035 2664 1135 2693 genus:
1148 2657 1188 2684 sic
1198 2656 1271 2683 enim
1283 2654 1441 2683 ascenditis:
1452 2655 1480 2682 Si
1492 2655 1543 2683 tale
1555 2654 1698 2682 visumob-
