1941 3052
419 145 466 171 IN
497 145 699 172 VERREM
731 143 831 172 ACT.

88 224 182 242 norum
201 224 285 250 quum
306 215 443 246 venderet,
470 225 498 241 se
517 215 641 250 praedam
660 224 737 242 suam
758 215 882 242 vendere.
905 218 914 247 ι’

86 253 153 280 Eius
167 261 258 279 omnes
273 262 314 278 res
328 257 417 288 gestas
432 262 482 279 non
497 253 585 279 solum
600 253 767 284 obtinemus,
790 261 884 279 verum
905 253 907 275 ῐ

87 291 166 317 etiam
185 294 292 324 propter
310 290 439 316 maiorum
459 290 688 317 incommodorum
707 295 732 317 et
749 290 885 316 calamita-
905 303 907 319 2

87 332 144 354 tum
159 331 269 357 metum,
286 327 393 362 publica
407 328 560 354 auctoritate
575 327 755 354 defendimus.
795 327 884 354 Unum

86 364 137 391 hoe
150 364 252 399 aliquot
265 369 373 391 senatus
388 365 516 391 consultis
531 365 723 400 reprehensum
734 365 885 391 decretum-

86 410 140 437 que
154 406 206 433 est,
224 406 265 433 ut,
281 402 383 437 quibus
398 402 442 428 ille
456 402 489 428 de
503 403 588 437 capite
602 402 775 437 dempsisset,
797 402 824 428 hi
839 410 885 436 pe-
905 422 906 425 .

87 439 180 466 eunias
199 440 225 465 in
244 440 374 466 aerarium
395 439 530 466 referrent.
572 440 669 466 Statuit
692 444 800 466 senatus
825 439 882 470 hoc,

87 485 120 503 ne
135 476 174 502 illi
189 476 298 511 quidem
313 486 371 503 esse
386 476 501 508 licitum,
518 477 561 503 cui
575 481 740 503 concesserat
753 477 855 507 omnia,
871 484 885 502 a
905 475 906 504 ἶ

87 513 188 549 populo
202 513 330 540 factarum
345 515 582 549 quaesitarumque
596 523 685 540 rerum
700 523 820 539 summas
835 513 886 539 im—

87 552 218 578 minuere.
260 553 301 578 82.
324 551 403 578 Illum
418 552 483 578 viris
498 551 651 578 fortissimis
665 551 818 577 iudicarunt
838 559 886 585 pa-

87 593 141 616 tres
155 589 297 623 conscripti
313 590 445 615 remittere
460 589 492 615 de
506 598 612 615 summa
632 597 683 614 non
702 588 836 622 potuisse:
861 593 885 613 te

87 626 195 653 mulieri
211 627 374 652 taeterrimae
389 630 456 652 recte
476 626 611 652 remisisse
630 630 764 651 senatores
783 625 885 651 iudica-

87 663 174 690 bunt‘.>
191 663 246 694 Ille,
263 663 296 690 de
310 673 364 698 quo
379 663 463 699 legem
479 663 595 698 populus
610 664 745 689 Romanus
760 663 881 693 iusserat,

87 705 118 727 ut
135 701 223 736 ipsius
242 701 364 727 voluntas
378 701 401 727 ei
416 705 505 735 posset
518 709 577 726 esse
592 709 638 734 pro
658 700 729 735 lege,
750 704 838 726 tamen
857 700 884 725 in

87 738 137 765 hoc
156 747 209 765 uuo
227 747 323 774 genere
343 742 462 764 veterum
482 737 609 773 religione
629 737 718 772 legum
741 737 886 771 reprehen-

87 776 174 802 ditur:
200 780 241 807 tu,
258 776 305 810 qui
320 775 445 802 erunibus
463 775 567 811 legibus
582 774 735 809 implicatus
750 774 882 805 tenebare,

88 812 227 839 libidinem
247 813 295 839 tibi
314 817 387 839 tuam
406 821 453 847 pro
472 812 529 848 lege
551 821 610 838 esse
634 811 762 838 voluisti?
786 812 815 838 In
838 811 885 837 illo

88 850 303 885 reprehenditur,
325 850 397 885 quod
411 859 444 876 ex
458 859 486 876 ea
506 850 618 884 pecunia
636 849 781 880 remiserit,
803 857 884 884 quam

85 888 145 923 ipse
159 887 322 922 quaesierat:
348 887 396 914 tibi
410 887 577 918 concedetur,
594 887 641 921 qui
656 886 688 912 de
702 887 788 921 capite
803 886 886 912 vecti-

85 924 188 961 galium
202 924 296 960 populi
310 925 421 951 Romani
436 924 581 951 remisisti?
600 924 725 951 XXXVI.
741 925 782 950 83.
798 924 885 958 Atque

86 963 115 989 in
133 962 180 989 hoc
199 971 295 998 genere
314 962 439 988 audaciae
457 962 541 988 multo
560 962 639 988 etiam
657 961 843 996 impudentius
858 962 884 987 in

86 999 208 1026 decumis
223 999 424 1035 Segestensium
440 1004 560 1026 versatus
574 1004 627 1026 est:
656 1008 723 1034 quas
737 1008 823 1033 quum
838 998 885 1024 ad-

86 1036 200 1063 dixisset
218 1037 305 1063 eidem
324 1037 364 1063 illi
382 1038 503 1068 Docimo,
528 1037 578 1063 hoc
600 1041 652 1068 est,
678 1037 780 1063 Tertiae
803 1036 884 1062 tritici

87 1074 208 1101 modium
222 1075 343 1109 quinque
353 1079 378 1101 et
389 1075 567 1101 accessionem
579 1075 746 1109 ascripsisset
762 1073 817 1100 H-S
832 1082 881 1105 MD,

86 1112 172 1148 coegit
190 1111 361 1148 Segestenses
379 1121 393 1138 a
411 1113 519 1138 Docimo
536 1111 663 1138 tantidem
687 1111 795 1146 publice
817 1111 885 1137 acci-

86 1158 162 1185 pere:
191 1149 218 1176 id
237 1149 309 1185 quod
327 1158 360 1176 ex
378 1149 579 1185 Segestensium
602 1149 711 1184 publico
734 1148 884 1175 testimonio

86 1187 246 1223 cognoscite.
287 1187 377 1213 Recita
392 1187 575 1214 testimonium
590 1186 740 1221 publicum.
781 1186 820 1212 TE
828 1195 885 1212 511-

86 1234 199 1251 momum
213 1233 369 1251 mancum.
410 1224 544 1256 Audistis,
561 1225 655 1259 quanti
669 1224 796 1250 decumas
810 1231 885 1249 acce-

86 1262 156 1297 perit
169 1270 183 1287 a
197 1262 304 1288 Docimo
318 1262 421 1293 civitas,
438 1262 517 1288 tritici
531 1261 651 1288 modium
665 1262 787 1297 quinque
801 1260 885 1287 milli-

86 1299 138 1325 bus
153 1302 178 1325 et
191 1299 379 1325 accessionem.
402 1299 558 1335 Cognoscite
573 1308 653 1330 nunc,
670 1299 763 1334 quanti
777 1307 805 1325 se
819 1307 885 1324 ven-

86 1336 188 1363 didisse
203 1336 333 1363 retulerit.
373 1345 427 1363 nex
441 1346 571 1363 nacumis
587 1345 757 1363 vennunnis
775 1345 799 1363 c.
814 1344 885 1362 van—

86 1383 121 1400 nr:
141 1383 182 1400 pn.
222 1374 276 1400 Hoc
294 1374 401 1400 nomine
416 1374 513 1400 videtis
528 1374 606 1400 tritici
621 1373 740 1400 modium
755 1381 884 1399 cmmocr.)

86 1410 119 1437 de
133 1411 218 1446 capite
232 1419 291 1437 esse
306 1411 422 1446 dempta,
439 1420 508 1446 qnae
521 1420 606 1446 quum
621 1411 654 1437 de
668 1410 760 1446 populi
772 1410 884 1437 Romani

86 1448 169 1480 victu,
186 1448 219 1475 de
233 1448 404 1484 vectigalium
419 1449 517 1480 nervis,
534 1449 567 1475 de
580 1449 711 1484 sanguine
726 1448 885 1474 detraxisset

86 1486 188 1517 aerarii,
206 1486 307 1512 Tertiae
321 1487 419 1513 mimae
432 1486 600 1513 condonavit.
631 1486 725 1512 Utrum
740 1485 885 1520 impuden-

87 1523 141 1550 tius
160 1523 192 1549 ab
211 1523 290 1550 sociis
308 1523 437 1550 abstulit‘?
460 1532 494 1550 an
513 1524 619 1558 turpius
643 1523 773 1549 meretrici
793 1522 885 1549 dedit?

86 1569 119 1587 an
139 1561 289 1596 improbius
307 1560 407 1596 populo
426 1561 544 1587 Romano
562 1560 679 1587 ademit‘?
705 1569 736 1587 an
756 1559 884 1586 audacius

86 1597 190 1625 tabulas
208 1597 331 1633 publicas
350 1597 542 1625 commutavit?
570 1598 611 1624 Ex
630 1598 725 1624 horum
744 1598 885 1623 severitate

85 1640 111 1662 te
125 1634 179 1661 ulla
198 1636 239 1662 vis
258 1635 353 1670 eripiet
366 1640 410 1662 aut
425 1635 479 1662 ulla
494 1635 615 1671 largitio?
628 1635 681 1662 Sed
699 1635 722 1661 si
740 1635 882 1669 eripuerit,

85 1681 138 1699 non
152 1672 289 1709 intelligis,
302 1673 374 1705 haec,
386 1682 455 1708 quae
469 1673 627 1699 iamdudum
644 1673 745 1708 loquor,
758 1672 790 1698 ad
805 1673 884 1698 aliam

85 1710 268 1745 quaestionem
283 1714 362 1746 atque
376 1710 409 1737 ad
427 1710 565 1746 peculatus
584 1710 716 1737 iudicium
736 1708 886 1745 pertinere?

86 1748 128 1774 84.
144 1748 234 1783 Itaque
248 1747 298 1774 hoc
311 1748 378 1775 mihi
390 1748 532 1775 reservabo
540 1757 626 1784 genus
637 1752 721 1775 totum
732 1748 866 1784 integrum
877 1757 882 1774 :

85 1784 118 1811 ad
138 1784 225 1817 illam,
245 1794 327 1820 quam
341 1786 460 1818 institui,
480 1794 603 1812 caussam
618 1785 745 1812 frumenti
759 1794 789 1812 ac
802 1785 885 1812 decu-

86 1830 190 1849 marum
204 1827 328 1850 revertar.

141 1858 192 1892 Qui
210 1869 296 1896 quum
314 1868 391 1896 agros
409 1860 542 1887 maximos
564 1869 594 1887 ac
619 1859 810 1891 feracissimos,
838 1868 885 1894 per

85 1905 114 1923 se
128 1897 231 1932 ipsum,
252 1897 302 1924 hoc
319 1902 371 1929 est,
393 1906 440 1933 per
453 1897 615 1933 Apronium,
632 1898 740 1924 Verrem
758 1897 881 1929 alterum,

85 1934 305 1970 depopularetur:
334 1935 366 1962 ad
390 1935 506 1962 minores
530 1935 651 1962 civitates
675 1935 789 1961 habebat
807 1934 881 1966 alios,

85 1980 154 2007 quos
168 1976 304 2007 tamquam
318 1981 396 1999 canes
411 1973 574 2004 immitteret,
592 1981 707 2007 nequam
723 1972 845 1999 homines
859 1977 884 1999 et

85 2009 235 2044 improbos:
260 2009 361 2044 quibus
379 2013 425 2036 aut
439 2009 603 2036 frumentum
618 2014 663 2036 aut
677 2010 818 2045 pecuniam
833 2018 884 2044 pu-

85 2045 155 2073 blice
176 2046 287 2082 cogebat
309 2046 376 2073 dari.
416 2047 553 2074 XXXVII.
574 2046 606 2073 A.
630 2047 768 2074 Valentius
791 2051 831 2073 est
856 2047 883 2073 in

86 2082 186 2115 Sicilia.
203 2084 347 2118 interpres:
363 2092 417 2119 quo
431 2084 481 2110 iste
494 2085 637 2119 interprete
652 2093 703 2111 non
717 2084 750 2110 ad
762 2084 883 2119 linguam

86 2120 223 2152 Graecam,
239 2121 286 2148 sed
300 2121 333 2147 ad
348 2121 416 2148 furta
431 2126 456 2148 et
469 2121 566 2158 flagitia
582 2121 621 2148 uti
635 2121 746 2149 solebat.
787 2122 829 2148 Fit
842 2122 884 2148 in-

85 2162 187 2194 terpres
202 2158 253 2190 hic,
270 2158 349 2185 homo
363 2158 430 2185 levis
441 2163 521 2194 utque
531 2167 622 2194 egens,
639 2163 746 2194 repente
757 2158 883 2185 decuma-

85 2203 147 2222 nus.
187 2195 260 2222 Emit
277 2196 333 2232 agri
352 2196 505 2231 Liparensis
523 2197 614 2222 miseri
632 2201 711 2231 atque
730 2197 814 2223 ieiuni
836 2196 883 2222 de-

84 2241 178 2260 cumas
201 2233 281 2260 tritici
304 2233 448 2260 medimnis
467 2241 518 2260 mc.
558 2234 716 2268 Liparenses
739 2238 880 2261 vocantur:
904 2238 906 2261 t

85 2270 138 2305 ipsi
152 2271 271 2306 accipere
284 2270 412 2297 decumas
426 2275 451 2296 et.
465 2279 604 2297 numerare
616 2270 737 2298 Valentio
749 2275 883 2307 coguntur

74 2306 153 2335 Λυσι-1
171 2307 227 2334 11-8
243 2315 304 2334 xxx
319 2308 413 2334 millia.
454 2308 504 2334 Per
516 2307 580 2334 deos
594 2308 770 2335 immortalesl
791 2313 881 2334 utrum

85 2344 133 2372 tibi
148 2353 240 2372 sumes
254 2345 287 2371 ad
301 2344 501 2372 defensionem?
519 2349 624 2372 tantone
638 2345 748 2372 minoris
763 2350 788 2372 te
801 2345 883 2371 decu-

86 2390 143 2409 mas
158 2382 320 2414 vendidisse,
339 2387 367 2409 ut
380 2382 412 2409 ad
427 2382 562 2409 medimna
577 2391 626 2414 me,
642 2390 701 2408 xxx
717 2382 800 2409 millia
816 2382 882 2409 lucri

84 2419 175 2446 statim
193 2428 242 2446 sua
260 2419 396 2446 voluntate
414 2420 508 2446 civitas
526 2419 646 2451 adderet,
672 2419 722 2446 hoc
744 2424 784 2446 est
803 2420 881 2446 tritici

86 2456 253 2484 medimnum
264 2465 282 2483 11
294 2456 396 2484 1111111οἳ
409 2465 451 2489 an,
468 2465 553 2492 quum
565 2465 662 2491 magno
676 2456 803 2483 decumus
819 2466 883 2483 vcn—

85 2493 215 2526 didisses,
236 2498 260 2521 te
274 2495 440 2530 expressisse
454 2494 487 2520 ab
501 2494 593 2520 invitis
609 2494 799 2529 Liparensibus
814 2494 882 2520 hanc

85 2530 246 2567 pecuniam?
273 2533 315 2558 85.
336 2531 389 2558 Sed
403 2531 469 2567 quid
483 2540 532 2568 ego
546 2540 579 2557 ex
593 2535 617 2557 tc
630 2540 738 2566 quaero,
754 2531 821 2566 quid
835 2531 883 2557 de·-

85 2567 212 2595 fensurus
225 2569 277 2600 sis,
298 2569 400 2604 potius,
421 2577 502 2604 qnam
520 2577 677 2604 cognoscam
696 2577 730 2595 ex
745 2569 801 2603 ipsa
815 2568 882 2595 civi-

85 2609 150 2637 tate.
166 2606 233 2641 quid
245 2609 353 2642 gestum
366 2605 419 2633 sit‘?
439 2607 526 2633 Recita
542 2605 725 2632 testimonium
741 2605 880 2640 publicum

865 144 897 171 11.
929 144 947 170 L
962 145 973 170 I
986 144 1015 170 B.
1037 144 1081 170 III.

85 2642 271 2677 Liparensium
280 2653 286 2676 ;
298 2643 405 2676 deinde,
412 2642 768 2679 (11101111111111011111111101011110
778 2643 881 2669 nnmmi
910 2659 912 2671 .

85 2680 140 2707 sint
157 2679 222 2708 dati.
262 2681 471 2709 Tnsnuomun
490 2689 651 2712 Ρυιιωουω,
676 2689 816 2711 cuonone
837 2690 882 2707 su·
903 2695 905 2709 l

1116 143 1135 170 C
1149 144 1171 170 A
1186 144 1214 171 P.
1249 145 1280 172 32
1301 159 1337 164 —
1357 145 1400 171 39.
1680 146 1730 172 293

936 224 1031 242 curum
1045 224 1102 247 Sir,
1127 224 1162 241 nx
1185 224 1321 241 LITTERIS
1343 224 1486 241 matteis.
1525 215 1648 242 Etiamne
1668 215 1733 242 haec

937 257 990 279 tam
1004 261 1085 287 parva
1099 252 1202 283 civitas,
1220 256 1272 278 tam
1288 251 1378 287 procul
1394 261 1407 278 a
1422 252 1547 279 manibus
1563 253 1614 278 tuis
1629 257 1708 288 atque
1719 262 1733 279 a

936 294 1081 324 conspectu
1095 293 1202 320 remota,
1218 290 1336 316 seiuncta
1347 298 1361 315 a
1373 289 1471 321 Sicilia,
1489 290 1517 316 in
1531 289 1619 316 insula
1634 290 1733 316 inculta

936 327 1065 361 tenuique
1076 327 1169 361 posita,
1178 326 1312 353 cumulata
1324 326 1383 353 aliis
1395 327 1448 353 tuis
1460 327 1606 353 maioribus
1616 327 1732 359 iniuriis,

936 364 963 390 in
982 364 1032 390 hoc
1050 373 1159 399 quoque
1179 363 1352 390 frumentario
1371 373 1481 400 genere,
1508 364 1620 399 praedae
1641 365 1689 391 tibi
1709 369 1736 391 et

936 402 1061 436 quaestui
1072 401 1140 428 fuit‘?
1153 401 1237 433 Quam
1250 406 1278 427 tu
1291 406 1370 428 totam
1382 401 1499 427 insulam
1510 402 1616 428 cuidam
1627 406 1735 428 tuorum

936 438 1083 470 sodalium,
1108 439 1177 465 sicut
1195 438 1304 473 aliquod
1325 438 1531 470 munusculum,
1556 439 1732 465 condonaras:

938 476 970 502 ab
985 476 1033 502 hac
1047 476 1127 502 etiam
1142 476 1205 502 haec
1220 475 1392 502 frumentaria
1407 475 1489 507 lucra,
1507 481 1642 511 tamquam
1654 485 1667 503 a
1678 485 1736 503 me-

937 513 1104 544 diterraneis,
1121 513 1316 548 exigebantur?
1329 514 1419 548 Itaque
1433 514 1481 548 qui
1496 518 1532 540 tot
1546 514 1622 540 annis
1633 513 1735 549 agellos

937 559 1000 576 suos
1023 555 1083 576 ante
1106 555 1130 576 te
1149 555 1295 585 praetorem
1315 551 1445 577 redimere
1463 560 1476 577 a
1496 551 1588 585 piratis
1603 551 1732 581 solebant,

937 587 1020 613 iidem
1035 588 1139 622 seipsos
1153 597 1167 613 a
1183 592 1206 613 te
1221 588 1305 622 pretio
1320 589 1446 622 imposito
1460 589 1639 615 redemerunt.

992 625 1140 651 XXXVIII.
1161 626 1202 650 86.
1229 624 1299 657 Quid
1324 625 1404 651 vero‘?
1426 635 1439 651 a
1462 626 1650 657 Tissensibus,
1674 634 1735 661 per-

937 671 1018 697 parva
1037 666 1061 688 et
1080 662 1153 688 tenui
1171 662 1290 693 civitate.
1320 662 1368 688 sed
1390 664 1537 689 aratoribus
1557 663 1736 690 laboriosissi-

937 700 989 725 mis
1009 699 1255 735 frugalissimisque
1275 700 1444 731 hominibus,
1471 709 1557 726 nonne
1581 700 1643 735 plus
1668 700 1735 727 lucri

937 737 1045 763 nomine
1068 737 1195 771 eripitur,
1221 746 1303 771 quam
1325 742 1456 771 quantum
1481 737 1608 764 frumenti
1626 739 1735 764 omnino

937 773 1093 800 exararant?
1118 774 1152 800 ad
1174 782 1242 809 quos
1261 779 1289 800 tu
1308 774 1487 800 decumanum
1506 776 1665 810 Diognotum
1684 776 1736 802 Ve-

938 812 1042 838 nerium
1061 812 1173 842 misisti,
1203 820 1303 838 novum
1322 820 1408 847 genus
1426 812 1573 846 publicani.
1615 812 1668 839 Cur
1686 812 1736 839 hoc

937 854 1043 875 auctore
1063 858 1114 875 non
1129 849 1227 875 Romae
1245 858 1354 884 quoque
1367 850 1439 875 servi
1453 849 1555 884 publici
1570 849 1602 875 ad
1618 850 1735 885 vectiga-

938 886 972 912 lia
991 886 1138 913 accedunt‘?
1162 886 1238 913 Anno
1256 886 1375 913 secundo
1394 887 1533 913 Tissenses
1552 887 1607 912 }1-S
1626 895 1674 912 xm
1694 887 1736 914 lu-

937 924 975 950 cri
989 923 1051 950 dare
1065 928 1197 959 coguntur
1210 924 1302 950 inviti:
1327 924 1404 950 tertio
1421 932 1490 950 anno
1502 933 1542 950 ‚xu
1555 924 1673 950 111011111111
1689 924 1736 950 tri-

939 962 984 987 tici
1008 961 1075 987 lucri
1097 962 1226 997 Diognoto
1250 962 1363 988 Venerio
1386 961 1447 987 dare
1471 961 1551 987 soacti
1575 966 1646 987 sunt.
1688 962 1736 988 Hic

937 999 1097 1034 Diognotus,
1122 999 1169 1034 qui
1189 1008 1222 1025 ex
1240 999 1357 1033 publicis
1377 999 1554 1034 vectigalibus
1574 1004 1642 1025 tanta
1663 998 1735 1025 lucra

938 1035 1012 1067 facit,
1033 1036 1164 1062 vicarium
1180 1035 1286 1062 nullum
1302 1036 1393 1067 habet,
1415 1036 1482 1062 1111111
1502 1037 1610 1063 0111111110
1625 1036 1733 1071 peculii.

935 1073 988 1100 Vos
1003 1074 1082 1100 etiam
1096 1082 1168 1100 nunc
1182 1073 1314 1105 dubitate,
1336 1074 1359 1100 si
1377 1074 1501 1108 potestis,
1523 1078 1613 1100 utrum
1633 1078 1735 1100 tantum

937 1119 1080 1137 numerum
1100 1112 1178 1137 tritici
1193 1111 1323 1137 Venerius
1342 1112 1475 1146 apparitor
1492 1111 1572 1137 istius
1591 1111 1642 1137 sibi
1661 1120 1735 1138 acce-

937 1149 1019 1183 perit,
1039 1157 1072 1175 an
1088 1148 1150 1175 huic
1164 1149 1290 1184 exegerit.
1332 1150 1374 1175 87.
1394 1148 1482 1184 Atque
1501 1148 1565 1175 haec
1580 1157 1612 1175 ex
1626 1148 1736 1183 publico

937 1186 1104 1212 Tissensium
1115 1186 1266 1212 testimonio
1277 1186 1436 1221 cognoscite.
1459 1187 1669 1212 Tesrruorwun
1684 1196 1736 1213 rn-

936 1233 1043 1250 nmcum
1058 1233 1243 1250 Tissensmn.
1284 1223 1414 1255 Obscure,
1431 1223 1543 1254 iudices,
1561 1228 1664 1258 praetor
1678 1224 1734 1258 ipse

936 1261 1102 1287 decumanus
1117 1265 1169 1292 est,
1190 1270 1276 1296 quum
1291 1261 1349 1287 eius
1364 1262 1526 1296 apparitores
1542 1261 1705 1287 frumentum
1720 1270 1734 1287 a

936 1298 1090 1325 civitatibus
1116 1299 1236 1334 exigant,
1265 1299 1392 1333 pecunias
1419 1299 1563 1333 imperent,
1599 1298 1735 1333 aliquanto

936 1335 998 1370 plus
1013 1336 1065 1370 ipsi
1080 1335 1147 1362 lucri
1166 1335 1299 1367 auferant,
1319 1345 1400 1371 quam
1419 1341 1550 1371 quantum
1570 1336 1669 1370 populo
1683 1336 1735 1362 Ro-

936 1382 1015 1399 mano
1029 1373 1203 1399 decumarum
1219 1373 1325 1399 nomine
1339 1373 1426 1399 daturi
1441 1372 1522 1399 snnt‘?
1536 1374 1603 1399 Ilaec
1614 1374 1733 1408 aequitas

936 1410 963 1436 in
979 1415 1023 1437 tuo
1037 1411 1149 1445 imperio
1164 1410 1223 1442 fuit,
1241 1411 1305 1437 haec
1320 1411 1446 1445 praetoris
1461 1410 1586 1446 dignitas,
1604 1415 1632 1436 ut
1642 1419 1734 1437 servos

936 1448 1062 1474 Venerios
1077 1447 1230 1474 Siculorum
1248 1448 1371 1474 dominos
1389 1457 1448 1474 esse
1467 1448 1558 1474 velles.
1600 1448 1647 1474 llic
1661 1447 1735 1474 dele-

935 1489 1008 1516 ctus,
1026 1485 1075 1511 lioc
1089 1485 1246 1516 discrimen,
1264 1489 1288 1511 te
1302 1490 1433 1520 praetore,
1451 1485 1513 1516 fuit,
1535 1490 1563 1511 ut
1578 1490 1692 1511 aratores
1708 1485 1734 1512 in

936 1531 1074 1549 servorum
1102 1531 1213 1548 numero
1239 1527 1340 1554 essent,
1370 1523 1440 1548 servi
1467 1523 1493 1549 in
1518 1522 1733 1557 publicanorum.

936 1560 1065 1586 XXXIX.
1081 1561 1122 1586 88.
1143 1560 1232 1592 Quid?
1249 1560 1420 1586 Amestratini
1435 1560 1534 1591 miseri,
1551 1560 1684 1594 impositis
1700 1560 1733 1586 ita

937 1598 1042 1633 magnis
1057 1597 1191 1628 decumis,
1213 1602 1242 1623 ut
1256 1598 1323 1632 ipsis
1337 1597 1434 1632 reliqui
1455 1597 1520 1623 1111111
1541 1597 1625 1627 ficret.
1647 1606 1734 1624 nonne

937 1639 1024 1661 tamen
1044 1643 1183 1661 numerare
1206 1636 1333 1669 pecunias
1355 1636 1437 1661 coacti
1460 1634 1541 1661 suut‘?
1567 1634 1734 1661 Addicuntur

936 1672 1064 1699 decumae
1078 1672 1114 1698 M.
1131 1672 1231 1704 Caesio,
1248 1681 1333 1707 quum
1348 1672 1472 1699 adessent
1487 1672 1564 1708 legati
1579 1672 1735 1698 Amestrati-

937 1710 974 1736 ni.
1015 1709 1110 1736 Statim
1129 1710 1233 1745 cogitur
1247 1709 1383 1736 Heraclius
1404 1709 1505 1745 legatus
1525 1718 1664 1736 numerare
1679 1709 1734 1736 }1-S

935 1755 1005 1773 xxu.
1045 1746 1115 1779 Quid
1132 1747 1180 1773 hoc
1193 1746 1251 1773 est‘?
1264 1756 1333 1782 quae
1347 1752 1386 1774 cst
1401 1748 1450 1773 ista
1465 1746 1580 1781 pracda?
1592 1755 1661 1782 quae
1676 1746 1735 1773 vis‘?

936 1793 1005 1819 quae
1023 1783 1138 1819 direptio
1155 1784 1308 1811 sociorum?
1334 1784 1361 1811 Si
1380 1789 1434 1811 erat
1452 1784 1571 1811 lleraclio
1589 1784 1622 1810 ab
1640 1789 1734 1811 senatu

936 1822 1101 1853 mandatum,
1119 1826 1148 1848 ut
1161 1827 1274 1848 emeret:
1294 1823 1417 1854 emissem
1438 1822 1460 1848 si
1476 1830 1526 1848 non
1542 1826 1609 1848 erat:
1626 1822 1672 1857 qui
1688 1830 1735 1856 po-

936 1863 1002 1886 terat
1015 1868 1064 1886 sua
1078 1864 1171 1894 sponte
1186 1860 1327 1895 pecuniam
1346 1858 1504 1886 numerare?
1530 1859 1622 1886 Caesio
1636 1868 1735 1886 renun-

936 1898 984 1924 tiat
1001 1905 1030 1924 se
1048 1897 1165 1923 dedisse.
1206 1899 1248 1923 89.
1274 1897 1431 1933 Cognoscite
1455 1897 1677 1923 renuntiationem
1701 1905 1734 1923 ex

937 1934 1031 1961 litteris
1046 1934 1174 1970 publicis.
1210 1935 1299 1961 Recita
1313 1943 1347 1961 ex
1362 1934 1456 1961 litteris
1471 1934 1597 1969 publicis.
1625 1934 1734 1960 Line-

936 1981 991 1998 11Αο
1007 1981 1162 1999 enarretis.
1184 1971 1244 2004 Quo
1257 1976 1366 1998 senatus
1380 1971 1502 1998 consulto
1516 1976 1570 1998 erut
1586 1971 1634 1998 boc
1649 1971 1734 2008 legato

936 2008 1118 2044 permissum?
1138 2009 1228 2036 Nullo.
1268 2009 1323 2036 Cur
1345 2009 1425 2036 fecit?
1444 2010 1556 2036 Coactus
1579 2014 1628 2035 cst.
1667 2009 1733 2041 Quis

936 2047 986 2073 hoc
1004 2046 1087 2073 dicit‘?
1106 2047 1169 2074 Tota
1188 2047 1293 2073 civitas.
1332 2047 1421 2074 Recita
1441 2047 1623 2074 testimoninm
1643 2046 1734 2081 publi-

935 2093 1008 2111 cum.
1049 2085 1259 2111 Tasrmomuu
1275 2094 1431 2112 ponticum.
1471 2084 1512 2111 Ab
1527 2084 1575 2110 hac
1589 2084 1681 2110 eadem
1695 2084 1734 2110 ci-

939 2122 1018 2148 vitate
1033 2130 1102 2148 anno
1120 2121 1240 2148 secundo
1258 2121 1342 2148 simili
1357 2123 1457 2148 ratione
1471 2126 1599 2148 extortam
1614 2129 1673 2147 esse
1688 2129 1734 2155 pe-

935 2160 1041 2186 cunium
1053 2163 1079 2185 et
1088 2159 1149 2186 Sex.
1162 2159 1300 2186 Vennonio
1313 2159 1410 2190 datam,
1427 2168 1460 2185 ex
1474 2159 1566 2185 eodem
1583 2158 1733 2184 testimonio

934 2197 1108 2232 cognovistis.
1130 2196 1374 2228 AtAmestratinos‚
1392 2197 1514 2223 homines
1529 2201 1630 2224 tennes.
1647 2204 1731 2230 qutun

934 2242 1027 2260 eorum
1041 2233 1168 2260 decumas
1183 2234 1327 2260 medimnis
1343 2242 1409 2259 nccc
1424 2233 1592 2259 vendidisses
1608 2232 1732 2259 Bnnohnli

935 2271 1060 2302 Venerio,
1088 2271 1249 2305 (cognoscite
1273 2271 1379 2297 nominn
1403 2270 1634 2305 publicanorum.)
1659 2271 1732 2306 cogis

934 2316 979 2334 eos
994 2308 1056 2343 plus
1072 2307 1138 2334 lucri
1153 2307 1262 2338 uddere.
1279 2317 1360 2343 quam
1376 2308 1468 2343 quanti
1485 2308 1629 2337 venit-runt,
1645 2315 1731 2342 quum

935 2353 1031 2381 magno
1055 2345 1201 2371 venissent.
1242 2345 1308 2371 Dant
1330 2345 1455 2371 Banobuli
1479 2345 1612 2370 medimna
1636 2352 1730 2376 111·1“1·1,,

934 2382 989 2408 II-S
1004 2390 1054 2408 11111.
1093 2381 1211 2408 Profecto
1225 2391 1373 2417 numquam
1387 2383 1438 2408 iste
1453 2386 1505 2408 tum
1520 2391 1611 2407 umens
1627 2381 1729 2412 fuisset,

935 2424 964 2446 ut
978 2428 1011 2445 ex
1025 2428 1088 2455 agro
1102 2419 1195 2454 populi
1210 2419 1320 2446 Romani
1336 2419 1398 2454 plus
1414 2419 1539 2445 frumenti
1555 2428 1632 2445 servo
1647 2419 1731 2445 Vene—

935 2457 982 2487 rio,
998 2465 1080 2491 quam
1092 2456 1192 2491 populo
1203 2457 1321 2483 Romano
1333 2457 1414 2482 tribui
1427 2461 1568 2491 pateretur,
1582 2457 1632 2482 nisi
1643 2457 1731 2483 omnis

934 2503 962 2520 en
982 2493 1078 2528 praeda
1096 2494 1167 2520 servi
1187 2494 1293 2520 nomine
1312 2493 1344 2520 ad
1363 2495 1445 2520 istum
1465 2494 1554 2529 ipsum
1570 2494 1729 2528 perveniret.

934 2533 975 2558 90.
997 2531 1108 2561 I‘ctrini.
1133 2539 1219 2566 quum
1238 2540 1330 2557 corum
1349 2530 1478 2557 decumae
1498 2540 1593 2567 {unguo
1611 2531 1731 2558 nddictnc

933 2573 1030 2599 essent,
1048 2572 1134 2594 tamen
1150 2568 1305 2594 invitissimi
1321 2568 1349 2594 P.
1362 2569 1462 2595 Naevio
1476 2569 1613 2603 Turpioni,
1631 2568 1730 2603 impro-

934 2605 1047 2631 bissimo
1076 2605 1191 2636 1101111111,
1225 2606 1272 2640 qui
1302 2605 1461 2632 iniuriarum
1484 2606 1625 2632 Sacerdote
1654 2614 1729 2641 prae-

933 2647 988 2669 tore
1006 2642 1147 2669 ‹lmnnutus
1169 2647 1224 2673 est.
1250 2642 1305 2669 II—S
1324 2651 1360 2668 ι.11
1379 2642 1442 2670 dure
1459 2643 1541 2670 coacti
1566 2648 1638 2669 sunt.
1680 2643 1730 2669 1111-

934 2689 966 2706 110
988 2679 1119 2707 dissoluto
1141 2680 1268 2707 decumus
1288 2679 1447 2713 vendidisti,
1473 2685 1514 2712 ut.
1535 2689 1620 2716 quum
1644 2680 1727 2707 medi-
