1941 3052
282 142 610 170 EPISTOLARUM
639 143 693 170 AD
721 142 753 176 Q.
788 143 1006 170 FRATREM
1037 144 1117 170 LIB.
1158 145 1209 172 111.

52 212 235 249 θουσιασμόςῑ
257 222 310 240 non
325 214 398 240 enim
414 223 509 240 sumus
523 215 633 241 omnino
648 215 706 240 sine
721 222 784 240 cura
797 222 844 240 ve-

52 252 151 279 nientis
163 251 239 277 anni:
265 252 315 277 etsi
327 260 422 277 sumus
433 252 491 277 sine
502 252 607 278 timore.
640 251 727 278 Simul
739 256 765 277 et
776 251 843 277 illud

52 288 121 324 (sine
136 287 190 314 ulla
207 288 360 314 mehercule
376 289 461 314 ironia
473 288 576 324 loquor)
586 289 636 315 tibi
648 290 726 315 istius
737 289 844 324 generis

52 327 80 353 in
92 325 234 352 scribendo
244 326 346 360 priores
358 330 446 360 partes
457 326 554 356 tribuo,
568 335 650 361 quam
661 326 739 352 mihi.
767 327 791 352 5.
809 326 844 352 De

52 362 215 390 bibliotheca
231 367 276 389 tua
291 363 391 389 Graeca
407 363 566 397 supplenda,
585 363 661 389 libris
677 368 845 390 commutan-

52 400 109 431 dis,
130 400 233 426 Latinis
248 400 448 434 comparandis:
480 400 558 426 valde
575 400 657 427 velim
672 401 721 427 ista
738 400 842 431 confici,

52 437 210 472 praesertim
227 445 312 472 quum
334 437 367 463 ad
388 446 479 463 meum
494 446 602 472 quoque
617 446 697 464 usum
714 441 842 472 spectent.

51 474 104 501 Sed
124 482 182 510 ego,
201 474 269 500 mihi
285 475 338 509 ipsi
354 475 405 501 ista
420 483 468 509 per
482 483 563 509 quem
579 484 665 510 agam,
683 483 735 501 non
748 475 842 501 habeo.

52 512 145 546 Neque
160 512 233 538 enim
248 511 353 538 venalia
367 517 443 543 sunt,
461 520 530 546 quae
545 512 656 547 quidem
671 512 801 547 placeant,
820 516 846 538 et

51 548 155 578 confici,
178 549 231 575 nisi
246 557 294 584 per
308 548 445 575 hominem
460 554 486 575 et
499 550 616 584 peritum
635 554 660 576 et
674 549 842 585 diligentem,

52 594 105 612 non
129 590 251 620 possunt.
291 586 443 622 Chrysippo
458 591 546 612 tamen
567 587 719 621 imperabo,
741 591 767 612 et
781 594 843 611 cum

52 623 221 659 Tyrannione
234 622 336 658 loquar.
355 624 391 649 De
402 623 466 650 fisco
476 623 543 658 quid
555 624 639 659 egerit
648 623 747 658 Scipio,
761 631 845 658 quae-

52 669 119 687 ram.
151 660 228 693 Quod
242 660 379 686 videbitur
389 665 490 687 rectum
501 669 569 691 esse,
582 661 690 687 curabo.
717 661 752 686 De
763 660 846 686 Asca-

52 698 141 729 nione,
154 702 182 724 tu
195 706 265 729 vero,
274 697 346 732 quod
358 697 440 729 voles,
449 697 544 724 facies:
560 706 602 724 me
613 697 682 724 nihil
694 698 843 732 interpono.

51 735 88 761 De
108 734 273 766 suburbano,
295 734 367 770 quod
382 743 434 761 non
450 743 586 770 properas,
600 735 692 762 laudo:
719 739 748 761 ut
758 740 785 761 tu
798 734 846 760 ha-

52 772 130 802 beas,
148 772 245 798 hortor.
286 773 311 798 6.
333 772 402 798 Haec
416 773 513 806 scripsi
529 781 552 798 a.
571 772 598 799 d.
615 781 653 798 ix.
667 771 778 798 Kalend.
792 772 846 798 No-

52 809 154 840 vemb.,
172 817 225 844 quo
239 809 282 835 die
298 808 355 835 ludi
365 809 608 841 committebantur,
623 810 650 835 in
661 809 845 836 Tusculanum

51 845 233 881 proficiscens,
251 846 408 881 ducensque
423 855 529 873 mecum
541 846 695 873 Ciceronem
711 855 803 872 meum
818 847 845 872 in

52 882 147 909 ludum
167 883 303 914 discendi,
327 892 379 910 non
400 883 527 910 lusionis:
559 893 589 910 ea
610 892 637 910 re
658 893 710 911 non
727 883 843 919 longius,

51 928 132 955 quam
146 920 253 951 vellem,
266 920 338 955 quod
349 921 501 955 Pomptinio
511 921 544 947 ad
551 921 718 956 triumphum
731 930 755 948 a.
767 921 794 948 d.
807 929 844 947 111.

51 958 118 984 Non.
127 957 257 984 Novemb.
269 957 392 984 volebam
399 958 502 985 adesse.
517 958 846 994 Etenimeritnescioquid

52 994 188 1030 negotioli.
229 995 296 1021 Nam
313 995 375 1022 Cato
390 1000 416 1022 et
431 995 563 1022 Servilius
578 1001 712 1031 praetores
724 996 847 1031 prohibi-

52 1036 125 1059 turos
136 1040 164 1058 se
176 1033 325 1059 minantur:
348 1041 405 1064 nec,
419 1033 486 1068 quid
497 1034 609 1068 possint,
623 1035 689 1060 scio.
715 1034 761 1060 Ille
773 1034 844 1060 enim

52 1070 204 1104 etAppium
222 1069 360 1096 consulem
377 1079 470 1097 secum
486 1071 605 1102 habebit,
622 1076 648 1098 et
658 1076 802 1106 praetores,
820 1076 846 1097 et

51 1106 173 1133 tribunos
186 1106 285 1142 plebis.
316 1107 368 1133 Sed
380 1108 516 1134 minantur
529 1112 632 1135 tamen:
656 1109 683 1135 in
694 1109 845 1144 primisque

46 1142 107 1180 ’Ἀρη
116 1145 201 1171 πνέων
214 1143 245 1176 Q.
263 1144 399 1171 Scaevola.
439 1145 517 1176 Cura,
535 1146 573 1172 mi
588 1146 751 1173 suavissime
765 1151 791 1174 et
801 1155 846 1173 ca-

52 1181 159 1208 rissime
173 1180 261 1213 frater,
275 1186 304 1209 ut
314 1182 415 1209 valeas.

105 1297 131 1318 V.
142 1297 161 1317 ἃ·
171 1297 209 1318 Vl.
228 1297 246 1317 A
253 1296 304 1317 RG.
324 1297 357 1318 De
367 1297 432 1318 libris
441 1299 467 1318 de
476 1298 594 1326 republica
603 1298 708 1320 Sallustii
718 1299 802 1320 monitu
811 1307 844 1320 re-

51 1331 176 1357 fingendis;

50 1367 78 1388 (le
93 1366 229 1394 reipublicae
244 1370 303 1388 ntatu
312 1367 454 1394 concinnatim
478 1369 505 1390 de
519 1369 615 1390 Gabinio
630 1376 642 1389 a
653 1376 676 1390 se
686 1377 730 1390 non
739 1370 843 1395 defenum

50 1402 77 1422 de
88 1409 127 1422 nun
137 1402 161 1422 in
171 1401 237 1422 libri-
246 1402 328 1427 Quinto
339 1403 436 1424 emendi·
447 1404 521 1424 studio
532 1407 554 1425 et
564 1405 590 1425 de
601 1405 721 1430 tragoediis
732 1406 758 1426 ab
769 1406 843 1427 eodem

51 1436 149 1464 scriptil.
175 1440 204 1462 (Iu
215 1439 330 1461 Tusculano,
340 1440 431 1462 Domitio,
440 1440 492 1464 App.
503 1441 585 1459 Pulchro
595 1448 641 1460 coss.
653 1442 708 1465 700.)

197 1500 232 1526 M.
248 1499 392 1527 CICERO
406 1499 435 1527 S.
449 1501 480 1528 D.
495 1500 527 1534 Q.
549 1501 703 1529 FRATRI.

108 1556 131 1580 t.
146 1548 230 1585 Quod
241 1554 358 1589 quaeris»,
371 1554 439 1589 quid
450 1555 483 1581 de
495 1554 550 1582 illis
560 1555 637 1582 libris
644 1557 755 1592 egerim,
763 1566 841 1593 quos,

50 1599 136 1626 quum
152 1599 239 1617 essem
255 1592 282 1617 in
298 1591 426 1624 Cumano,
439 1592 558 1619 scribere
570 1593 689 1620 institui:
721 1603 773 1621 non
785 1604 844 1621 ces-

50 1628 108 1655 savi
129 1636 216 1663 neque
236 1637 324 1655 cesso:
359 1629 407 1655 sed
427 1638 507 1664 saepe
527 1631 580 1656 iam
601 1631 738 1658 scribendi
758 1636 843 1659 totum

50 1664 194 1692 consilium
215 1666 398 1701 rationemque
418 1667 531 1694 mutavi.
573 1668 640 1694 Nam
661 1669 714 1695 iam
735 1669 843 1696 duobus

50 1701 126 1729 factis
142 1702 232 1734 libris,
246 1703 274 1729 in
285 1703 396 1738 quibus,
410 1704 619 1732 novendialibus
631 1706 664 1732 iis
675 1705 760 1738 seriis,
774 1716 843 1742 quae

50 1739 159 1766 suerunt
179 1739 311 1767 Tuditano
332 1745 358 1767 et
377 1741 488 1776 Aquilio
508 1742 682 1775 consulibus,
700 1752 788 1771 sermo
803 1749 844 1771 est

50 1785 64 1803 a
80 1785 122 1803 me
138 1777 277 1804 institutus
288 1777 420 1810 Africani,
433 1778 524 1814 paullo
535 1784 595 1806 ante
607 1784 728 1812 mortem,
741 1786 767 1808 et
777 1782 843 1808 Lae-

50 1813 93 1846 lii,
108 1814 191 1845 Phili,
206 1814 318 1846 Manilii,
331 1815 363 1848 Q.
376 1816 526 1843 Tuberonis
538 1821 564 1844 et
575 1817 668 1849 Laelii,
681 1827 842 1854 generorum

48 1851 144 1878 Fannii
155 1855 181 1878 et
192 1851 346 1879 Scaevolae:
369 1861 455 1880 sermo
466 1858 555 1880 autem
566 1854 593 1881 in
605 1863 702 1882 novem
713 1860 739 1882 et
748 1855 807 1883 dies
818 1861 844 1884 et

50 1887 133 1915 libros
148 1888 310 1915 distributus
323 1889 357 1916 de
371 1890 472 1925 optimo
483 1895 552 1918 statu
563 1892 682 1919 civitatis
693 1897 718 1919 et
729 1893 762 1920 de
772 1894 843 1929 opti-

49 1933 93 1952 mo
108 1926 182 1952 cive:
204 1934 268 1952 sane
279 1926 419 1954 texebatur
428 1936 497 1962 opus
509 1928 672 1961 luculenter,
686 1929 842 1957 hominum-

49 1970 102 1997 que
119 1962 236 1998 dignitas
251 1962 419 1998 aliquantum
434 1965 547 1992 orationi
563 1966 689 2000 ponderis
705 1967 840 1996 afferebat.

49 2000 82 2026 Hi
98 1999 159 2026 libri
175 2008 261 2034 quum
273 2000 299 2026 in
311 2001 463 2028 Tusculano
473 2003 542 2029 mihi
554 2002 706 2038 legerentur
716 2005 841 2032 audiente

49 2036 181 2064 Salustio:
213 2037 366 2064 admonitus
385 2047 446 2064 sum
462 2039 567 2071 abillo,
586 2040 669 2067 multo
681 2042 781 2068 maiore
791 2051 841 2069 au-

49 2074 167 2101 ctoritate
184 2073 238 2100 illis
253 2074 287 2101 de
302 2075 385 2101 rebus
393 2075 448 2102 dici
459 2085 551 2111 posse,
568 2077 592 2103 si
604 2078 662 2112 ipse
674 2077 797 2113 loquerer
807 2079 841 2106 de

49 2111 201 2146 republica,
224 2113 380 2146 praesertim
400 2121 486 2148 quum
506 2122 593 2140 essem
614 2124 666 2141 non
687 2116 841 2143 Heraclides

49 2148 188 2180 Ponticus,
206 2148 254 2175 sed
269 2149 419 2176 consularis
430 2154 455 2176 et
466 2151 498 2182 is,
511 2152 560 2186 qui
572 2152 598 2178 in
611 2153 738 2179 maximis
750 2162 841 2180 versa-

48 2189 92 2213 tus
103 2186 130 2212 in
143 2185 281 2220 republica
292 2186 373 2213 rebus
384 2195 482 2214 essem.
512 2188 586 2220 Quae
598 2193 650 2216 tarn
662 2190 781 2225 antiquis
793 2191 842 2217 lio-

49 2223 169 2250 minibus
181 2223 362 2255 attribuerem,
375 2233 405 2250 ea
417 2225 506 2251 visum
519 2226 551 2251 iri
563 2226 622 2253 sicta
633 2235 702 2254 esse.
723 2227 842 2255 Oratori—

48 2267 95 2287 um
110 2269 260 2287 sermonem
272 2261 299 2287 in
311 2260 366 2287 illis
378 2262 475 2288 nostris
487 2262 577 2294 libris,
590 2264 662 2298 quod
673 2269 744 2291 esset
754 2265 787 2291 de
799 2275 842 2292 ra-
870 2274 871 2281 ¹

49 2297 120 2324 tione
140 2297 249 2324 dicendi
280 2298 350 2324 bene
366 2307 380 2324 a
396 2307 438 2325 me
454 2301 614 2326 removisse·
643 2301 675 2328 ad
690 2310 735 2328 eos
752 2307 840 2329 tamen
870 2295 871 2301 =
892 2282 1010 2317 gantiam
1023 2283 1197 2309 minuendam
1209 2282 1297 2309 solum
1309 2291 1368 2309 esse
1379 2282 1492 2313 dictum,
1507 2283 1686 2308 verumetiam

256 2319 261 2329 ¹
609 2321 614 2333 ,
870 2318 872 2323 .

49 2333 186 2367 retulisse,
203 2344 271 2370 quos
288 2335 345 2370 ipse
362 2336 506 2363 vidissem:
529 2337 699 2365 Aristotelem
711 2339 838 2374 denique,

49 2379 118 2407 quae
136 2371 170 2399 de
190 2372 328 2407 republica
344 2377 370 2399 ct
385 2378 536 2408 praestante
552 2375 609 2401 viro
623 2376 736 2407 scribat,
751 2377 841 2411 ipsum

50 2407 133 2444 loqui.
163 2411 189 2437 2.
209 2410 361 2436 Commovit
372 2419 423 2441 me.
437 2415 462 2437 et
473 2419 504 2437 eo
515 2412 610 2447 magis,
623 2413 696 2447 quod
708 2414 841 2440 maximos

50 2450 137 2472 motus
153 2451 256 2473 nostrae
272 2447 390 2474 civitatis
406 2448 534 2484 attingere
550 2457 601 2475 non
618 2454 750 2484 poteram,
768 2451 840 2486 quod

49 2487 123 2510 erant
138 2483 291 2516 inferiores,
309 2493 391 2519 quam
409 2485 517 2511 illorum
529 2491 615 2517 aetas,
633 2487 680 2521 qui
694 2486 842 2522 loqueban-

49 2522 102 2546 tur.
142 2521 198 2556 Ego
214 2526 302 2548 autem
319 2521 346 2548 id
362 2522 452 2557 ipsum
469 2527 525 2549 tum
542 2531 614 2549 eram
626 2529 744 2555 secutus.
759 2533 800 2555 no,
815 2525 841 2552 in

48 2561 135 2583 nostra
141 2562 257 2593 tempora
265 2559 412 2591 incurrens,
420 2560 580 2587 offenderem
587 2562 752 2596 quempiam.
766 2563 842 2589 Nunc

50 2597 76 2620 et
91 2593 118 2620 id
129 2595 233 2627 vitabo,
246 2600 272 2622 et
284 2595 376 2631 loquar
388 2597 445 2631 ipse
457 2601 554 2629 tecum,
568 2602 691 2625 ettamen
705 2599 758 2630 illa,
772 2608 841 2634 quae

50 2629 230 2663 institueram,
248 2632 281 2659 ad
292 2637 330 2665 te,
348 2634 371 2660 si
384 2634 493 2661 Romam
506 2643 616 2666 venero,
631 2636 744 2663 mittam.
776 2637 841 2663 Puto

49 2667 121 2694 onim
136 2672 161 2696 te
175 2669 392 2699 existimaturum
408 2680 421 2698 a
437 2679 479 2699 me
495 2671 577 2700 libros
589 2672 650 2700 illos
662 2682 715 2701 non
725 2674 783 2701 sine
790 2673 841 2702 ali-

208 1332 235 1352 de
250 1332 352 1353 Caenris
364 1339 416 1358 erga
426 1340 449 1353 ue
460 1340 544 1358 amore,
571 1334 598 1355 de
607 1334 710 1355 ver-sitiu-
721 1335 851 1357 scribendis.

1259 145 1319 172 ΕΡ.
1342 146 1457 172 3-7.
1638 149 1685 174 8⁴3

895 223 949 248 quo
965 223 1024 241 meo
1038 215 1174 241 stomacho
1190 223 1249 241 esse
1260 215 1375 242 relictos.
1415 218 1439 242 3.
1455 216 1576 243 Caesaris
1587 225 1684 247 amore,

895 260 976 285 quem
997 251 1030 278 ad
1046 261 1087 278 me
1104 253 1272 287 perscripsit.
1298 254 1375 279 unice
1391 253 1520 280 delector:
1547 254 1687 288 promissis

896 288 952 319 his,
972 297 1041 323 quae
1055 289 1184 320 ostendit,
1202 299 1255 316 non
1274 290 1351 316 valde
1366 291 1483 325 pendeo:
1511 300 1559 317 nec
1574 291 1688 317 honores

896 326 957 352 sitio
972 335 1021 352 nec
1032 326 1156 353 desidero
1167 326 1292 362 gloriam,
1321 328 1461 363 magisque
1472 328 1531 354 eius
1542 328 1688 355 voluntatis

896 364 1114 397 perpetuitatem,
1132 373 1213 398 quam
1229 365 1422 398 promissorum
1438 366 1540 391 exitum
1552 370 1687 400 exspecto.

896 400 964 426 Vivo
985 405 1072 426 tamen
1089 401 1116 427 in
1131 410 1159 427 ea
1178 401 1323 428 ambitione
1339 406 1364 429 et
1380 402 1482 432 labore,
1501 407 1636 437 tamquam
1649 402 1687 433 id,

895 437 968 471 quod
982 446 1033 463 non
1046 437 1160 472 postulo,
1174 443 1336 473 exspectem.
1367 441 1391 466 4.
1404 439 1480 472 Quod
1492 448 1533 466 me
1544 440 1577 466 de
1588 439 1689 466 sacien-

896 473 938 499 dis
955 475 1080 501 versibus
1095 484 1182 511 rogas,
1203 476 1362 502 incredibile
1377 481 1429 507 est,
1448 477 1484 502 mi
1496 476 1588 503 frater.
1607 485 1689 511 quam

896 519 989 546 egeam
1006 517 1137 546 tempore:
1166 521 1214 539 nec
1225 522 1289 539 sane
1300 514 1364 539 satis
1375 522 1545 540 commoveor
1555 515 1644 540 animo
1656 513 1689 539 ad

896 557 939 579 ea,
957 557 1025 583 quae
1042 550 1097 580 vis,
1115 550 1243 576 canenda.
1270 550 1430 581 “Υποθε’σεις
1445 560 1507 578 vero
1519 551 1551 577 ad
1563 560 1606 581 ea,
1620 559 1689 586 quae

897 585 954 619 ipse
970 594 1019 621 ego
1030 595 1062 612 ne
1074 587 1214 621 cogitando
1225 587 1336 622 quidem
1347 597 1505 623 consequor,
1522 593 1560 619 tu,
1573 589 1620 623 qui
1631 596 1690 614 om—

897 631 944 648 nes
960 623 1010 649 isto
1026 623 1170 658 eloquendi
1186 629 1212 650 et
1226 625 1395 659 exprimendi
1407 634 1503 661 genere
1515 626 1661 660 superasti,
1675 634 1689 650 a

897 668 939 685 me
955 660 1042 694 petis‘?
1066 661 1191 687 Facerem
1203 666 1304 693 tamen,
1322 667 1351 688 ut
1362 671 1481 697 possem:
1513 663 1560 689 sed
1572 662 1653 697 (quod
1665 668 1689 688 te

898 697 1008 723 minime
1024 697 1103 733 fugit)
1117 707 1185 732 opus
1201 704 1241 724 est
1255 699 1288 724 ad
1304 708 1396 733 poema
1412 700 1529 734 quadam
1540 701 1623 726 animi
1635 699 1690 725 ala-

896 735 1002 765 critate,
1020 744 1101 769 quam
1112 735 1191 769 plane
1202 736 1270 762 mihi
1282 741 1399 770 tempora
1411 738 1538 771 eripiunt.
1579 737 1690 764 Abduco

897 771 1024 806 equidem
1040 781 1082 798 me
1093 772 1126 798 ab
1137 773 1211 799 omni
1222 773 1386 807 reipublicae
1398 782 1470 804 cura,
1484 774 1607 808 dedoque
1620 774 1689 800 litte-

898 809 948 834 ris:
976 809 1023 834 sed
1039 813 1127 835 tamen
1139 809 1265 836 indicabo
1276 810 1334 840 tibi,
1348 810 1420 845 quod
1432 811 1584 837 mehercule
1596 812 1622 837 in
1634 812 1690 846 pri-

897 846 949 871 mis
961 850 984 871 te
995 845 1110 872 celatum
1122 846 1254 873 volebam.
1276 848 1374 883 Angor,
1388 849 1593 874 misuavissime
1600 848 1688 875 frater.

897 891 988 918 angor,
1002 883 1104 909 nullam
1116 884 1389 919 esserempublicam,
1403 885 1475 912 nulla
1493 885 1606 911 iudicia:
1643 894 1690 912 no-

897 925 1038 955 strumque
1054 920 1103 947 hoc
1115 926 1220 956 tempus
1232 923 1338 953 aetatis,
1356 922 1428 957 quod
1441 923 1467 949 in
1480 922 1524 948 illa
1536 923 1691 949 auctoritate

897 958 1028 984 senatoria
1049 957 1140 984 florere
1156 958 1284 990 debebat,
1301 964 1347 986 aut
1362 959 1461 986 forensi
1482 959 1570 986 labore
1588 961 1688 990 iactari,

898 999 943 1021 aut
957 995 1112 1021 domesticis
1128 995 1222 1023 litteris
1237 998 1394 1030 sustentari;
1428 997 1496 1024 illud
1508 1006 1579 1028 vero,
1592 997 1664 1032 quod
1676 1006 1690 1022 a

898 1041 981 1067 puero
993 1032 1154 1065 adamaram,

952 1069 1006 1097 αἰὲν
1018 1070 1164 1105 ἀριστεύειν
1175 1071 1219 1097 καὶ
1230 1070 1373 1107 ὑπείροχον
1388 1071 1498 1107 ἔμμεναι
1510 1071 1603 1102 ἄλλων,

897 1112 981 1133 totum
995 1107 1140 1134 occidisse:
1163 1108 1288 1135 inimicos
1299 1118 1313 1135 a
1324 1118 1366 1135 me
1377 1109 1475 1144 partim
1487 1118 1537 1135 non
1549 1118 1691 1144 oppugna-

897 1149 950 1176 tos,
973 1145 1071 1179 partim
1091 1146 1171 1171 etiam
1192 1154 1251 1171 esse
1271 1145 1409 1177 defensos,
1433 1154 1523 1173 meum
1544 1156 1596 1173 non
1612 1146 1690 1172 modo

896 1182 1026 1213 animum,
1040 1182 1087 1208 sed
1099 1191 1131 1209 ne
1142 1182 1235 1209 odium
1246 1183 1357 1218 quidem
1369 1192 1427 1210 esse
1439 1183 1567 1210 liberum:
1592 1192 1691 1210 unum-

896 1228 949 1254 que
969 1228 1003 1246 ex
1022 1220 1149 1246 omnihus
1169 1220 1309 1247 Caesarem
1330 1229 1389 1248 esse
1409 1222 1562 1251 inventum,
1584 1222 1632 1256 qui
1648 1229 1691 1247 me

897 1261 1008 1287 tantum,
1022 1262 1153 1292 quantum
1165 1266 1213 1293 ego
1225 1258 1332 1290 vellem,
1346 1263 1454 1289 amaret,
1469 1263 1515 1285 aut
1525 1259 1691 1293 etian1(sicut

896 1294 942 1320 alii
963 1295 1066 1328 putant)
1087 1294 1160 1321 hunc
1180 1303 1265 1321 unum
1286 1304 1358 1327 esse,
1376 1296 1424 1330 qui
1439 1296 1529 1322 vellet.
1570 1296 1689 1328 Quorum

896 1336 984 1357 tamen
996 1331 1065 1357 nihil
1075 1336 1116 1358 est
1125 1332 1268 1363 eiusmodi,
1282 1337 1311 1359 ut
1321 1341 1370 1368 ego
1385 1342 1426 1359 me
1438 1342 1490 1359 non
1502 1332 1584 1359 multa
1596 1341 1691 1359 conso-

897 1368 993 1395 latione
1004 1368 1124 1403 quotidie
1136 1368 1248 1396 leniam:
1271 1369 1319 1396 sed
1331 1370 1376 1396 illa
1386 1371 1436 1396 erit
1447 1370 1591 1396 consolatio
1603 1370 1691 1396 maxi-

896 1414 948 1437 ma,
962 1407 985 1432 si
997 1414 1049 1432 una
1060 1406 1176 1433 erimus:
1199 1415 1271 1433 nunc
1282 1407 1315 1433 ad
1330 1407 1376 1433 illa
1388 1407 1429 1433 vel
1440 1408 1634 1443 gravissimum
1646 1416 1690 1433 ac-

895 1443 967 1470 cedit
982 1443 1019 1470 tui
1036 1443 1212 1471 desiderium.
1250 1445 1275 1471 5.
1295 1444 1442 1471 Gabinium
1457 1445 1489 1475 si,
1503 1450 1532 1471 ut
1543 1445 1627 1471 Pansa
1639 1453 1690 1479 pu-

896 1485 932 1507 tat
946 1481 1110 1515 oportuisse,
1128 1480 1321 1512 defendissem,
1335 1481 1527 1508 concidissem:
1551 1482 1599 1516 qui
1612 1481 1690 1508 illum

894 1518 1021 1548 oderunt,
1035 1517 1073 1552 (hi
1085 1523 1147 1544 sunt
1159 1519 1205 1545 toti
1215 1518 1345 1553 ordines,)
1356 1524 1463 1553 propter
1473 1528 1554 1554 quem
1565 1519 1687 1549 oderunt,

895 1556 1030 1590 meipsum
1042 1555 1132 1581 odisse
1143 1556 1304 1591 coepissent.
1326 1557 1470 1587 Tenuime,
1484 1562 1513 1582 ut
1524 1562 1597 1591 puto,
1611 1564 1688 1592 egre—

894 1593 948 1628 gie,
962 1597 1063 1619 tantum
1076 1598 1106 1619 ut
1117 1592 1240 1624 facerem,
1253 1599 1384 1628 quantum
1395 1602 1488 1620 omnes
1501 1594 1630 1620 viderent.
1658 1594 1690 1620 Et

895 1631 923 1656 in
943 1631 1017 1656 omni
1037 1639 1156 1662 summa,
1194 1635 1223 1657 ut
1246 1639 1351 1661 mones,
1388 1631 1466 1657 valde
1488 1640 1530 1657 me
1551 1630 1584 1657 ad
1604 1632 1689 1657 otium

895 1676 1043 1702 pacemque
1064 1673 1198 1695 converto.
1234 1670 1259 1695 6.
1282 1669 1318 1695 De
1339 1668 1416 1695 libris
1432 1669 1566 1704 Tyrannio
1581 1673 1689 1694 estces—

894 1709 974 1731 sator.
1015 1705 1167 1741 Chrysippo
1182 1705 1280 1732 dicam.
1321 1705 1374 1732 Sed
1399 1714 1441 1732 res
1465 1714 1576 1740 operosa
1601 1710 1641 1732 est
1664 1711 1691 1732 et

895 1742 1013 1769 hominis
1034 1742 1231 1778 perdiligentis.
1272 1742 1364 1770 Sentio
1385 1744 1452 1777 ipse,
1475 1744 1523 1778 qui
1540 1744 1566 1769 in
1582 1751 1690 1769 summo

894 1779 984 1806 studio
1000 1780 1067 1806 nihil
1085 1789 1223 1815 assequor.
1255 1780 1290 1807 De
1306 1781 1408 1807 Latinis
1425 1789 1500 1810 vero,
1518 1788 1571 1815 quo
1587 1785 1688 1806 vertam

895 1825 946 1848 me,
970 1817 1073 1850 nescio,
1097 1818 1132 1844 ita
1152 1817 1280 1844 mendose
1300 1823 1326 1844 et
1345 1817 1501 1844 scribuntur
1516 1822 1541 1844 et
1557 1822 1687 1844 veneunt:

894 1854 942 1881 sed
953 1859 1051 1885 tamen,
1063 1854 1136 1889 quod
1143 1855 1200 1881 fieri
1212 1855 1315 1890 poterit,
1325 1864 1376 1881 nou
1384 1855 1528 1891 negligam.
1551 1855 1687 1886 Crebrius,

894 1896 924 1919 ut
940 1897 1000 1919 ante
1015 1891 1048 1918 ad
1064 1896 1088 1918 te
1104 1893 1215 1927 scripsi,
1230 1893 1327 1919 Romae
1339 1897 1391 1919 est:
1415 1897 1440 1919 et
1451 1893 1498 1927 qui
1510 1893 1599 1919 omnia
1611 1891 1690 1918 adiu-

894 1934 964 1960 rant,
982 1929 1080 1956 debere
1097 1930 1145 1956 tibi
1162 1929 1239 1956 valde
1256 1930 1418 1957 renuntiant.
1460 1929 1500 1956 Ab
1511 1930 1613 1956 aerario
1624 1935 1689 1964 puto

892 1966 1043 1994 consectum
1055 1975 1123 1999 csse,
1136 1967 1202 1994 dum
1213 1967 1320 1994 absum.

946 2020 1020 2046 (Quae
1031 2019 1131 2046 nequitur
1146 2027 1197 2047 pun
1214 2020 1330 2047 epistolae,
1347 2019 1411 2043 urigo
1422 2019 1491 2040 lucum
1503 2019 1567 2039 babet
1578 2018 1687 2046 epistula--

893 2058 977 2079 sextae,
997 2055 1035 2075 ned
1054 2056 1081 2075 ob
1096 2056 1161 2076 verim
1175 2055 1253 2076 ultima
1267 2062 1280 2075 a
1293 2054 1398 2075 Setuuziu
1414 2058 1473 2075 rerte
1487 2054 1598 2081 nuperiuri
1611 2053 1686 2074 adiuu-

892 2092 927 2110 eta
937 2091 991 2115 ent.)

945 2134 970 2160 7.
983 2133 1113 2166 Quattuor
1125 2135 1274 2171 tragoedias
1284 2143 1331 2161 xvi
1343 2134 1440 2161 diebus
1447 2133 1687 2169 absolvis-sequitui

891 2171 1003 2202 scribas,
1018 2176 1045 2198 tu
1055 2172 1204 2207 quidquam
1217 2172 1250 2197 ab
1261 2171 1313 2198 alio
1325 2171 1474 2198 mutuaris?
1493 2176 1518 2197 et
1529 2172 1687 2205 utrm-quao-

893 2209 938 2238 ris,
966 2217 1052 2243 quum
1068 2208 1199 2235 Electram
1211 2214 1236 2235 et
1247 2209 1376 2235 Troadem
1388 2207 1548 2243 scripseris?
1567 2208 1688 2234 Cessator

892 2254 951 2271 csse
963 2244 1031 2271 noli:
1058 2250 1084 2272 ct
1097 2245 1163 2271 illud
1175 2248 1262 2281 γνῶθι
1277 2245 1388 2273 σεαυτόν
1401 2245 1454 2271 noli
1466 2250 1558 2280 putare
1570 2245 1602 2271 ad
1615 2253 1686 2270 arro—

894 2324 922 2346 ut
942 2319 1009 2345 bona
1031 2324 1119 2346 nostra
1140 2320 1270 2346 norimus.
1311 2319 1364 2346 Sed
1380 2325 1405 2346 et
1421 2320 1484 2346 istas
1500 2324 1525 2345 ct
1544 2320 1686 2354 Erigonam

894 2356 961 2383 mihi
974 2356 1055 2383 velim
1068 2357 1167 2383 mittas.
1190 2357 1276 2383 llabes
1288 2356 1321 2382 ad
1332 2356 1399 2383 duas
1406 2356 1532 2392 epistolas
1539 2357 1684 2391 proximas.

949 2442 998 2463 VH.
1028 2442 1106 2463 ΛΚΘ,
1139 2443 1220 2463 Romae
1239 2442 1348 2467 iuuentem
1368 2442 1488 2469 prulmiom
1510 2441 1581 2461 fui-u·
1597 2441 1684 2461 scribi«.

1026 2480 1054 2501 (lu
1066 2480 1181 2499 ΤιιιειιΙιιιυ,
1194 2480 1284 2498 Daunum.
1296 2480 1346 2502 App.
1358 2479 1438 2497 Pam-u·
1449 2486 1494 2496 nun.
1508 2481 1561 2499 fou.)

1000 2526 1034 2552 M.
1057 2526 1223 2553 CICERO
1244 2526 1272 2552 S.
1295 2527 1323 2552 D.
1345 2526 1376 2558 Q.
1401 2526 1576 2553 Fnarut.

951 2565 974 2589 t.
993 2558 1103 2594 Romae.
1121 2569 1146 2590 et
1162 2564 1278 2590 maximo
1290 2564 1374 2598 Appia
1387 2563 1418 2589 ad
1432 2564 1530 2591 Martis,
1545 2565 1610 2590 inira
1624 2573 1684 2598 pro-

895 2599 991 2626 luvies.
1023 2601 1190 2635 Crassipedis
1201 2600 1347 2627 ambulatio
1359 2600 1454 2629 ablata,
1469 2600 1546 2629 horti,
1561 2601 1685 2628 tabernae

893 2637 1038 2672 plurimae:
1062 2647 1157 2674 magna
1170 2639 1211 2664 vis
1221 2646 1306 2673 aquae
1319 2647 1405 2674 usque
1415 2637 1684 2674 adpiscinampubli-

892 2683 960 2702 cum.
992 2675 1069 2712 Viget
1081 2675 1148 2703 illud
1159 2676 1276 2707 Homeri.
