1941 3052
401 182 454 208 DE
493 179 809 208 INVENTIONE
853 180 929 206 LIB
960 181 991 205 11.

36 265 87 284 nou
100 255 207 287 babeas,
224 255 417 281 administrare.
454 253 554 279 Deinde
567 253 649 279 huius
662 251 827 279 confirmatio

36 292 171 322 similibus
185 296 210 319 et
223 291 354 326 exemplis
368 295 392 316 et
406 290 563 316 rationibus.
597 291 690 316 Postea
708 290 751 315 sui
766 288 827 314 facti

37 331 69 359 ab
81 330 126 357 illa
141 330 294 356 definitione
307 328 447 363 separatio.
463 327 563 353 Deinde
577 327 651 353 locus
665 326 825 356 communiS,

37 377 84 405 per
100 376 181 402 quem
202 366 263 393 facti
280 366 382 392 utilitas
396 370 441 391 aut
456 365 579 391 honestas
594 365 749 400 adaugetur.
785 365 826 389 56.

36 405 135 433 Deinde
148 405 270 439 sequitur
284 403 497 430 adversariorum
511 401 674 428 definitionis
685 401 829 436 reprehen-

37 444 85 474 sio,
105 450 174 477 quae
191 441 287 468 iisdem
307 449 341 467 ex
359 440 423 466 locis
441 440 577 471 omnibus,
597 448 665 474 quos
684 438 829 465 accusatori

38 479 267 516 praescripsimus,
281 478 433 510 conticiturg
449 482 474 503 et
485 481 569 503 cetera
581 481 641 512 post
652 476 743 502 eadem
755 484 831 510 prae-

39 522 76 544 ter
88 525 257 543 communem
270 516 357 542 locum
368 516 536 541 inducentur.
564 515 650 540 Locus
660 518 748 539 autem
759 521 831 539 com-

38 554 127 582 munis
145 554 195 580 erit
212 553 359 580 defensoris
378 553 414 583 is,
436 561 482 587 per
496 560 576 586 quem
591 551 774 585 indignabitur
788 559 831 575 ac-

37 596 185 619 cusatorem
203 592 245 617 sui
264 590 377 625 periculi
391 598 484 616 caussa
498 597 549 615 non
564 597 605 614 res
620 588 706 613 solum
721 596 832 613 couver-

38 634 100 660 tere,
117 637 210 655 verum
225 629 304 655 etiam
320 628 399 654 verba
413 630 575 653 commutare
589 625 687 651 conari.
710 625 776 650 Nam
792 625 830 650 illi

38 666 147 702 quidem
170 674 325 693 communes
346 665 407 695 loci,
428 664 475 698 qui
493 667 539 689 aut
556 662 704 688 calumniae
723 671 832 688 accusa-

39 708 124 731 torum
139 702 357 730 demonstrandae
371 706 416 727 aut
426 700 621 727 misericordiae
632 699 776 734 captandae
788 704 833 726 aut

38 741 99 768 facti
117 740 274 776 indignandi
293 744 338 765 aut
351 748 364 764 a
379 738 559 764 misericordia
574 737 723 763 deterrendi
738 746 831 763 caussa

38 782 194 809 sumuntur,
214 786 247 804 ex
265 775 377 811 periculi
395 775 593 811 magnitudine,
610 784 661 801 non
676 784 709 801 ex
722 784 832 801 caussae

38 823 132 852 genere
146 815 290 841 ducuntur.
314 813 400 846 Quare
415 822 466 839 non
480 813 507 839 in
522 821 627 839 omnem
639 821 771 843 caussam,
785 812 831 838 sed

39 854 66 880 in
83 861 161 880 omne
174 860 283 878 caussae
297 860 382 887 genus
396 850 528 877 incidunt.
555 850 655 876 Eorum
670 850 831 876 mentionem

40 892 66 917 in
80 889 248 916 coniecturali
263 889 450 915 constitutione
465 888 587 914 fecimus.
616 887 770 913 Inductione
785 896 833 913 au-

40 932 99 958 tem.
115 935 200 962 quum
214 936 308 953 caussa
323 926 476 961 postulabit,
493 930 609 951 utemur.

94 964 166 990 XlX.
207 965 249 990 57.
288 964 378 996 Quum
405 967 494 989 autem
521 963 588 989 actio
614 961 760 988 tralatiouis
788 966 833 988 aut

39 1002 252 1029 commutationis
265 1001 385 1037 indigere
398 1001 513 1031 videtur,
530 1000 602 1035 quod
617 1009 669 1026 non
680 1005 724 1025 aut
735 1001 758 1025 is
768 1001 830 1035 agit,
854 1031 855 1034 Ἴ

854 1044 862 1059 ¹.
884 1040 908 1061 ct
927 1036 952 1061 iu
974 1035 1105 1061 iudicium
1125 1035 1240 1066 veniant,
1258 1044 1311 1069 quo
1326 1040 1400 1069 pacto
1414 1039 1544 1070 oporteat,
1568 1035 1616 1060 hoc
1630 1040 1677 1064 est,

39 1047 119 1075 quem
132 1043 246 1074 oportet,
262 1043 306 1065 aut
320 1047 381 1065 cum
396 1047 434 1069 eo,
451 1038 561 1073 quicum
576 1041 686 1072 oportet,
703 1042 745 1063 aut
762 1037 832 1072 apud

39 1085 114 1112 quos,
131 1086 183 1112 qua
198 1076 263 1112 lege,
279 1085 331 1111 qua
347 1085 438 1110 poena,
455 1084 508 1110 quo
519 1075 639 1106 crimine,
651 1083 705 1110 quo
716 1080 833 1109 tempore

40 1118 152 1149 oportet,
180 1114 334 1140 constitutio
353 1113 472 1140 tralativa
495 1112 654 1147 appellatur.
697 1112 762 1138 Eius
786 1122 833 1138 no-

41 1151 81 1178 bis
104 1151 225 1186 exempla
249 1151 380 1186 permulta
402 1159 470 1185 opus
494 1155 566 1181 sunt,
582 1150 605 1175 si
629 1150 735 1185 singula
755 1150 833 1176 trala-

40 1189 141 1216 tionum
162 1197 258 1225 genera
280 1197 453 1224 quaeramus,
489 1187 536 1214 sed
558 1188 621 1222 quia
644 1188 708 1213 ratio
727 1196 834 1222 praece-

40 1230 145 1262 ptorum
163 1226 260 1253 similis
278 1230 326 1258 est,
347 1225 532 1260 exemplorum
551 1225 724 1251 multitudine
738 1234 833 1259 supcr-

40 1264 186 1291 sedendum
201 1268 249 1290 est.
270 1263 358 1299 Atque
371 1264 399 1290 in
414 1267 501 1290 nostra
515 1262 624 1298 quidem
639 1263 832 1289 consuetudine

40 1301 132 1328 multis
154 1301 187 1328 de
208 1302 311 1328 caussis
333 1301 368 1333 fit,
390 1305 419 1327 ut
437 1301 522 1327 rarius
537 1300 655 1326 incidant
670 1299 830 1326 tralatioues.

39 1339 106 1365 Nam
125 1343 150 1365 et
166 1339 303 1374 praetoriis
325 1339 526 1373 exceptionibus
541 1338 639 1364 multae
653 1337 833 1364 excluduntur

40 1377 155 1403 actiones
176 1380 201 1402 et
224 1377 258 1402 ita
281 1377 324 1402 ius
347 1376 425 1402 civile
449 1376 579 1402 habemus
598 1376 782 1407 coustitutum,
805 1380 833 1402 ut

0 1428 2 1434 ι
40 1422 135 1440 caussa
158 1413 232 1440 cadat
258 1414 295 1445 is,
322 1414 369 1448 qui
398 1422 449 1439 non
476 1412 703 1447 quemadmodum
731 1417 833 1447 oportet

40 1452 131 1487 egerit.
167 1453 206 1477 58.
227 1450 313 1483 Quare
331 1452 358 1477 in
376 1451 434 1477 iure
448 1450 607 1485 plerumque
622 1455 771 1476 versantur.
794 1450 832 1476 lbi

41 1489 111 1516 enim
139 1492 164 1515 et
192 1489 360 1523 exceptiones
393 1488 562 1523 postulantur
590 1491 615 1513 ct
636 1487 833 1522 quodammodo

40 1526 135 1562 agendi
154 1531 268 1560 potestas
286 1526 364 1552 datur
381 1530 407 1552 et
417 1525 503 1551 omnis
518 1525 655 1559 conceptio
669 1525 833 1559 privatorum

39 1563 199 1591 iudiciorum
219 1563 398 1589 constituitur.
433 1564 461 1589 In
479 1563 546 1597 ipsis
565 1567 653 1588 autem
671 1562 779 1589 iudiciis
794 1572 835 1588 ra-

41 1602 97 1629 rius
111 1601 231 1628 incidunt
244 1605 269 1626 et
284 1605 379 1632 tamen,
396 1600 419 1626 si
433 1600 540 1634 quando
555 1599 684 1630 incidunt,
702 1600 834 1626 eiusmodi

41 1643 112 1670 sunt,
137 1643 166 1665 ut
188 1647 234 1673 per
256 1647 284 1664 se
302 1638 392 1664 minus
411 1637 523 1663 habeant
542 1637 724 1667 tii-mitudinis,
739 1638 835 1663 contir-

41 1680 146 1703 mentur
164 1680 252 1702 autem
270 1679 406 1710 assumpta
421 1674 471 1701 alia
484 1674 573 1709 aliqua
587 1675 789 1701 constitutione:
806 1679 835 1701 ut

40 1714 70 1741 in
86 1713 202 1749 quodam
220 1713 328 1744 iudicio,
348 1721 434 1747 quum
452 1712 563 1738 venefici
582 1712 723 1738 cuiusdam
738 1721 834 1738 nomen

43 1755 111 1778 esset
127 1750 245 1778 delatum
268 1754 306 1782 et,
327 1751 391 1785 quia
409 1750 545 1784 parricidii
565 1758 662 1775 caussa
683 1749 834 1784 subscripta

42 1792 122 1820 esset,
143 1792 215 1815 extra
234 1788 353 1815 ordinem
368 1791 437 1814 esset
451 1791 598 1821 acceptum,
614 1795 699 1822 quum
715 1787 741 1813 in
756 1796 835 1813 accu-

43 1826 141 1853 satione
159 1825 211 1852 alia
227 1825 358 1860 quaedam
377 1825 488 1851 crimina
503 1825 616 1850 testibus
630 1828 655 1850 et
669 1825 834 1859 argumentis

43 1863 271 1894 confirmarentur,
291 1862 426 1897 parricidii
445 1866 533 1888 autem
552 1861 639 1888 solum
654 1862 753 1888 mentio
768 1862 835 1888 facta

43 1904 124 1934 esset3
145 1900 268 1927 defensor
289 1901 317 1926 in
340 1900 390 1926 hoc
410 1900 469 1934 ipso
491 1899 606 1925 multum
625 1903 728 1934 oportet
745 1904 769 1926 et
788 1899 834 1925 diu

40 1938 179 1966 consistat:
202 1946 287 1972 quum
298 1937 331 1964 de
346 1946 408 1964 nece
418 1937 534 1972 parentis
546 1936 612 1962 nihil
624 1936 834 1963 demonstratum

43 1975 85 2007 sit,
109 1975 249 2011 indignum
274 1974 377 2001 facinus
395 1983 466 2005 esse,
489 1983 518 2000 ea
537 1982 620 2008 poena
639 1973 743 2000 afficere
761 1983 832 2006 eum,

62 2021 94 2040 ua
116 2012 262 2048 parricidae
284 2012 450 2044 afficiuntur,
473 2011 500 2038 id
519 2015 621 2043 autem,
642 2012 665 2038 si
683 2012 832 2043 damnetur,

43 2019 99 2077 geri
111 2058 217 2076 necesse
231 2058 298 2081 esse,
311 2050 437 2084 quoniam
447 2053 473 2075 et
482 2049 509 2075 id
520 2057 630 2075 caussae
651 2049 833 2084 subscriptum

44 2091 69 2114 et
81 2095 115 2114 ex
127 2096 156 2114 ea
168 2096 195 2113 re
209 2095 305 2113 nomen
316 2091 388 2114 extra
403 2086 523 2113 ordinem
538 2087 573 2112 sit
586 2090 733 2121 acceptum.
749 2087 834 2113 59.1‹:a

42 2123 124 2161 igitur
136 2133 220 2160 poena
233 2125 256 2150 si
269 2124 339 2151 affici
350 2133 425 2151 reum
436 2133 487 2150 non
498 2127 624 2158 oporteat,
638 2124 757 2151 damnari
768 2133 836 2158 quo-

44 2169 96 2198 que
116 2170 168 2189 non
191 2166 322 2197 oportere,
343 2162 470 2197 quoniam
488 2170 517 2187 ca
536 2169 619 2195 poena
638 2161 834 2188 damnationem

45 2199 189 2226 necessario
203 2203 390 2234 consequatur.
412 2199 460 2225 Hic
470 2198 593 2224 defensor
604 2206 703 2233 poenae
714 2208 836 2225 commu-

45 2237 167 2264 tationem
190 2245 223 2263 ex
246 2236 367 2262 tralativo
390 2244 486 2272 genere
512 2235 664 2262 inducendo
689 2240 770 2262 totam
794 2237 836 2263 in-

45 2271 158 2301 firmabit
168 2274 373 2300 accusationem.
407 2273 504 2300 Verum
520 2277 606 2299 tamen
618 2273 712 2299 ceteris
726 2283 835 2309 quoque

44 2311 202 2338 criminibus
232 2310 407 2337 defendendis
441 2310 612 2337 coniecturali
647 2312 835 2338 constitutione

44 2347 207 2375 tralationem
234 2348 410 2375 confirmabit.
460 2347 522 2373 XX.
556 2347 718 2383 Exemplum
746 2354 834 2375 autem

44 2385 188 2413 tralationis
206 2385 234 2412 in
255 2394 350 2412 caussa
372 2385 490 2420 positum
513 2385 590 2411 nobis
609 2386 644 2411 sit
663 2385 833 2412 huiusmodi:

44 2420 132 2455 Quum
153 2422 186 2449 ad
209 2423 264 2450 vim
287 2422 433 2449 faciendam
449 2421 559 2457 quidam
577 2423 669 2449 armati
688 2423 833 2456 venisseut,

45 2460 136 2486 armati
154 2464 242 2487 contra
261 2464 364 2495 praesto
384 2459 501 2490 fuerunt,
522 2463 547 2485 et
564 2459 670 2486 cuidam
686 2461 769 2495 equiti
784 2461 836 2487 tto-

44 2503 122 2524 mano
143 2497 253 2532 quidam
275 2507 309 2524 ex
330 2498 437 2524 armatis
459 2497 592 2523 resistenti
614 2496 704 2532 gladio
725 2506 834 2524 manum

44 2534 180 2569 praecidit.
213 2534 275 2571 Agit
297 2535 329 2566 is,
349 2535 392 2561 cui
413 2543 508 2560 manus
526 2534 645 2568 praecisa
656 2539 708 2565 est,
725 2535 836 2561 iniuria-

45 2578 120 2598 rum:
142 2571 259 2606 postulat
271 2573 304 2604 is,
320 2573 433 2608 quicum
444 2572 540 2607 agitur,
557 2580 571 2597 a
585 2575 704 2605 praetore
718 2573 836 2607 excepti-

45 2609 244 2640 onem,ExraA
264 2618 342 2640 onan
363 2618 390 2635 in
411 2618 486 2636 110011
508 2617 621 2635 caetris
645 2617 836 2635 ammonici-

45 2651 83 2672 uu
106 2654 182 2672 iun.
216 2648 257 2673 60.
277 2647 325 2673 Hic
338 2647 370 2679 is,
386 2647 434 2682 qui
452 2647 514 2682 agit,
531 2645 662 2672 iudicium
674 2653 772 2680 purum
789 2655 836 2681 po-

46 2681 138 2716 atulam
163 2682 221 2715 ille,
252 2684 362 2719 quicum
385 2684 486 2720 agitur,
510 2684 694 2717 exceptionem
717 2683 778 2710 addi
801 2684 836 2710 nit

46 2724 171 2755 oportere.
209 2720 335 2754 Quaestio
356 2725 409 2748 est:
431 2719 627 2756 Exeipiendum
650 2721 698 2752 sit,
719 2730 751 2748 au
771 2730 832 2748 uon.

1027 179 1125 206 CAP.
1162 181 1309 205 tes—2¹.
1640 181 1671 206 59

879 252 967 277 Ratio:
990 251 1047 276 Non
1071 250 1143 276 enim
1165 254 1267 284 oportet
1285 250 1480 284 recuperatorio
1497 249 1597 276 iudicio
1615 251 1674 276 eius

881 287 1017 319 maleficii,
1035 287 1067 313 de
1081 296 1135 321 quo
1145 287 1213 313 inter
1227 287 1336 313 sicarios
1350 287 1497 321 quaeritur,
1513 287 1675 321 praeiudici-

881 335 926 351 um
951 325 1018 350 sieri.
1053 324 1197 351 Infit-matio
1216 324 1338 350 rationis:
1364 324 1506 350 Eiusmodi
1525 329 1588 350 sunt
1603 325 1675 351 iniu-

881 364 946 393 riae,
964 366 993 388 ut
1011 362 1043 388 de
1062 363 1095 388 iis
1118 362 1259 397 indignum
1274 362 1308 388 sit
1322 370 1373 388 non
1387 362 1473 396 primo
1487 370 1595 396 quoque
1609 366 1676 388 tem-

882 409 944 434 pore
958 399 1081 425 iudicari.
1115 399 1257 426 iudicatio:
1280 399 1410 426 Atrocitas
1424 399 1583 425 iniuriarum
1598 400 1677 425 satis-

882 446 914 463 ne
928 445 1037 463 caussae
1052 437 1094 467 sit,
1111 445 1202 471 quare,
1218 436 1284 463 dum
1298 436 1330 462 de
1344 445 1373 462 ea
1387 436 1530 466 iudicatur,
1542 436 1575 462 de
1587 436 1676 471 aliquo

882 475 980 500 maiore
1000 474 1143 505 maleficio,
1164 474 1197 500 de
1211 483 1265 509 quo
1280 474 1411 500 iudicium
1430 478 1613 508 comparatum
1632 475 1674 504 sit,

882 511 1090 546 praeiudicetur.
1124 512 1211 546 Atque
1229 511 1383 546 exemplum
1394 511 1505 546 quidem
1519 511 1569 537 boc
1580 515 1627 537 est.
1649 512 1676 537 In

883 549 955 575 omni
977 553 1066 575 autem
1089 557 1182 574 caussa
1206 549 1238 575 al)
1262 553 1375 583 utroque
1394 549 1485 583 quaeri
1503 548 1643 583 oportebit,
1664 558 1677 574 a

883 595 936 621 quo
954 590 979 611 et
998 594 1043 620 per
1061 594 1129 620 quos
1143 590 1167 612 et
1181 594 1235 620 quo
1249 586 1328 612 niodo
1342 591 1366 612 et
1380 595 1434 620 quo
1448 590 1565 620 tempore
1579 590 1624 612 aut
1635 587 1677 621 agi

883 628 928 649 aut
946 623 1057 649 iudicari
1077 628 1122 649 aut
1135 623 1199 657 quid
1216 624 1294 649 statui
1310 623 1342 649 de
1353 632 1419 649 care
1430 623 1578 650 conveniat.
1595 625 1636 649 61.
1650 623 1677 649 ld

884 670 917 687 ex
930 660 1052 695 partibus
1066 661 1142 691 inrisu
1159 660 1191 686 de
1205 661 1306 695 quibus
1321 665 1379 695 post
1389 661 1533 686 dicendum
1544 665 1591 691 est,
1606 661 1677 686 sumi

883 698 1014 732 oportebit
1033 702 1058 723 et
1076 698 1233 728 ratiocinari,
1255 698 1321 732 quid
1340 699 1366 723 in
1377 698 1514 724 similibus
1528 698 1608 724 rebus
1623 698 1678 723 lieri

884 735 974 766 soleat,
991 739 1015 761 et
1031 735 1129 766 videre,
1147 739 1237 761 utrum
1249 735 1349 761 malitia
1361 735 1433 761 aliud
1446 740 1547 771 agatur,
1557 735 1630 762 aliud
1641 736 1678 761 si—

884 772 1013 803 muletur,
1040 781 1072 798 an
1095 772 1215 803 stultitia,
1241 781 1273 798 an
1296 773 1506 803 necessitudine,
1532 773 1603 808 quod
1628 772 1678 798 alio

884 810 962 836 modo
980 810 1022 845 agi
1043 818 1094 835 non
1113 810 1209 844 possit,
1226 819 1257 836 an
1272 810 1410 836 occasione
1425 810 1520 845 agendi
1535 811 1574 836 sic
1588 811 1623 836 sit
1637 811 1679 836 iu-

883 848 984 873 dicium
1009 852 1054 873 aut
1076 848 1143 873 actio
1165 848 1316 878 constituta,
1341 856 1373 873 an
1400 852 1483 879 recte,
1504 848 1561 873 sine
1581 847 1633 873 ulla
1653 856 1679 873 re

883 885 1016 911 eiusmodi
1032 893 1073 911 res
1087 889 1189 920 agatur.
1224 886 1310 911 Locus
1325 890 1413 911 autem
1428 886 1579 911 communis
1590 890 1679 911 contra

884 931 960 953 eum,
985 922 1032 957 qui
1057 922 1220 949 tralationem
1240 922 1363 948 inducet:
1395 922 1487 957 sugere
1506 922 1635 948 iudicium
1651 932 1679 948 ac

885 969 1010 994 poenam,
1031 960 1094 994 quia
1113 968 1222 986 caussae
1236 960 1348 986 dissidat.
1387 960 1409 986 A
1424 960 1559 986 tralatione
1574 964 1677 985 autem:

883 998 1004 1024 omnium
1025 997 1079 1023 sore
1097 998 1336 1032 perturbationem,
1357 998 1379 1023 si
1399 1006 1450 1024 nou
1466 998 1499 1023 ita
1515 1006 1556 1023 res
1570 1002 1680 1031 agantur

883 1073 906 1098 si
925 1077 970 1098 aut
988 1081 1049 1098 cum
1068 1081 1098 1098 eo
1117 1077 1221 1108 agatur,
1238 1073 1348 1107 quicum
1364 1081 1414 1099 non
1430 1076 1554 1107 oporteat,
1572 1076 1617 1098 aut
1630 1072 1679 1098 alia

884 1118 980 1144 poena,
1001 1109 1053 1136 alio
1070 1110 1190 1141 crimine,
1207 1110 1259 1136 alio
1273 1115 1403 1144 tempore3
1428 1115 1506 1145 atque
1521 1110 1588 1136 hanc
1603 1110 1682 1135 ratio-

884 1157 944 1173 nem
955 1147 987 1173 ad
999 1147 1223 1182 perturbationem
1236 1148 1396 1174 iudiciorum
1407 1148 1527 1174 omnium
1540 1147 1679 1182 pertinere.

884 1185 947 1211 Tres
970 1185 1052 1220 igitur
1074 1193 1119 1211 eae
1142 1185 1352 1216 constitutiones,
1370 1194 1439 1220 quae
1457 1190 1544 1220 partes
1564 1193 1615 1211 non
1635 1184 1682 1210 ha—

884 1223 959 1254 beut,
984 1222 1017 1248 ad
1036 1222 1107 1248 hunc
1123 1223 1234 1249 modurn
1254 1223 1444 1249 tractabuntur.
1476 1223 1552 1249 Nunc
1571 1231 1681 1257 genera—

885 1259 936 1286 lem
950 1260 1167 1286 constitutionem
1182 1264 1207 1286 et
1221 1265 1308 1295 partes
1323 1260 1381 1286 cius
1395 1260 1605 1287 consideremus.

939 1298 1013 1323 XXI.
1030 1299 1070 1323 62.
1090 1297 1188 1330 Quum,
1206 1302 1231 1324 et
1245 1297 1312 1324 facto
1331 1303 1356 1324 et
1375 1297 1434 1324 sacti
1454 1298 1561 1324 nomine
1574 1306 1683 1324 conces-

885 1344 914 1361 so
938 1344 1025 1370 neque
1048 1334 1102 1361 ulla
1120 1336 1230 1362 actionis
1248 1335 1319 1362 illata
1335 1336 1523 1366 controversia,
1541 1336 1581 1361 vis
1596 1340 1620 1361 et
1636 1344 1682 1361 na—

885 1377 943 1399 tura
962 1378 986 1398 et
1001 1381 1087 1408 genus
1098 1373 1196 1408 negotii
1207 1373 1294 1408 ipsius
1306 1374 1452 1408 quaeritur,
1465 1373 1681 1400 constitutionem

884 1410 1036 1445 generalem
1060 1410 1237 1445 appellamus.
1280 1411 1366 1437 Huius
1390 1411 1490 1445 primas
1514 1420 1571 1436 csse
1595 1415 1681 1445 partes

885 1448 952 1474 duas
972 1448 1048 1474 nobis
1068 1448 1151 1474 videri
1170 1448 1304 1479 diximus,
1326 1448 1483 1484 negotialem
1503 1453 1527 1474 et
1546 1448 1682 1474 iuridicia-

887 1485 948 1511 lem.
984 1485 1127 1521 Negotialis
1146 1490 1198 1517 est,
1219 1495 1287 1520 quae
1302 1487 1329 1512 in
1344 1487 1402 1520 ipso
1417 1487 1521 1521 negotio
1535 1486 1602 1512 iuris
1616 1486 1683 1512 civi-

887 1522 919 1548 lis
941 1523 1019 1548 habet
1042 1522 1205 1557 implicatam
1223 1524 1438 1550 controversiam.
1473 1524 1510 1550 Ea
1528 1528 1567 1549 est
1587 1523 1683 1549 buius-

887 1560 971 1586 modi:
1007 1559 1121 1592 Quidam
1149 1560 1283 1595 pupillum
1307 1561 1430 1587 heredem
1455 1560 1528 1592 secit;
1562 1560 1682 1595 pupillus

886 1602 974 1623 autem
994 1602 1053 1623 aute
1072 1602 1192 1623 mortuus
1212 1602 1259 1629 est,
1280 1607 1360 1633 quam
1381 1599 1406 1624 in
1425 1607 1501 1624 suam
1516 1598 1625 1624 tutelam
1638 1606 1683 1624 ve-

887 1635 964 1661 niret.
996 1636 1031 1661 1)0
1046 1635 1190 1661 hereditate
1204 1644 1242 1665 ea,
1259 1644 1327 1670 quac
1343 1636 1446 1670 pupillo
1457 1637 1536 1666 venit,
1550 1637 1680 1666 intereos,

886 1673 932 1707 qui
948 1673 1030 1707 patris
1045 1672 1141 1707 pupilli
1158 1673 1268 1699 heredes
1282 1673 1393 1699 secundi
1404 1678 1475 1704 sunt,
1489 1678 1513 1699 et
1526 1673 1592 1699 inter
1603 1682 1684 1708 agna-

887 1715 926 1736 tos
946 1710 1043 1744 pupilli
1062 1710 1242 1736 controversia
1261 1715 1309 1737 est.
1345 1711 1480 1737 Possessio
1499 1710 1626 1737 heredum
1641 1720 1684 1737 se-

886 1748 1035 1773 cundorum
1060 1752 1108 1774 est.
1144 1748 1256 1774 Intentio
1273 1752 1313 1774 est
1332 1753 1502 1780 agnatorum:
1526 1749 1618 1774 Nostra
1638 1758 1683 1783 110-

886 1785 964 1811 cunia
988 1790 1036 1815 cst,
1061 1785 1093 1811 de
1115 1794 1168 1819 qua
1191 1785 1223 1815 15,
1244 1786 1322 1812 cuius
1341 1787 1428 1820 agnati
1447 1795 1555 1816 sumus,
1574 1791 1683 1812 testatus

887 1831 938 1849 non
962 1827 1011 1849 est.
1046 1823 1173 1857 Depulsio
1195 1827 1248 1849 est:
1272 1824 1356 1849 Immo
1379 1828 1480 1853 nostra,
1506 1824 1553 1858 qui
1574 1823 1683 1849 heredes

886 1860 998 1886 secundi
1031 1864 1187 1886 testamento
1218 1861 1300 1894 patris
1329 1870 1434 1887 sumus.
1474 1860 1599 1893 Quaestio
1629 1867 1681 1887 cst:

886 1897 1010 1924 Utrorum
1034 1897 1087 1924 sit‘?
1111 1898 1186 1924 Ratio
1209 1902 1262 1924 est:
1285 1898 1360 1924 Pater
1383 1899 1454 1924 euim
1473 1903 1498 1924 et
1516 1898 1567 1924 sibi
1587 1903 1611 1924 et
1631 1899 1684 1925 lilio

887 1938 1074 1961 testamentum
1089 1936 1206 1969 scripsit,
1223 1935 1287 1961 dum
1304 1936 1326 1961 is
1341 1936 1462 1970 pupillus
1477 1940 1555 1962 essct.
1586 1936 1681 1968 Quare,

886 1981 954 2008 quae
975 1972 1020 1999 tilii
1042 1972 1157 2004 suerunt,
1180 1977 1335 1999 testamento
1354 1974 1435 2007 patris
1455 1978 1541 1999 uostra
1562 1973 1684 2000 1111111110-

886 2019 960 2037 cesse
983 2015 1031 2036 est.
1067 2010 1211 2037 Iulii-matio
1229 2014 1269 2036 est
1287 2011 1410 2037 rationis:
1434 2012 1517 2037 lmmo
1537 2016 1609 2045 pater
1631 2012 1682 2037 sibi

886 2048 993 2082 scripsit
1011 2053 1036 2074 et
1050 2047 1199 2073 secundum
1215 2048 1339 2074 heredem
1355 2058 1406 2074 non
1421 2048 1484 2079 tilio,
1501 2049 1547 2074 scd
1562 2049 1613 2074 sibi
1629 2049 1685 2075 ius-

886 2086 921 2111 sit
935 2094 1002 2112 0550.
1037 2085 1132 2117 Quare,
1149 2090 1334 2120 praeterquam
1348 2085 1420 2120 quod
1436 2086 1521 2120 ipsius
1534 2085 1591 2114 suit.
1605 2091 1684 2112 testa-

887 2127 976 2149 mento
1001 2123 1075 2149 illius
1104 2127 1221 2149 vestrum
1248 2132 1307 2149 esse
1334 2132 1384 2149 non
1412 2128 1506 2158 potest.
1543 2123 1681 2150 ludit-atio:

887 2161 1008 2187 Possitue
1025 2161 1170 2195 quisquam
1190 2160 1223 2186 de
1242 2160 1289 2186 lilii
1310 2160 1406 2195 pupilli
1423 2170 1449 2186 re
1465 2161 1567 2193 testari;
1590 2170 1622 2187 an
1638 2161 1684 2187 be-

887 2197 963 2224 redes
982 2197 1093 2224 secundi
1108 2198 1195 2232 ipsius
1211 2197 1420 2232 patrisfamilias,
1442 2207 1494 2224 11011
1514 2198 1561 2224 11111
1576 2207 1683 2233 (1110(1110

886 2235 946 2261 eius
960 2235 1057 2270 pupilli
1074 2235 1184 2262 heredes
1198 2235 1270 2261 sint?
1289 2238 1330 2261 (53.
1347 2235 1433 2270 Atque
1445 2236 1493 2262 hoc
1505 2236 1682 2262 11011111101111111

887 2277 940 2304 est,
961 2273 1033 2308 quod
1052 2272 1084 2299 ad
1104 2273 1187 2299 multa
1207 2273 1344 2307 pertineat,
1362 2282 1394 2299 110
1417 2278 1463 2299 aut
1487 2282 1620 2307 nusquam
1639 2278 1684 2299 aut

887 2318 1082 2345 usquequaque
1100 2310 1217 2341 dicatur,
1239 2310 1281 2336 hic
1296 2310 1446 2336 admonere.
1481 2310 1548 2336 Sunt
1563 2319 1681 2340 caussae.

886 2356 956 2382 (111110
970 2347 1061 2382 plures
1076 2348 1174 2374 habent
1187 2347 1301 2373 rationes
1316 2348 1342 2373 in
1353 2347 1469 2381 simplici
1481 2348 1682 2376 constitutione.

887 2385 959 2419 quod
979 2385 1019 2415 lit.
1039 2394 1125 2419 quum
1141 2385 1176 2415 id,
1193 2384 1265 2419 quod
1281 2384 1379 2410 sactum
1394 2389 1433 2410 est
1447 2389 1491 2410 aut
1505 2385 1577 2419 quod
1592 2384 1684 2411 descu-

887 2422 972 2453 ditur,
995 2422 1118 2457 pluribus
1136 2422 1169 2448 (10
1187 2423 1290 2448 caussis
1309 2427 1409 2447 rectum
1429 2427 1473 2447 aut
1493 2422 1628 2456 probabile
1644 2423 1684 2448 vi-

887 2459 943 2485 deri
956 2464 1049 2494 potest,
1067 2465 1095 2485 ut
1110 2460 1136 2485 in
1151 2459 1199 2485 hac
1215 2459 1271 2493 ipsa
1286 2468 1389 2485 caussa.
1425 2459 1598 2493 Supponatur
1611 2462 1682 2486 0111111

887 2497 920 2523 ab
934 2496 1078 2523 heredibus
1093 2496 1156 2522 haec
1170 2496 1248 2522 ratio:
1272 2496 1357 2522 Unius
1371 2496 1441 2522 0111111
1455 2497 1581 2530 pecuniae
1593 2497 1683 2531 plui-cs

887 2533 1067 2560 dissimilibus
1093 2533 1126 2559 de
1143 2534 1247 2559 caussis
1271 2533 1381 2559 heredes
1403 2542 1462 2559 csse
1486 2542 1536 2560 non
1561 2540 1680 2568 possunt,

887 2580 935 2597 nec
954 2580 1082 2606 uniquam
1102 2570 1200 2597 factiuu
1219 2575 1271 2601 est,
1294 2575 1322 2596 ut
1337 2570 1457 2596 eiusdem
1473 2572 1600 2605 pecuniae
1614 2571 1683 2598 alius

887 2613 1051 2640 testamento,
1081 2608 1149 2634 alius
1177 2608 1234 2643 lege
1261 2608 1338 2634 heres
1361 2613 1444 2640 esse-13
1471 2609 1512 2635 tit.
1541 2609 1684 2635 iulii-matio

887 2646 951 2672 haec
968 2646 1030 2672 erit:
1059 2646 1115 2672 Non
1134 2650 1174 2671 est
1193 2654 1244 2671 una
1265 2646 1389 2679 pecnnia,
1406 2650 1542 2680 propterca
1557 2646 1628 2681 quod
1643 2647 1683 2672 al-

887 2688 941 2710 tera
964 2683 1016 2709 iam
1040 2688 1095 2710 erat
1117 2682 1214 2718 pupilli
1238 2683 1395 2712 adventium
1418 2683 1496 2709 cuius
1520 2683 1596 2709 heres
1620 2692 1680 2713 11011,

887 2720 933 2748 1110
952 2725 1082 2756 tempore,
1106 2725 1262 2747 testamento
1280 2720 1425 2756 quisquam
1445 2721 1561 2755 scriptus
1579 2726 1642 2751 crat,
1659 2730 1680 2747 si

1435 2767 1477 2794 80
