1941 3052
1016 563 1055 588 62.

750 625 783 653 M.
819 625 996 655 TULLII
1031 626 1322 657 CICERONIS

1013 701 1055 723 IN

498 759 555 808 M.
680 760 842 811 AN

931 763 1216 812 TslN

1405 764 1569 814 UM

1304 764 1318 813 I

843 854 909 884 ΑΙ)
949 855 1229 890 QUtlttTEs

677 922 1112 963 PIIlLlPPICA
1154 926 1391 964 SEXTA.

272 1065 289 1085 Λ
297 1065 348 1086 RG.
367 1065 435 1086 Facto
446 1072 465 1086 ι,
477 1066 498 1087 d.
510 1066 539 1087 Χ.
550 1065 600 1087 Kal.
614 1066 660 1087 tan.
672 1071 762 1088 senem·
772 1067 873 1088 consulto
883 1068 910 1088 «le
920 1068 1007 1088 mitten-

216 1100 252 1121 «lit
263 1101 288 1121 ml
299 1100 419 1122 Antonium
430 1101 521 1126 teg-iis.
539 1102 616 1122 Cicero
627 1101 650 1122 in
660 1102 785 1123 concionem
797 1103 915 1130 produt-tus
926 1104 952 1123 nl·
964 1103 1007 1130 :tp-

216 1135 291 1163 pulein
306 1135 395 1156 trinum·
410 1135 496 1163 plebis.
510 1136 565 1157 hane
579 1137 700 1157 orationem
712 1137 800 1162 habuit,
816 1137 838 1158 in
849 1145 892 1164 qua
901 1138 971 1164 primo
982 1139 1008 1158 tle

217 1170 327 1195 legatione
337 1171 443 1198 exponit;
458 1171 538 1192 ‹leintle
561 1171 618 1192 nit-il
632 1171 717 1197 legato·
733 1173 788 1199 apud
800 1172 918 1192 Antonium
934 1173 1007 1199 profe-

215 1208 290 1227 ‹turn-
301 1209 433 1231 auguratum
451 1206 545 1233 ‹ter-ique
555 1206 658 1234 populum
669 1207 696 1227 ad
707 1207 800 1228 tuendae
810 1210 831 1228 et
841 1207 976 1235 reipublicae
987 1212 1007 1228 et

215 1240 328 1262 libertati·
339 1241 434 1262 studium
446 1242 580 1262 cohortatur.

269 1293 289 1319 1.
314 1294 336 1319 l.
358 1288 461 1319 Audita
477 1293 553 1320 vobis
569 1302 628 1320 esse
647 1294 771 1326 arbitror,
788 1293 918 1327 Quirites,
939 1303 1006 1330 quae

214 1330 268 1356 sint
279 1335 334 1356 acta
344 1331 371 1356 in
382 1335 484 1362 senatu,
492 1331 647 1366 quaefuerit
656 1333 788 1367 cuiusque
799 1333 938 1359 sententia.
957 1333 1006 1358 Res

214 1367 285 1393 enim
302 1376 334 1394 ex
349 1367 408 1393 Kal.
425 1368 479 1394 Ian.
496 1369 604 1404 agitata,
626 1368 716 1404 paullo
731 1374 790 1395 ante
811 1369 928 1396 confecta
949 1374 1004 1396 est:

214 1405 303 1431 minus
318 1404 427 1439 quidem
442 1405 487 1431 illa
503 1414 607 1438 severe,
628 1415 710 1441 quam
726 1406 828 1438 decuit,
851 1416 903 1433 non
919 1412 1005 1433 tamen

213 1442 321 1468 omnino
334 1441 473 1469 dissolute.
514 1443 585 1470 Mora
601 1448 641 1470 est
655 1443 733 1470 allata
749 1444 831 1475 bello,
849 1453 900 1471 non
912 1453 1005 1470 caussa

213 1478 328 1505 sublata.
368 1478 560 1511 Quamobrem,
585 1481 657 1516 quod
668 1482 803 1516 quaesivit
813 1490 846 1508 ex
857 1490 899 1508 me
909 1482 939 1508 P.
951 1482 1006 1516 Αρ-

212 1515 334 1550 puleius,
352 1516 430 1543 homo
446 1521 472 1544 et
486 1517 578 1544 multis
589 1517 684 1544 officiis
696 1519 763 1545 milii
775 1523 801 1545 et
811 1527 917 1545 summa
929 1518 1006 1545 fami-

213 1553 324 1580 liaritate
333 1554 504 1586 coniunctus,
517 1559 543 1581 et
554 1555 630 1582 vobis
641 1556 835 1587 amicissimus,
849 1557 883 1583 ita
896 1564 1006 1591 respon-

212 1590 294 1622 debo,
312 1595 342 1617 ut
357 1599 398 1623 ea,
416 1592 516 1627 quibus
533 1601 585 1619 uon
600 1592 772 1623 interfuistis,
791 1602 869 1620 nosse
885 1594 1003 1628 possitis.

212 1627 312 1654 Caussa
336 1627 490 1655 fortissimis
515 1630 678 1665 optimisque
701 1630 857 1657 consulibus
878 1630 1004 1657 Kalendis

211 1665 315 1692 Ianuar.
337 1665 370 1692 de
390 1666 526 1701 republica
547 1667 665 1702 primum
687 1667 818 1694 referendi
839 1667 890 1694 fuit
910 1676 943 1694 ex
963 1676 1001 1699 eo.

210 1702 283 1737 quod
296 1710 357 1729 xm.
373 1703 505 1730 Kalendas
517 1705 571 1730 Ian.
584 1708 693 1731 senatus
704 1713 746 1731 me
760 1710 866 1731 auctore
876 1705 1001 1731 decrevit.

211 1740 234 1766 2.
255 1739 292 1766 Eo
307 1739 350 1766 die
366 1741 497 1775 primum,
514 1740 644 1773 Quirites,
668 1741 839 1768 fundamenta
855 1743 921 1768 iacta
941 1747 1004 1768 sunt

211 1775 383 1811 reipublicae.
423 1777 484 1804 Fuit
499 1779 571 1804 enim
588 1777 666 1814 longo
681 1779 820 1806 intervallo
834 1780 869 1805 ita
882 1779 948 1805 liber
961 1788 1004 1805 se-

211 1818 303 1844 natus,
321 1818 351 1840 ut
365 1822 412 1841 vos
427 1814 571 1850 aliquando
586 1814 663 1842 liberi
678 1817 784 1843 essetis.
825 1815 882 1849 Quo
892 1817 1001 1851 quidem

210 1855 342 1885 tempore,
363 1851 468 1878 etiamsi
483 1852 529 1878 ille
544 1852 602 1878 dies
618 1853 688 1879 vitae
703 1853 782 1880 finem
795 1853 1002 1880 mihiallaturus

210 1892 287 1919 esset,
300 1888 365 1914 satis
376 1897 503 1924 magnum
514 1897 635 1924 ceperam
647 1889 773 1921 fructum,
785 1899 871 1925 quum
884 1899 930 1918 vos
942 1892 1003 1917 uni-

210 1926 289 1956 versi,
297 1933 349 1952 una
362 1930 449 1952 mente
459 1931 538 1961 atque
550 1935 621 1958 voce,
634 1927 730 1954 iterum
743 1937 757 1954 a
768 1936 810 1954 me
821 1933 1001 1955 conservatam

209 1970 268 1989 esse
282 1963 475 1997 rempublicam
491 1963 687 1990 conclamastis.
727 1965 782 1991 Hoc
797 1970 885 1992 vestro
902 1966 1002 1993 iudicio

208 2003 281 2026 tanto
301 2004 408 2035 tamque
426 2000 560 2035 praeclaro
581 2002 724 2033 excitatus,
746 2003 782 2028 ita
798 2002 925 2029 Kalendis
945 2004 1000 2030 lan.

208 2037 270 2063 veni
282 2037 307 2063 in
319 2042 451 2068 senatum,
465 2042 494 2064 ut
504 2038 786 2074 meminissem,quam
799 2048 938 2074 personam
950 2041 1002 2067 im-

207 2074 320 2109 positam
332 2083 346 2100 a
358 2074 433 2101 vobis
445 2076 614 2102 sustinerem.
655 2077 746 2111 Itaque
758 2076 858 2103 bellum
870 2077 1001 2104 nefarium

207 2111 312 2137 illatum
324 2112 486 2146 reipublicae
496 2121 581 2148 quum
594 2113 720 2145 viderem,
734 2114 835 2140 nullam
848 2123 948 2141 moram
959 2115 1002 2141 in-

207 2149 398 2183 terponendam
414 2149 573 2185 insequendi
584 2151 619 2177 M.
633 2150 777 2178 Antonium
788 2153 894 2186 putavi:
914 2152 1002 2179 homi-

207 2194 324 2221 nemque
334 2186 553 2219 audacissimum,
566 2188 613 2223 qui
624 2188 717 2215 multis
729 2188 837 2215 nefariis
849 2189 930 2216 rebus
941 2194 1000 2216 ante

207 2223 373 2255 commissis,
396 2224 445 2250 hoc
461 2229 578 2259 tempore
589 2226 774 2260 imperatorem
785 2226 878 2262 populi
888 2227 1000 2253 Romani

206 2265 385 2296 oppugnaret,
416 2261 546 2288 coloniam
572 2267 687 2289 vestram
708 2263 866 2290 fidissimam
887 2264 1001 2291 fortissi-

206 2306 332 2333 mamque
346 2298 494 2330 obsideret,
510 2299 580 2326 bello
594 2301 688 2326 censui
704 2301 934 2336 persequendum:
958 2306 1001 2328 tu-

206 2334 323 2361 multum
337 2344 396 2362 esse
407 2336 526 2368 decerni,
543 2337 676 2364 iustitium
688 2338 770 2370 edici,
788 2347 851 2374 saga
861 2339 932 2365 sumi
942 2339 999 2365 dixi

206 2371 317 2405 placere,
330 2380 384 2408 quo
394 2382 486 2400 omnes
497 2374 584 2401 acrius
597 2376 761 2410 graviusque
772 2376 957 2402 incumberent
967 2376 999 2402 ad

207 2407 372 2436 ulciscendas
387 2411 550 2446 reipublicae
565 2412 690 2443 iniurias,
712 2413 736 2439 si
747 2413 835 2439 omnia
845 2413 999 2449 gravissimi

206 2445 269 2471 belli
285 2447 400 2482 insignia
417 2452 539 2483 suscepta
555 2457 570 2474 a
585 2453 679 2476 senatu
691 2449 820 2476 viderent.
861 2453 885 2477 3.
908 2451 999 2485 Itaque

206 2481 270 2508 haec
285 2485 422 2515 sententia,
439 2485 570 2518 Quirites,
587 2486 626 2512 sie
641 2494 688 2521 per
702 2486 822 2513 triduum
838 2487 935 2518 valuit,
957 2492 996 2518 ut,

205 2526 368 2554 quamquam
380 2521 509 2549 discessio
521 2522 586 2549 sacta
602 2531 655 2550 non
670 2527 753 2554 esset,
771 2528 872 2555 tamen,
895 2529 998 2559 praeter

205 2563 312 2589 paucos,
329 2565 420 2584 omnes
435 2560 501 2586 mihi
512 2560 647 2586 assensuri
663 2560 826 2587 viderentur.
866 2561 998 2588 Hodierno

205 2597 293 2618 autem
309 2593 364 2624 die,
388 2597 476 2622 nescio
491 2605 543 2631 qua
559 2596 659 2623 obiecta
674 2605 716 2628 re,
733 2598 870 2624 remissior
888 2603 996 2625 senatus

205 2628 266 2655 fuit.
307 2630 373 2656 Nam
393 2631 484 2666 plures
505 2641 562 2660 eam
582 2634 741 2660 sententiam
757 2636 842 2661 secuti
857 2640 933 2667 sunt,
955 2640 994 2667 ut,

205 2671 335 2701 quantum
367 2674 476 2697 senatus
505 2671 646 2698 auctoritas
675 2676 816 2706 vesterque
848 2680 996 2700 consensus

1059 1070 1130 1105 apud
1149 1071 1293 1098 Antonium
1314 1071 1445 1099 valiturus
1460 1076 1543 1103 esset,
1567 1080 1612 1107 per
1631 1071 1730 1108 legatos
1745 1074 1849 1107 experi-

1060 1116 1157 1134 remur.

1113 1146 1144 1171 lt.
1166 1145 1295 1181 Intelligo‚
1308 1145 1437 1178 Quirites,
1451 1155 1464 1172 a
1475 1146 1550 1172 vobis
1563 1145 1630 1172 lianc
1640 1146 1796 1172 sententiam
1809 1154 1850 1173 re-

1059 1183 1178 1216 pudiari:
1198 1192 1283 1218 neque
1299 1183 1405 1210 iniuria.
1447 1183 1485 1210 Ad
1501 1191 1580 1218 quem
1597 1184 1667 1209 enim
1686 1183 1802 1219 legatos?
1816 1183 1849 1210 ad

1058 1227 1167 1251 eumne,
1187 1221 1248 1255 qui,
1271 1221 1382 1255 pecunia
1398 1221 1504 1255 publica
1520 1220 1647 1255 dissipata
1663 1225 1742 1256 atque
1756 1220 1848 1252 effusa,

1059 1265 1105 1291 per
1122 1258 1176 1283 vim
1193 1263 1217 1284 ct
1233 1263 1320 1284 contra
1335 1259 1453 1293 auspicia
1471 1258 1604 1293 impositis
1620 1259 1718 1293 populo
1733 1258 1850 1285 Romano

1061 1294 1178 1330 legibus,
1197 1294 1285 1331 fugata
1301 1296 1438 1324 concione,
1458 1296 1568 1322 obsesso
1582 1300 1689 1325 senatu,
1711 1295 1744 1321 ad
1759 1296 1850 1330 oppri-

1058 1332 1180 1358 mendam
1197 1333 1389 1367 rempublicam
1401 1333 1542 1359 Brundisio
1558 1332 1673 1368 legiones
1685 1332 1851 1359 arcessierit?

1058 1369 1090 1395 ab
1106 1369 1149 1395 his
1165 1369 1287 1401 relictus,
1304 1379 1365 1396 cum
1383 1370 1512 1396 latronum
1525 1378 1605 1396 manu
1617 1371 1643 1396 in
1656 1370 1768 1397 Galliam
1780 1371 1850 1396 irru-

1059 1406 1144 1441 perit?
1172 1408 1282 1434 Brutum
1307 1407 1462 1443 oppugnet?
1488 1407 1616 1434 Mutinam
1639 1407 1850 1433 circumsedeat‘?

1057 1444 1130 1475 Quae
1146 1445 1222 1471 vobis
1235 1449 1320 1480 potest
1329 1453 1390 1471 cum
1403 1445 1453 1471 hoc
1461 1444 1605 1480 gladiatore
1616 1444 1788 1475 conditionis,
1805 1453 1850 1471 ae-

1057 1482 1176 1515 quitatis,
1191 1482 1329 1518 legationis
1341 1490 1399 1508 esse
1410 1481 1605 1508 communitas?
1627 1482 1652 1508 l.
1668 1481 1847 1516 Quamquam.

1056 1518 1182 1550 Quirites,
1193 1528 1244 1546 non
1255 1524 1295 1545 est
1306 1519 1351 1546 illa
1364 1519 1467 1555 legatio,
1480 1519 1527 1546 sed
1538 1519 1703 1545 denuntiatio
1713 1519 1786 1546 belli.
1796 1520 1848 1545 nisi

1056 1557 1182 1590 paruerit.
1223 1557 1258 1583 Ita
1270 1557 1340 1583 enim
1353 1562 1392 1583 est
1402 1556 1552 1587 decretum,
1570 1561 1599 1583 ut
1611 1556 1635 1582 si
1647 1556 1724 1592 legati
1735 1556 1767 1582 ad
1778 1556 1850 1583 Han-

1057 1593 1171 1619 nibalem
1192 1595 1366 1620 mitterentur.
1407 1594 1548 1620 Mittuntur
1565 1594 1635 1620 enim
1651 1594 1698 1628 qui
1714 1594 1846 1624 nuntient,

1056 1639 1088 1656 ne
1099 1635 1235 1666 oppugnet
1245 1630 1382 1657 consulem
1393 1630 1562 1667 designatum
1570 1651 1576 1661 ,
1592 1639 1625 1657 ne
1636 1631 1765 1657 Mutinam
1775 1630 1848 1657 obsi-

1055 1667 1127 1698 deat,
1145 1676 1177 1694 ne
1189 1668 1351 1702 provinciam
1362 1667 1552 1702 depopuletur,
1569 1676 1601 1694 ne
1612 1667 1730 1694 delectus
1742 1667 1845 1698 habeat,

1055 1705 1090 1730 sit
1109 1705 1137 1731 in
1157 1709 1265 1731 senatus
1286 1704 1432 1740 populique
1453 1705 1562 1731 Romani
1583 1709 1719 1739 potestate.
1759 1704 1848 1731 Facile

1056 1750 1117 1768 vero
1127 1741 1191 1768 huic
1201 1741 1395 1769 denuntiationi
1406 1742 1520 1777 parebit,
1537 1742 1603 1768 utin
1615 1746 1719 1776 patrum
1730 1743 1848 1768 conscri-

1055 1783 1160 1813 ptorum
1175 1784 1254 1814 atque
1267 1780 1294 1805 in
1306 1784 1392 1805 vestra
1404 1784 1532 1814 potestate
1543 1779 1590 1810 sit,
1612 1779 1659 1813 qui
1671 1779 1697 1805 in
1709 1787 1757 1805 sua
1769 1787 1848 1806 num-

1054 1825 1134 1851 quam
1152 1816 1245 1843 fuerit!
1269 1816 1339 1849 Quid
1350 1817 1420 1843 enim
1432 1816 1478 1843 ille
1490 1825 1617 1851 umquam
1629 1815 1738 1842 arbitrio
1748 1825 1798 1843 suo
1809 1816 1847 1843 fo>

1053 1854 1098 1885 cit,
1111 1862 1218 1889 semper
1227 1862 1258 1880 eo
1269 1858 1381 1885 tractus,
1398 1862 1454 1889 quo
1463 1853 1547 1880 libido
1557 1854 1658 1888 rapuit,
1675 1862 1729 1888 quo
1742 1853 1844 1885 levitas,

1053 1899 1108 1926 quo
1119 1890 1200 1921 furor,
1208 1899 1262 1926 quo
1273 1890 1435 1918 vinolentia?
1445 1890 1557 1926 Semper
1566 1899 1628 1917 eum
1639 1889 1693 1917 duo
1703 1890 1846 1917 dissimilia

1053 1937 1149 1964 genera
1161 1933 1316 1960 tenuerunt,
1336 1928 1461 1955 lenonum
1473 1933 1498 1955 et
1510 1928 1655 1954 latronum:
1672 1928 1707 1954 ita
1718 1927 1847 1955 domesti-

1053 1966 1091 1992 cis
1105 1966 1220 2000 stupris,
1238 1965 1388 1992 forensibus
1403 1965 1552 2001 parricidiis
1567 1964 1726 1996 delectatur,
1742 1969 1774 1992 ut
1786 1973 1847 1992 mu-

1055 2002 1111 2029 lieri
1123 2003 1202 2029 citius
1213 2003 1384 2030 avarissimae
1396 2003 1526 2038 paruerit,
1547 2011 1628 2038 quam
1644 2002 1748 2029 senatui
1759 2010 1846 2037 popu-

1053 2040 1132 2075 loque
1142 2041 1270 2067 Romano.
1309 2041 1353 2067 111.
1374 2042 1399 2067 5.
1421 2041 1525 2076 Itaque,
1542 2039 1614 2075 quod
1625 2039 1715 2074 paullo
1724 2044 1784 2066 ante
1795 2039 1845 2066 feci

1052 2078 1080 2104 in
1091 2083 1193 2109 senatu,
1208 2077 1302 2104 faciam
1313 2077 1384 2113 apud
1396 2086 1454 2104 vos.
1477 2077 1622 2108 Tesfificor,
1635 2076 1772 2107 denuntio,
1784 2081 1846 2103 ante

1052 2115 1184 2150 praedico,
1197 2115 1264 2142 nihil
1275 2115 1310 2142 M.
1323 2116 1468 2142 Antonium
1479 2123 1571 2142 eorum
1580 2134 1586 2146 ,
1598 2122 1666 2149 quae
1677 2118 1741 2140 sunt
1752 2113 1845 2150 legatis

1053 2152 1188 2184 mandata,
1206 2152 1352 2179 facturum:
1373 2157 1539 2179 vastaturum
1550 2160 1640 2187 agros,
1656 2151 1786 2178 Mutinam
1795 2151 1845 2178 ob-

1051 2198 1205 2221 sessurum,
1227 2189 1359 2221 delectus,
1376 2198 1429 2225 qua
1445 2190 1542 2225 possit,
1563 2189 1728 2215 habiturum.
1764 2188 1789 2215 Is
1804 2192 1846 2215 est

1052 2228 1123 2254 enim
1138 2227 1197 2258 ille,
1220 2227 1269 2262 qui
1284 2235 1390 2262 semper
1404 2231 1513 2254 senatus
1527 2225 1659 2253 iudicium
1669 2230 1694 2252 et
1703 2225 1844 2252 auctorita—

1052 2269 1118 2294 tem,
1135 2272 1241 2299 semper
1255 2264 1418 2291 voluntatem
1435 2268 1549 2290 vestram
1561 2267 1770 2298 potestatemque
1780 2270 1844 2289 oon-

1051 2303 1198 2336 tempserit.
1238 2302 1279 2328 An
1294 2302 1340 2328 ille
1350 2301 1377 2328 id
1389 2301 1478 2333 faciat,
1496 2301 1569 2336 quod
1582 2299 1672 2335 paullo
1682 2304 1742 2325 ante
1752 2299 1844 2326 decr&

1052 2344 1107 2365 tum
1123 2344 1176 2369 est,
1199 2343 1229 2365 ut
1243 2340 1390 2366 exercitum
1405 2340 1469 2365 citra
1484 2337 1584 2364 flumen
1598 2336 1776 2368 Rubiconem,
1793 2337 1842 2372 qui

1051 2376 1111 2402 finis
1121 2381 1161 2402 est
1171 2375 1281 2407 Galliae,
1295 2376 1432 2407 educeret,
1443 2375 1509 2402 dum
1520 2383 1553 2401 ne
1563 2373 1673 2409 propius
1685 2373 1779 2400 urbem
1790 2374 1844 2400 Ro-

1050 2422 1120 2439 mam
1132 2413 1172 2440 CC
1187 2413 1255 2440 mill.
1270 2412 1441 2440 admoveret?
1454 2413 1521 2439 Huic
1533 2411 1727 2438 denuntiationi
1738 2410 1785 2437 ille
1794 2419 1843 2446 pa-

1050 2450 1122 2477 reat‘?
1138 2450 1183 2477 ille
1197 2459 1226 2477 se
1241 2450 1322 2477 fluvio
1331 2451 1467 2477 Rubicone
1477 2449 1519 2476 CC
1528 2448 1596 2475 mill.
1608 2448 1839 2482 circumscriptum

1049 2496 1108 2514 esse
1119 2487 1252 2522 patiatur?
1280 2490 1304 2514 6.
1320 2488 1378 2514 Non
1389 2488 1412 2513 is
1423 2491 1463 2513 est
1471 2486 1613 2513 Antonius.
1644 2485 1710 2511 Nam
1725 2485 1748 2511 si
1759 2489 1838 2526 esset,

1049 2533 1100 2551 non
1115 2525 1308 2556 commisisset,
1324 2529 1355 2551 ut
1369 2525 1393 2551 ei
1408 2528 1529 2554 senatus,
1546 2527 1682 2557 tamquam
1698 2521 1839 2548 Hannibali

1048 2562 1124 2588 initio
1135 2562 1198 2588 belli
1210 2562 1313 2592 Punici,
1326 2561 1501 2591 denuntiaret,
1514 2568 1547 2586 ne
1557 2563 1723 2595 oppugnaret
1733 2559 1840 2594 Sagun-

1048 2603 1115 2625 tum.
1155 2599 1232 2631 Quod
1247 2607 1309 2625 vero
1323 2599 1359 2625 ita
1373 2602 1496 2625 avocatur
1510 2606 1524 2623 a
1539 2597 1654 2627 Mutina,
1670 2601 1700 2622 ut
1715 2596 1748 2622 ab
1756 2595 1836 2626 Urbe,

1048 2641 1183 2672 tamquam
1195 2636 1319 2671 pestifera
1326 2635 1439 2665 flamma,
1447 2639 1573 2665 arceatur,
1581 2642 1662 2668 quam
1674 2633 1753 2659 babet
1761 2634 1839 2669 igno-

1047 2674 1171 2700 miniam!
1193 2673 1266 2707 quod
1285 2672 1415 2700 iudicium
1431 2671 1553 2698 senatus!
1574 2671 1658 2704 Quid,
1678 2670 1751 2706 quod
1766 2679 1780 2696 a
1795 2678 1839 2696 se-
