1941 3052
223 139 286 163 tum
791 136 847 161 ΗΞ,
879 134 914 160 Μ.
949 134 979 160 Τ.

220 209 386 242 disputatum
403 212 455 236 eat,
482 207 594 232 maiores
614 214 673 231 esse
695 204 843 240 voluptates
865 210 889 231 et
909 204 1014 231 dolores

220 246 317 273 nniini,
335 253 415 279 qnam
432 244 563 277 corporis,
587 244 650 277 qnia
668 245 747 268 triuin
765 248 914 277 temporum
931 243 1014 277 parti-

219 292 282 316 ceps
295 283 400 307 nninnn«
415 282 457 309 sit,
471 289 580 314 corpore
592 285 679 306 autem
693 280 841 314 praesc-ntia
854 279 940 305 solum
952 289 1014 305 sen-

220 321 332 347 tiantur:
347 319 392 352 qui
406 318 511 352 probari
523 322 620 351 potest,
639 322 666 343 ut
679 318 714 346 is,
732 318 779 351 qui
792 322 899 352 propter
911 325 952 342 ine
964 316 1014 342 nli-

219 357 285 392 qnid
300 356 410 388 gaudet,
430 354 503 389 plus,
521 363 602 388 «pinni
615 363 664 387 ego
677 355 746 388 ipse.
763 353 896 387 gaudeat‘!
913 353 1013 389 [Animi

221 395 342 427 voluptas
354 393 438 418 oritur
450 396 556 426 propter
570 391 731 426 voluptatem
743 393 862 426 corporis
871 412 876 422 ,
893 396 918 418 et
931 392 1014 417 maior

219 437 257 457 est
269 430 350 456 animi
366 429 487 463 voluptas
497 450 502 457 ,
515 437 596 463 quani
609 430 737 463 corporis.
780 430 814 455 lta
828 430 868 459 lit,
883 433 911 454 ut
921 433 1014 462 gratu-

220 469 283 494 lator
299 467 389 492 laetior
400 467 447 496 sit,
463 475 544 501 quain
559 467 594 495 is,
607 467 650 491 cui
663 465 833 501 gratuletur]
873 466 934 496 Sed,
948 465 1013 491 dum

218 505 322 531 vincon·
336 503 416 529 vultis
430 504 535 529 beatum
548 504 798 538 sapientem,quum
812 504 943 529 maximas
955 503 1014 528 ani-

220 552 261 568 nio
275 541 422 575 voluptates
435 541 577 575 percipiat.
594 541 776 575 omnibusque
792 541 914 575 partibus
931 541 1014 566 maio·
1036 551 1037 578 ζ

219 589 268 608 res,
281 588 361 613 quam
373 587 495 612 corpore:
510 578 576 612 qnid
586 583 715 607 occurrat,
730 587 780 604 non
796 578 902 604 vidctis.
923 578 1012 604 Animi

217 618 289 643 enim
305 624 413 651 qnoque
427 615 532 641 dolores
544 616 673 650 percipiet
683 615 811 641 omnibns
823 615 945 650 partibus
957 624 1013 640 nia-

217 655 294 683 iores,
309 662 389 688 quam
401 653 530 687 corporis.
561 654 595 679 lta
611 653 691 678 miser
702 654 737 678 sit
748 653 893 687 aliquando
905 661 1013 678 necesse
1036 654 1037 658 ’

216 696 257 717 cst
269 692 299 719 is.
313 699 395 725 quem
409 699 455 716 vos
468 690 574 716 beatum
586 699 693 724 semper
706 690 787 717 vultis
798 698 867 716 esse.
903 690 955 715 Nec
967 699 1013 714 vi·-

218 737 245 754 ro
254 728 360 756 id.dum
372 728 461 753 omnia
473 727 505 753 ad
519 727 682 762 voluptatem
694 729 869 763 doloremque
881 726 1009 753 referetis.

216 765 339 791 efficietis
351 773 490 800 nmquam.

274 804 329 828 109.
341 804 428 834 Quare
440 801 512 828 alind
525 801 638 836 aliquid,
652 803 793 836 Torquate,
809 802 926 828 bominis
937 810 1013 827 sum-

217 849 291 866 mum
309 839 408 866 bonum
429 839 616 874 reperiendum
638 844 687 866 est.

215 877 409 903 concedamus:
427 876 529 911 quibus
545 886 591 902 vos
606 876 638 903 de
650 885 756 902 summo
768 877 836 903 bono
849 877 963 903 testibus
974 877 1011 902 uti

216 914 318 940 soletis
359 914 449 946 Quid?
463 914 486 939 si
502 915 581 940 etiam
599 914 699 940 bestiae
715 914 797 941 multa
811 914 924 943 faciunt.
943 914 1012 939 duce

216 960 264 985 sua
276 960 399 986 quaeque
412 956 517 981 natura.
536 952 633 986 partim
652 951 823 986 indulgenter
839 951 880 978 vel
897 960 958 977 cum
975 951 1013 976 la-

216 989 292 1018 bore:
307 989 372 1014 utin
385 988 531 1023 gignendo,
549 989 575 1014 in
587 989 727 1015 educando
738 989 864 1023 perfacile
876 993 1009 1023 appareat,

215 1025 289 1052 aliud
301 1025 431 1060 quiddam
445 1026 477 1051 iis
490 1027 670 1060 propositum„
690 1035 740 1052 non
754 1026 931 1061 voluptatem:
950 1034 1013 1060 par-

216 1063 263 1089 tim
279 1071 360 1089 cursu
377 1067 402 1089 et
418 1063 630 1097 peregrinatione
644 1063 786 1095 laetantum
805 1064 1011 1099 congregatione

215 1100 283 1126 aliae
297 1105 401 1126 coetum
413 1100 529 1134 quodam
542 1100 621 1126 modo
632 1101 750 1127 civitatis
760 1101 909 1127 imitantur,

215 1137 344 1163 Videmus
358 1137 383 1163 in
395 1136 512 1172 quodam
525 1137 676 1163 volucrium
690 1146 788 1173 genere
799 1137 927 1164 nonnulla
940 1137 1012 1164 indi—

213 1175 254 1201 cia
266 1175 382 1209 pietatis,
395 1175 585 1209 cognitionem,
600 1176 769 1201 memoriam:
787 1176 813 1201 in
827 1175 919 1201 multis
931 1176 1010 1201 etiam

213 1211 387 1246 disciplinam
405 1211 539 1237 videmus.

213 1259 227 1276 a
249 1249 384 1284 voluptate
406 1248 585 1275 humanarum
606 1249 737 1284 quaedam
759 1249 903 1276 simulacra
924 1251 1011 1276 virtu-

213 1291 285 1317 tum,
299 1287 325 1312 in
339 1286 406 1320 ipsis
418 1286 893 1321 hominibusvirtus,nisivoluptatis
904 1296 1008 1317 caussa.

213 1323 287 1350 nulla
299 1323 366 1349 erit?
386 1327 412 1349 ct
426 1323 542 1353 homini,
561 1324 608 1358 qui
624 1325 719 1350 ceteris
731 1325 915 1351 animantibus
923 1324 1011 1360 pluri-

214 1370 287 1387 mum
299 1365 422 1395 praestat,
437 1361 574 1395 praecipui
586 1370 599 1386 a
611 1367 703 1387 natura
715 1361 782 1388 nihil
795 1361 887 1388 datum
898 1371 957 1389 esse
968 1362 1011 1388 di-

212 1397 323 1424 cemus‘?
343 1397 467 1424 xxxiV.
493 1400 548 1424 ill.
570 1398 624 1424 Nos
637 1407 711 1429 vero,
730 1399 753 1425 si
769 1399 880 1434 quidem
893 1400 920 1426 in
932 1399 1010 1426 volu-

212 1441 282 1471 ptate
294 1440 357 1461 sunt
367 1436 471 1466 omnia,
490 1435 567 1471 longe
584 1435 754 1471 multumque
765 1445 927 1472 superamur
937 1445 950 1463 a
962 1437 1011 1463 be—

211 1474 285 1500 stiis:
308 1472 410 1507 quibus
427 1473 483 1507 ipsa
502 1477 569 1498 terra
586 1472 674 1499 fundit
690 1482 723 1500 ex
738 1482 797 1500 sese
813 1479 906 1508 pastus
921 1475 1009 1501 varios

211 1515 291 1545 atque
302 1509 470 1536 abundantes
482 1509 549 1536 nihil
563 1509 760 1537 laborantibus:
774 1512 852 1537 nobis
863 1517 952 1538 autem
965 1516 1010 1538 aut

212 1548 272 1577 vix,
286 1551 332 1573 aut
343 1555 375 1573 ne
387 1547 434 1573 vix
445 1547 556 1582 quidem
570 1552 718 1582 suppetunt
729 1547 813 1575 multo
825 1548 914 1575 labore
925 1557 1009 1584 quac-

211 1584 344 1611 rentibus.
385 1585 439 1610 Nec
460 1589 547 1611 tamen
568 1584 624 1611 ullo
645 1585 724 1612 niodo
739 1594 878 1612 summum
895 1585 1008 1621 pecudis

212 1622 312 1648 bonum
332 1625 357 1647 et
373 1621 490 1648 bominis
510 1621 581 1648 idem
599 1622 666 1648 mihi
690 1622 777 1649 videri
801 1628 896 1658 potest.
936 1623 1008 1656 Quid

211 1659 283 1685 enim
305 1663 376 1685 tanto
395 1667 464 1693 opus
485 1663 524 1686 est
543 1659 721 1686 instrumento
737 1660 764 1686 in
780 1661 889 1695 optimis
905 1660 1008 1687 artibus

210 1695 412 1730 comparandis,
435 1696 502 1731 quid
519 1700 591 1723 tanto
605 1705 737 1723 concursu
755 1697 1007 1724 honestissimorum

211 1733 377 1763 studiorum,
396 1738 467 1759 tanto
483 1734 614 1760 virtutum
625 1735 766 1765 comitatu,
784 1735 807 1761 si
819 1743 848 1761 ea
861 1735 963 1761 nullam
975 1734 1008 1761 ad

211 1770 291 1796 aliam
303 1779 368 1801 rem,
383 1771 434 1796 nisi
446 1770 479 1796 ad
492 1770 655 1805 voluptatem
667 1771 882 1806 conquiruntur?
895 1774 950 1798 ⁴⁴2.
964 1772 1005 1802 Ut,

210 1807 354 1838 siXerxes,
362 1816 447 1842 quum
455 1808 535 1834 tantis
545 1808 678 1834 classibus
690 1809 824 1844 tantisque
835 1809 1007 1844 equestribus

210 1850 236 1870 et
247 1844 417 1879 pedestribus
428 1846 523 1879 copiis,
536 1844 707 1880 Hellesponto
719 1846 818 1877 iuncto,
832 1846 935 1872 Athone
946 1854 1009 1881 per-

211 1881 298 1913 fosso⁷
315 1882 399 1908 maria
414 1882 609 1908 ambulavisset
623 1887 775 1917 terramque
788 1884 955 1919 navigasset,
971 1884 1005 1913 si,

210 1927 296 1954 quum
313 1923 384 1945 tanto
400 1919 502 1953 impetu
519 1919 547 1945 in
563 1919 702 1945 Graeciam
725 1921 856 1950 venisset,
882 1929 1006 1947 caussam

209 1956 273 1990 quis
284 1964 318 1982 ex
329 1964 359 1982 eo
370 1961 509 1990 quaereret
523 1961 655 1982 tantarum
667 1957 805 1991 copiarum
817 1958 937 1993 tantique
948 1957 1007 1984 bel-
1029 1981 1031 1989 ,

212 1992 244 2023 li,
263 1992 315 2018 mel
330 2001 359 2018 se
375 1992 478 2019 auferre
494 2001 527 2019 ex
539 1993 662 2029 Hymetto
677 1993 795 2020 voluisse
805 1994 918 2025 diceret,
936 2000 1007 2022 certe

209 2030 269 2056 sine
283 2038 379 2056 caussa
395 2030 532 2056 videretur
546 2035 616 2057 tanta
632 2036 756 2057 conatus:
779 2032 819 2058 sic
834 2041 883 2058 nos
898 2033 1007 2067 sapien—

210 2071 277 2097 tem,
294 2066 420 2101 plurimis
434 2072 460 2093 et
469 2068 641 2103 gravissimis
653 2068 756 2094 artibus
768 2073 847 2104 atque
860 2070 1006 2096 virtutibus

209 2105 371 2130 instructum
382 2109 408 2130 et
418 2109 554 2135 ornatum,
570 2114 636 2135 non,
650 2110 678 2132 ut
690 2105 781 2133 illum.
796 2107 878 2132 maria
888 2107 1005 2141 pedibus

209 2146 394 2177 peragrantem
404 2162 409 2169 ,
422 2141 556 2168 classibus
567 2147 684 2173 montes,
701 2143 748 2169 sed
759 2151 838 2170 omne
849 2143 953 2171 caelum
966 2149 1006 2171 to-

208 2183 317 2213 tamque
331 2187 394 2205 cum
406 2179 533 2205 universo
544 2180 611 2205 mari
623 2184 718 2206 terram
727 2185 814 2207 mente
820 2181 1002 2216 complexum,

209 2215 372 2250 voluptatem
385 2221 473 2250 petere
484 2217 507 2242 si
519 2216 656 2248 dicemus,
674 2217 763 2244 mellis
774 2226 870 2245 caussa
881 2218 1004 2245 dicemus

208 2257 279 2279 tanta
290 2253 424 2280 molitum.
467 2255 522 2280 Η3.
540 2254 580 2280 Ad
594 2253 687 2280 altiora
698 2255 831 2290 quaedam
843 2260 868 2282 et
879 2256 1005 2292 magnifi-

207 2291 333 2321 centiora,
347 2290 514 2321 mihicrede,
528 2291 669 2326 Torquate,
683 2293 738 2318 nati
749 2301 859 2320 sumus:
873 2302 922 2320 nec
933 2293 960 2320 id
971 2302 1005 2320 ex

207 2327 291 2353 animi
302 2326 390 2354 solum
402 2328 532 2362 partibus,
546 2329 573 2355 in
583 2328 685 2363 quibus
697 2329 764 2356 inest
774 2331 902 2357 memoria
914 2339 1003 2357 rerum

208 2364 461 2395 innumerabilium,
485 2370 510 2392 et
525 2374 554 2392 ea
570 2366 682 2401 quidem
698 2366 814 2398 infinita,
828 2368 898 2394 inest
913 2369 1004 2395 conie-

207 2405 281 2427 ctura
292 2403 523 2437 consequentium,
532 2411 584 2429 non
596 2403 712 2430 multum
723 2412 736 2429 a
747 2403 914 2432 divinatione
925 2405 1004 2432 diffe—

208 2445 281 2466 rens:
298 2439 368 2466 inest
379 2439 528 2466 moderator
538 2440 693 2475 cupiditatis
705 2441 804 2475 pudor;
823 2443 893 2469 inest
903 2443 936 2469 ad
951 2443 1003 2469 hu-

208 2482 314 2501 manam
325 2477 478 2503 societatem
491 2477 607 2504 iustitiae
620 2477 671 2503 fida
681 2478 816 2511 custodia;
831 2480 934 2506 inestin
941 2489 1003 2515 per-

208 2511 340 2544 petiendis
353 2512 490 2540 laboribus
502 2514 689 2549 adeundisque
700 2515 829 2549 periculis
836 2517 911 2543 firma
918 2522 1003 2544 etsta-

209 2546 272 2589 bilis
283 2548 383 2575 doloris
394 2551 541 2586 mortisque
551 2552 728 2586 contemptio:
746 2561 809 2588 ergo
825 2553 890 2580 haec
904 2555 931 2581 in
943 2555 1003 2581 ani-

208 2591 274 2610 mis:
288 2589 316 2610 tu
327 2591 415 2612 autem
426 2588 505 2614 etiam
517 2589 638 2615 membra
650 2590 707 2624 ipsa
719 2598 870 2625 sensusque
877 2591 1002 2618 conside-

209 2629 251 2646 ra:
268 2622 315 2655 qui
327 2622 390 2652 tibi,
408 2628 437 2650 ut
448 2625 566 2660 reliquae
577 2627 697 2661 corporis
708 2632 809 2661 partes,
826 2636 878 2654 non
889 2630 1000 2656 comites

208 2657 297 2684 solum
308 2659 447 2692 virtutum,
460 2661 508 2688 sed
519 2663 636 2690 ministri
647 2664 727 2691 etiam
739 2663 917 2693 videbuntur:
942 2667 998 2693 1¹4.

728 839 895 874 Voluptatem
919 839 1012 865 bestiis
1034 867 1035 870 Ἰ

954 1102 1009 1126 ΗΟ.
1033 1108 1034 1115 ’

1033 1127 1034 1144 ³
1064 1136 1214 1171 voluptates
1225 1145 1334 1171 corpore
1344 1139 1482 1172 percipere
1497 1147 1547 1164 non
1565 1137 1686 1173 possint?
1706 1144 1751 1165 aut
1765 1139 1859 1164 sisino

580 1212 649 1247 Ergo
665 1213 692 1238 in
710 1212 804 1239 bestiis
819 1217 898 1238 erunt
909 1217 1010 1239 secreta
1032 1227 1035 1236 ι

1033 1251 1034 1260 ’
1064 1248 1239 1278 laudationes,
1252 1249 1393 1284 Torquate,
1407 1258 1459 1276 non
1470 1258 1572 1279 eorum,
1585 1251 1633 1285 qui
1644 1254 1708 1276 sunt
1717 1250 1751 1276 ab
1763 1250 1860 1276 Home-

1013 133 1290 161 ‹zicERONtS

1065 204 1151 240 quid?
1165 206 1187 231 si
1203 205 1229 231 in
1243 206 1301 240 ipso
1314 213 1423 240 corpore
1435 205 1517 232 multa
1531 206 1660 242 voluptati
1672 208 1859 243 praeponenda

1065 247 1137 270 sunt.
1152 247 1180 268 ut
1193 243 1272 270 vires,
1289 242 1421 272 valetudo.
1437 243 1576 275 velocitas,
1591 244 1782 279 pulchritudo?
1792 245 1860 281 quid

1066 279 1171 305 tandem
1186 279 1211 305 in
1223 281 1321 305 animis
1332 280 1444 306 censes?
1456 281 1481 307 in
1493 281 1594 316 quibua
1605 282 1754 309 doctissimi
1768 283 1806 309 iiii
1815 292 1862 310 ve-

1066 322 1134 342 teres
1150 317 1237 342 inesse
1248 317 1379 352 quiddam
1390 317 1504 344 caeleate
1515 318 1674 346 etdivinum
1686 325 1859 355 putaverunt.

1065 353 1141 385 Quod
1154 354 1176 379 si
1188 359 1258 380 esset
1271 354 1296 380 in
1309 354 1444 388 voluptate
1455 364 1592 382 summurn
1605 356 1715 387 bonum,
1725 357 1858 388 utdicitin.

1065 390 1183 425 optabile
1194 396 1277 421 esset,
1297 392 1322 417 in
1340 392 1474 426 voluptate
1486 393 1617 423 maxima.
1635 394 1709 421 nullo
1721 395 1862 421 intervallo

1067 428 1216 457 interiet-to,
1235 428 1293 454 dics
1310 433 1453 464 noctesque
1469 431 1582 460 versari.
1598 439 1683 466 quum
1695 440 1787 458 ornnes
1799 441 1861 458 sen-

1065 465 1266 491 sustiuleedine
1277 466 1349 492 omni
1361 467 1438 500 quasi
1455 467 1556 501 perfuai
1575 474 1753 495 moverentur.
1794 468 1861 501 Quis

1065 507 1104 528 est
1115 507 1202 528 autem
1215 502 1315 538 dignus
1327 505 1434 530 nornine
1447 504 1629 540 liominis,qui
1642 514 1725 532 unum
1737 506 1809 533 diem
1822 512 1861 533 to-

1066 545 1120 565 turn
1135 539 1199 565 velit
1214 549 1272 565 esse
1290 541 1315 566 in
1330 541 1380 566 isto
1390 549 1486 576 genere
1498 542 1662 576 voluptatis?
1701 544 1756 569 ⁴⁴5.
1779 543 1861 570 evre-

1066 578 1134 602 naici
1146 577 1256 611 quidem
1269 586 1320 603 non
1333 584 1469 605 recusant:
1491 580 1571 606 vestri
1587 579 1652 606 baec
1664 573 1857 608 verecundius.

1067 614 1104 640 illi
1117 613 1225 640 fortasse
1237 616 1412 641 constantius.
1880 646 1887 654 .

1121 651 1173 677 Sed
1187 651 1332 678 lustremus
1343 653 1433 679 animo
1445 662 1496 679 non
1510 653 1557 679 bas
1569 654 1701 680 maximas
1711 659 1789 684 artes.
1798 655 1860 690 qui-

1065 688 1116 714 bus
1127 690 1174 723 qui
1187 689 1325 719 carebant,
1341 691 1438 716 inertes
1452 700 1465 716 a
1478 691 1626 717 maioribus
1638 691 1858 718 nominabantur:

1035 725 1036 758 ζ
1064 725 1110 751 sed
1122 735 1234 760 quaero.
1254 735 1318 752 num
1331 728 1484 756 existimes.
1503 737 1554 754 non
1566 728 1627 754 dico
1639 729 1796 757 Homerum.
1810 730 1860 755 Ar-

1034 767 1036 790 ]
1063 763 1228 794 cliiloclium‚
1243 764 1396 794 Pindarum,
1411 765 1457 791 sed
1470 765 1860 796 l'liidiam,Polvcletum‚Zeu-

1066 801 1111 826 ¹*rin
1127 800 1159 826 ad
1177 801 1339 836 voluptatem
1355 807 1424 828 artes
1440 811 1503 828 suas
1519 796 1670 829 direxisse‘?
1685 804 1754 839 Ergo
1768 803 1860 838 opifex

1065 837 1126 872 plus
1137 838 1190 864 sibi
1203 844 1331 873 proponet
1342 839 1374 865 ad
1388 839 1631 875 formai-umquam
1643 842 1712 867 civis
1723 840 1860 867 excellens

1064 874 1096 900 ad
1119 874 1246 901 factorum
1269 876 1519 910 pulchritudinem?
1542 879 1615 909 Quae
1634 883 1674 904 est
1695 883 1783 904 autern
1807 877 1859 904 alia

1063 920 1157 938 caussa
1174 913 1270 939 erroris
1287 914 1365 943 tanti,
1389 919 1440 940 tam
1459 914 1536 949 longe
1553 914 1657 950 lateque
1677 915 1783 946 diffusi,
1806 915 1858 942 nisi

1063 950 1136 983 quod
1149 950 1184 980 is.
1197 951 1245 984 qui
1258 950 1421 986 voluptatem
1434 960 1571 978 summum
1584 952 1684 978 bonum
1696 961 1754 979 esse
1766 952 1860 979 decer-

1065 989 1115 1017 nit.
1135 996 1185 1013 non
1201 996 1262 1014 cum
1275 996 1303 1013 ea
1317 993 1389 1022 parte
1401 990 1497 1017 animi,
1517 990 1542 1015 in
1555 998 1606 1024 qua
1621 990 1689 1016 inest
1702 990 1767 1016 ratio
1778 995 1858 1024 atque

1063 1025 1221 1055 consilium.
1238 1025 1284 1051 sed
1300 1034 1362 1051 cum
1378 1026 1539 1061 cupiditate,
1559 1026 1585 1052 id
1596 1032 1636 1053 est
1651 1035 1713 1053 cum
1725 1028 1808 1053 animi
1822 1026 1860 1053 le-

1064 1062 1174 1088 vissima
1188 1067 1275 1096 parte,
1291 1062 1439 1089 deliberat?
1458 1066 1562 1095 Quaero
1576 1065 1648 1090 enim
1660 1064 1693 1090 de
1705 1070 1743 1090 te:
1761 1065 1784 1090 si
1796 1069 1860 1090 sunt

1063 1099 1111 1129 dii,
1127 1104 1155 1125 ut
1166 1108 1212 1125 vos
1224 1100 1303 1126 etiam
1315 1102 1424 1134 putatis.
1433 1103 1479 1135 qui
1493 1106 1605 1135 possunt
1614 1110 1673 1127 esse
1685 1101 1764 1131 beati,
1773 1110 1858 1136 quum

1062 1182 1093 1200 eo
1113 1182 1210 1209 genere
1228 1174 1372 1209 voluptatis
1389 1175 1458 1201 beati
1477 1180 1552 1205 sunt,
1575 1184 1624 1201 cur
1641 1175 1758 1202 similem
1775 1175 1858 1201 animi

1063 1220 1143 1238 usum
1165 1212 1191 1237 in
1211 1212 1331 1246 sapiente
1355 1220 1414 1238 esse
1435 1211 1542 1239 nolitis?
1571 1213 1683 1239 XXXV.
1710 1215 1766 1239 ⁴⁴6.
1789 1213 1859 1249 Lege

1063 1295 1091 1312 ro
1108 1285 1221 1312 laudati.
1241 1295 1292 1312 non
1307 1287 1382 1322 Cyri.
1401 1296 1452 1313 non
1468 1287 1600 1323 Agesilai,
1621 1296 1672 1314 non
1687 1287 1799 1314 Aristidi
1814 1292 1860 1314 aut

1062 1323 1246 1350 Themistocli.
1261 1332 1313 1350 non
1325 1323 1445 1359 Philippi
1456 1330 1501 1351 aut
1511 1324 1671 1351 Alexandri:
1686 1324 1744 1361 lege
1756 1330 1860 1352 nostro-

1062 1370 1122 1387 rum
1133 1361 1285 1391 hominum,
1300 1361 1358 1398 lege
1369 1367 1473 1388 vestrae
1485 1361 1616 1388 familiae:
1633 1363 1768 1389 neminem
1780 1361 1860 1389 vide-

1062 1399 1104 1425 bis
1117 1399 1152 1424 ita
1165 1397 1316 1429 laudatum.
1340 1404 1369 1426 ut
1383 1398 1479 1426 artifex
1489 1399 1606 1426 callidus
1616 1399 1858 1435 comparandarum

1062 1435 1230 1470 voluptatum
1251 1436 1395 1463 diceretur.
1436 1437 1493 1463 Non
1514 1437 1600 1473 elogia
1623 1442 1859 1464 monumentorum

1062 1473 1089 1499 id
1101 1472 1263 1509 significant,
1273 1473 1347 1500 velut
1359 1474 1408 1501 hoc
1419 1473 1452 1500 ad
1463 1479 1580 1509 portam:
1593 1475 1678 1502 Uarii
1694 1483 1770 1501 ausc
1788 1483 1859 1501 rtu-

1061 1520 1152 1537 nimi:
1185 1519 1387 1538 CONSENTIUST
1420 1521 1532 1538 osnes
1561 1521 1662 1539 popuii
1691 1521 1858 1538 »sinnicii

1060 1556 1164 1574 FvlssE
1187 1557 1287 1574 virium.
1330 1549 1386 1575 4⁴7.
1411 1548 1475 1575 Idne
1500 1550 1670 1576 consensisse
1690 1548 1724 1576 de
1739 1548 1859 1576 Calatino

1060 1584 1192 1620 plurimas
1203 1590 1296 1621 gentes
1307 1586 1477 1617 arbitramur,
1487 1587 1645 1621 primarium
1657 1585 1750 1621 populi
1763 1586 1856 1616 fuisse.

1060 1622 1132 1658 quod
1144 1624 1392 1657 praestantissimus
1405 1623 1499 1650 fuisset
1512 1625 1537 1650 in
1549 1623 1724 1651 conficiendis
1735 1623 1859 1658 volupta-

1061 1659 1152 1686 tibus‘?
1173 1660 1244 1695 Ergo
1264 1660 1291 1687 in
1311 1661 1344 1687 iis
1360 1660 1577 1687 adolescentibus
1593 1661 1690 1688 bonam
1705 1668 1781 1695 spem
1797 1668 1858 1686 esse

1059 1697 1183 1723 dicemus
1193 1702 1218 1723 et
1229 1705 1354 1733 magnam
1366 1697 1493 1729 indolem,
1506 1707 1575 1733 quos
1586 1699 1644 1725 suis
1654 1697 1802 1724 commodis
1816 1698 1859 1724 in-

1059 1735 1207 1761 servituros
1221 1738 1256 1764 et,
1273 1734 1410 1769 quidquid
1422 1736 1490 1770 ipsis
1500 1735 1638 1770 expediat,
1657 1735 1772 1761 facturos
1783 1734 1858 1761 arbi-

1060 1770 1210 1798 trabimur?
1222 1772 1316 1798 Nonne
1327 1771 1466 1802 videmus,
1480 1777 1579 1807 quanta
1590 1772 1755 1808 perturbatio
1767 1780 1856 1798 rerum

1058 1810 1181 1835 omnium
1196 1809 1395 1844 consequatur?
1414 1815 1513 1844 quanta
1528 1809 1669 1837 confusio?
1683 1809 1796 1836 Tollitur
1809 1809 1858 1835 be-

1060 1845 1201 1876 neficium.
1219 1845 1322 1873 tollitur
1335 1848 1434 1882 gratim
1457 1855 1527 1882 quae
1541 1852 1605 1874 sunt
1620 1846 1729 1873 vincula
1746 1854 1858 1873 concor-

1059 1883 1129 1909 diae.
1169 1883 1224 1909 Nec
1239 1885 1311 1910 enim
1320 1905 1326 1915 ,
1343 1885 1367 1910 si
1379 1889 1452 1910 tuam
1463 1884 1498 1911 ob
1509 1893 1632 1911 caussam
1643 1884 1771 1919 cuiquam
1783 1892 1858 1910 com-

1059 1920 1162 1951 modes,
1175 1920 1338 1947 beneficium
1351 1921 1419 1948 illud
1430 1921 1584 1948 habendum
1596 1921 1701 1952 est,sed
1713 1920 1855 1948 feneratio:

1059 1966 1107 1984 nec
1127 1958 1212 1993 gratia
1228 1957 1320 1985 deberi
1334 1958 1444 1985 videtur
1457 1960 1496 1990 ei,
1519 1960 1567 1994 qui
1585 1967 1662 1985 suam
1682 1958 1717 1985 ob
1731 1966 1857 1985 caussam

1058 1994 1278 2022 commodaverit.
1318 1996 1449 2023 Maximas
1463 2004 1526 2023 vero
1538 1997 1650 2023 virtutes
1666 1996 1751 2023 iacere
1761 2003 1856 2022 omnes

1058 2040 1167 2059 necesse
1178 2038 1226 2063 est,
1245 2033 1381 2068 voluptate
1392 2033 1558 2060 dominante.
1598 2033 1667 2060 Sunt
1677 2033 1758 2060 etiam
1768 2033 1856 2068 turpi-

1058 2070 1166 2096 tudines
1182 2070 1329 2105 plurimae,
1345 2079 1428 2106 quae,
1448 2071 1503 2097 nisi
1519 2071 1643 2098 honestas
1659 2075 1752 2097 natura
1767 2069 1856 2105 pluri—

1058 2116 1133 2133 mum
1144 2108 1240 2139 valeat,
1253 2117 1303 2134 cur
1313 2117 1366 2135 non
1377 2108 1473 2135 cadant
1483 2109 1510 2135 in
1522 2109 1671 2143 sapientem
1679 2128 1685 2138 ‚
1701 2116 1754 2134 non
1764 2111 1805 2134 est
1815 2106 1855 2134 fa-

1057 2144 1108 2171 cile
1119 2143 1275 2173 defendere.
1317 2147 1375 2172 ⁴⁴8.
1397 2146 1448 2176 Ac,
1466 2154 1499 2172 ne
1510 2145 1588 2180 plura
1598 2144 1769 2180 complectar,
1781 2144 1856 2179 (sunt

1056 2182 1130 2209 enim
1150 2182 1381 2218 innumerabilia.)
1397 2183 1464 2209 bene
1481 2182 1587 2209 laudata
1602 2183 1689 2209 virtus
1707 2182 1854 2216 voluptatis

1056 2219 1146 2247 aditus
1162 2220 1324 2247 intercludat
1343 2228 1453 2246 necesse
1468 2225 1518 2247 est.
1557 2219 1635 2252 Quod
1650 2220 1704 2246 iam
1719 2228 1734 2246 a
1748 2227 1791 2245 me
1805 2227 1854 2245 ex-

1055 2261 1176 2292 spectare
1187 2256 1252 2284 noli.
1293 2257 1359 2284 Tute
1371 2258 1516 2292 introspice
1528 2258 1555 2284 in
1566 2262 1682 2283 mentem
1693 2261 1766 2283 tuam
1778 2257 1851 2290 ipse:

1055 2303 1169 2329 eamque
1179 2295 1253 2321 omni
1264 2295 1425 2330 cogitatione
1435 2299 1609 2330 pertractanS,
1624 2298 1779 2329 percontare
1793 2294 1853 2328 ipse

1056 2337 1094 2362 te,
1114 2333 1288 2367 perpetuisne
1306 2331 1384 2358 malis
1403 2331 1589 2367 voluptatibus
1604 2330 1745 2366 perfruens
1766 2331 1793 2357 in
1809 2338 1850 2361 ea,

1054 2378 1137 2404 quam
1152 2377 1232 2404 saepe
1247 2369 1413 2404 usurpabas,
1430 2368 1623 2404 tranquillitate
1634 2367 1731 2404 degere
1741 2375 1850 2394 omnem

1054 2411 1167 2433 aetatem
1182 2407 1242 2433 sine
1257 2406 1360 2437 dolore,
1383 2411 1522 2441 assumpto
1537 2406 1617 2432 etiam
1633 2405 1692 2435 illo,
1713 2404 1787 2440 quod
1802 2412 1851 2430 vos

1054 2444 1166 2479 quidem
1181 2443 1328 2479 adiungere
1345 2443 1449 2474 soletis,
1465 2443 1513 2469 sed
1528 2442 1585 2469 fieri
1600 2451 1653 2469 non
1668 2446 1768 2477 potest,
1790 2442 1851 2468 sine

1053 2480 1154 2508 doloris
1164 2485 1252 2508 metu:
1268 2489 1302 2508 an
1310 2502 1316 2512 ,
1333 2489 1419 2516 quum
1430 2480 1463 2506 de
1473 2480 1600 2507 omnibus
1610 2478 1738 2515 gentibus
1748 2479 1851 2514 optime

1054 2527 1199 2548 mererere,
1216 2526 1302 2553 quum
1317 2526 1397 2553 opem
1412 2517 1599 2553 indigentibus
1614 2515 1784 2551 salutemque
1795 2515 1850 2543 fer-

1053 2564 1104 2587 res,
1118 2555 1161 2582 vel
1172 2555 1294 2582 Herculis
1306 2555 1410 2591 perpeti
1421 2562 1572 2581 aerumnas.
1594 2553 1639 2580 Sic
1650 2554 1722 2580 enim
1733 2554 1849 2580 maiores

1052 2593 1136 2619 nostri
1150 2593 1255 2619 labores
1266 2602 1318 2619 non
1330 2591 1482 2627 fugiendos,
1499 2591 1654 2617 tristissimo
1665 2595 1753 2617 tamen
1765 2590 1849 2616 verbo

1051 2638 1208 2660 aerumnas,
1227 2630 1308 2656 etiam
1323 2631 1351 2656 in
1363 2629 1426 2659 deo,
1443 2629 1660 2655 nominaverunt.
1703 2629 1759 2654 ⁴¹9.
1780 2627 1848 2654 Exi-

1050 2675 1142 2703 gerem
1153 2675 1188 2694 ex
1199 2671 1238 2699 te,
1251 2674 1429 2703 cogeremque
1437 2686 1443 2697 ,
1456 2670 1485 2693 ut
1496 2665 1686 2701 responderes,
1704 2665 1759 2692 nisi
1769 2672 1847 2691 vere-
