1941 3052
261 128 322 154 isas
828 126 884 151 ⁴3⁸·

259 235 416 270 plurimum.
458 235 593 259 t'rmtentm
609 237 649 258 cst
663 234 734 258 οιιίιιι
753 232 832 258 locuta
849 233 874 258 in
885 231 989 258 delectu
1002 231 1050 258 bo-

260 281 353 298 norum
368 276 393 297 et
409 270 551 296 mulorum:
575 271 675 295 nutilitia
700 269 736 302 (si
753 270 855 300 omnia,
876 278 944 303 quw
962 269 1049 303 turpia

258 314 330 337 sunt,
345 308 411 334 muln
423 309 505 340 siunt.)
519 306 585 332 iinaln
599 306 675 332 bonis
687 307 761 340 ponit
772 311 841 333 ante.
882 307 935 332 Nec
947 306 1049 333 veroin

258 346 375 381 praediis
387 344 471 370 solum
486 345 526 369 ius
537 343 631 373 civile,
649 343 759 369 (luctum
771 353 784 369 n
797 348 903 374 natura,
920 343 1048 371 malitiam

260 382 433 415 framlemqne
447 381 575 412 vindicum
590 380 725 407 sedetiam
740 381 765 406 in
778 382 972 416 mancipiorum
985 390 1050 407 ven-

258 420 358 445 ditione
371 418 442 444 fruus
456 418 601 444 venditoris
611 419 698 444 omnis
710 418 872 445 excluditur.
913 419 964 450 Qui
976 419 1048 444 enirn

256 493 343 519 edit-to
355 492 493 518 aedilium.
534 492 666 518 Heredum
681 492 731 518 alin
747 501 841 519 caussa
856 497 905 519 est.
945 494 986 520 72.
1009 493 1049 519 Ex

256 539 310 565 quo
322 529 489 563 intelligitur,
502 529 628 564 quoniam
642 530 707 556 iuris
719 534 811 556 natura
823 529 882 556 fons
892 530 936 560 sit,
945 530 995 556 boc
1005 539 1049 556 se-

256 566 375 593 cundum
389 571 508 593 naturam
521 575 588 597 esse,
606 568 740 593 neminem
754 567 779 594 id
791 576 883 602 agere,
901 572 929 594 ut
939 576 971 594 ex
983 567 1049 594 alte-

256 605 312 631 rius
325 604 466 638 praedetur
479 604 593 630 inscitia.
634 605 687 631 Nec
698 604 752 630 ulla
765 605 898 639 pernicies
911 605 979 631 vitae
992 613 1049 631 ma-

256 642 295 668 ior
307 641 422 667 inveniri
434 646 532 675 potest,
550 650 630 676 quam
647 642 673 668 in
689 641 789 668 malitia
801 641 937 668 simulatio
949 641 1049 668 intelli-

254 679 374 714 gentiae:
396 687 428 704 ex
439 687 493 713 quo
505 679 554 705 ista
567 679 772 705 innumerabilia
784 684 939 710 nascuntur,
956 684 984 706 ut
995 679 1049 706 uti-

255 715 290 742 lia
306 724 368 742 cum
390 715 509 742 honestis
529 724 648 751 pugnare
668 716 818 743 videantur.
858 716 960 748 Quotus
975 717 1047 743 enim

254 754 371 787 quisque
387 753 547 787 reperietur,
570 754 630 788 qui,
658 753 817 789 impunitate
837 758 862 780 et
883 754 1047 788 ignoratione

253 791 376 817 omnium
387 791 530 824 proposita,
546 790 679 818 abstinere
691 792 775 826 possit
787 789 902 818 iniuria?

310 827 404 853 XVlll.
426 828 468 853 73.
484 827 683 859 Periclitemur,
700 829 723 855 si
736 828 834 863 placet,
852 829 878 855 in
892 828 924 854 iis
935 827 1046 862 quidem

254 864 396 899 exemplis,
406 865 432 891 in
443 864 544 899 quibus
557 866 660 899 peccari
673 865 772 901 vulgus
784 866 924 892 hominum
937 865 1046 892 fortasse

254 910 306 928 non
327 906 410 936 putet.
451 902 542 936 Neque
557 903 628 928 enim
641 903 673 929 de
685 903 798 934 sicariis,
812 902 953 933 veneficis,
967 907 1047 929 testa-

254 939 406 969 mentariis,
425 938 545 971 furibus,
564 939 762 974 peculatoribus
779 941 828 967 hoc
844 940 900 966 loco
911 939 1046 966 disseren-

232 976 237 984 ’
253 975 318 1002 dum
335 980 387 1008 est;
414 975 472 1011 (qui
488 985 538 1003 non
555 977 646 1004 verbis
656 982 719 1004 sunt
729 983 754 1004 et
764 977 944 1012 disputatione
958 977 1046 1011 philo-

253 1013 414 1048 sophorum.
437 1013 484 1039 sed
507 1014 625 1041 vinculis
645 1019 670 1041 et
689 1023 792 1042 carcere
815 1014 970 1050 fatigandiz)
999 1014 1046 1040 sed

254 1049 319 1076 haec
330 1049 541 1081 consideremus,
555 1060 623 1086 quae
639 1051 739 1078 faciunt
750 1053 780 1083 ii,
795 1053 842 1087 qui
854 1051 986 1078 habentur
999 1051 1047 1078 bo—

254 1087 292 1113 ni.
323 1087 352 1114 L.
366 1087 477 1114 Minucii
488 1088 584 1119 Basili,
600 1088 739 1124 locupletis
751 1089 880 1119 hominis,
898 1088 995 1114 falsum
1008 1093 1047 1115 te-

252 1129 416 1151 stamentum
441 1125 553 1159 quidam
581 1134 595 1152 e
619 1126 730 1153 Graecia
754 1127 864 1153 Romam
889 1126 1044 1152 attulerunt.

252 1160 329 1193 Quod
343 1170 398 1196 quo
410 1161 516 1188 facilius
527 1162 690 1194 obtinerent,
703 1165 869 1198 scripserunt
880 1163 992 1189 heredes
1003 1171 1046 1189 se-

251 1206 313 1225 cum
325 1199 360 1225 M.
373 1199 499 1225 Crassum
511 1199 577 1232 etQ.
593 1201 777 1232 Hortensium,
791 1201 912 1227 homines
923 1200 1045 1227 eiusdem

252 1236 345 1262 aetatis
360 1236 574 1270 potentissimos:
600 1238 661 1272 qui,
680 1247 765 1272 quum
784 1237 852 1264 illud
873 1238 970 1264 falsum
986 1246 1045 1264 esse

251 1273 466 1307 suspicarentur,
484 1274 537 1300 sibi
554 1279 642 1301 autem
658 1275 760 1301 nullius
776 1280 864 1302 essent
874 1276 976 1302 conscii
987 1274 1046 1301 cul-

251 1318 313 1344 pae,
341 1309 422 1336 alieni
446 1309 572 1338 facinoris
593 1313 786 1339 munusculum
811 1321 863 1340 non
884 1313 1045 1348 repudiave-

251 1351 322 1373 runt.
362 1346 434 1379 Quid
450 1347 531 1383 ergo?
554 1349 631 1376 satin*
647 1349 696 1376 hoe
712 1354 764 1380 est,
783 1355 812 1376 ut
826 1359 878 1377 non
894 1350 1044 1385 deliquisse

251 1383 411 1410 videantur?
430 1385 620 1419 Mihiquidem
632 1387 810 1413 nonvidetur:
834 1387 1045 1422 quamquamal-

250 1425 336 1447 terum
361 1422 455 1448 vivum
483 1423 585 1454 amavi,
612 1423 724 1450 alterum
750 1433 801 1451 non
827 1424 872 1452 odi
896 1429 1041 1452 mortuum.

249 1458 292 1484 74.
316 1458 368 1484 Sed
388 1467 473 1493 quum
493 1459 599 1486 Basilus
618 1461 653 1487 M.
675 1461 807 1492 Satrium,
829 1463 928 1488 sororis
945 1462 1041 1493 filium,

249 1503 346 1522 nomen
362 1504 442 1522 suum
459 1495 526 1523 ferre
542 1497 686 1529 voluisset,
703 1507 820 1533 eumque
841 1499 948 1526 fecisset
966 1499 1044 1526 here-

249 1531 325 1559 dem:
357 1532 439 1568 (hunc
454 1533 515 1561 dico
530 1539 672 1569 patronum
687 1536 745 1571 agri
760 1537 851 1562 Piceni
862 1542 887 1563 et
897 1536 1005 1563 Sabini:
1027 1545 1043 1563 o

249 1574 354 1604 turpem
367 1574 454 1596 notam
466 1575 616 1606 temporum
632 1572 739 1599 illorum
749 1573 765 1608 l)
777 1582 842 1599 num
853 1579 1040 1608 erataequum,

248 1607 386 1642 principes
401 1608 475 1634 cives
487 1617 542 1635 rem
558 1609 669 1641 habere,
687 1610 720 1636 ad
731 1610 848 1636 Satrium
860 1611 927 1637 nihil
939 1616 1043 1646 praeter

249 1652 346 1670 nomen
358 1645 517 1679 pervenire?
536 1646 652 1678 Etenim,
665 1647 690 1673 si
701 1648 733 1678 is,
746 1648 857 1682 quinon
869 1647 989 1675 defendit
1000 1649 1043 1674 in-

248 1681 361 1712 iuriam,
391 1690 479 1717 neque
498 1683 637 1718 propulsat
656 1692 741 1719 quum
762 1689 861 1719 potest,
884 1686 983 1712 iniuste
1003 1685 1043 1712 fa-

248 1718 297 1748 cit,
326 1723 356 1745 ut
383 1719 411 1745 in
432 1720 519 1754 primo
541 1720 609 1748 libro
629 1720 760 1748 disserui:
791 1722 880 1757 qualis
901 1722 1042 1749 habendus

248 1759 288 1781 est
301 1755 332 1786 is,
349 1756 397 1790 qui
409 1765 460 1783 non
472 1757 551 1784 modo
562 1767 614 1785 non
627 1758 745 1793 repellit,
763 1759 810 1786 sed
824 1759 935 1786 adiuvat
946 1761 1043 1786 iniuri-

248 1791 310 1818 am‘!
355 1793 423 1819 Mihi
453 1794 564 1828 quidem
595 1796 675 1822 etiam
700 1804 778 1822 verae
804 1796 965 1823 hereditates
989 1806 1042 1823 non

248 1828 375 1856 honestae
391 1830 531 1863 videntur,
549 1833 573 1858 si
589 1837 654 1859 sunt
669 1833 811 1860 malitiosis
827 1833 967 1860 blanditiis
982 1833 1043 1860 offi-

248 1867 360 1897 ciorum,
374 1876 426 1894 non
441 1869 560 1900 veritate,
574 1869 621 1896 sed
632 1870 802 1897 simulatione
813 1871 960 1905 quaesitae.
996 1871 1043 1897 At-
1071 1878 1073 1900 ζ

248 1904 296 1938 qui
308 1904 336 1930 in
347 1903 446 1931 talibus
458 1906 539 1932 rebus
553 1906 627 1933 aliud
639 1907 704 1933 utile
720 1907 865 1938 interdum,
879 1907 952 1934 aliud
959 1908 1042 1934 hone·
1070 1905 1073 1950 (ἶ

248 1945 320 1966 stum
341 1941 428 1967 videri
443 1942 518 1969 solet.
558 1944 600 1969 75.
614 1943 703 1970 Falso:
738 1953 800 1970 nam
812 1947 896 1970 eadem
913 1947 1040 1975 utilitatis,

248 1986 313 2010 quae
328 1979 465 2005 honestatis
480 1984 516 2005 est
529 1981 626 2013 reyula.
647 1980 699 2012 Qui
712 1980 761 2007 hoc
772 1989 824 2008 non
835 1981 994 2016 perviderit,
1008 1982 1041 2008 ab

248 2013 298 2040 hoc
310 2014 383 2041 nulla
398 2014 471 2042 fraus
482 2016 576 2047 aberit,
585 2017 690 2043 nullum
698 2017 812 2045 facinus.
834 2018 878 2045 Sic
889 2020 1042 2055 enimcogi-

248 2055 321 2078 tans:
344 2052 405 2079 »Est
420 2055 485 2080 istac
495 2056 594 2087 quidem
607 2056 744 2085 honestam,
758 2065 845 2082 reram
858 2058 903 2082 Ιιοο
917 2060 1042 2090 expedit«

247 2096 290 2114 res
307 2097 320 2115 a
336 2094 429 2116 natura
445 2090 582 2125 copulatas
598 2091 708 2118 audebit
723 2101 810 2119 errore
826 2093 968 2125 divellere;
990 2095 1039 2129 qui

248 2125 307 2152 fons
319 2130 358 2152 est
370 2125 519 2157 fraudium,
535 2128 740 2160 maleficiorum,
763 2129 895 2156 scelerum
907 2131 1040 2158 omnium.

247 2162 322 2189 XIX.
342 2163 433 2198 Itaque
451 2165 475 2190 si
490 2166 532 2191 vir
548 2165 634 2192 bonus
650 2166 746 2193 habeat
756 2167 824 2194 hanc
836 2168 900 2199 vim,
914 2173 951 2199 ut,
964 2169 987 2194 si
998 2168 1042 2194 di-

246 2201 311 2235 gitis
331 2202 527 2236 concrepuerit,
550 2203 634 2237 possit
650 2204 676 2230 in
694 2203 869 2239 locupletium
885 2210 1039 2232 testamenta

247 2245 344 2264 nomen
362 2238 420 2264 eius
438 2239 567 2273 irrepere,
584 2240 633 2266 hac
647 2241 674 2267 vi
686 2250 738 2268 non
750 2246 851 2273 utatur,
868 2251 901 2268 ne
912 2242 1040 2277 siexplo-
1069 2235 1071 2244 Ι

247 2279 334 2300 ratum
349 2275 460 2309 quidem
477 2276 585 2308 habeat,
600 2277 626 2303 id
641 2279 750 2305 omnino
761 2280 897 2305 neminem
908 2288 1039 2315 umquam

246 2312 457 2346 suspicaturum.
497 2313 530 2340 At
544 2314 621 2341 dares
634 2315 701 2342 hanc
712 2316 767 2341 vim
779 2316 813 2342 M.
827 2316 935 2347 Crasso,
957 2321 987 2343 ut
997 2317 1040 2343 di-

246 2349 364 2383 gitorum
380 2351 552 2384 percussione
571 2351 648 2378 heres
664 2357 754 2387 posset
768 2353 885 2387 scriptus
900 2362 972 2385 esse,
990 2354 1039 2389 qui

247 2394 274 2411 re
291 2394 352 2412 vera
364 2395 416 2413 non
427 2393 497 2414 esset
509 2388 598 2421 heres;
622 2389 649 2415 in
661 2389 725 2420 foro,
738 2390 806 2416 mihi
817 2390 907 2421 crede,
920 2391 1037 2418 saltaret.

246 2422 330 2449 Homo
345 2429 433 2450 autem
445 2425 534 2452 iustus
545 2427 636 2461 isque,
653 2435 734 2461 quem
745 2427 877 2453 sentimus
890 2429 979 2454 virum
990 2428 1039 2454 bo-

247 2467 325 2490 num,
343 2461 411 2487 nihil
423 2462 564 2497 cuiquam,
583 2463 655 2498 quod
667 2465 694 2490 in
705 2473 734 2490 se
746 2463 894 2495 transferat,
906 2464 1036 2492 detrahet.
1068 2470 1069 2498 1

246 2495 300 2521 Hoc
311 2498 358 2530 qui
369 2498 526 2531 admiratur,
545 2501 568 2526 is
578 2509 620 2531 se,
637 2500 704 2535 quid
718 2502 753 2527 sit
764 2502 807 2527 vir
817 2501 918 2533 bonus,
934 2503 1037 2528 nescire

247 2531 369 2560 fateatur.
408 2537 450 2562 76.
469 2537 503 2563 At
514 2546 585 2568 vero,
597 2538 621 2563 si
631 2539 680 2572 qui
691 2538 805 2564 voluerit
816 2539 899 2565 animi
910 2540 953 2565 sui
963 2548 1038 2566 com-

247 2568 371 2603 plicatam
387 2573 520 2600 notionem
534 2574 672 2606 evolvere,
686 2576 738 2601 iam
749 2583 777 2601 se
792 2576 850 2610 ipse
860 2575 960 2606 doceat,
974 2585 1036 2603 eum

248 2606 336 2632 virum
352 2607 451 2635 bonum
463 2618 534 2641 esse,
546 2613 697 2647 quiprosss,
713 2612 814 2648 quibus
826 2613 922 2647 possit:
945 2619 1037 2640 noceat
1066 2638 1067 2643 ,

247 2644 363 2675 nemini,
376 2646 429 2671 nisi
444 2646 583 2675 lacessitus
595 2650 703 2676 iniuria.
744 2649 815 2682 Quid
826 2649 906 2685 ergo?
924 2651 972 2677 Hic
983 2659 1035 2678 non

260 197 345 224 »idi-ri
356 205 384 223 se
396 204 453 222 esse
465 195 647 231 prudentiam,
667 194 714 221 aed
731 194 806 221 abest
821 195 854 221 nb
870 203 899 220 ea
915 194 1049 229 distatque
1069 193 1079 218 Υ

1070 224 1072 237 l

1070 353 1073 386 l

257 457 325 482 seire
337 455 474 481 ‹lebuitdo
490 456 615 486 sanitate,
632 455 665 481 do
683 455 758 489 fuga,
776 455 808 481 de
825 455 917 487 furtis,
934 460 1050 490 praestat
1071 470 1072 474 =

914 124 949 150 M.
979 124 1009 151 T.
1040 124 1310 152 thtittoxts

1102 200 1206 226 noceat.
1228 196 1275 230 qui
1294 195 1410 230 quodam
1426 197 1503 231 quasi
1519 205 1620 223 veneno
1631 197 1759 232 perficiat,
1775 202 1802 224 ut
1815 206 1891 225 veros

1103 232 1214 259 heredes
1239 238 1355 263 moveat,
1383 233 1409 260 in
1437 242 1529 259 eorum
1555 233 1641 260 locum
1667 235 1724 270 ipse
1748 234 1892 262 succedat?

1102 270 1177 296 „Non
1200 272 1279 302 iqitur
1299 273 1406 303 facium«
1426 270 1535 305 (dixerit
1553 272 1637 306 quis.)
1658 275 1741 306 »quad
1766 274 1827 298 utute
1848 275 1889 300 sit.

1078 335 1079 341 ¹
1101 309 1167 341 quoa
1185 306 1337 340 expediam«
1358 307 1441 334 lmmo
1453 307 1597 343 intelligat,
1613 308 1680 335 nihil
1693 318 1741 336 nec
1752 309 1889 344 expedire.

1102 354 1149 371 nec
1165 343 1228 370 utile
1240 352 1312 374 esse.
1325 344 1396 379 quod
1408 345 1443 371 sit
1454 345 1594 372 iniustum.
1634 345 1686 372 ttoc
1697 347 1744 381 qui
1756 356 1807 373 non
1819 346 1892 373 didi-

1100 382 1174 411 cerit,
1189 381 1274 407 bonus
1286 382 1327 407 vir
1341 390 1399 408 esse
1411 390 1460 408 non
1474 382 1579 417 poterit.
1613 383 1656 409 77.
1669 383 1814 410 Fimbriam
1827 393 1891 410 con-

1101 419 1216 445 sularem
1238 418 1380 445 audiebam
1396 419 1429 445 de
1445 424 1518 454 patre
1535 424 1623 446 nostro
1639 428 1705 454 puer
1721 420 1836 447 iudicem
1854 420 1890 447 M.

1102 456 1204 482 Lutatio
1220 455 1340 482 Pinthiae
1364 455 1461 486 fuisse,
1483 457 1567 491 equiti
1588 457 1704 484 nomano
1723 466 1786 484 sane
1808 457 1892 484 bone-

1100 499 1154 522 sto,
1181 502 1266 528 quum
1289 493 1310 519 is
1334 494 1505 528 sponsionem
1530 493 1650 524 fecisset,
1679 503 1706 521 iu
1732 503 1780 521 vu
1801 504 1892 522 sons

1101 540 1198 556 esser.
1238 531 1328 565 ltaque
1351 531 1376 557 ei
1399 530 1501 557 dixisse
1522 530 1683 562 Fimbriam,
1700 540 1726 557 se
1745 533 1816 558 illam
1839 541 1892 558 rem

1100 577 1238 601 numquam
1256 570 1443 599 iudicaturum,
1467 577 1497 593 ne
1511 573 1556 594 out
1570 570 1692 601 spoliaret
1709 571 1779 602 sama
1795 570 1891 602 proba-

1076 615 1078 639 !
1100 611 1151 631 tum
1165 607 1295 635 hominem,
1309 607 1333 630 ai
1344 610 1432 631 contra
1444 607 1620 638 iudicat-ineu
1637 610 1683 632 aut
1692 608 1811 632 statuisse
1821 608 1891 632 vide-

1076 641 1078 667 ἰ
1099 647 1178 671 retur,
1194 645 1276 668 virum
1291 644 1382 668 borium
1395 644 1505 676 aliquem
1519 651 1578 671 csse,
1590 652 1667 676 quum
1681 652 1710 669 ea
1724 651 1765 669 τις
1776 645 1890 668 innume-

1076 679 1077 713 ]
1099 681 1224 706 rabilibus
1247 681 1338 712 officiis
1357 684 1378 705 et
1398 681 1516 706 laudibus
1530 683 1710 706 contineretur.
1751 679 1817 706 ttuic
1839 679 1892 715 igi-

1076 721 1077 743 t
1099 722 1142 743 tur
1153 717 1210 743 viro
1221 716 1303 746 bono,
1316 725 1396 751 quem
1410 716 1526 742 Fimbria
1538 717 1627 746 etiam.
1641 725 1692 743 non
1705 716 1783 743 modo
1797 716 1891 743 Socra-

1099 759 1138 780 tes
1156 759 1277 784 noverat.
1295 752 1369 780 nullo
1385 753 1463 780 modo
1479 753 1565 780 videri
1581 759 1667 789 potest
1681 753 1831 789 quidquam
1847 762 1891 780 es-

1098 800 1126 818 se
1138 791 1212 821 utile,
1225 790 1296 826 (μιοιῙ
1309 799 1360 817 non
1373 790 1514 817 honestum
1526 791 1571 817 sit.
1611 791 1700 826 ltaque
1713 790 1772 817 talis
1784 791 1825 817 vir
1838 799 1890 817 non

1099 828 1176 856 modo
1193 828 1291 858 facere.
1308 827 1355 854 sed
1371 836 1404 854 ne
1419 829 1535 864 cogitare
1550 827 1660 863 quidem
1676 827 1826 863 quidquam
1841 835 1892 854 au-

1097 866 1183 897 debit,
1209 865 1280 900 quod
1293 874 1344 891 non
1356 865 1452 892 audeat
1462 865 1625 900 praedicare.
1666 865 1734 891 llaec
1748 874 1798 891 non
1814 870 1891 900 turpe

1075 912 1077 932 t
1097 904 1269 931 estdubitare
1284 902 1472 937 philosophos,
1488 911 1556 938 quae
1574 911 1605 929 ne
1617 903 1710 929 rustici
1721 901 1890 937 quidemdu-

1075 934 1076 940 ,
1098 940 1199 968 bitent‘?
1227 949 1240 967 a
1256 939 1357 974 quibus
1373 945 1464 966 natum
1480 945 1520 966 est
1537 939 1577 970 id,
1593 939 1664 974 quod
1683 940 1734 966 iam
1746 939 1890 966 contritum

1074 974 1077 1004 Ξ
1097 983 1137 1005 est
1153 982 1282 1004 vetustate
1299 977 1482 1011 proverbium.
1521 976 1610 1009 Quum
1626 977 1698 1003 enim
1714 976 1793 1002 fidem
1805 975 1891 1003 alicu-

1098 1017 1141 1042 ius
1157 1015 1356 1048 bonitatemque
1372 1013 1492 1045 laudant;
1520 1017 1622 1047 clinnum
1637 1022 1696 1040 esse
1707 1013 1814 1044 dicunt,
1832 1015 1890 1047 qui-

1099 1062 1153 1079 cum
1168 1055 1193 1078 in
1215 1054 1323 1078 tem-teris
1345 1054 1430 1078 mices.
1471 1051 1523 1078 noc
1548 1059 1628 1086 quam
1652 1050 1731 1077 habet
1747 1051 1816 1081 vim,
1837 1050 1890 1076 nisi

1097 1089 1185 1120 ittam,
1207 1088 1274 1115 nihil
1292 1088 1433 1123 expedire,
1450 1088 1521 1123 quod
1536 1097 1587 1114 non
1603 1087 1710 1118 deceat,
1730 1088 1809 1114 etiam
1827 1087 1850 1113 si
1862 1086 1890 1113 id

1097 1128 1199 1162 possis,
1217 1125 1291 1152 nullo
1307 1125 1456 1155 refellente,
1473 1124 1611 1152 obtinere?
1635 1126 1676 1151 78.
1697 1124 1826 1154 Videsne,
1841 1123 1890 1150 boc

1097 1163 1239 1198 proverbio
1254 1171 1340 1198 neque
1356 1163 1427 1199 Gygi
1442 1162 1481 1189 illi
1497 1170 1575 1197 posse
1591 1163 1697 1188 veniam
1713 1161 1785 1192 dari,
1802 1169 1890 1196 neque

1097 1201 1174 1232 huic,
1192 1209 1272 1235 quem
1285 1199 1374 1235 paullo
1388 1205 1448 1227 ante
1460 1199 1594 1235 fingebam
1620 1199 1766 1235 digitorum
1778 1206 1891 1233 percus-

1096 1239 1171 1265 sione
1199 1237 1362 1264 hereditates
1391 1237 1512 1264 omnium
1537 1244 1616 1272 posse
1641 1234 1816 1263 converrere?
1856 1234 1890 1262 Ut

1096 1278 1167 1302 enim
1176 1296 1182 1306 ,
1198 1274 1269 1310 quod
1282 1279 1358 1310 turpe
1369 1279 1422 1306 est,
1440 1273 1476 1305 id,
1488 1274 1613 1309 quamvis
1624 1273 1784 1304 occultetur,
1801 1277 1890 1299 tamen

1096 1313 1237 1339 honestum
1259 1312 1316 1338 fieri
1337 1311 1411 1338 nullo
1426 1310 1504 1338 modo
1519 1316 1618 1346 potest:
1645 1311 1698 1342 sic,
1717 1309 1791 1346 quod
1807 1309 1891 1336 hone-

1095 1355 1166 1377 stum
1186 1358 1237 1376 non
1249 1354 1301 1381 est,
1320 1349 1347 1376 id
1359 1349 1424 1376 utile
1435 1354 1464 1376 ut
1473 1350 1522 1380 sit,
1535 1348 1606 1375 effici
1618 1357 1668 1375 non
1681 1352 1780 1383 potest,
1793 1346 1890 1374 adver-

1095 1393 1169 1414 sante
1179 1392 1204 1413 et
1215 1391 1380 1422 repugnante
1391 1391 1494 1413 natura.
1530 1385 1593 1412 XX.
1608 1387 1650 1412 79.
1665 1386 1697 1412 At
1708 1385 1790 1415 enim,
1802 1392 1889 1419 quum

1072 1438 1073 1447 π
1095 1433 1239 1460 permagna
1251 1425 1369 1459 praemia
1382 1429 1458 1453 sunt,
1471 1428 1511 1450 est
1521 1431 1615 1450 caussa
1630 1421 1768 1458 peccandi.
1790 1421 1820 1448 C.
1832 1421 1890 1447 Ma-

1095 1464 1152 1489 rius
1167 1470 1252 1497 quum
1264 1469 1278 1487 a
1289 1470 1336 1496 spe
1350 1461 1505 1488 consulatus
1517 1460 1594 1496 longe
1605 1459 1723 1490 abesset,
1741 1464 1766 1486 et
1781 1459 1832 1485 iam
1845 1466 1889 1500 se-

1094 1501 1210 1535 ptimum
1231 1507 1330 1526 annum
1352 1504 1411 1533 post
1434 1503 1584 1533 praeturam
1606 1498 1702 1523 iaceret
1718 1503 1805 1531 neque
1819 1500 1890 1530 peti-

1095 1543 1172 1564 turus
1187 1545 1316 1572 umquam
1332 1535 1501 1562 consulatum
1517 1534 1666 1563 videretur,
1694 1533 1724 1566 Q.
1739 1532 1886 1563 Metellum,

1094 1575 1173 1601 cuius
1189 1574 1292 1609 legatus
1305 1578 1374 1604 erat,
1396 1581 1535 1599 summum
1546 1573 1636 1598 virum
1647 1576 1673 1598 et
1683 1572 1785 1601 civem,
1802 1578 1888 1605 quum

1094 1612 1127 1639 ab
1149 1620 1192 1642 eo,
1216 1612 1374 1646 imperatore
1390 1618 1453 1641 suo,
1475 1609 1586 1636 Romam
1603 1609 1703 1635 missus
1719 1612 1802 1638 esset.
1815 1605 1888 1642 apud

1071 1657 1073 1661 ·
1094 1648 1225 1684 populum
1241 1649 1390 1675 Romanum
1407 1647 1566 1674 criminatus
1581 1651 1634 1677 est,
1651 1647 1742 1672 bellum
1758 1646 1828 1671 ittam
1840 1646 1888 1670 du-

1095 1696 1163 1718 cere;
1195 1689 1218 1713 si
1231 1695 1258 1712 se
1280 1686 1405 1712 consulem
1423 1687 1552 1718 fecissent,
1577 1685 1648 1710 brevi
1663 1687 1772 1715 tempore
1788 1685 1834 1707 aut
1848 1683 1888 1708 ri-

1095 1733 1164 1754 vum,
1185 1728 1230 1749 aut
1248 1727 1374 1749 mortuum
1388 1722 1539 1754 Iuyurtham
1556 1729 1583 1746 se
1601 1723 1626 1746 in
1640 1724 1785 1753 potestatem
1799 1719 1889 1752 populi

1094 1761 1201 1786 Romani
1224 1762 1395 1786 redacturum.
1435 1759 1526 1792 Itaque
1547 1756 1632 1783 factus
1657 1761 1696 1782 est
1715 1755 1760 1782 ille
1775 1755 1886 1791 quidem

1093 1797 1201 1828 consul,
1222 1796 1269 1823 sed
1285 1805 1299 1823 a
1315 1795 1366 1822 fide
1379 1795 1534 1829 iustitiaque
1545 1794 1682 1824 discessit,
1694 1794 1741 1828 qui
1753 1793 1886 1827 optimum

1094 1840 1119 1861 et
1133 1834 1326 1870 gravissimum
1337 1833 1425 1859 civem
1433 1853 1439 1862 ‚
1456 1832 1535 1858 cuius
1547 1830 1650 1867 legatus
1661 1835 1710 1856 eta
1721 1838 1775 1865 quo
1786 1830 1887 1856 missus

1094 1876 1177 1902 esset,
1195 1871 1222 1897 in
1240 1870 1370 1897 invidiam
1387 1869 1454 1896 falso
1468 1869 1581 1895 crimine
1597 1867 1748 1895 adduxerit.
1789 1868 1831 1893 80.
1848 1867 1886 1893 Ne

1093 1913 1183 1935 noster
1203 1908 1313 1943 quidem
1335 1906 1508 1934 Gratidianus
1527 1905 1616 1932 officio
1631 1905 1694 1931 boni
1710 1904 1762 1930 viri
1778 1903 1887 1930 functus

1071 1954 1073 1961 ·
1093 1951 1133 1972 est
1149 1951 1219 1975 tum,
1237 1954 1322 1980 quum
1337 1949 1442 1979 praetor
1457 1948 1540 1973 esset,
1563 1942 1764 1978 collegiumque
1781 1946 1887 1976 praeto-

1071 1995 1072 1998 *
1094 1991 1154 2009 rum
1175 1982 1276 2009 tribuni
1297 1981 1370 2017 plebi
1395 1981 1597 2010 adhibuissent,
1624 1984 1653 2006 ut
1673 1987 1715 2005 res
1735 1978 1886 2005 nummaria

1070 2010 1073 2039 l
1094 2020 1127 2046 de
1156 2019 1294 2046 communi
1323 2019 1454 2045 sententia
1478 2017 1698 2044 constitueretur:
1738 2015 1886 2042 iactabatur

1070 2046 1073 2074 l
1093 2058 1165 2083 enim
1185 2056 1352 2091 temporibus
1367 2055 1422 2082 illis
1433 2063 1575 2085 nummus,
1595 2054 1648 2084 sic,
1665 2058 1693 2079 ut
1709 2061 1787 2079 nemo
1795 2056 1886 2087 posset

1070 2086 1072 2094 ’
1093 2095 1170 2125 scire,
1183 2094 1250 2129 quid
1262 2093 1380 2120 haberet.
1407 2092 1629 2126 Conscripserunt
1638 2090 1817 2117 communiter
1827 2089 1886 2115 edi-

1092 2137 1165 2158 ctum
1185 2140 1247 2157 cum
1263 2139 1347 2165 poena
1362 2134 1442 2165 atque
1458 2129 1559 2156 iudicio
1576 2129 1840 2162 constitueruntque,
1858 2131 1885 2153 ut

1091 2178 1176 2195 omnes
1191 2170 1268 2195 simul
1282 2170 1308 2194 in
1325 2172 1410 2193 rostra
1427 2171 1484 2200 post
1500 2168 1629 2192 meridiem
1647 2166 1814 2191 escenderent.
1851 2163 1886 2191 Et

1062 2202 1064 2212 ²
1091 2207 1173 2232 ceteri
1188 2205 1299 2240 quidem
1315 2204 1385 2231 alius
1400 2203 1465 2235 alio,
1487 2203 1588 2230 Marius
1603 2202 1637 2228 ab
1652 2200 1791 2228 subselliis
1802 2201 1830 2227 in
1841 2208 1883 2227 ro—

1091 2248 1144 2269 stra
1155 2248 1237 2273 recta,
1253 2242 1348 2277 idque,
1365 2241 1438 2276 quod
1448 2241 1626 2267 communiter
1636 2238 1814 2274 compositum
1825 2236 1883 2264 fue-

1091 2285 1138 2311 rat,
1151 2279 1225 2306 solus
1236 2279 1331 2306 edixit.
1371 2279 1404 2305 Et
1414 2287 1444 2304 ea
1454 2287 1506 2309 res,
1522 2279 1547 2304 si
1556 2277 1678 2312 quaeris,
1691 2277 1717 2302 ei
1728 2283 1824 2310 magno
1834 2273 1884 2301 ho—

1068 2329 1070 2338 r
1090 2318 1149 2344 nori
1172 2316 1231 2343 fuit.
1271 2316 1404 2343 Omnibus
1420 2316 1488 2342 vicis
1503 2320 1618 2345 statuae3
1641 2313 1675 2340 ad
1689 2321 1734 2339 eas
1750 2312 1821 2342 thus,
1838 2319 1883 2337 ce-

1090 2355 1138 2381 rei.
1178 2353 1249 2386 Quid
1271 2352 1372 2380 multa?
1406 2361 1484 2379 nemo
1499 2359 1629 2387 umquam
1645 2348 1811 2377 multitudini
1830 2348 1882 2375 fuit

1089 2392 1185 2418 carior.
1226 2392 1268 2417 8¹.
1288 2391 1357 2417 Haec
1372 2394 1448 2421 sunt,
1465 2398 1534 2424 quae
1552 2387 1711 2415 conturbant
1720 2386 1842 2427 homines
1854 2386 1880 2412 in

1089 2428 1282 2455 deliberatione
1296 2435 1508 2462 nonnumquam,
1522 2434 1607 2461 quum
1619 2424 1655 2455 id,
1669 2425 1695 2451 in
1706 2421 1882 2457 quoviolatur

1090 2466 1224 2500 aequitas,
1241 2473 1293 2491 non
1309 2465 1345 2491 ita
1360 2472 1503 2500 magnum,
1519 2462 1588 2490 illud
1599 2467 1700 2492 autem,
1719 2459 1792 2494 quod
1805 2467 1881 2501 exeo

1088 2503 1206 2537 paritur,
1227 2510 1405 2537 permagnum
1425 2500 1546 2527 videtur:
1567 2504 1597 2526 ut
1611 2498 1706 2527 Mario,
1729 2504 1880 2531 praeripere

1066 2557 1068 2563 »
1087 2539 1199 2575 collegis
1218 2544 1244 2565 et
1263 2539 1380 2565 tribunis
1399 2537 1487 2573 plebis
1505 2535 1662 2572 popularem
1681 2534 1810 2576 gratiam3
1827 2542 1880 2560 non

1088 2577 1124 2603 ita
1135 2582 1225 2611 turpe,
1243 2575 1381 2602 consulem
1396 2575 1431 2601 ob
1442 2583 1500 2601 eam
1511 2582 1567 2600 rem
1578 2572 1649 2602 fieri.
1667 2571 1739 2606 quod
1757 2570 1811 2597 sibi
1822 2575 1880 2597 tum

1086 2618 1268 2648 proposuerat,
1282 2612 1360 2639 valde
1370 2611 1436 2638 utile
1446 2611 1597 2637 videbatur.
1633 2608 1684 2635 Sed
1693 2608 1816 2635 omnium
1826 2615 1880 2634 una

1065 2669 1068 2674 ι
1087 2650 1180 2687 regula
1194 2655 1241 2682 est,
1258 2658 1340 2685 quam
1355 2649 1405 2676 tibi
1419 2648 1498 2684 cupio
1509 2655 1568 2674 esse
1579 2646 1760 2674 notissimam:
1787 2649 1833 2671 aut
1846 2645 1879 2670 il-
