1941 3052
797 128 853 152 too.
885 126 920 152 M.

226 128 273 154 955

226 197 320 231 diligo.
362 197 484 223 Clodium
507 196 555 221 tibi
572 196 1018 222 amicissimumexistimacivem-

225 244 278 270 quc
291 234 368 261 talem
378 255 383 263 ,
401 233 490 268 qualis
504 238 528 259 vt
545 232 783 267 prudentissimus,
797 238 822 259 ct
834 233 937 259 fortuna
949 234 1019 267 upti-
1038 229 1040 250 ἶ

226 281 267 298 mu
282 281 340 297 csse
351 271 439 296 ‹teba-t.

278 363 304 384 ΙΙ.
322 363 337 382 A
348 363 364 382 l<
372 363 398 382 G.
415 362 498 383 Aut-tur
509 362 624 389 respondet
636 361 745 388 epi-tolu-
755 362 915 383 :locutionibus
922 362 1018 389 quinque

225 405 237 418 ι
253 397 369 418 Dolabella
387 397 408 416 in
423 397 584 417 Ulmanus-aum
596 396 684 420 minin.
705 397 796 424 rituque
806 397 936 418 clementiam
949 401 1016 421 notat,

224 436 245 452 ct
257 432 329 452 laudat
341 431 458 452 munitium
472 431 532 452 timii
545 439 591 451 cum
604 432 704 458 per-equi
715 432 842 457 rogitantis.
864 433 887 453 ln
899 433 1018 453 mliii-›ni-

225 467 352 487 num-turibii·
366 466 504 487 ‹timittc-mti-
515 466 651 486 clementiam
665 467 726 486 Bruti
738 467 886 494 reprehendit,
901 472 921 487 et
933 475 985 488 ιιιιι
995 468 1017 488 in

224 501 344 522 Amanium
360 501 481 522 inu-crim·
498 501 604 522 defendit.
629 501 652 521 Ιιι
663 501 703 522 linc
717 502 813 529 epi-toln
824 503 900 523 minim
912 506 957 527 ent,
974 510 1017 523 mn·-

223 536 304 557 murnri
316 536 337 556 in
349 536 457 556 iii-«litium
469 536 568 557 exercitu
580 539 683 560 (Quintium
695 536 810 560 legionem,
823 545 864 557 nnn
878 538 944 558 Bruto
955 538 1016 562 iture,

224 572 261 592 ned
272 571 294 591 in
307 571 370 591 ltalia
382 571 512 592 :militantem
524 571 618 591 scilicet.
636 571 721 591 Deinde
732 579 774 592 non
782 573 1016 596 adinodumcredibilc,

225 607 353 627 Ciceronem
365 614 376 626 n
389 607 455 627 Bruto
467 614 477 627 r·
489 606 618 627 Macedonia
627 606 739 633 arte-pinc-
748 610 802 627 xlv.
812 607 862 627 Kal.
873 608 925 628 Mai.
934 608 1016 635 epistu-

224 641 265 662 lam
276 642 303 662 tle
313 641 418 666 Antonio,
430 641 519 662 xixduni
530 645 597 662 xx'lt.
608 641 658 662 Kal.
672 642 697 661 nd
709 642 814 662 Mutinam
826 642 892 667 iic-to,
904 643 1015 670 neriptum.

224 677 250 698 ud
262 684 324 704 quam
335 677 370 697 Ιιίι
381 677 463 697 littei-ix
475 676 616 704 rospumtiuan
627 677 697 696 fernu-

420 726 454 751 M.
485 725 514 752 C.
547 725 574 751 S.
606 725 636 751 Ι).
666 725 822 752 BRUTO.

282 773 304 797 i.
328 766 435 805 Scripta
447 775 471 796 ct
483 770 621 805 obsignata
635 770 686 796 iam
698 770 819 804 epistola,
835 771 936 797 litterae
948 771 1015 797 mibi

223 808 341 835 redditae
353 813 439 834 sunta
453 812 485 836 te,
495 807 589 842 plenae
602 816 689 833 rerum
703 816 831 834 novarum
844 809 1015 843 maximeque

223 845 400 872 mirabilium.
442 844 603 870 Dolabellam
624 845 745 879 quinque
766 846 887 872 cohortes
908 847 1015 872 misisse

222 884 249 909 in
261 882 476 909 Chersonesum?
506 882 612 908 Adeone
626 883 711 916 copiis
723 882 854 913 abundat,
873 888 902 909 ut
914 884 949 913 is,
967 884 1015 918 qui

222 929 255 946 ex
267 921 328 946 Asia
342 920 433 954 lugere
444 919 592 948 dicebatur,
606 920 740 954 Europam
752 925 875 954 appetere
889 920 1017 946 conetur?

221 958 347 992 Quinque
364 962 452 983 autem
467 957 621 982 cohortibus
633 957 699 991 quid
712 966 740 983 se
755 966 815 983 nam
829 957 960 984 facturum
974 967 1016 983 ar-

223 995 335 1021 bitratus
347 999 400 1025 est,
417 1003 502 1029 quum
518 999 544 1020 tu
557 1002 587 1019 οο
598 995 720 1028 quinque
733 994 865 1029 legiones,
882 996 1014 1029 optimum

221 1033 385 1066 equitatum,
408 1032 525 1057 maxima
546 1031 646 1057 auxilia
662 1031 792 1057 haberes‘?
821 1041 888 1066 quas
903 1032 1015 1066 quidem

221 1069 342 1095 cohortes
363 1078 441 1103 spero
457 1069 509 1094 iam
526 1073 584 1094 tuas
596 1077 668 1099 esse,
686 1070 813 1103 quoniam
830 1069 894 1095 latro
907 1069 950 1095 ille
963 1074 1014 1095 tani

223 1106 272 1132 fuit
283 1106 404 1132 demens.
445 1108 469 1132 2.
486 1106 517 1132 Et
528 1110 602 1132 tuum
618 1106 762 1132 consilium
774 1107 947 1132 vehementer
958 1107 1016 1133 lau·

221 1143 254 1169 «lo
263 1164 268 1173 ,
291 1143 363 1178 quod
376 1152 426 1169 non
439 1144 514 1177 prius
526 1144 673 1169 exercitum
686 1143 824 1177 Apollonia
837 1143 1016 1179 Dyrrhachio-

221 1189 273 1215 que
285 1181 402 1210 movisti,
416 1189 497 1214 quam
509 1180 542 1206 de
553 1180 661 1206 Antonii
674 1180 736 1216 suga
748 1181 856 1212 audisti,
869 1182 943 1207 Bruti
954 1189 1017 1207 eru-

221 1219 324 1252 ptione,
347 1218 439 1252 populi
453 1218 563 1243 Romani
575 1218 696 1244 victoria.
737 1219 841 1252 Itaque,
864 1218 938 1252 quod
949 1219 1017 1244 scri-

221 1255 272 1285 bis,
287 1260 375 1289 postea
388 1255 513 1281 statuisse
524 1259 548 1281 tc
560 1254 657 1280 ducere
669 1256 815 1281 exercitum
830 1256 854 1281 in
867 1256 1017 1282 Chersone-

220 1301 294 1322 suni,
316 1301 363 1318 nec
376 1293 443 1326 pati,
462 1291 669 1318 sceleratissimo
681 1292 751 1318 hosti
764 1292 881 1319 ludibrio
893 1301 952 1319 esse
964 1293 1016 1319 im—

220 1330 324 1364 perium
342 1329 435 1364 populi
452 1329 573 1359 Romani,
592 1329 657 1355 sacis
668 1338 701 1356 ex
712 1335 755 1356 tua
768 1330 898 1365 dignitate
909 1335 934 1356 et
948 1339 961 1356 e
973 1339 1016 1356 re-

220 1367 340 1401 publica.
374 1369 397 1392 3.
420 1366 496 1398 Quod
509 1366 606 1392 scribis
618 1366 651 1392 de
663 1366 803 1396 seditione,
817 1376 885 1402 quae
897 1367 964 1394 sacta
975 1372 1016 1394 est

220 1405 246 1430 in
261 1403 363 1438 legione
375 1404 486 1435 Quarta,
504 1403 537 1429 de
550 1405 681 1434 Antoniis,
699 1404 736 1438 (in
748 1404 845 1430 bonam
856 1410 958 1439 partem
971 1413 1016 1431 ac-

219 1441 326 1475 cipies)
337 1442 423 1476 magis
438 1440 506 1467 mihi
517 1441 644 1475 probatur
656 1441 773 1467 militum
785 1443 923 1473 severitas,
932 1451 1014 1477 quam

220 1484 274 1505 tua.
306 1479 341 1504 Te
354 1478 570 1504 benevolentiam
583 1479 717 1504 exercitus
729 1480 907 1514 equitumque
918 1488 1015 1514 exper-

218 1521 276 1541 tum
288 1524 346 1541 esse
358 1515 531 1542 vehementer
541 1515 655 1551 gaudeo.
681 1517 704 1542 4.
712 1516 748 1542 De
758 1516 903 1548 Dolabella,
912 1518 1015 1543 utscri-

218 1553 270 1583 bis,
292 1554 316 1579 si
327 1552 394 1587 quid
405 1552 488 1579 habes
499 1554 576 1583 novi,
594 1552 675 1579 facies
691 1562 732 1579 me
743 1554 898 1580 certiorem:
921 1555 948 1580 in
960 1563 1014 1589 quo

220 1590 297 1617 valde
309 1590 433 1621 delector,
447 1599 490 1616 me
501 1595 560 1616 ante
572 1590 733 1624 providisse,
751 1596 781 1617 ut
791 1596 867 1617 tuum
880 1591 1013 1618 iudicium

219 1628 336 1654 liberum
352 1632 422 1654 esset
432 1636 495 1654 cum
509 1627 644 1654 Dolabella
656 1627 720 1654 belli
731 1628 857 1663 gerendi:
880 1634 906 1655 et
917 1629 944 1655 id
956 1628 1015 1655 val-

219 1665 253 1691 de
269 1666 411 1700 pertinuit,
431 1670 460 1691 ut
471 1673 520 1700 ego
532 1669 588 1691 tum
600 1665 798 1700 intelligebam,
817 1666 851 1692 ad
862 1666 1014 1701 rempubli-

217 1711 290 1733 cam,
309 1707 338 1729 ut
354 1711 425 1729 nunc
438 1702 542 1733 iudico,
561 1702 593 1728 ad
604 1702 763 1738 dignitatem
775 1708 858 1730 tuam.
889 1705 915 1730 5.
935 1703 1013 1736 Quod

217 1739 324 1770 scribis,
333 1748 376 1765 me
388 1740 506 1766 maximo
517 1740 569 1766 otio
581 1740 678 1775 egisse,
688 1741 1010 1772 utinsectarerAntonios‚

217 1777 301 1812 idque
313 1777 420 1809 laudas3
446 1776 525 1803 credo
536 1777 571 1803 ita
586 1777 672 1803 videri
684 1777 747 1804 tibi:
770 1777 817 1804 sed
828 1777 903 1804 illam
914 1778 1013 1804 distin-

218 1815 332 1841 ctionem
344 1819 417 1841 tuam
429 1814 503 1840 nullo
515 1818 590 1849 paeto
601 1814 694 1848 probo.
716 1814 818 1841 Scribis
829 1816 910 1846 enim,
924 1819 1013 1842 acrius

214 1853 372 1885 prohibenda
388 1853 453 1877 bella
464 1853 551 1878 civilia
563 1860 622 1882 esse,
635 1860 711 1885 quam
722 1854 750 1878 in
761 1857 895 1885 superatos
905 1855 1013 1879 iracun-

217 1891 287 1915 diam
298 1890 475 1915 exercendam.
501 1888 679 1914 Vehementer
689 1897 703 1914 a
717 1894 750 1919 te,
764 1889 853 1920 Brute,
866 1889 1009 1916 dissentio:

217 1934 267 1952 nec
282 1925 439 1952 clementiae
454 1930 514 1952 tuae
525 1925 655 1957 concedo,
687 1925 735 1952 sed
746 1926 871 1953 salutaris
882 1928 1012 1954 severitas

217 1963 303 1989 vincit
316 1963 423 1989 inanem
435 1963 553 1997 speciem
563 1962 730 1989 clementiae.
770 1963 846 1995 Quod
858 1965 882 1990 si
893 1964 1013 1991 clemen-

217 2005 256 2026 tes
271 2009 330 2026 esse
342 1999 521 2030 voluerimus,
541 2008 690 2034 numquam
703 2000 816 2027 deerunt
827 2001 897 2028 bella
908 2002 1010 2028 civilia.

217 2037 270 2063 Sed
289 2037 322 2063 de
338 2037 388 2063 hoc
404 2042 431 2063 tu
447 2036 559 2063 videris.
600 2038 635 2063 De
651 2046 694 2063 me
708 2046 819 2072 possum
835 2038 922 2070 idem,
938 2039 1012 2074 quod

216 2074 358 2101 Plautinus
369 2079 444 2109 pater
456 2074 482 2100 in
494 2075 665 2100 Trinummo:

272 2113 338 2138 Mune·
348 2114 448 2145 quidem
463 2116 535 2138 aetas
549 2115 609 2138 άεια
626 2115 704 2145 ferme
718 2117 768 2138 est:
793 2116 837 2139 nia
853 2116 918 2140 istuc
934 2117 1011 2148 refert
1038 2135 1039 2138 ,

640 2158 761 2175 maxime.

216 2189 241 2213 (5.
264 2185 472 2221 Opprimemini,
490 2185 567 2220 (mihi
581 2186 680 2221 crede,)
691 2187 780 2218 Brute,
794 2187 847 2213 nisi
858 2188 1011 2222 provideri-

215 2224 260 2250 tis.
301 2225 394 2258 Neque
410 2224 482 2249 enim
498 2223 629 2258 populum
641 2232 748 2258 semper
758 2224 884 2251 eumdem
896 2225 1011 2252 habehi-

216 2261 263 2291 tis,
287 2269 374 2296 neque
390 2265 513 2287 senatum
529 2269 615 2295 neque
630 2266 738 2288 senatus
749 2261 856 2288 ducem.
896 2263 965 2289 Haec
976 2271 1010 2290 ex

215 2298 323 2325 oraculo
333 2297 467 2332 Apollinis
479 2298 569 2333 Pythii
579 2298 650 2324 edita
661 2299 710 2325 tibi
721 2304 796 2334 puta.
837 2299 911 2326 Nihil
923 2305 1010 2335 potest

214 2344 273 2362 esse
285 2335 387 2362 verius.
408 2343 466 2361 xum
479 2334 592 2361 Kalend.
608 2336 701 2362 Maias.

267 2421 306 2441 111.
323 2421 400 2442 ΑΚΘ.
417 2421 501 2442 Auctor
514 2421 656 2442 Octavianum
670 2421 757 2446 laudat,
773 2424 794 2442 et
808 2421 918 2442 laetitiam
927 2422 1010 2444 Romae

215 2460 227 2474 e
236 2454 330 2475 victoria
344 2455 457 2476 consulum
469 2459 490 2476 et
500 2456 526 2476 D.
539 2456 602 2476 Bruti
612 2460 682 2476 urtam
691 2460 852 2477 commemorat.
875 2457 1009 2478 Liberalita-

215 2492 258 2509 tern
272 2489 319 2510 eius
333 2490 357 2510 in
371 2490 491 2511 seditionis
505 2491 633 2512 auctoribus
648 2491 779 2518 reprehendi
789 2492 882 2516 Romae,
902 2495 925 2512 et
934 2499 1008 2513 omnes

215 2523 353 2544 Antonianos
364 2524 439 2546 hostes
449 2526 560 2546 iudicatos
569 2533 619 2546 esse.
628 2526 714 2547 scribit.
743 2526 873 2553 Suspectum
884 2530 919 2548 est
928 2531 1007 2552 autem,

215 2558 272 2584 quod
291 2558 368 2579 Cicero
387 2560 457 2586 primo
476 2567 540 2587 aegre
559 2561 606 2581 fere
624 2560 699 2582 lauant
713 2561 816 2582 consules
830 2561 871 2582 hae
885 2561 908 2582 in
924 2561 1007 2589 episto-

215 2627 262 2647 ntem
273 2627 338 2648 laude
347 2627 505 2655 plenissimam,
516 2631 662 2657 deindo-quud
672 2631 766 2650 nondum
777 2631 859 2651 certiur
869 2631 940 2652 factus
950 2631 1007 2652 ceci-

215 2661 277 2682 disse
287 2662 311 2682 in
321 2662 404 2690 praelio
414 2664 518 2690 Pansam,
529 2672 577 2686 euru
586 2665 672 2690 fugisse
683 2665 768 2686 scribit.

1038 353 1039 359 ¹
1071 364 1133 381 vcro
1148 356 1224 390 pueri
1240 355 1351 381 mirilico
1365 354 1467 381 indoles
1480 356 1595 382 virtutis.

1045 282 1047 303 l

952 126 983 153 Τ.
1013 126 1284 153 (Licuttoxis

1267 198 1301 223 M.
1332 197 1361 224 C.
1393 198 1421 224 5.
1453 198 1482 225 D.
1514 199 1532 225 B
1545 199 1562 225 it
1577 199 1669 226 UTo.

1128 245 1151 270 l.
1173 237 1288 269 Nostrae
1305 251 1346 268 res
1362 242 1465 270 meliori
1479 243 1534 271 loco
1546 245 1715 272 videbantur.
1756 244 1859 280 Scripta

1069 281 1142 307 enim
1157 280 1190 306 ad
1207 285 1230 306 te
1246 286 1316 306 certo
1331 281 1400 310 scio.
1417 289 1486 315 quae
1501 287 1573 315 'gc—sta
1589 288 1661 309 nunt.
1701 281 1799 314 Quales
1811 283 1860 310 tibi

1069 327 1148 352 saepe
1168 318 1264 352 scripsi
1280 317 1418 347 consuli-s,
1441 318 1506 344 talea
1521 320 1690 346 exstiterunt.
1740 319 1861 346 Caesaris

1637 357 1741 383 Utinam
1757 362 1810 383 tam
1822 356 1861 383 [a-

1069 392 1120 418 cile
1136 402 1212 421 eum,
1235 391 1370 418 florentem
1382 397 1406 418 et
1420 392 1566 418 honoribus
1577 398 1602 419 et
1613 395 1710 426 cratia,
1729 404 1819 427 regere
1831 403 1862 420 ac

1070 435 1158 456 tenc-rr·
1175 430 1324 464 possimus,
1347 438 1428 463 quam
1445 429 1521 455 lat-ile
1537 430 1625 456 adhuc
1641 432 1791 457 tenuimus!
1816 432 1862 457 Est

1069 467 1178 493 omnino
1200 467 1266 492 illud
1282 466 1436 493 difficilius:
1463 467 1510 493 sed
1527 472 1614 493 tamen
1631 477 1682 495 non
1697 468 1859 494 diffidimus.

1046 511 1047 514 ¹
1071 505 1228 530 Persuasum
1246 509 1286 530 est
1300 504 1371 530 enim
1384 504 1560 534 adolescenti,
1582 510 1607 531 et
1622 506 1737 531 maxime
1750 515 1796 540 per
1808 514 1858 535 me,

1069 542 1127 568 eius
1147 550 1226 576 opera
1248 550 1295 567 nos
1310 550 1369 567 esse
1383 541 1482 568 salvos.
1524 542 1650 572 Etcerte.
1672 543 1724 569 nisi
1741 544 1763 568 is
1780 544 1861 570 Anto-

1044 597 1046 603 .
1069 580 1144 605 nium
1156 579 1189 604 ab
1202 579 1270 605 Urbe
1283 580 1431 606 avertisset.
1446 579 1589 613 periissent
1601 580 1701 606 omnia.
1724 581 1748 606 2.
1761 580 1862 606 Triduo

1070 625 1144 646 vcro,
1163 621 1208 642 aut
1219 616 1363 650 quatriduo
1374 621 1433 642 ante
1446 617 1513 642 hanc
1528 625 1582 643 rem
1595 616 1813 651 pulcherrimam,
1827 618 1861 643 ti-

1038 674 1039 678 ,
1069 662 1140 679 more
1156 653 1272 688 quodam
1290 654 1411 687 perculsa
1428 654 1524 679 civitas
1541 659 1590 679 tota
1606 654 1637 679 ad
1651 659 1674 680 te
1686 663 1714 679 se
1724 663 1785 680 cum
1796 663 1861 680 con-

1038 689 1039 710 Ῑ
1069 691 1179 727 iugibus
1195 696 1220 716 et
1232 690 1324 716 liberis
1335 690 1498 716 effundebat.

1540 691 1648 721 Eadem,
1668 696 1782 717 recreata
1795 700 1819 717 a.
1831 691 1859 716 d.

1044 748 1045 751 η
1067 737 1115 754 χιι.
1134 728 1245 754 Kalend.
1263 728 1354 757 Maias,
1373 733 1396 754 te
1410 728 1461 753 huc
1474 729 1578 757 venire,
1596 737 1677 763 quam
1692 738 1720 754 sc
1731 729 1762 754 ad
1776 733 1799 755 te
1811 729 1859 758 ire,

215 2592 248 2617 ln,
266 2593 339 2613 eudem
356 2594 392 2614 die
402 2595 463 2619 datu,
484 2603 525 2622 qun
533 2595 591 2615 dixit
602 2595 752 2623 Philippienm
761 2599 818 2616 XIV.
831 2603 913 2616 summa
923 2603 1007 2617 eorum·
1028 2585 1030 2607 ,³
1058 2583 1106 2609 sed
1126 2584 1206 2609 etiam
1227 2583 1345 2609 maXimo
1365 2581 1398 2607 ad
1413 2581 1552 2607 Vicwriam
1567 2579 1733 2606 adiumento-

1026 2669 1037 2688 li

1068 765 1193 791 malebat.
1237 765 1295 797 Quo
1306 765 1416 800 quidem
1428 765 1471 791 (lic
1483 774 1640 800 magnorum
1653 774 1772 791 meorum
1788 765 1862 791 labo-

1067 812 1126 829 rum
1153 802 1352 837 multarumque
1378 802 1533 838 vigiliarum
1558 802 1674 829 fructum
1694 804 1753 837 cepi
1774 803 1862 829 niaxi-

1067 849 1155 870 mum,
1178 841 1201 866 si
1218 840 1296 866 modo
1311 845 1351 866 est
1366 840 1466 874 aliquis
1484 839 1585 866 fructus
1601 849 1634 866 ex
1646 840 1731 866 solida
1745 848 1861 874 veraque

1066 878 1160 911 gloria.
1193 878 1257 903 Nam
1271 882 1356 903 tanta(-
1369 877 1560 907 multitudinis,
1576 883 1702 912 quantam
1713 878 1784 912 capit
1796 877 1861 903 urbs

1067 919 1168 944 nostra,
1193 923 1341 941 concursus
1356 920 1396 940 est
1411 914 1444 940 ad
1460 923 1500 940 me
1514 914 1612 941 factus:
1635 924 1664 940 ea
1676 924 1760 949 quum
1775 922 1861 949 usque

1067 953 1094 978 in
1105 952 1266 987 Capitolium
1278 952 1420 982 deductus,
1437 953 1554 978 maximo
1565 952 1680 978 clamore
1692 957 1771 987 atque
1783 951 1861 986 plau-

1066 998 1097 1015 su
1116 991 1142 1015 in
1159 990 1250 1015 rostris
1265 989 1409 1015 collocatus
1423 998 1494 1015 sum.
1536 989 1608 1015 Nihil
1621 995 1660 1016 est
1673 991 1698 1015 in
1712 998 1753 1015 me
1766 990 1858 1015 inane:

1044 1032 1045 1040 ¹
1067 1035 1154 1061 neque
1170 1028 1241 1052 enim
1253 1026 1345 1052 debet:
1369 1026 1415 1052 sed
1429 1032 1515 1052 tamen
1526 1028 1648 1052 omnium
1659 1026 1785 1053 ordinum
1797 1035 1862 1052 con-

1067 1073 1172 1093 sensus,
1190 1065 1336 1097 gratiarum
1349 1065 1418 1090 actio
1428 1064 1676 1099 congratulatioque
1689 1072 1730 1089 me
1741 1072 1862 1089 commo-

1067 1106 1123 1133 vet,
1138 1106 1275 1136 propterea
1287 1101 1368 1136 quod,
1386 1101 1541 1135 popularem
1553 1110 1594 1127 me
1605 1110 1664 1127 esse
1676 1101 1702 1127 in
1714 1100 1807 1135 populi
1818 1109 1862 1126 sa-

1069 1138 1131 1168 lute,
1146 1138 1312 1173 praeclarum
1325 1143 1374 1164 est.
1396 1140 1420 1164 3.
1434 1138 1487 1164 Sed
1503 1138 1566 1164 haec
1579 1143 1602 1164 te
1610 1138 1796 1164 maloabaliis.
1819 1138 1861 1164 Me

1067 1175 1150 1201 velim
1165 1175 1198 1202 de
1213 1176 1266 1202 tuis
1279 1175 1360 1201 rebus
1371 1175 1547 1210 consiliisque
1559 1175 1641 1202 facias
1650 1175 1860 1211 diligentissime

1067 1214 1220 1239 certiorem:
1260 1212 1383 1247 illudque
1403 1212 1571 1243 consideres,
1595 1222 1628 1239 ne
1649 1218 1691 1239 tua
1714 1212 1860 1238 liberalitas

1067 1249 1223 1276 dissolutior
1241 1250 1374 1276 videatur.
1414 1250 1457 1276 Sic
1471 1251 1551 1276 sentit
1563 1255 1680 1279 senatus,
1694 1251 1732 1276 sic
1744 1249 1861 1284 populus

1067 1288 1211 1317 Romanus,
1221 1287 1310 1314 nullos
1325 1296 1454 1322 umquam
1467 1287 1556 1313 hostes
1567 1287 1704 1323 digniores
1715 1288 1862 1321 omnisup-

1066 1325 1148 1359 plicio
1160 1324 1253 1356 fuisse,
1266 1333 1348 1359 quam
1358 1333 1402 1351 eos
1414 1325 1497 1355 cives,
1511 1325 1558 1359 qui
1571 1324 1619 1351 hoc
1632 1324 1701 1351 bello
1712 1329 1802 1350 contra
1813 1333 1862 1359 pa-

1043 1370 1044 1373 *
1067 1363 1144 1389 triam
1156 1371 1227 1388 arma
1240 1367 1382 1397 ceperunt:
1398 1370 1466 1396 quos
1477 1362 1588 1397 quidem
1600 1371 1649 1398 ego
1660 1362 1787 1388 omnibus
1798 1370 1861 1388 sen-

1067 1400 1157 1426 tentiis
1173 1399 1288 1425 ulciscor
1309 1404 1336 1426 et
1359 1408 1518 1434 persequor,
1535 1399 1662 1426 omnibus
1674 1399 1752 1425 bonis
1764 1407 1861 1433 appro-

1067 1436 1205 1464 bantibus.
1246 1437 1285 1463 Tu
1301 1436 1368 1471 quid
1383 1436 1416 1462 de
1428 1436 1477 1462 hac
1489 1445 1516 1462 re
1527 1437 1635 1465 sentias,
1648 1437 1687 1462 tui
1700 1436 1794 1462 iudicii
1809 1441 1858 1462 est.

1066 1475 1122 1509 Ego
1142 1475 1181 1500 sic
1197 1474 1293 1504 sentio,
1310 1474 1391 1500 trium
1408 1473 1518 1500 fratrum
1536 1482 1616 1500 unam
1631 1479 1656 1499 et
1667 1473 1789 1499 eamdem
1801 1481 1860 1499 esse

1065 1520 1200 1538 caussam.
1223 1512 1246 1538 4.
1259 1510 1390 1537 Consules
1401 1511 1478 1541 duos,
1492 1511 1576 1537 bonos
1585 1511 1707 1546 quidem.
1720 1510 1768 1536 sed
1779 1510 1861 1537 dum-

1066 1554 1138 1575 taxat
1161 1549 1259 1579 bonos,
1278 1549 1431 1575 amisimus.
1471 1549 1574 1574 Hirtius
1585 1548 1697 1583 quidem
1708 1549 1735 1574 in
1748 1548 1806 1582 ipsa
1818 1548 1860 1574 vi-

1042 1602 1043 1610 ,
1065 1587 1146 1612 ctoria
1167 1586 1278 1616 occidit,
1300 1594 1387 1620 quum
1406 1587 1500 1620 paucis
1521 1585 1618 1612 diebus
1639 1594 1736 1621 magno
1759 1584 1860 1620 praelio

1302 1624 1369 1649 Nam
1381 1624 1465 1649 Pansa
1477 1622 1594 1658 fugerat,
1612 1622 1773 1648 vulneribus
1783 1630 1860 1648 acce-

1512 1660 1650 1695 Reliquias
1662 1660 1780 1686 hostium
1791 1659 1860 1685 Bru-

1065 1629 1125 1650 ante
1141 1624 1261 1649 vicisset.

1064 1661 1132 1695 ptis,
1149 1669 1218 1695 quae
1231 1660 1298 1686 serre
1309 1668 1361 1686 non
1375 1661 1471 1694 potuit.

1064 1703 1107 1724 tus
1128 1698 1300 1732 persequitur
1314 1702 1339 1723 et
1354 1697 1459 1723 Caesar.
1499 1697 1593 1723 Hostes
1608 1702 1697 1723 autem
1711 1705 1806 1722 omnes
1816 1697 1860 1722 iu-

1063 1735 1158 1766 dicati,
1181 1735 1275 1769 quiM.
1291 1735 1399 1761 Antonii
1409 1739 1508 1760 sectam
1520 1735 1687 1760 secutisunt.
1728 1734 1819 1769 ltaque
1831 1733 1859 1760 id

1063 1777 1172 1799 senatus
1182 1771 1345 1803 consultum,
1362 1771 1485 1806 plerique
1497 1772 1717 1806 interpretantur,
1733 1772 1813 1797 etiam
1825 1770 1859 1796 ad

1063 1814 1123 1836 tuos
1137 1810 1195 1836 sive
1206 1810 1327 1844 captivos
1338 1810 1396 1835 sive
1410 1809 1547 1835 dedititios
1558 1809 1701 1843 pertinere.
1723 1808 1858 1843 Equidem

1064 1846 1132 1873 nihil
1143 1847 1261 1873 disserui
1273 1846 1377 1877 durius,
1391 1854 1476 1881 quum
1488 1846 1646 1872 nominatim
1657 1845 1690 1871 de
1702 1845 1731 1872 C.
1744 1846 1859 1872 Antonio

1063 1883 1244 1914 decernerem,
1252 1883 1325 1919 quod
1339 1884 1374 1910 ita
1385 1888 1538 1914 statueram,
1547 1892 1561 1910 a
1573 1888 1597 1910 te
1608 1891 1768 1918 cognoscere
1779 1891 1859 1910 caus—

1063 1930 1121 1947 sam
1133 1922 1192 1948 eius
1203 1926 1327 1947 senatum
1338 1926 1469 1956 oportere.
1508 1929 1538 1947 x.
1551 1920 1664 1947 Kalend.
1678 1921 1772 1947 Maias.

1115 2037 1154 2058 Iv.
1171 2037 1188 2057 A
1196 2037 1249 2057 Re.
1265 2037 1349 2057 ⁴hir-tor
1361 2036 1480 2063 respondet
1489 2035 1601 2063 superiori
1611 2034 1733 2062 epistolae,
1751 2039 1773 2056 et
1783 2042 1856 2063 repre-

1063 2073 1191 2093 hensionem
1207 2071 1288 2092 nimine
1298 2071 1320 2091 in
1331 2071 1356 2091 C.
1367 2070 1487 2091 Antonium
1498 2070 1628 2091 elementiae
1637 2070 1712 2090 diluit.
1736 2071 1818 2094 Monet,
1829 2077 1857 2091 rie

1062 2107 1138 2127 nimii·
1157 2107 1279 2127 hunni-ihus
1293 2106 1412 2127 Octaviam,
1428 2105 1554 2126 tribuendis
1570 2104 1648 2125 mulum
1659 2105 1781 2132 exemplum
1791 2105 1856 2125 indu-

1061 2146 1130 2163 entur.
1145 2149 1187 2169 quo
1198 2142 1236 2169 qui
1246 2142 1366 2161 abutantur
1375 2140 1482 2166 regn-ndi
1491 2140 1613 2167 cupiditate
1622 2140 1694 2164 ducti,
1710 2140 1741 2160 iis
1750 2140 1856 2165 κςιιιιιιίἱ

1061 2177 1125 2197 detur
1143 2177 1238 2197 occasio.
1263 2177 1364 2197 Ceterum
1383 2183 1448 2203 quum
1467 2182 1492 2196 eo
1509 2178 1618 2202 tempore.
1635 2183 1678 2202 quo
1693 2175 1746 2196 line
1759 2174 1856 2202 epistola

1061 2211 1145 2238 scriptu
1159 2218 1208 2232 esse
1218 2211 1312 2235 dicitur,
1332 2218 1376 2231 non
1385 2210 1476 2231 aliunde
1489 2214 1575 2230 constet
1585 2210 1728 2231 Octavianum
1739 2210 1765 2230 nd
1775 2217 1854 2230 eonsu-

1061 2246 1128 2267 tntum
1156 2246 1256 2273 aspirare
1288 2246 1360 2266 visum
1387 2252 1437 2266 esse
1467 2245 1558 2266 necdum
1582 2245 1710 2266 Ciceronem
1736 2251 1781 2264 ιιιιι
1805 2251 1854 2266 cum

1062 2289 1086 2303 eo
1096 2282 1120 2302 in
1131 2282 1254 2308 consulum,
1265 2282 1304 2310 qui
1313 2282 1357 2303 iani
1367 2282 1426 2303 salvi
1436 2285 1518 2307 essent,
1528 2282 1599 2303 locum
1609 2282 1725 2302 suffectum
1734 2280 1776 2301 iri:
1795 2279 1852 2301 haud

1060 2317 1129 2338 facile
1138 2318 1212 2344 potuit
1220 2318 1314 2339 ism-um
1324 2325 1396 2338 rerum
1405 2317 1454 2338 fieri
1465 2317 1546 2338 mentio
1557 2317 1592 2337 hin
1602 2316 1626 2337 in
1635 2316 1726 2336 litteris.
1746 2316 1804 2336 ffinc
1814 2322 1852 2336 eae

1062 2356 1185 2379 suspectae.

1182 2396 1360 2423 BRUTUS
1389 2396 1418 2422 S.
1449 2396 1480 2422 D.
1515 2393 1745 2422 CICERONI.

1117 2436 1141 2460 l.
1150 2429 1260 2465 Quanta
1272 2434 1324 2460 sim
1336 2433 1433 2460 laetitia
1440 2433 1559 2461 affectus,
1567 2431 1682 2466 cognitis
1690 2431 1770 2457 rebus
1776 2431 1851 2458 Bruti

1061 2472 1143 2498 nostri
1157 2476 1182 2498 et
1195 2471 1348 2501 consulum,
1360 2470 1467 2497 facilius
1478 2469 1577 2496 esttibi
1588 2468 1752 2498 existimare,
1769 2477 1851 2503 quam

1060 2509 1127 2535 mihi
1139 2509 1267 2535 scribere.
1302 2508 1392 2540 Quum
1403 2507 1455 2534 alia
1468 2506 1546 2532 laudo
1557 2510 1583 2532 et
1592 2505 1697 2541 gaudeo
1708 2505 1849 2535 accidisse,

1059 2552 1116 2572 tum
1136 2545 1209 2580 quod
1220 2546 1294 2572 Bruti
1307 2545 1412 2580 eruptio
1425 2552 1476 2570 nou
1488 2543 1576 2569 solum
1588 2543 1640 2577 ipsi
1651 2542 1848 2606 salutarisqugi

1773 2582 1791 2612 t,
1798 2588 1813 2605 u

1058 2620 1156 2646 scribis
1171 2620 1248 2650 mihi,
1262 2620 1344 2646 trium
1354 2618 1530 2645 Antoniorum
1542 2625 1623 2643 unam
1635 2622 1714 2652 atque
1726 2616 1849 2643 eamdem

1057 2666 1180 2684 caussam
1187 2665 1255 2683 esse:
1263 2656 1330 2692 quid
1335 2664 1384 2691 ego
1390 2655 1513 2686 sentiam,
1521 2654 1618 2681 iudicii
1624 2655 1741 2681 meiesse
1749 2664 1755 2680 :
1763 2658 1850 2680 statuo
