1941 3052
295 151 469 178 EPISTOL.
491 152 539 178 AD
559 152 735 180 ATTICUM
755 153 825 179 LIB.
847 153 884 179 II.

77 232 126 251 nec
137 223 283 254 amantius,
301 231 349 248 nec
361 222 595 254 honorificentius,
613 231 662 249 nec
675 223 811 258 copiosius
823 231 871 257 po-

76 262 161 289 tuisse
172 259 236 286 dici.
275 260 307 285 Ei
319 264 343 286 te
356 259 407 286 hoc
418 260 535 286 scribere
545 269 559 286 a
571 268 613 286 me
624 260 675 286 tibi
686 269 744 286 esse
756 261 871 286 missum

76 306 140 325 sane
156 297 226 324 volo.
266 298 292 323 2.
314 296 367 322 Sed
382 297 450 331 quid
465 301 493 323 tu
509 296 630 323 scribas‘?
650 306 731 332 quem
750 298 803 324 iam
823 306 872 333 ego

77 335 169 362 venire
180 339 260 369 atque
271 333 365 360 adesse
376 334 499 361 arbitror.
539 335 576 361 Ita
588 335 660 360 enim
671 336 714 370 egi
726 339 814 361 tecum
825 343 873 360 su-

76 372 229 408 perioribus
242 371 347 398 litteris.
387 371 471 398 Valde
482 376 507 398 te
519 376 657 406 exspecto,
676 371 753 398 valde
764 371 873 398 deside-

77 418 118 442 ro,
133 417 220 444 neque
231 417 280 444 ego
291 409 392 444 magis,
405 418 486 443 quam
498 409 557 443 ipsa
569 418 610 435 res
622 413 647 435 et
657 413 764 443 tempus
774 409 871 443 poscit.

77 447 124 473 His
139 446 172 472 de
188 446 303 481 negotiis
319 446 385 481 quid
400 446 515 472 scribam
528 446 561 472 ad
572 450 609 477 te,
628 446 682 472 nisi
697 446 782 477 idem,
800 445 873 481 quod

77 482 174 519 saepe?
188 482 334 517 Republica
346 483 413 509 nihil
425 483 607 518 desperatius,
626 483 669 514 iis,
682 491 798 518 quorum
809 491 874 517 ope-

78 529 115 552 ra,
129 520 197 547 nihil
209 521 308 546 maiore
319 520 390 547 odio.
431 521 498 552 Nos⁷
516 525 545 547 ut
559 520 651 555 opinio
662 524 687 547 et
697 529 760 554 spes
772 524 797 546 et
810 529 874 546 cou-

78 559 179 585 iectura
189 562 277 584 nostra
292 557 350 589 fert,
368 557 523 584 firmissima
534 557 720 584 benevolentia
732 557 873 583 hominum

78 596 177 622 muniti
190 603 296 621 sumuS.
327 595 414 627 Quare
425 594 533 622 advola:
546 599 591 621 aut
601 594 730 629 expedies
741 603 789 621 nos
800 594 874 620 omni

78 632 201 659 molestia
212 637 257 658 aut
268 632 321 658 eris
332 634 476 667 particeps.
516 632 578 658 Ideo
588 640 649 658 sum
660 631 776 662 brevior,
789 631 871 666 quod,

78 674 108 697 ut
118 679 210 705 spero,
227 678 316 696 coram
332 670 410 696 brevi
425 674 544 704 tempore
558 668 692 701 conferre,
709 677 778 704 quae
796 668 874 695 volu-

79 715 149 739 ιιιιιε,
164 707 265 734 licebit.
305 707 383 738 Cura,
395 711 425 734 ut
436 706 536 734 valeas.

367 797 591 813 -ῃςμ

457 944 499 969 92.

211 1007 404 1037 LIBER
450 1006 742 1036 TERTIUS.

134 1125 211 1146 ARG.
218 1126 244 1146 P.
252 1125 351 1151 Clodius,
359 1126 383 1146 C.
391 1125 495 1147 Caesaris
501 1133 546 1146 eos.
553 1133 591 1152 upc
599 1125 702 1146 tribunus
708 1128 736 1153 pl.
743 1124 877 1148 «talamus,

80 1162 105 1181 ut
115 1160 266 1186 magistrarum
275 1160 337 1186 iniit,
352 1160 409 1181 illud
416 1168 482 1182 uuum
489 1161 635 1188 spectavit‚ut
648 1163 677 1182 M.
689 1160 790 1182 Tullium
800 1159 877 1180 inimi-

80 1195 193 1216 cissimum
213 1203 274 1217 suum
293 1196 446 1217 ulcisceretur.
470 1197 547 1223 Itaque
565 1196 649 1216 duabus
667 1195 766 1221 legibus,
786 1202 876 1222 quarum

81 1230 152 1251 altera
162 1231 306 1257 frumentum,
322 1232 379 1258 quod
390 1234 455 1252 antea
465 1231 532 1252 semis
542 1231 601 1251 aeris
612 1237 637 1252 ae
652 1230 773 1251 trientibus
785 1233 844 1251 esset
853 1229 876 1250 in

81 1265 182 1291 singulos
205 1265 303 1290 modion,
322 1265 392 1290 gratis
410 1266 513 1286 dabatur:
534 1265 604 1287 altera
623 1273 666 1286 non
684 1265 754 1286 solum
773 1265 875 1290 collegia,

81 1307 137 1328 quae
151 1304 241 1321 senatus
256 1300 385 1324 sustulerat.
396 1301 502 1322 restituta
514 1303 573 1326 sunt,
587 1301 625 1322 sed
636 1308 692 1321 nova
703 1301 769 1321 etiam
780 1307 807 1321 ex
818 1300 877 1321 omni

81 1335 142 1361 vulgi
158 1335 218 1356 faece
234 1338 298 1362 atque
313 1336 405 1356 servitio
422 1336 556 1361 constituta,
572 1335 645 1363 plebis
659 1335 774 1356 voluntate
785 1335 829 1356 sibi
840 1336 876 1356 sd-

80 1370 168 1395 iuncta,
184 1374 261 1392 contra
274 1378 323 1396 eon,
341 1371 378 1398 qui
388 1371 437 1392 sine
447 1371 531 1392 iudicio
542 1371 620 1399 populi
629 1371 697 1392 civem
709 1372 829 1391 Romanum
840 1377 877 1391 ne-

80 1406 204 1431 cavissent,
219 1406 354 1431 rogationem
368 1406 528 1434 promulgavit,
544 1413 600 1433 quae
610 1406 698 1427 tametsi
708 1413 755 1426 cum
766 1405 827 1426 nullo
839 1412 877 1425 nu-

81 1441 180 1462 minutim
191 1442 280 1466 agebat,
292 1448 353 1462 nemo
364 1444 436 1462 tamen
446 1442 570 1467 dubitabat,
582 1441 634 1468 quin
645 1441 774 1462 Ciceronem
784 1443 877 1468 peteret,

81 1476 152 1503 quiin
162 1484 202 1497 suo
213 1476 342 1502 consulatu,
357 1484 486 1504 quamquam
498 1484 525 1497 ex
536 1480 625 1497 senatus
637 1476 750 1501 consultu,
761 1479 833 1496 tamen
843 1475 878 1496 in-

80 1511 145 1532 iussu
159 1511 249 1538 populi.
266 1515 343 1532 contra
357 1511 417 1537 leges
432 1512 455 1532 iu
470 1512 530 1533 cives
545 1512 745 1533 animadvertisset.
775 1511 799 1532 Id
814 1518 878 1538 quum

82 1547 118 1572 agi
127 1547 213 1567 videret
226 1547 312 1571 Cicero.
328 1547 422 1567 mutavit
431 1550 522 1572 vestem,
534 1551 610 1568 etcum
622 1554 654 1572 en,
666 1547 727 1567 velut
736 1546 758 1567 in
770 1546 879 1567 communi

81 1582 214 1607 calamitate,
226 1583 251 1602 ad
263 1581 374 1602 hominurn
384 1586 424 1603 xx
434 1582 512 1603 millia.
542 1583 622 1603 Verum
634 1589 698 1609 quum
710 1589 734 1602 se
743 1589 755 1602 a
765 1583 805 1603 Cn.
813 1583 879 1602 Pon·-

80 1617 140 1645 peio,
150 1618 179 1639 M.
191 1618 273 1638 Crasso
283 1618 364 1644 c.-que
374 1618 469 1638 Caesare
479 1618 609 1638 destitutum
620 1617 713 1642 videret,
728 1624 755 1637 ne
766 1624 805 1637 sua
815 1623 878 1637 eaus-

81 1659 107 1673 ει
125 1653 203 1673 caedes
223 1652 303 1673 rivium
318 1653 387 1677 fleret,
403 1653 515 1673 hominum
529 1653 662 1677 invidorum,
676 1656 701 1673 ut
712 1652 761 1680 ipse
770 1653 878 1679 queritur,

81 1687 177 1709 consilio
196 1688 251 1709 urbe
260 1687 329 1709 cessit
339 1688 429 1709 circiter
437 1688 551 1709 Kalendas
562 1687 649 1715 Aprilis
656 1688 752 1708 Gabinia
764 1690 785 1708 et
795 1687 879 1708 Pisone

80 1729 139 1744 coss.
155 1724 228 1749 (696);
245 1723 321 1744 domus
337 1723 409 1750 ipsius
420 1731 432 1744 a
443 1723 521 1744 Clodio
532 1723 608 1744 statim
618 1723 722 1748 ineeusu;
740 1730 792 1744 area
801 1723 878 1743 Liber-

81 1758 122 1779 mi
133 1761 273 1784 consecratu
296 1759 354 1779 hona
368 1758 495 1786 publicata3
513 1758 604 1786 praedia
618 1758 704 1786 direpta
720 1762 785 1783 suut3
800 1758 839 1779 lex
853 1758 880 1778 ule

82 1792 131 1814 eius
146 1793 228 1814 ex-iliu
239 1793 337 1821 μοι-ἰωῆς
357 1794 421 1820 eique
431 1801 487 1820 aqua
497 1798 519 1815 et
529 1794 576 1819 igni
586 1794 741 1819 interdictnm3
760 1797 818 1814 etue
829 1793 879 1820 quis

82 1830 162 1849 tectum
181 1828 240 1848 intra
255 1828 415 1855 quadringenta
429 1829 502 1850 millia
515 1837 620 1857 passuum
635 1831 661 1850 ab
672 1829 739 1850 Italia
750 1829 878 1856 praeberet;

81 1869 109 1884 ne
124 1863 174 1890 quis
188 1863 215 1884 (le
226 1870 250 1884 eo
261 1864 288 1884 ad
299 1867 398 1885 senatum
409 1864 516 1890 referret;
540 1871 567 1885 ue
577 1865 717 1889 decernerem
741 1871 768 1885 ne
778 1863 878 1891 disputa-

82 1900 128 1922 ret3
144 1905 171 1918 ne
180 1897 320 1925 loquer-etun
335 1906 362 1920 ne
372 1899 465 1926 pedibus
476 1899 532 1924 iret,
550 1906 578 1920 ne
588 1899 704 1920 scribendo
715 1900 810 1924 ade-set,
821 1902 846 1919 ut
856 1899 878 1919 in

82 1933 185 1953 oratione
199 1936 249 1960 post
262 1934 356 1954 reditum
374 1934 398 1954 in
409 1938 487 1955 senatu
497 1936 520 1955 et
530 1941 569 1961 pro
580 1935 643 1955 domo
654 1934 743 1959 legitur.
767 1934 799 1955 Iis
810 1934 880 1959 igitur

81 1968 178 1989 maxime
192 1968 219 1988 de
233 1969 298 1989 relius
314 1968 414 1995 queritur
423 1968 490 1990 liuius
500 1969 553 1990 libri
564 1969 676 1996 epistolis,
692 1976 782 1995 quarum
793 1969 879 1995 aliquot

82 2003 106 2024 in
126 2003 208 2024 itinere
224 2010 263 2030 per
273 2003 361 2024 Italiam
373 2010 447 2024 mense
457 2003 531 2031 Aprili
542 2007 596 2024 1—v.
607 2004 662 2024 duas
673 2006 879 2024 Vl.etV11.1nense

83 2038 142 2059 Maio
157 2038 225 2058 dedit.
255 2039 303 2058 Hoc
318 2045 391 2058 mense
401 2038 469 2059 ltalia
483 2038 562 2059 relicta
571 2038 755 2059 Thessalonicam
766 2039 880 2059 contendit

83 2073 160 2100 ibique
178 2073 268 2094 l’laucii
288 2073 426 2094 liberalitate
444 2075 544 2094 retentus
563 2076 604 2094 est.
635 2076 768 2100 (luiamquam
785 2081 842 2094 nunc
856 2073 878 2094 in

83 2107 174 2135 Epirum
192 2111 251 2129 XIX.
267 2115 323 2129 nunc
338 2108 361 2128 in
377 2108 452 2128 Asiam
463 2112 521 2129 ΧΙΗ.
537 2115 561 2129 se
572 2108 683 2136 proficisci
694 2108 751 2129 velle
761 2108 878 2133 signifieat.

82 2142 206 2170 Pleraeque
224 2143 294 2168 igitur
309 2143 375 2163 liuius
390 2142 443 2163 libri
458 2142 568 2170 epistolae
582 2151 611 2164 ex
625 2143 765 2164 nobilissima
776 2143 816 2163 illa
826 2144 880 2164 urbe

83 2178 226 2199 Macedoniae
245 2178 327 2199 missae
346 2178 425 2205 plenae
440 2181 491 2198 sunt
508 2178 671 2199 sollicitudinis
686 2182 707 2199 et
721 2179 748 2199 de
758 2186 798 2198 nuo
809 2178 878 2198 infur-

83 2212 146 2233 tunio
162 2216 184 2234 et
193 2213 220 2234 de
229 2213 329 2240 periculo
340 2215 366 2237 (Q.
379 2213 463 2237 fratria.
475 2213 513 2240 qui
523 2214 691 2241 repetundarum
702 2221 752 2234 reus
764 2214 810 2234 fore
820 2213 879 2235 diee-

84 2248 156 2273 hatur,
170 2251 196 2269 ut
211 2252 265 2270 Vlll.
282 2252 317 2269 lx.
333 2252 392 2269 xm.
409 2252 475 2269 xvu.
486 2247 565 2275 plenae
575 2251 627 2268 nunt
637 2248 702 2270 etiam
713 2249 798 2276 upside
808 2249 880 2270 salute

83 2289 125 2304 nun
138 2286 160 2304 et
175 2283 328 2308 consiliorum.
343 2286 369 2304 nt
381 2287 426 2304 XV.
436 2287 515 2304 ΧᾸΗΙ.
527 2283 639 2304 adiunctis
650 2291 713 2310 quum
724 2288 844 2305 ceterorum
855 2287 879 2305 nt

83 2318 173 2339 Planeii
188 2322 223 2340 IX.
237 2322 305 2340 xxii.
323 2321 388 2345 atque
398 2318 489 2338 Lentuli
500 2321 522 2339 et
531 2318 618 2339 Metelli
627 2322 695 2340 XXII.
706 2323 749 2340 tum
762 2319 880 2347 praecipue

84 2353 201 2374 muItorum
208 2353 279 2374 Attici
290 2353 530 2374 uftieiommlauilihus.
547 2353 627 2374 Animo
638 2357 662 2374 ut
673 2357 719 2375 erat
729 2354 833 2379 «lanuino,
842 2354 879 2374 lit-

83 2391 178 2409 tei-amm
193 2389 324 2409 mentionem
341 2395 390 2409 raro
402 2388 462 2410 feeit.
485 2388 646 2412 Queriturvero
657 2389 684 2410 de
694 2389 794 2410 oratioue
805 2389 827 2410 in
836 2391 879 2410 Pn-

84 2458 262 2479 men-enecarat..
274 2458 436 2484 Dyrrhachium
448 2466 549 2479 reversus
560 2459 652 2487 arripnit
663 2463 739 2481 xxm.
751 2462 791 2480 ete.
803 2465 880 2479 rurum

84 2493 157 2514 animo
168 2496 202 2514 ent
212 2493 326 2514 admodum
337 2495 464 2514 confirmatu
475 2496 496 2514 et
506 2493 571 2514 laetu.

137 2569 155 2590 Ι.
180 2571 262 2593 (Pisone,
271 2571 352 2590 Gabinio
363 2579 409 2590 coss.
420 2573 475 2594 ῡῦῡ.)

270 2614 439 2643 CICERO
468 2615 636 2642 ATTICO
664 2614 691 2642 S.

141 2645 238 2684 Quum
253 2656 329 2679 autea
341 2654 459 2680 maxime
474 2658 562 2679 nostra
580 2653 708 2679 interesse
720 2652 877 2683 arbitrabar,

85 2693 110 2715 te
120 2696 179 2716 esse
190 2689 346 2723 nobiscum;
363 2694 420 2718 tum
433 2699 508 2721 vero,
527 2695 556 2718 ut
571 2690 624 2726 legi
641 2691 819 2726 rogationem,
838 2690 881 2716 in-

917 153 963 179 EP
984 155 1015 179 23
1035 168 1071 172 —
1091 154 1368 179 ⁶25.L113.1[1.EP.
1394 154 1494 179 1-5.
1665 154 1714 179 835

922 222 1027 254 tellexi,
1041 223 1073 249 ad
1085 224 1135 249 iter
1146 223 1187 254 id,
1200 223 1273 258 quod
1283 223 1425 254 constitui,
1439 222 1508 249 nihil
1520 223 1588 249 mihi
1599 224 1715 257 optatius

922 260 1015 287 cadere
1026 269 1203 295 posse,quam
1210 265 1239 286 ut
1250 265 1276 286 tu
1289 269 1331 287 me
1343 269 1423 295 quam
1435 261 1553 295 primum
1567 269 1717 295 consequa-

923 307 963 330 re3
978 302 1015 328 ut,
1029 306 1114 332 quum
1125 306 1159 324 ex
1170 297 1244 324 Italia
1256 298 1366 332 profecti
1378 306 1508 329 essemus,
1525 298 1583 324 sive
1594 306 1642 332 per
1651 298 1718 332 Epi-

923 344 983 361 rum
1000 335 1050 361 iter
1065 339 1135 361 esset
1150 334 1316 366 faciendum,
1339 340 1384 362 tuo
1404 340 1566 370 tuorumque
1582 335 1718 369 praesidio

924 377 1074 405 uteremur,
1088 373 1146 398 sive
1158 372 1230 398 aliud
1243 372 1309 407 quid
1317 372 1450 408 agendum
1458 377 1536 403 esset,
1545 377 1718 398 certumcon-

924 409 1018 435 silium
1039 409 1071 435 de
1092 414 1137 436 tua
1158 411 1289 436 sententia
1308 418 1403 444 capere
1426 418 1577 444 possemus.
1617 409 1719 441 Quam—

923 446 1015 473 obrem
1028 451 1051 473 te
1063 455 1121 477 oro,
1139 446 1186 472 des
1197 456 1318 481 operam,
1336 451 1365 473 ut
1380 455 1422 473 me
1437 447 1526 473 statim
1542 455 1716 481 consequare.

925 483 1042 509 Facilius
1053 488 1141 518 potes,
1159 485 1287 518 quoniam
1299 484 1331 510 de
1343 484 1481 518 provincia
1492 483 1646 510 Macedonia
1658 492 1719 518 per-

926 520 975 547 lata
988 520 1031 547 lex
1042 525 1090 547 cst.
1130 521 1258 547 Pluribus
1270 521 1361 547 verbis
1373 526 1461 548 tecum
1472 530 1592 557 agerem,
1606 522 1660 548 nisi
1671 530 1719 556 pro

924 566 966 584 me
978 557 1050 592 apud
1062 562 1085 585 te
1097 566 1139 584 res
1151 558 1208 593 ipsa
1220 558 1382 593 loqueretur.

979 656 1006 676 Il.
1035 659 1064 680 (Iu
1074 658 1110 675 oris
1120 657 1221 677 Lucaniae,
1232 658 1304 677 Pisone,
1314 657 1393 674 Gabinio
1404 664 1449 674 coss.
1460 658 1516 680 696.)

1112 700 1279 727 CICERO
1308 699 1476 726 ATTICO
1505 700 1532 726 S.

980 741 1090 772 Itineris
1102 747 1185 772 nostri
1196 755 1290 772 caussa
1303 745 1366 775 suit,
1384 745 1456 780 quod
1472 754 1524 771 non
1536 745 1669 771 habebam
1682 744 1717 771 Ιο-

925 792 1001 814 cum,
1025 784 1072 809 ubi
1087 792 1135 818 pro
1151 792 1210 809 meo
1226 784 1283 809 iure
1299 783 1402 809 diutius
1419 791 1477 808 esse
1496 791 1616 817 possem,
1638 791 1720 816 quam

926 821 1041 847 fundum
1058 820 1147 851 Sicae,
1170 822 1326 855 praesertim
1346 819 1465 846 nondum
1482 820 1616 855 rogatione
1633 828 1721 845 corre-

925 863 980 885 cta:
999 863 1024 884 et
1034 857 1117 884 simul
1129 857 1328 893 intelligebam,
1342 866 1416 883 exeo
1428 856 1497 887 loco,
1511 858 1534 883 si
1547 861 1570 883 te
1583 856 1718 883 haberem.

925 904 1004 930 posse
1020 904 1063 921 me
1077 894 1254 921 Brundisium
1270 894 1381 927 reserre3
1400 895 1457 920 sine
1474 899 1498 920 te
1513 899 1602 920 autem
1614 902 1667 920 non
1679 902 1723 919 es-

926 942 954 959 se
975 933 1053 959 uobis
1073 932 1135 959 illas
1155 937 1244 967 partes
1268 932 1397 959 tenendas
1422 936 1529 966 propter
1550 931 1720 957 Autronium.

926 971 1018 1002 Nunc,
1031 975 1061 997 ut
1071 970 1105 996 ad
1116 974 1140 996 te
1151 974 1226 996 antea
1238 970 1348 1004 scripsi,
1366 969 1389 995 si
1401 969 1434 995 ad
1445 978 1492 995 nos
1504 969 1620 998 veneris,
1633 968 1723 994 consi-

927 1008 995 1034 lium
1011 1008 1092 1034 totius
1107 1007 1146 1033 rei
1161 1008 1312 1042 capiemus.
1353 1008 1403 1033 Iter
1419 1015 1477 1032 esse
1494 1005 1636 1032 molestum
1652 1006 1720 1031 seio:

927 1045 975 1071 sed
986 1050 1039 1072 tota
1049 1044 1188 1071 calamitas
1199 1054 1292 1071 omues
1304 1044 1440 1070 molestias
1451 1043 1540 1069 habet.
1567 1043 1646 1069 Plura
1656 1043 1724 1068 scri-

927 1083 991 1109 bere
1006 1091 1058 1109 non
1069 1090 1195 1117 possum,
1213 1083 1250 1109 ita
1266 1091 1326 1108 sum
1339 1082 1427 1108 animo
1438 1080 1561 1115 perculso
1573 1085 1599 1106 et
1609 1080 1721 1107 abiecto.

927 1120 997 1147 Cura
1007 1125 1037 1147 ut
1047 1120 1148 1147 valeas.
1187 1120 1245 1146 Dat.
1258 1128 1293 1146 vr
1306 1119 1345 1146 ld.
1358 1120 1422 1154 Apr.
1435 1119 1461 1144 in
1472 1119 1526 1145 oris
1538 1118 1603 1144 Luc.

980 1206 1020 1227 ΠΙ,
1037 1209 1085 1230 (Ser.
1097 1207 1120 1225 ab
1131 1208 1195 1225 exsule
1207 1208 1224 1225 in
1236 1207 1300 1225 {tinem
1313 1214 1344 1230 per
1355 1207 1435 1227 Ilnllnni,
1445 1205 1604 1226 Pisum-,Gabinio
1613 1213 1659 1223 ton.
1669 1208 1724 1226 096.)

1114 1250 1282 1278 CICERO
1316 1250 1485 1277 ATTICO
1521 1249 1549 1276 S.

983 1291 1097 1323 Utinam
1111 1296 1190 1323 illum
1201 1296 1274 1323 diem
1284 1296 1402 1327 videam,
1415 1304 1500 1330 quum
1513 1295 1562 1322 tibi
1575 1303 1652 1330 agam
1663 1303 1726 1330 gra-

928 1334 992 1365 tias.
1010 1334 1082 1369 quod
1099 1342 1141 1360 me
1154 1334 1245 1360 vivere
1261 1334 1385 1369 coegisti!
1409 1333 1504 1359 Adhuc
1520 1332 1631 1367 quidem
1646 1331 1724 1358 valde

929 1381 970 1398 me
986 1372 1113 1406 poenitet.
1155 1371 1207 1397 Sed
1224 1376 1248 1397 te
1263 1380 1321 1402 oro,
1339 1376 1368 1397 ut
1383 1371 1415 1397 ad
1430 1380 1472 1396 me
1488 1370 1617 1396 Vibonem
1634 1370 1724 1395 statim

929 1410 1031 1440 venias,
1040 1417 1095 1444 quo
1106 1417 1154 1444 ego
1166 1408 1258 1435 multis
1270 1409 1303 1435 de
1313 1409 1418 1435 caussis
1430 1408 1548 1434 converti
1562 1408 1611 1433 iter
1622 1415 1723 1433 meum.

929 1446 982 1473 Sed
998 1455 1028 1473 eo
1043 1447 1067 1473 si
1083 1447 1203 1477 veneris,
1221 1446 1254 1473 de
1270 1451 1322 1473 toto
1338 1447 1432 1472 itinere
1448 1454 1478 1471 ac
1493 1445 1555 1479 fuga
1568 1453 1626 1470 mea
1636 1445 1726 1470 consi-

930 1483 997 1510 lium
1008 1492 1103 1519 capere
1115 1488 1215 1518 potero.
1256 1483 1285 1510 Si
1297 1483 1324 1509 id
1336 1492 1388 1510 non
1402 1483 1511 1513 seceris,
1525 1482 1656 1515 mirabor3
1677 1481 1726 1508 scd

928 1521 1033 1548 confido
1045 1526 1069 1548 te
1080 1529 1140 1547 esse
1151 1520 1295 1547 facturum.

980 1607 1019 1628 IV.
1045 1610 1075 1631 (In
1086 1609 1152 1627 itincre
1161 1616 1170 1627 a
1182 1609 1254 1627 Vibone
1264 1608 1393 1627 Brundisium.
1402 1608 1477 1627 Pinum,
1487 1607 1568 1625 Gabinio
1579 1614 1625 1624 mu.
1635 1609 1691 1627 (1013.)

1115 1652 1285 1680 CICERO
1318 1651 1485 1678 ATTICO
1514 1651 1541 1677 S.

985 1693 1117 1725 Miseriae
1134 1703 1238 1725 nostrae
1254 1698 1343 1732 potius
1360 1697 1456 1727 velim,
1474 1705 1555 1731 quam
1573 1696 1727 1722 inconstan-

930 1736 991 1766 tiae,
1005 1736 1118 1767 tribuas,
1131 1736 1204 1771 quod
1216 1736 1348 1766 aVibone.
1357 1744 1411 1769 quo
1423 1739 1447 1760 te
1459 1733 1671 1764 arcessebamus,
1680 1741 1727 1758 su-

931 1774 986 1800 bito
1001 1774 1189 1800 discessimus.
1229 1772 1315 1799 Allata
1330 1777 1371 1798 est
1386 1772 1458 1798 enim
1476 1771 1553 1798 nobis
1573 1771 1674 1806 rogatio
1694 1769 1726 1795 de

930 1812 1049 1846 pernicie
1065 1820 1136 1843 mea,
1156 1811 1183 1837 in
1199 1819 1266 1845 qua,
1284 1809 1356 1845 quod
1370 1813 1517 1835 correctum
1531 1818 1588 1834 esse
1603 1808 1727 1834 audiera-

930 1853 1064 1880 mus-,erat
1075 1848 1258 1879 eiusmodi,ut
1272 1848 1340 1874 mihi
1353 1847 1420 1873 ultra
1433 1846 1628 1881 quadringenta
1642 1844 1727 1871 millia

931 1886 1021 1913 liceret
1031 1895 1100 1912 esse.
1142 1886 1190 1912 Illo
1201 1894 1286 1920 quum
1299 1885 1438 1919 pervenire
1453 1893 1504 1910 non
1522 1883 1620 1913 liceret,
1637 1883 1727 1908 statim

930 1925 979 1950 iter
990 1924 1166 1950 Brundisium
1183 1932 1277 1950 versus
1293 1922 1394 1949 contuli
1410 1921 1553 1948 antediem
1567 1920 1725 1955 rogationi&

930 1970 962 1988 ne
973 1966 999 1988 et
1009 1962 1077 1992 Sica,
1091 1961 1163 1995 apud
1175 1969 1257 1996 quem
1268 1969 1354 1990 eram,
1372 1960 1483 1994 periret,
1501 1964 1527 1985 et
1537 1958 1610 1993 quod
1622 1957 1727 1983 Melitae

929 2007 989 2025 csse
1001 2008 1052 2025 non
1066 1999 1172 2025 licebat.
1214 1999 1290 2024 Nunc
1303 2003 1329 2024 ιιι
1342 2005 1463 2031 propera,
1479 2001 1507 2022 ut
1520 2005 1567 2022 nos
1579 2003 1728 2029 consequu-

931 2045 971 2067 re,
988 2036 1102 2062 simodo
1118 2036 1291 2070 recipiemur.
1332 2034 1428 2061 Adhuc
1441 2034 1588 2060 invitamur
1599 2033 1725 2067 benigne.

930 2073 990 2104 Sed,
1005 2073 1076 2108 quod
1087 2077 1219 2108 superest,
1235 2073 1372 2099 timemus
1406 2072 1454 2100 Mo.
1470 2071 1506 2096 mi
1520 2070 1656 2104 Pomponi,
1672 2068 1728 2094 val-

930 2111 963 2137 de
975 2111 1093 2145 poenitet
1110 2111 1213 2136 vivore:
1237 2119 1289 2144 qun
1307 2110 1333 2135 iu
1351 2118 1377 2135 re
1393 2108 1465 2143 apud
1482 2117 1523 2134 ine
1539 2113 1565 2134 ιιι
1579 2107 1726 2142 plurimum

931 2147 1051 2174 valuisti.
1091 2147 1143 2173 Sed
1156 2148 1220 2173 llaec
1231 2155 1331 2173 corani.
1373 2147 1423 2172 Fae
1436 2145 1522 2175 inodo,
1538 2150 1565 2171 ut
1578 2145 1679 2170 venias,

984 2243 1010 2263 V.
1040 2243 1121 2267 (Pisone,
1131 2243 1212 2260 Gabinio
1223 2249 1269 2260 eon.
1279 2243 1335 2261 (ιῐιιὶ.)

1115 2285 1283 2312 CICERO
1313 2284 1481 2311 ATTICO
1513 2284 1540 2310 S.

987 2329 1117 2359 Terentia
1130 2331 1178 2358 tihi
1191 2336 1215 2357 et
1227 2339 1306 2365 saepe
1317 2335 1342 2356 et
1355 2330 1486 2356 maximas
1497 2329 1551 2363 agit
1562 2328 1671 2362 gratius.
1700 2327 1726 2353 Id

931 2376 971 2398 est
987 2371 1053 2397 mihi
1070 2369 1266 2403 gratissimum.
1308 2368 1363 2401 ligo
1380 2368 1441 2392 vivo
1454 2367 1622 2392 miserrimus
1634 2370 1658 2390 el
1671 2373 1727 2390 nin-

932 2410 1005 2435 xlmo
1020 2407 1109 2433 dolore
1125 2406 1261 2431 conficior.
1302 2404 1341 2430 Ad
1358 2409 1381 2430 te
1392 2403 1458 2438 quid
1475 2403 1606 2430 serila-nn,
1625 2402 1725 2428 neseio.

932 2446 959 2472 si
972 2445 1044 2471 enini
1057 2453 1085 2470 es
1098 2444 1208 2471 Romae.
1228 2443 1279 2468 iani
1296 2450 1336 2467 nie
1349 2442 1456 2475 assequi
1470 2450 1519 2466 nun
1533 2445 1620 2474 potes:
1640 2440 1682 2465 sin
1698 2448 1726 2464 es

932 2484 958 2509 in
971 2483 1023 2512 via,
1036 2490 1121 2516 quum
1133 2481 1187 2506 eris
1200 2489 1240 2505 me
1253 2484 1402 2507 assecutus,
1420 2487 1508 2503 eorum
1520 2485 1640 2511 agemus.
1657 2484 1727 2510 quae

931 2524 1008 2546 erunt
1020 2518 1132 2551 agenda.
1158 2518 1272 2543 Τιιιιιιιιιι
1289 2521 1311 2542 ιι·
1323 2525 1376 2545 oro,
1391 2521 1428 2545 ιιι,
1442 2515 1569 2549 ‹pioniann
1583 2523 1623 2539 ine
1637 2514 1726 2548 ipsum

931 2565 1038 2590 semper
1058 2555 1168 2585 annus-ti,
1192 2554 1285 2580 eodeni
1302 2562 1390 2579 umore
1406 2553 1453 2578 sis,
1496 2552 1550 2585 ligo
1566 2552 1637 2577 enim
1655 2550 1726 2576 idem

931 2603 1002 2620 sum.
1043 2592 1149 2619 Inimici
1166 2600 1224 2618 mea
1237 2591 1318 2620 ιιιίΙιί,
1337 2599 1388 2616 non
1401 2599 1443 2615 me
1455 2590 1545 2623 ipsum
1557 2588 1724 2615 ademerunt.

931 2632 1008 2661 Cura.
1023 2635 1052 2657 ut
1063 2629 1162 2656 valeas.
1203 2630 1259 2655 Dat.
1276 2637 1310 2654 ιι,
1325 2627 1362 2654 ld.
1377 2628 1439 2662 Apr.
1452 2627 1557 2653 Thurii.

1442 2736 1489 2759 1⁰5
1509 2734 1517 2743 ⁸
