1941 3052
505 120 555 146 DE
590 119 796 147 OFFICllS
826 121 906 147 LIB.
940 122 958 147 1.

60 191 217 219 foedissima
227 194 277 217 est.
317 189 364 216 Sin
376 194 464 216 autem
476 191 556 216 etiam
569 190 715 217 libidinum
727 191 860 226 intempe-

60 229 144 256 rantia
155 228 311 258 accesserit,
328 227 430 262 duplex
444 227 545 254 malum
557 232 610 258 est,
628 228 702 262 quod
711 233 737 254 et
747 229 804 263 ipsa
817 237 860 254 se-

59 271 153 293 nectus
166 265 284 291 dedecus
295 265 422 299 concipit,
435 270 461 291 et
472 264 535 291 facit
545 264 756 292 adolescentium
769 266 860 300 impu-

58 303 209 330 dentiorem
221 303 466 337 intemperantiam.
500 303 557 328 ⁴24.
574 302 612 329 Ac
623 311 656 328 ne
667 303 735 328 illud
746 303 858 338 quidem

59 340 178 367 alienum
190 345 230 366 est
241 340 274 366 de
286 340 492 375 magistratuum
501 360 507 370 ,
520 339 553 366 de
565 340 732 374 privatorum
743 341 854 371 civium,

58 377 92 404 de
103 378 307 413 peregrinorum
319 377 417 404 officiis
428 376 528 403 dicere.
568 377 615 403 Est
626 377 709 412 igitur
718 378 858 412 proprium

59 423 160 441 munus
181 415 354 450 magistratus
379 413 544 449 intelligere,
565 423 594 440 se
608 422 700 449 gerere
716 423 858 449 personam

58 453 186 483 civitatis,
202 452 356 487 debereque
367 452 427 478 eius
438 451 599 486 dignitatem
610 456 636 478 et
646 452 729 478 decus
741 453 859 478 sustine—

58 498 95 521 re,
109 498 217 516 servare
229 489 315 525 leges,
337 490 395 515 iura
407 489 574 520 describere,
592 497 622 515 ea
637 489 699 515 fidei
709 498 774 516 suae
785 498 859 516 com-

58 528 142 554 missa
156 528 324 553 meminisse.
365 527 503 552 Privatum
519 532 608 553 autern
624 532 726 561 oportet
737 535 822 561 aequo
834 532 859 553 et

58 565 117 600 pari
128 573 190 591 cum
202 564 311 591 civibus
323 565 380 590 iure
392 564 493 595 vivere,
508 572 595 598 neque
602 564 771 590 submissum
778 564 857 590 etab-
887 564 888 572 ¹

57 603 168 633 iectum,
181 610 269 636 neque
280 610 308 627 se
319 601 486 633 efferentem,
501 606 558 627 tum
570 602 597 628 in
609 601 748 636 republica
759 610 788 628 ea
802 601 859 628 vel-

58 639 96 671 le,
114 648 183 674 quae
199 638 344 674 tranquilla
360 643 386 665 et
401 639 510 665 honesta
523 639 590 665 sint:
613 638 693 666 talem
704 639 777 665 enim
789 638 859 665 sole—

59 686 119 703 mus
130 681 156 703 et
167 678 265 703 sentire
277 676 379 703 bonum
390 676 478 702 civem
490 681 516 702 et
526 676 626 702 dicere.
663 677 719 702 425.
736 677 859 711 Peregri—

58 715 86 740 ni
97 719 187 740 autem
199 719 279 749 atque
291 713 394 740 incolae
404 713 524 740 officium
536 713 655 740 estnihil
667 718 771 748 praeter
777 722 858 739 suum

57 752 196 788 negotium
207 760 300 787 agere,
318 750 386 777 nihil
403 751 436 777 de
452 751 504 777 alio
514 752 671 786 anquirere,
691 751 858 785 minimeque

58 790 86 816 in
97 788 185 816 aliena
196 797 256 815 esse
267 788 407 824 republica
418 789 567 815 curiosum.
603 789 639 815 Ita
651 787 705 814 sere
716 788 804 814 officia
816 797 858 814 re-

57 828 208 861 perientur,
238 835 324 861 quum
346 830 504 861 quaeretur,
529 825 597 861 quid
618 825 724 857 deceat,
747 830 772 852 et
791 825 859 860 quid

57 869 151 899 aptum
162 865 198 890 sit
208 864 340 898 personis,
358 863 536 898 temporibus,
549 863 692 889 aetatibus.
733 863 807 889 Nihil
820 868 860 889 est

58 906 162 932 autem,
185 901 258 936 quod
274 906 327 927 tam
344 901 449 931 deceat,
467 909 550 935 quam
567 901 594 926 in
609 901 683 926 omni
698 908 725 926 re
741 900 858 936 gerenda

56 938 224 973 consilioque
235 938 366 973 capiendo
377 946 485 964 servare
495 939 683 964 constantiam.

112 976 226 1002 XXXV.
240 977 296 1002 ⁴26.
310 975 361 1002 Sed
372 976 501 1010 quoniam
512 975 640 1002 decorum
652 974 720 1002 illud
732 975 759 1001 in
770 975 859 1001 omni-

57 1014 109 1040 bus
124 1013 215 1044 factis,
233 1013 327 1044 dictis,
346 1013 374 1039 in
385 1013 505 1047 corporis
521 1013 640 1048 denique
658 1017 730 1039 motu
747 1018 773 1038 et
788 1017 857 1039 statu

56 1051 187 1081 cernitur,
206 1050 288 1086 idque
299 1051 419 1085 positum
430 1055 471 1077 est
482 1051 509 1077 in
521 1050 608 1077 tribus
620 1050 701 1077 rebus
710 1071 716 1081 ,
734 1049 859 1076 formosi-

56 1093 117 1120 tate,
131 1088 239 1119 ordine,
257 1093 351 1115 ornatu
367 1088 399 1114 ad
417 1089 548 1114 actionem
561 1093 634 1123 apto;
653 1087 814 1114 difficilibus
826 1087 859 1113 ad

56 1126 253 1161 eloquendum;
267 1125 316 1152 sed
327 1126 392 1152 satis
404 1126 455 1152 erit
467 1125 597 1161 intelligi;
616 1126 642 1152 in
655 1126 698 1152 his
709 1130 799 1152 autem
811 1126 859 1151 tri-

57 1164 109 1190 bus
120 1164 272 1190 continetur
282 1171 345 1189 cura
357 1163 437 1189 etiam
450 1162 510 1193 illa,
529 1168 558 1190 ut
573 1163 720 1198 probemur
731 1163 778 1193 iis.
796 1163 859 1197 qui-

56 1200 263 1235 buscum‚apud
270 1209 393 1236 quosque
406 1201 544 1227 vivamus:
559 1201 602 1227 his
614 1209 722 1236 quoque
732 1200 765 1226 de
777 1200 859 1226 rebus

56 1247 141 1274 pauca
163 1238 296 1265 dicantur.
338 1239 473 1272 Principio
496 1239 615 1273 corporis
634 1239 717 1264 nostri
733 1246 858 1273 magnam

57 1281 151 1303 natura
162 1277 220 1311 ipsa
232 1275 340 1302 videtur
352 1276 481 1302 habuisse
493 1276 637 1302 rationem:
660 1284 729 1311 quae
746 1275 858 1302 formam

56 1318 175 1341 nostram
195 1313 382 1348 reliquamque
404 1313 532 1348 figuram,
556 1314 582 1340 in
598 1322 652 1348 qua
667 1317 739 1339 esset
753 1314 858 1347 species

57 1351 182 1382 honesta,
201 1359 260 1377 eam
278 1352 369 1386 posuit
385 1352 412 1377 in
424 1356 563 1386 promptu:
587 1359 657 1386 quae
669 1355 757 1385 partes
769 1355 858 1377 autem

56 1390 190 1424 corporis,
216 1388 249 1414 ad
267 1393 377 1415 naturae
396 1389 583 1416 necessitatem
603 1389 693 1419 datae,
719 1393 858 1422 aspectum

56 1431 147 1453 essent
157 1425 306 1453 deformem
319 1426 460 1452 habiturae
472 1431 554 1461 atque
569 1431 674 1461 turpem
683 1447 689 1457 ,
707 1434 752 1452 eas
767 1430 859 1452 conte-

56 1465 97 1490 xit
108 1468 187 1498 atque
199 1463 314 1490 abdidit.
351 1464 406 1490 ⁴27.
430 1464 502 1490 Hanc
513 1469 623 1490 naturae
635 1468 688 1490 tam
699 1463 858 1498 diligentem

56 1501 187 1528 fabricam
199 1502 300 1528 imitata
312 1505 353 1528 est
367 1501 508 1527 bominum
519 1504 684 1528 verecundia.
700 1502 774 1533 Quae
786 1501 859 1527 enim

57 1543 151 1566 natura
162 1538 317 1569 occultavit.
334 1538 428 1565 eadem
439 1547 542 1569 omnes.
551 1539 599 1573 qui
610 1547 673 1565 sana
685 1543 773 1565 mente
784 1542 856 1569 sunt,

56 1581 196 1603 removent
206 1576 240 1603 ab
250 1576 349 1609 oculis3
367 1577 475 1611 ipsique
487 1577 650 1607 necessitati,
664 1576 728 1602 dant
737 1584 856 1610 operam,

56 1618 182 1649 utquam
202 1613 386 1640 occultissime
407 1618 530 1648 pareant:
553 1622 724 1649 quarumque
740 1614 857 1648 partium

56 1652 175 1686 corporis
188 1660 254 1678 usus
266 1655 329 1677 sunt
341 1652 496 1682 necessarii,
505 1659 550 1677 eas
562 1659 651 1686 neque
662 1656 761 1686 partes,
770 1658 858 1685 neque

56 1697 148 1715 earum
161 1689 292 1715 usussuis
301 1689 457 1715 nominibus
464 1688 616 1724 appellant;
632 1688 760 1723 quodque
772 1688 858 1714 facere

57 1731 135 1761 turpe
146 1734 199 1753 non
210 1731 259 1757 est,
277 1726 356 1753 modo
366 1726 483 1757 occulte,
507 1726 535 1752 id
546 1726 636 1753 dicere
646 1726 794 1753 obscenum
807 1730 857 1752 est.

55 1765 148 1799 Itaque
165 1772 214 1790 nec
230 1765 298 1790 actio
314 1772 404 1790 rerum
422 1763 530 1791 illarum
544 1768 636 1799 aperta
652 1764 799 1799 petulantia
812 1772 860 1790 va-

56 1806 107 1833 cat,
121 1810 169 1828 nec
179 1802 308 1828 orationis
318 1801 481 1828 obscenitas.
514 1803 571 1828 428.
589 1802 643 1827 Nec
656 1810 718 1828 vero
729 1800 859 1827 audiendi

56 1844 120 1866 sunt
134 1839 242 1875 Cynici.
265 1843 310 1865 aut
326 1839 349 1865 si
365 1839 413 1873 qui
430 1839 539 1866 fuerunt
553 1839 634 1866 Stoici
651 1847 735 1874 paene
752 1838 856 1874 Cynici,

55 1877 104 1911 qui
117 1875 318 1910 reprehendunt
328 1881 354 1902 et
365 1876 490 1907 irrident,
507 1876 580 1911 quod
591 1885 635 1907 ea,
649 1885 718 1911 quae
731 1885 757 1902 re
770 1876 858 1911 turpia

56 1922 109 1940 non
121 1914 184 1944 sint,
199 1913 290 1939 verbis
302 1912 432 1947 flagitiosa
444 1913 591 1940 ducamus:
615 1913 660 1940 illa
671 1918 775 1944 autem,
789 1922 858 1948 quae

55 1951 145 1985 turpia
157 1950 220 1982 sint,
234 1950 391 1977 nominibus
403 1950 572 1985 appellemus
583 1951 651 1977 suis.
684 1951 856 1982 Latrocinuri,

56 1987 195 2019 fraudare,
213 1987 364 2014 adulterare
376 1997 404 2014 re
416 1992 493 2022 turpe
504 1992 558 2019 est,
575 1988 623 2014 sed
635 1988 735 2014 dicitur
746 1997 798 2014 non
809 1988 859 2014 ob-

55 2034 149 2052 scene:
173 2025 266 2052 liberis
277 2025 341 2052 dare
351 2033 460 2060 operam
476 2034 503 2051 re
518 2025 661 2051 honestum
673 2030 726 2056 est,
750 2025 858 2051 nomine

55 2063 218 2090 obscenum:
242 2062 374 2097 pluraque
399 2063 426 2089 in
447 2071 506 2089 eam
523 2063 684 2089 sententiam
699 2062 733 2088 ab
753 2062 857 2088 eisdem

55 2105 146 2128 contra
163 2099 356 2127 verecundiam
371 2100 556 2134 disputantur.
597 2100 650 2126 Nos
671 2104 760 2126 autem
779 2104 858 2125 natu-

56 2146 112 2165 ram
124 2145 286 2172 sequamur,
303 2142 330 2164 et
343 2137 378 2164 ab
393 2138 481 2168 omni,
498 2137 572 2172 quod
586 2137 755 2163 abliorretab
765 2136 858 2163 oculo-

56 2184 116 2202 rum
131 2176 294 2210 auriumque
309 2174 515 2210 approbatione,
534 2174 682 2210 fugiamus.
726 2176 782 2200 ⁴29.
799 2173 859 2200 Sta-

56 2218 109 2244 tus,
118 2213 251 2243 incessus,
259 2213 353 2243 sessio.
362 2212 507 2243 accubitio,
517 2212 617 2242 vultus,
631 2211 713 2242 oculi,
727 2220 857 2237 manuum

56 2255 145 2277 motus
160 2254 267 2276 teneant
283 2249 350 2276 illud
365 2249 503 2275 decorum.
543 2249 651 2281 Quibus
668 2250 694 2275 in
712 2249 793 2275 rebus
804 2248 858 2274 duo

56 2288 174 2315 maxime
186 2291 250 2313 suut
260 2286 402 2322 fugienda:
417 2295 449 2313 ne
460 2286 527 2321 quid
538 2286 721 2313 effeminatum
733 2291 779 2313 aut
790 2285 858 2312 mol-

58 2325 94 2356 le,
115 2329 141 2351 et
155 2333 187 2351 ne
198 2323 265 2359 quid
277 2324 378 2351 durum
388 2328 435 2350 aut
446 2324 578 2350 rusticum
590 2325 634 2351 sit.
676 2324 730 2350 Nec
742 2332 805 2350 vero
816 2323 858 2349 bi—

56 2362 206 2389 strionibus
216 2362 422 2396 oratoribusque
434 2361 637 2388 concedendum
648 2366 697 2391 est.
707 2366 735 2387 ut
748 2362 781 2387 iis
793 2360 858 2387 hacc

56 2404 117 2434 apta
130 2400 198 2430 sint.
217 2399 294 2426 nobis
310 2398 452 2425 dissoluta.
492 2398 665 2425 Scenicorum
677 2398 788 2433 quidem
801 2407 858 2424 mos

57 2441 157 2464 tantam
169 2436 250 2463 babet
262 2441 349 2463 vetere
361 2435 507 2470 disciplina
520 2436 721 2466 verecundiam,
731 2436 791 2462 utin
799 2444 858 2461 sce-

58 2482 119 2500 nam
131 2474 190 2501 sine
201 2473 374 2510 subligaculo
384 2473 495 2508 prodeat
505 2481 594 2500 nemo.
630 2474 762 2499 Verentur
772 2473 855 2503 enim,

58 2519 104 2541 ne.
122 2512 145 2537 si
157 2519 211 2546 quo
223 2520 288 2538 casu
300 2511 434 2541 evenerit,
451 2515 479 2537 ut
493 2511 612 2545 corporis
624 2515 712 2545 partes
724 2509 858 2545 quaedam
881 2525 882 2530 .

57 2549 225 2583 aperiantur,
243 2549 410 2584 aspiciantur
426 2557 478 2574 non
492 2548 598 2574 decore.
641 2548 735 2574 Nostro
745 2546 857 2582 quidem

58 2593 131 2612 more
142 2594 205 2612 cum
216 2586 374 2621 parentibus
386 2586 501 2620 puberes
513 2585 571 2616 filii.
579 2593 642 2612 curn
654 2585 755 2611 soceris
765 2585 858 2620 generi

59 2631 111 2650 non
136 2622 269 2650 lavantur.
310 2623 458 2651 Retineuda
482 2627 522 2649 est
543 2623 626 2659 igitur
647 2622 729 2649 huius
749 2622 858 2657 generis

59 2659 236 2692 verecundia.
253 2662 411 2696 praesertim
426 2665 519 2688 natura
531 2661 590 2695 ipsa
602 2660 729 2696 magistra
741 2664 767 2686 et
777 2659 856 2686 duce.

992 121 1083 147 CAP.
1108 124 1146 148 ‘32
1167 137 1203 141 —
1224 123 1265 148 37.
1642 126 1706 151 4235

911 191 1036 218 XXXVI.
1054 194 1109 219 430.
1122 193 1212 225 Quum
1223 198 1312 219 autem
1323 193 1535 228 pulchritudinis
1547 194 1600 220 duo
1611 203 1706 230 genera

910 230 974 260 sint,
987 238 1103 264 quorum
1117 231 1143 256 in
1155 230 1236 257 altero
1249 235 1375 257 venustas
1386 231 1430 261 sit,
1443 231 1468 256 in
1482 230 1563 257 altero
1573 231 1703 267 dignitas:

912 272 1078 293 venustatem
1096 267 1256 294 muliebrem
1271 267 1368 294 ducere
1384 267 1529 298 debemus,
1547 268 1705 304 dignitatem

912 304 1029 330 virilem.
1069 305 1139 340 Ergo
1149 310 1199 331 eta
1212 304 1295 331 forma
1307 310 1475 331 removeatur
1485 306 1573 332 omnis
1586 307 1643 332 viro
1655 315 1705 332 non

880 366 881 372 ,
911 340 1011 376 dignus
1018 348 1138 373 ornatus;
1150 347 1175 368 et
1187 343 1250 368 huic
1261 342 1350 368 simile
1363 343 1460 368 vitium
1472 344 1499 368 in
1511 348 1580 375 qesta
1591 349 1708 377 motuque

910 383 1045 405 caveatur.
1087 380 1152 405 Nam
1167 384 1191 406 et
1203 379 1354 414 palaestrici
1365 385 1453 406 motus
1465 388 1543 414 saepe
1555 385 1618 407 sunt
1631 380 1707 407 odio-

880 422 888 440 1.
910 416 1003 446 siores,
1012 416 1205 442 etbistrionum
1217 416 1340 443 nonnulli
1350 421 1442 452 gestus
1455 418 1537 452 inepti
1550 426 1601 444 non
1614 424 1707 444 vacant

888 475 889 479 ,
910 452 1069 485 offensione,
1093 458 1118 480 et
1134 454 1160 479 in
1177 459 1290 488 utroque
1305 462 1416 489 genere.
1434 463 1503 489 quae
1519 460 1582 480 sunt
1598 460 1667 481 recta
1681 461 1708 482 e'.

910 490 1055 524 simplicia,
1066 490 1219 517 laudantur.
1260 491 1369 517 Formae
1382 496 1468 517 autem
1481 492 1599 526 dignitas
1609 492 1706 518 coloris

911 527 1027 553 bonitate
1044 528 1141 554 tuenda
1158 533 1210 558 est.
1234 528 1305 554 color
1320 529 1557 555 exercitationibus
1575 530 1704 564 corporis.

912 564 1071 591 Adhibenda
1086 571 1126 591 est
1137 570 1271 600 praeterea
1283 566 1416 592 munditia
1429 575 1480 592 non
1494 567 1600 596 odiosa,
1619 575 1706 602 neque

910 603 1044 636 exquisita
1056 603 1150 634 nimis;
1165 607 1267 629 tantum
1279 612 1348 637 quae
1360 603 1445 638 fugiat
1455 604 1707 638 agrestemetinbu-

912 648 1017 665 manam
1033 640 1235 675 negligentiam.
1278 640 1377 666 Eadem
1393 641 1459 667 ratio
1474 646 1513 667 est
1526 641 1647 667 habenda
1661 650 1706 667 ve-

910 677 1002 709 stitus;
1027 677 1054 703 in
1070 686 1123 712 quo
1138 678 1219 711 (sicut
1234 679 1260 703 in
1277 678 1414 713 plerisque
1430 678 1520 713 rebus)
1537 678 1706 705 mediocritas

910 715 1010 748 optima
1021 719 1070 740 est.
1113 716 1168 740 434.
1191 715 1347 741 Cavendum
1359 720 1400 741 est
1410 720 1509 746 autern,
1523 724 1555 741 ne
1567 720 1611 742 aut
1623 715 1706 742 tardi-

911 752 1010 777 tatibus
1023 757 1130 778 utamur
1142 754 1167 778 in
1179 753 1303 787 ingressu
1316 752 1493 781 mollioribus,
1508 758 1536 779 ut
1547 761 1705 787 pomparum

911 788 1020 814 ferculis
1032 788 1135 815 similes
1147 798 1206 815 esse
1217 789 1371 822 videamur3
1393 791 1475 816 autin
1489 789 1706 816 festinationibus

910 827 1092 860 suscipiamus
1104 827 1202 853 nimias
1213 827 1376 857 celeritates;
1391 835 1460 861 quae
1471 835 1557 861 quum
1570 827 1645 857 fiunt,
1659 836 1706 853 an-

911 863 1010 889 helitus
1023 868 1178 894 moventur,
1197 863 1288 890 vultus
1305 868 1455 894 mutantur,
1472 873 1516 890 ora
1534 869 1703 899 torquentur.

910 910 943 927 ex
954 900 1056 935 quibus
1068 909 1163 936 magna
1175 902 1337 936 significatio
1352 901 1392 932 fit,
1411 910 1462 927 non
1478 901 1572 927 adesse
1583 907 1707 927 constan-

911 939 985 964 tiam.
1027 938 1080 964 Sed
1096 938 1180 964 multo
1195 939 1275 964 etiam
1293 939 1379 973 magis
1395 938 1587 965 elaborandum
1603 944 1656 969 est,
1675 948 1706 964 nc

911 976 994 1002 animi
1006 980 1095 1002 motus
1105 984 1119 1001 a
1132 981 1224 1002 natura
1236 976 1373 1002 recedant:
1390 975 1462 1010 quod
1477 984 1666 1010 assequemur,
1684 985 1707 1002 si

910 1013 1082 1044 cavebimus,
1096 1022 1129 1039 ne
1141 1013 1168 1039 in
1180 1013 1394 1047 perturbationes
1406 1018 1486 1048 atque
1497 1014 1707 1040 exanimationes

911 1050 1077 1081 incidamus,
1095 1055 1121 1077 et
1134 1051 1158 1077 si
1169 1055 1281 1077 attentos
1292 1051 1396 1077 animos
1408 1051 1441 1077 ad
1451 1051 1555 1077 decoris
1566 1059 1706 1077 conserva-

911 1089 1010 1114 tionem
1022 1088 1185 1114 tenebimus.
1223 1090 1277 1114 ⁴32.
1295 1089 1382 1115 Motus
1393 1093 1482 1114 autem
1494 1089 1644 1114 animorum
1657 1088 1708 1113 du—

911 1125 995 1160 plices
1009 1130 1086 1157 sunt,
1101 1125 1176 1152 alteri
1188 1126 1370 1161 cogitationis,
1386 1125 1462 1152 alteri
1474 1126 1619 1160 appetitus.
1659 1125 1709 1151 Co-

910 1163 1037 1198 gitatioin
1045 1171 1107 1189 vero
1118 1162 1286 1198 exquirendo
1297 1164 1413 1189 maxime
1426 1168 1559 1189 versatur:
1574 1163 1708 1197 appetitus

911 1200 1027 1235 impellit
1037 1200 1071 1226 ad
1083 1200 1228 1235 agendum.
1268 1200 1424 1227 Curandum
1436 1205 1476 1226 est
1488 1201 1578 1236 igitur.
1595 1206 1625 1226 ut
1635 1201 1710 1235 cogi-

911 1239 1009 1265 tatione
1024 1238 1057 1264 ad
1074 1246 1116 1264 res
1132 1246 1213 1273 quam
1226 1239 1343 1272 optimas
1360 1243 1479 1266 utamur.
1506 1238 1654 1272 appetitum
1668 1246 1708 1263 ra-

911 1276 977 1303 tioni
988 1275 1159 1302 obedientem
1174 1275 1362 1310 praebeamus.
1388 1275 1524 1301 XXXVll.
1538 1275 1569 1301 Et
1580 1275 1707 1309 quoniam

911 1322 1007 1349 magna
1021 1313 1061 1339 vis
1075 1313 1203 1339 orationis
1214 1318 1262 1343 est,
1277 1321 1361 1348 eaque
1372 1312 1487 1347 duplex:
1505 1312 1585 1338 altera
1599 1317 1708 1338 conten-

911 1352 1001 1381 tionis,
1010 1351 1090 1377 altera
1102 1351 1248 1377 sermonis:
1265 1351 1398 1377 contentio
1409 1349 1650 1384 disceptationibus
1662 1350 1707 1375 tri-

911 1389 1009 1415 buatur
1020 1388 1194 1418 iudiciorum,
1207 1389 1376 1417 concionum,
1389 1393 1510 1419 senatus,
1524 1396 1606 1413 sermo
1617 1387 1643 1412 in
1656 1387 1707 1412 cir-

909 1426 993 1457 culis,
1012 1425 1256 1460 disputationibus,
1278 1425 1516 1461 congressionibus
1534 1423 1707 1450 familiarium

912 1468 1042 1494 versetur,
1055 1468 1184 1498 sequatur
1194 1464 1274 1489 etiam
1285 1463 1421 1489 convivia.
1436 1461 1619 1489 Contentionis
1632 1470 1709 1495 prae-

911 1506 986 1536 cepta
998 1500 1134 1527 rhetorum
1142 1505 1214 1531 sunt,
1223 1500 1448 1527 nullasermonis:
1463 1507 1627 1534 quamquam
1636 1498 1706 1524 baud

911 1540 981 1569 scio,
999 1547 1031 1564 an
1048 1539 1153 1573 possint
1168 1538 1233 1564 haec
1247 1546 1356 1573 quoque
1372 1546 1441 1564 esse.
1482 1536 1533 1562 Sed
1545 1536 1708 1562 discentium

911 1576 1011 1602 studiis
1032 1577 1209 1602 inveniuntur
1230 1576 1364 1611 magistri:
1388 1575 1451 1601 huic
1472 1579 1560 1600 autem
1582 1574 1629 1608 qui
1650 1578 1709 1599 stu-

911 1614 1004 1643 deant.
1034 1617 1097 1640 sunt
1118 1612 1199 1645 nulli;
1231 1613 1367 1639 rhetorum
1392 1612 1468 1638 turba
1490 1611 1584 1637 referta
1607 1611 1706 1636 omnia.

910 1651 1081 1685 Quamquam
1097 1659 1166 1685 quae
1183 1650 1326 1676 verborum
1338 1651 1587 1683 sententiarumque
1601 1656 1709 1682 praecc—

911 1693 954 1724 pta
967 1693 1039 1719 sunt,
1053 1688 1146 1714 eadem
1158 1687 1190 1714 ad
1204 1696 1355 1714 sermonem
1368 1687 1550 1722 pertinebunt.
1585 1687 1640 1711 433.
1656 1685 1708 1711 Sed

910 1734 996 1761 quum
1015 1726 1144 1752 orationis
1166 1725 1283 1751 indicem
1303 1734 1394 1751 vocem
1416 1724 1578 1753 habeamus,
1603 1724 1627 1749 in
1647 1731 1709 1749 voce

911 1768 999 1790 autem
1011 1763 1065 1789 duo
1076 1771 1236 1798 sequamur,
1255 1762 1363 1789 utclara
1375 1763 1423 1791 sit.
1441 1767 1469 1788 ut
1481 1762 1587 1788 suavis.
1605 1766 1709 1786 utrum-

911 1810 964 1836 que
979 1802 1089 1827 omnino
1105 1810 1118 1826 a
1134 1805 1227 1827 natura
1244 1800 1390 1835 petendum
1405 1804 1458 1827 est2
1482 1807 1575 1825 verum
1596 1798 1709 1824 alterum

910 1839 1065 1865 exercitatio
1079 1838 1203 1873 augebit,
1227 1838 1340 1864 alterum
1360 1838 1473 1863 imitatio
1489 1844 1581 1871 presse
1598 1835 1709 1869 loquen-

911 1877 978 1903 tium
990 1881 1015 1902 et
1028 1876 1131 1902 leniter.
1173 1875 1245 1901 Nihil
1259 1874 1309 1901 fuit
1321 1876 1347 1901 in
1359 1874 1474 1902 Catulis,
1492 1879 1520 1900 ut
1531 1882 1576 1899 eos
1587 1873 1709 1907 exquisi-

911 1919 936 1940 to
948 1913 1049 1940 iudicio
1064 1918 1172 1948 putares
1185 1913 1222 1939 uti
1236 1912 1397 1939 litterarum:
1415 1927 1444 1931 —
1459 1919 1624 1946 quamquam
1636 1915 1708 1935 eraut

912 1951 1033 1978 litterati:
1056 1950 1103 1977 sed
1121 1955 1147 1977 et
1162 1949 1208 1976 alii
1224 1960 1273 1976 -ε
1293 1950 1320 1976 hi
1336 1955 1425 1976 autem
1441 1950 1541 1983 optime
1559 1948 1596 1974 uti
1619 1947 1709 1982 lingua

911 1990 1003 2015 Latina
1016 1988 1189 2023 putabantur.
1225 1988 1314 2014 Sonus
1325 1992 1381 2013 erut
1391 1986 1493 2013 dulcis:
1510 1985 1610 2012 litterae
1623 1993 1710 2018 nequi*

910 2034 1054 2061 expressae
1067 2034 1154 2060 neque
1164 2033 1319 2059 oppressae.
1328 2034 1360 2051 ne
1372 2029 1417 2050 aut
1427 2024 1573 2049 obscurum
1585 2027 1654 2048 esset
1666 2027 1710 2047 aut

911 2063 1051 2098 putidum:
1069 2063 1129 2089 sint·
1144 2063 1313 2088 contentione
1331 2071 1382 2088 vox
1397 2070 1445 2087 uec
1461 2060 1592 2095 languens
1605 2068 1652 2085 uec
1666 2068 1708 2084 cu-

911 2109 984 2127 uora.
1025 2100 1137 2126 Uberior
1155 2100 1239 2126 oratio
1261 2100 1289 2125 1..
1312 2099 1410 2129 Crassi.
1435 2106 1483 2124 nec
1499 2099 1590 2123 minus
1611 2096 1706 2122 fui-cta.

910 2137 957 2163 sed
971 2137 1038 2163 bene
1050 2136 1178 2171 loquendi
1189 2136 1222 2162 de
1234 2136 1336 2162 Catulis
1347 2136 1439 2170 opinio
1451 2144 1502 2161 non
1515 2135 1611 2160 minor.
1650 2132 1709 2158 Sale

911 2173 1114 2201 veroetfacetiis
1122 2174 1226 2203 Caesar,
1235 2173 1323 2199 Catuli
1338 2173 1421 2207 patris
1434 2172 1521 2201 frater.
1531 2173 1706 2197 vicitonmes.

911 2217 939 2238 ut
951 2213 976 2238 in
989 2212 1048 2246 ipso
1060 2210 1106 2237 illo
1118 2210 1216 2236 forensi
1227 2218 1326 2245 genere
1336 2210 1444 2236 dicendi
1455 2207 1708 2235 contentioni-sulio-

911 2258 970 2275 rum
982 2256 1104 2275 sermone
1122 2249 1249 2274 vinceret.
1291 2248 1318 2274 ln
1329 2247 1458 2273 omnibus
1471 2247 1553 2280 igitur
1566 2245 1607 2271 bis
1619 2244 1710 2270 clabo—

911 2286 1024 2312 raudum
1037 2291 1090 2315 cst.
1107 2286 1130 2311 si
1144 2286 1170 2312 in
1183 2286 1257 2311 omni
1269 2293 1309 2313 re.
1328 2284 1394 2319 quid
1405 2284 1511 2312 decent,
1527 2283 1707 2316 exquirimus.

913 2325 968 2350 tat.
991 2324 1031 2350 Sit
1041 2331 1105 2357 ergo
1117 2323 1160 2348 bic
1171 2330 1272 2350 sermo.
1290 2323 1316 2347 in
1328 2330 1383 2356 quo
1393 2321 1520 2347 Socratici
1534 2320 1650 2345 maxime
1661 2327 1707 2345 ex-

910 2360 1094 2390 (·cllunt,lenis
1101 2360 1395 2394 minimequepertinax
1404 2367 1410 2387 ;
1420 2359 1483 2384 insit
1491 2359 1516 2383 iu
1524 2366 1554 2382 co
1562 2357 1644 2390 lepos.
1657 2356 1709 2382 Nec

911 2407 983 2426 vcro,
1000 2403 1136 2432 tamquam
1150 2398 1175 2423 in
1188 2397 1386 2431 possessionem
1398 2404 1474 2421 suum
1488 2395 1599 2423 venerit,
1616 2393 1709 2419 exclu-

910 2436 955 2462 dat
965 2435 1045 2467 alios;
1059 2434 1106 2461 scd
1119 2443 1203 2469 quum
1217 2433 1328 2468 reliquis
1342 2434 1367 2459 in
1380 2433 1470 2461 robus.
1479 2437 1535 2458 tum
1548 2431 1574 2457 in
1587 2439 1709 2457 sermoni·

909 2473 1047 2499 couununi
1061 2471 1278 2498 vicissitudinum
1290 2480 1341 2496 uon
1355 2471 1475 2504 iniquam
1489 2473 1572 2503 putet.
1621 2469 1657 2494 Ac
1669 2477 1709 2494 vi·

910 2511 970 2536 dent
982 2511 1008 2536 in
1026 2510 1135 2544 primis,
1153 2509 1256 2543 quibus
1271 2508 1304 2533 do
1321 2507 1402 2533 rebus
1419 2506 1556 2541 loquatur:
1579 2507 1602 2531 εἰ
1618 2506 1706 2532 seriis.

910 2548 1079 2574 severitatem
1091 2546 1231 2573 adhihent:
1245 2546 1268 2571 si
1282 2545 1386 2573 iocosis,
1402 2543 1529 2578 leporem.
1558 2543 1584 2569 ln
1598 2543 1707 2577 primis-

909 2593 962 2620 que
974 2583 1122 2619 provident.
1137 2592 1169 2609 ne
1180 2591 1268 2609 serino
1281 2583 1376 2608 vitium
1388 2580 1497 2616 aliquod
1509 2579 1606 2606 indicet
1621 2581 1707 2606 inesse

911 2622 1084 2648 iunioribus:
1107 2620 1179 2656 quod
1194 2620 1311 2646 maxime
1328 2625 1384 2645 tum
1400 2617 1467 2645 solet
1482 2618 1604 2646 evenire.
1622 2625 1706 2652 quum

910 2660 1030 2687 studioso
1040 2658 1074 2685 de
1086 2657 1254 2688 absentibus,
1267 2656 1427 2683 detrahendi
1437 2664 1542 2685 caussa.
1557 2661 1600 2681 aut
1613 2664 1660 2689 per
1671 2663 1707 2681 rt-

1435 2706 1479 2729 155
1491 2702 1501 2712 ⁶
