1941 3052
220 131 267 157 «175

222 200 464 236 praestantissimos
480 197 569 224 stmlio
585 202 664 232 atquo
679 196 813 227 doctrina,
837 196 1012 222 Xenocratem

221 237 430 264 Chalci-‹louimu
452 240 477 262 et
498 235 665 261 Aristotelem
681 235 849 268 Stagiritern:
873 234 920 268 qui
940 238 1013 259 erant

221 284 282 301 cum
296 273 447 303 .*iri.-=1tott·l‹·v
467 272 633 306 Peripatetici
648 271 712 297 dicti
724 276 799 301 sunt,
816 271 880 305 quia
891 270 1014 304 disputa-

221 312 284 338 bunt
297 310 493 337 inambulantes
509 310 533 334 in
548 309 641 344 Lycio:
661 308 700 334 illi
717 313 820 338 autem,
837 309 885 342 qui
898 307 1014 334 Platonis

221 350 343 375 instituto
355 348 380 372 iu
393 346 549 376 Academia,
567 345 639 380 quod
655 350 695 371 est
705 345 817 371 alterum
829 345 1012 380 gymnasium.

220 390 311 411 coetus
322 388 396 410 erant
409 389 435 409 et
445 391 581 409 sermones
595 382 692 408 habere
702 382 783 412 soliti,
796 392 810 408 e
823 382 872 408 loci
885 381 1015 408 vocabulo

222 431 317 448 nomen
343 421 504 447 habuerunt.
545 419 597 445 Sed
624 420 731 454 utrique
757 419 873 446 Platonis
895 419 1014 445 ubertate

221 458 361 493 completi,
393 462 491 484 certam
517 456 661 491 quamdam
687 456 848 491 disciplinae
873 455 1014 482 formulam

220 500 441 530 composuerunt,
464 499 490 520 et
505 503 562 520 eam
581 494 691 528 quidem
709 494 815 528 plenam
830 502 860 520 ac
877 493 1012 524 referumu

222 533 294 559 illam
311 537 399 558 autem
411 532 570 557 ¹<ot-raucam
587 531 781 557 dubitationem
793 531 825 557 de
835 531 963 557 omnibus
975 539 1016 556 re-

222 570 282 600 bus.
292 569 395 596 etnulla
407 568 582 595 affirmatione
592 568 712 594 adhibita
725 568 947 594 consuetudinem
959 567 1016 593 dis-

221 607 327 633 serendi
350 606 528 640 reliquerunt.
571 607 610 631 ⁴8.
634 606 668 631 lta
686 605 751 632 lacta
771 610 811 632 est.
831 603 1014 641 [disserendi.]

221 644 294 679 quod
311 644 422 670 minimo
433 644 554 669 Socrates
566 643 707 677 probabat,
727 652 769 668 ars
780 643 913 677 quaedam
928 642 1016 677 philo-

221 681 346 716 sophiae.
369 686 394 707 et
415 689 503 706 rerum
527 680 604 710 ordo.
631 685 657 706 et
677 680 822 714 descriptio
842 679 1014 714 disciplinae.

221 720 294 751 Quae
306 718 416 753 quidem
428 723 483 744 erat
494 718 581 752 primo
592 717 698 743 duobus
707 738 712 747 ,
730 722 757 744 ut
771 717 841 745 dixi.
861 717 1016 743 nominibus

222 765 285 783 uua.
328 755 399 781 Nihil
415 756 486 781 euim
501 756 567 781 iuter
580 755 766 789 Peripateticos
777 760 802 781 et
814 754 887 780 illam
901 759 1015 780 veterem

222 793 394 820 Academiam
409 792 557 818 ditl'erebat.
599 792 770 818 Abundantia
785 791 900 826 quadam
914 791 1016 827 ingenii

222 830 387 865 praestabat,
401 835 428 856 ut
441 829 508 855 mihi
522 829 639 859 videtur.
654 829 808 855 Aristotcles
820 829 945 864 quidem:
969 828 1016 854 sed

223 867 295 894 idem
312 867 370 893 sons
385 872 439 893 erat
455 868 589 901 utrisque,
607 871 633 892 et
647 866 740 892 eadem
753 875 841 893 rerum
853 865 1017 901 expetenda·

224 914 283 932 rum
297 904 540 940 t'ugicndarunupie
553 904 667 938 partitio.

277 941 329 968 Sed
342 942 407 976 quid
420 942 486 976 ago'.J
502 942 602 976 inquit:
621 946 665 967 aut
676 949 772 967 sumne
784 949 878 971 sanus,
892 941 940 975 qui
953 940 1017 966 haec

224 978 271 1005 vos
282 978 381 1005 doceo?
403 980 468 1004 Nam
480 979 529 1004 etsi
541 988 592 1004 non
604 987 651 1004 sus
663 979 810 1004 Minervam
820 999 825 1008 ,
839 982 867 1004 ut
877 979 964 1004 aiunt:
979 982 1017 1003 ta—

224 1025 284 1043 men
297 1018 398 1051 inepte,
415 1017 541 1050 quisquis
554 1016 699 1041 Minervam
711 1016 797 1042 docet.

224 1096 312 1118 nostra
324 1095 403 1125 atque
416 1096 531 1116 nostros:
547 1099 642 1124 meque
657 1091 704 1116 ista
716 1090 856 1119 delectant,
870 1098 955 1124 quum
968 1089 1017 1115 La-

224 1129 278 1155 tine
290 1128 430 1157 dicuntur,
444 1133 468 1153 et
481 1128 529 1153 isto
542 1127 628 1153 modo.

224 1171 277 1196 tas,
295 1166 343 1200 qui
356 1165 554 1199 philosophiam
568 1165 619 1190 iam
632 1164 769 1198 professus
780 1165 846 1191 sim.
860 1163 959 1198 populo
971 1172 1018 1189 no-

223 1208 277 1229 stro
289 1201 492 1229 exhibiturum?
513 1203 657 1237 Pergamus
670 1202 765 1237 igitur,
780 1202 877 1235 inquit,
890 1201 1017 1235 quoniam

224 1241 319 1275 placet.
362 1241 400 1265 49.
423 1240 483 1265 Fuit
497 1247 560 1274 ergo
573 1240 625 1264 iam
636 1244 742 1273 accepta
754 1248 768 1264 a
780 1238 887 1264 Platone
899 1237 1019 1273 philoso-

224 1277 326 1312 phandi
338 1277 403 1302 ratio
416 1276 526 1310 triplex:
544 1285 609 1306 una,
626 1275 658 1302 de
671 1277 723 1302 vita
736 1281 762 1302 et
773 1276 907 1307 moribus:
926 1275 1016 1305 altera,

223 1315 256 1341 (le
269 1319 361 1340 natura
373 1318 398 1340 et
414 1314 494 1339 rebus
510 1313 634 1345 occultis,
652 1314 741 1344 tertia,
762 1313 795 1339 de
810 1312 967 1339 disserendo
983 1317 1016 1343 et,

223 1351 290 1386 quid
304 1359 406 1382 verum,
426 1350 469 1387 [et]
483 1350 549 1385 quid
562 1350 673 1381 falsum,
691 1350 757 1386 quid
769 1354 872 1377 rectum
884 1351 911 1376 in
922 1350 1020 1377 oratio-

225 1398 257 1415 ne
272 1397 434 1423 pravumve,
451 1388 517 1423 quid
531 1389 715 1419 consentiens,
732 1387 800 1423 quid
814 1393 958 1423 repugnet,
978 1388 1020 1413 iu·
1041 1418 1042 1421 Ἰ

1041 1429 1049 1457 ᾗ
1071 1429 1192 1454 neretur,
1215 1434 1303 1460 neque
1319 1426 1375 1451 vim
1391 1425 1449 1450 sine
1464 1423 1555 1458 aliqua
1576 1423 1696 1449 materia.

1042 1462 1049 1473 '¹
1071 1463 1158 1493 enim,
1179 1462 1252 1497 quod
1273 1471 1324 1489 non
1346 1461 1447 1488 alicubi
1462 1469 1521 1487 esse
1536 1465 1659 1496 cogatur:
1681 1459 1728 1486 sed
1744 1459 1816 1494 quod
1832 1467 1866 1485 ex

223 1426 347 1452 dicando.
389 1426 426 1452 Ac
439 1427 553 1460 primam
565 1426 639 1452 illam
651 1431 768 1461 partem,
786 1425 854 1452 hene
867 1424 992 1456 vivendi,
1006 1434 1019 1451 a

224 1468 316 1490 natura
330 1463 467 1497 petebant,
484 1464 563 1498 eique
579 1463 728 1498 parendum
743 1472 802 1490 esse
818 1463 956 1491 dicebant:
973 1471 1021 1490 ne-

223 1509 276 1536 que
292 1500 348 1527 ulla
364 1500 415 1526 alia
431 1501 458 1526 in
475 1509 516 1531 re,
533 1501 586 1526 nisi
601 1501 628 1527 in
640 1506 747 1532 natura,
765 1501 950 1536 quaerendum
961 1509 1020 1527 esse

224 1538 293 1564 illud
307 1546 446 1564 summum
457 1537 572 1568 bonum.
590 1546 643 1573 quo
657 1539 747 1564 onmia
758 1538 934 1565 referrentur:
957 1547 1021 1564 con-

224 1575 438 1609 stituebantque,
461 1580 612 1601 extremum
631 1584 689 1601 esse
706 1584 794 1602 rerum
809 1575 1020 1610 expetendarum

224 1617 249 1639 et
267 1612 346 1638 [inem
364 1612 509 1643 bonorum,
531 1612 659 1647 adeptum
675 1621 734 1638 esse
750 1614 840 1639 onmia
856 1622 870 1639 e
887 1618 979 1640 natura
996 1617 1021 1639 et

225 1650 315 1676 animo
330 1655 356 1676 ct
370 1658 479 1684 corpore
494 1654 520 1675 et
534 1650 597 1676 vita.
638 1650 763 1684 Corporis
775 1655 863 1677 autem
875 1650 926 1676 alia
938 1659 1021 1685 pone-

225 1687 290 1713 bant
299 1695 358 1713 essc
370 1688 396 1712 in
409 1691 474 1717 toto,
491 1686 543 1713 alia
558 1688 584 1713 in
596 1687 733 1721 partibus:
772 1687 965 1718 valetudinem,
978 1688 1021 1713 vi-

224 1733 280 1755 reS,
297 1724 528 1758 pulchritudinem
544 1725 570 1750 in
586 1729 652 1750 toto:
673 1725 700 1750 in
717 1725 838 1758 partibus
853 1729 943 1751 autem
958 1733 1021 1751 sen-

225 1770 272 1788 sus
284 1762 414 1797 integros,
432 1766 457 1787 ct
468 1762 656 1795 praestantiam
667 1761 785 1796 aliquam
798 1763 915 1796 partium
925 1762 1021 1797 singu—

227 1799 326 1824 larum:
344 1803 373 1824 ut
395 1799 421 1824 in
441 1798 558 1833 pedibus
573 1798 750 1829 celeritatem,
769 1799 824 1824 vim
840 1800 867 1825 in
882 1799 1018 1828 manibus,

225 1836 372 1862 claritatem
394 1836 419 1861 in
437 1844 514 1865 voce,
541 1836 567 1861 in
585 1835 676 1870 lingua
691 1836 771 1861 etiam
786 1835 954 1870 explanatam
973 1844 1021 1861 vo-

226 1881 289 1899 cum
300 1874 512 1906 expressionem.
534 1874 576 1898 20.
591 1872 682 1898 Animi
694 1877 793 1903 autem,
807 1881 876 1907 quae
887 1878 976 1899 essent
987 1872 1019 1898 ad

225 1909 506 1944 comprehendendam
522 1910 639 1944 ingeniis
653 1910 780 1936 virtutem
794 1910 903 1940 idonea,
926 1909 1020 1946 [eaque

226 1947 260 1973 ab
275 1946 319 1982 iis]
339 1947 365 1972 in
382 1951 503 1972 naturam
519 1951 543 1972 et
560 1955 646 1972 mores
664 1946 866 1973 dividebantur.
905 1948 1020 1974 Naturae

226 1983 388 2010 celeritatem
401 1983 433 2009 ad
445 1983 615 2014 discendum,
624 1988 649 2010 et
660 1985 816 2010 memoriam
827 1984 939 2011 dabant:
953 1993 1021 2019 quo-

227 2030 286 2047 rum
306 2025 452 2055 utrumque
474 2021 572 2047 mentis
592 2026 662 2047 esset
681 2022 834 2056 proprium,
860 2026 886 2048 et
905 2022 1019 2057 ingenii.

226 2059 329 2085 Morum
342 2063 430 2084 autem
443 2058 572 2092 putabant
583 2058 671 2084 studia
683 2067 755 2089 esse,
773 2063 797 2085 et
813 2059 892 2093 quasi
907 2067 1022 2085 consue-

227 2095 362 2122 tudinem:
375 2103 456 2130 quam
468 2095 564 2129 partim
576 2096 773 2122 exercitationis
785 2096 1022 2130 assiduitate,par-

227 2133 275 2160 tim
295 2133 395 2159 ratione
416 2132 577 2160 formabant:
604 2133 631 2158 in
650 2133 752 2168 quibus
776 2138 830 2159 erat
849 2133 1021 2168 philosophia

227 2171 296 2205 ipsa.
338 2170 366 2196 In
378 2178 431 2204 qua
442 2169 514 2204 quod
526 2170 679 2196 inchoatum
691 2175 740 2201 est,
754 2179 841 2205 neque
855 2170 1019 2201 absolutum,

226 2207 378 2243 progressio
392 2207 524 2241 quaedam
535 2207 568 2233 ad
581 2208 706 2234 virtutem
718 2207 881 2242 appellatur:
894 2209 936 2234 ΞΗ.
949 2207 1020 2242 quod

227 2250 316 2271 autem
322 2244 485 2275 absolutum,
498 2244 525 2270 id
531 2245 672 2275 estvirtus,
681 2244 894 2280 quasipert'ectio
900 2250 1019 2276 naturae,

225 2282 402 2316 omniumque
418 2290 521 2313 rerum,
538 2290 606 2316 quas
622 2282 649 2308 in
664 2283 762 2308 animis
777 2287 894 2317 ponunt,
911 2291 964 2308 una
979 2290 1021 2308 res

225 2320 337 2354 optima.
362 2319 433 2354 Ergo
444 2318 510 2345 haec
520 2319 682 2345 animorum.
712 2319 789 2346 Vitae
799 2324 889 2346 autem
899 2319 938 2354 (id
949 2320 1021 2346 enim

226 2361 282 2383 erat
292 2356 410 2391 tertium)
421 2355 547 2382 adiuncta
557 2365 616 2382 esse
628 2356 766 2387 dicebant,
787 2365 857 2391 quae
868 2356 902 2383 ad
913 2357 1022 2383 virtutis

227 2402 308 2420 usum
319 2393 448 2420 valerent.
491 2394 546 2420 Iam
558 2393 644 2420 virtus
661 2392 755 2429 [animi
766 2393 844 2420 bonis
856 2398 882 2420 et
891 2392 1019 2429 corporis]

227 2431 345 2457 cernitur
356 2431 383 2456 in
394 2430 560 2465 quibusdam
568 2451 574 2462 ,
589 2439 659 2465 quae
671 2439 722 2457 non
734 2435 787 2457 tam
799 2435 921 2462 naturae,
939 2439 1021 2466 quam

227 2467 319 2493 beatae
330 2468 400 2494 vitae
411 2468 537 2494 adiuncta
547 2472 620 2494 sunt.
653 2467 796 2494 Hominem
805 2476 866 2494 esse
875 2468 1022 2494 censebant

227 2505 306 2538 quasi
320 2509 423 2538 partem
437 2504 583 2540 quamdam
599 2505 717 2531 civitatis
731 2509 757 2532 et
774 2505 896 2531 universi
913 2505 1021 2541 generis

228 2540 349 2571 humani,
357 2549 473 2576 eumque
479 2542 717 2568 esseconiunctum
728 2550 791 2568 cum
800 2542 958 2568 hominibus
969 2542 1022 2568 hu-

228 2585 306 2603 mana
317 2577 433 2611 quadam
444 2579 578 2606 societate.
608 2578 646 2605 Ac
657 2578 690 2605 de
701 2587 808 2606 summo
818 2579 931 2614 quidem
941 2584 1021 2614 atque

228 2613 343 2640 naturali
354 2614 423 2640 bono
433 2615 472 2641 sic
483 2621 575 2651 agunt.
595 2615 695 2647 ,Cetera
705 2621 794 2642 autem
805 2617 938 2651 pertinere
948 2615 982 2643 ad
993 2615 1021 2643 id

226 2655 323 2684 putant
332 2656 378 2678 aut
387 2651 586 2688 adaugendum,
599 2657 644 2680 aut
655 2653 798 2684 tuendum,
812 2658 841 2680 ut
851 2653 976 2685 divitias,
991 2658 1022 2680 ut

778 128 833 152 ⁴09.
870 126 905 152 M.
939 127 970 152 Τ.
1005 126 1024 152 C

1042 125 1290 152 {CERONlS

1041 235 1042 243 ¹
1065 233 1172 259 ducitur
1184 233 1250 258 ratio
1261 232 1401 258 honorum.

838 1015 868 1041 V.
891 1015 959 1041 Tum
971 1015 1018 1040 At—
1038 1013 1047 1047 ,ἶ

224 1055 302 1084 ficus,
316 1054 355 1079 Tu
369 1062 438 1083 vero,
453 1054 550 1087 inquit.
565 1062 654 1088 perge,
669 1053 759 1079 Varro.
782 1052 863 1078 valde
875 1053 947 1078 enim
959 1060 1018 1078 amo
1038 1055 1041 1083 ξ

669 1127 740 1159 Quid
753 1135 807 1157 me,
824 1127 949 1161 inquam,
967 1135 1018 1161 pu-
1040 1133 1041 1149 1

1044 834 1046 840 ¹
1068 827 1271 863 praescriberet.

1063 205 1137 230 opes.
1152 200 1180 221 ut
1190 194 1311 229 gloriam,
1330 199 1358 222 ut
1368 195 1490 230 gratiam.
1531 195 1566 222 ba
1581 195 1710 229 tripartita
1722 195 1755 220 ab
1768 195 1800 221 iis
1815 195 1856 221 in-

1442 232 1483 258 Vl.
1500 233 1541 258 22.
1564 233 1649 267 Atque
1662 232 1726 258 haee
1739 232 1782 258 illa
1794 237 1857 258 sunt

1066 271 1113 296 tria
1124 278 1231 303 genera,
1243 278 1312 304 quae
1324 274 1417 303 putant
1428 268 1549 304 plerique
1557 270 1744 304 Peripateticos
1755 269 1854 295 dicere.

1067 307 1093 333 ld
1105 306 1216 341 quidem
1233 315 1285 332 non
1302 305 1381 332 falso:
1398 311 1437 332 est
1453 307 1524 332 enim
1540 306 1604 332 haec
1616 307 1721 341 partitio
1734 305 1855 332 illorum:

1068 344 1133 370 illud
1147 343 1342 378 imprudenter.
1356 344 1379 369 si
1391 342 1456 369 alios
1467 351 1526 369 esse
1541 343 1726 372 Academicos,
1740 343 1788 378 qui
1801 348 1857 369 tum

1066 380 1273 416 appellarentur,
1290 380 1356 406 alios
1368 380 1556 415 Peripateticos
1567 380 1738 407 arbitrantur.
1779 379 1858 406 Com—

1068 419 1157 444 munis
1170 418 1234 444 baec
1246 418 1323 447 ratio.
1342 422 1368 444 et
1380 418 1500 452 utrisque
1513 417 1555 443 hic
1567 416 1696 443 bonorum
1709 417 1771 443 [inis
1783 416 1857 443 vide—

1067 456 1154 484 batur,
1163 455 1287 490 adipisci.
1297 463 1366 490 quae
1377 459 1466 481 essent
1474 455 1559 489 prima
1569 452 1617 490 [in]
1625 460 1726 485 natura,
1734 462 1859 489 quaeque

1069 493 1125 527 ipsa
1137 501 1184 527 per
1194 501 1253 518 sese
1264 491 1423 526 expetenda.
1437 496 1482 518 aut
1491 492 1590 521 omnia.
1603 497 1648 518 aut
1661 492 1786 518 maxima.
1822 491 1858 517 Ea

1067 535 1130 556 sunt
1141 535 1228 555 autem
1241 530 1367 559 maxima,
1380 538 1448 563 quae
1462 530 1487 555 in
1501 529 1558 563 ipso
1569 528 1659 554 animo
1672 534 1751 563 atque
1764 530 1789 555 in
1801 529 1859 563 ipsa

1069 568 1165 593 virtute
1178 571 1326 592 versantur.
1360 567 1451 601 ltaque
1461 567 1550 592 omnis
1562 565 1606 592 illa
1620 566 1728 600 antiqua
1741 565 1859 600 philoso-

1069 605 1131 639 phia
1143 605 1227 630 sensit
1240 605 1265 630 in
1278 612 1329 629 una
1342 604 1439 630 virtute
1450 611 1509 629 esse
1520 603 1633 638 positam
1647 603 1749 629 beatam
1762 603 1857 629 vitam:

1068 651 1116 668 nec
1129 646 1215 668 tamen
1228 641 1425 671 beatissimam.
1444 641 1495 667 nisi
1510 640 1720 676 adiungerentur
1731 645 1756 666 ct
1767 648 1860 674 corpo-

1069 680 1114 709 ris.
1128 684 1153 705 ct
1163 684 1259 708 cetera.
1273 687 1341 712 quae
1352 687 1432 712 supra
1444 678 1514 704 dicta
1526 683 1601 707 sunt.
1615 676 1647 703 ad
1661 678 1768 703 virtutis
1781 685 1859 703 usum

1069 716 1173 743 idonea.
1207 718 1248 742 23.
1272 716 1311 742 Ex
1323 715 1370 742 hac
1381 716 1570 750 descriptione,
1584 714 1680 750 agendi
1692 723 1799 749 quoque
1811 713 1861 740 ali-

1068 753 1134 788 quid
1153 755 1178 779 in
1195 755 1262 783 vita,
1285 757 1310 779 et
1325 752 1407 779 officii
1425 753 1511 787 ipsius
1532 753 1639 778 initium
1664 751 1858 786 reperiebatur:

1068 790 1139 826 quod
1152 795 1207 817 erat
1219 791 1244 816 in
1256 791 1457 817 conservatione
1468 798 1559 816 earum
1573 797 1670 819 rerum,
1687 798 1754 824 quas
1769 793 1860 814 natura

1313 828 1378 854 llinc
1393 828 1554 863 gignebatur
1569 826 1631 862 fuga
1647 826 1767 852 desidiae
1785 825 1862 851 volu-

1044 869 1046 896 j
1068 870 1225 900 ptatumque
1241 865 1417 899 contemptio:
1438 872 1471 890 ex
1486 873 1540 899 quo
1552 863 1672 890 laborum
1684 863 1862 898 dolorumque

1044 903 1046 911 ⁴
1068 903 1204 937 susceptio
1218 902 1362 929 multorum
1380 910 1606 937 magnorumque,
1624 901 1687 927 recti
1703 901 1862 935 honestique

1067 949 1176 966 caussa:
1192 945 1218 966 et
1228 948 1320 966 earum
1333 948 1435 968 rerum.
1449 947 1518 974 quae
1529 944 1602 964 erant
1613 944 1790 973 congruentes
1799 945 1861 963 cum

1067 977 1248 1011 descriptione
1260 981 1379 1003 naturae.
1420 976 1494 1002 Unde
1506 981 1530 1002 et
1541 976 1658 1001 amicitia
1670 975 1824 1004 exsistebat,
1838 980 1863 1000 et

1069 1015 1185 1043 iustitia.
1202 1019 1281 1049 atque
1297 1014 1427 1049 aequitas.
1468 1014 1575 1048 llaeque
1586 1018 1611 1039 et
1624 1012 1819 1047 voluptatibus.
1838 1017 1863 1037 et

1069 1051 1162 1078 multis
1175 1052 1242 1077 vitae
1254 1050 1402 1077 commodis
1413 1050 1651 1085 anteponebantur.
1672 1050 1740 1076 llaec
1751 1049 1862 1084 quidem

1070 1088 1120 1115 suit
1131 1088 1202 1123 apud
1213 1097 1258 1115 eos
1270 1097 1374 1114 morum
1390 1088 1535 1114 institutio.
1553 1093 1578 1114 et
1592 1088 1650 1113 eius
1667 1088 1762 1121 partis,
1781 1095 1863 1121 quam

1070 1127 1184 1160 primam
1197 1126 1284 1160 posui,
1299 1125 1381 1152 forma
1393 1130 1473 1160 atque
1483 1124 1638 1159 descriptio.

1125 1164 1167 1189 24.
1190 1163 1225 1189 De
1241 1167 1334 1189 natura
1353 1167 1441 1189 autem
1457 1162 1494 1196 (id
1505 1162 1577 1188 enim
1587 1161 1759 1196 sequebatur)
1776 1161 1809 1187 ita
1820 1160 1864 1186 di-

1047 1222 1049 1236 ,
1070 1200 1181 1229 cebant,
1195 1205 1223 1226 ut
1233 1208 1292 1226 eam
1304 1199 1455 1226 dividerent
1468 1200 1494 1225 in
1506 1207 1548 1225 res
1559 1198 1640 1224 duas:
1664 1203 1692 1224 ut
1702 1197 1783 1224 altera
1794 1203 1865 1224 esset

1047 1264 1049 1297 ἐ

1047 1300 1049 1359 i

1070 1237 1204 1267 efficiens.
1221 1237 1301 1263 altera
1313 1242 1401 1264 autem
1413 1238 1491 1271 quasi
1504 1236 1567 1262 huic
1577 1244 1605 1261 se
1617 1235 1762 1270 praebens,
1779 1243 1864 1270 eaque

1070 1275 1220 1301 efficeretur
1235 1274 1349 1309 aliquid.
1390 1275 1417 1300 ln
1434 1282 1477 1303 eo,
1495 1273 1567 1308 quod
1583 1272 1713 1303 efiiceret,
1735 1273 1792 1298 vim
1805 1280 1864 1298 esse

1070 1312 1229 1339 censebant:
1246 1313 1273 1338 in
1289 1320 1320 1338 eo
1335 1317 1438 1342 autem,
1457 1311 1528 1346 quod
1546 1310 1709 1341 efficeretur=
1726 1310 1864 1336 materiam

1070 1349 1230 1385 quamdam:
1248 1350 1274 1376 in
1287 1354 1399 1384 utroque
1412 1354 1499 1375 tamen
1511 1353 1666 1383 utrumque.
1689 1348 1780 1382 Neque
1792 1347 1865 1373 enim

1071 1388 1210 1414 materiam
1223 1387 1309 1422 ipsam
1320 1386 1460 1414 cohaerere
1472 1386 1605 1421 potuisse,
1622 1386 1646 1411 si
1658 1384 1730 1412 nulla
1743 1386 1769 1411 vi
1780 1384 1866 1411 conti-

1736 1421 1810 1448 Nihil
1826 1426 1866 1447 est

1071 1505 1194 1535 utroque,
1213 1499 1240 1525 id
1252 1500 1305 1525 iam
1317 1507 1414 1534 corpus
1428 1503 1454 1525 et
1464 1499 1542 1533 quasi
1553 1497 1709 1533 qualitatem
1720 1496 1865 1532 quamdam

1072 1537 1256 1564 nominabant.
1296 1536 1399 1563 Dabitis
1410 1536 1481 1562 enim
1494 1534 1620 1570 prolecto,
1633 1539 1662 1561 ut
1673 1535 1699 1561 in
1712 1534 1793 1561 rebus
1804 1535 1866 1560 inu-

1071 1575 1172 1604 sitatis,
1190 1574 1263 1609 quod
1275 1574 1370 1601 Graeci
1387 1574 1439 1608 ipsi
1456 1572 1570 1603 faciunt,
1588 1581 1602 1598 a
1617 1571 1720 1607 quibus
1736 1572 1801 1598 haec
1813 1572 1865 1597 iam

1072 1612 1120 1638 diu
1142 1616 1300 1641 tractantur.
1327 1615 1435 1637 utamur
1454 1609 1545 1636 verbis
1569 1609 1703 1635 interdum
1725 1608 1864 1635 inauditis.

1071 1649 1126 1675 Vll.
1146 1650 1187 1675 25.
1210 1649 1264 1675 Nos
1275 1657 1346 1678 vero,
1360 1648 1449 1682 inquit
1458 1648 1572 1673 Atticus.
1609 1646 1680 1679 Quin
1693 1647 1772 1672 etiam
1784 1645 1866 1672 Grae-

1071 1687 1111 1712 cis
1127 1685 1220 1712 licebit
1234 1690 1322 1715 utare,
1339 1693 1425 1719 quum
1441 1684 1529 1714 voles,
1546 1684 1569 1709 si
1584 1687 1608 1709 te
1619 1684 1711 1710 Latina
1725 1682 1789 1709 l'orte
1800 1682 1867 1708 defi-

1071 1724 1152 1749 cient.
1191 1723 1262 1749 Bene
1273 1730 1336 1748 sane
1348 1721 1427 1748 facis:
1448 1721 1495 1747 sed
1506 1721 1605 1751 enitar.
1618 1725 1647 1747 ut
1658 1721 1750 1746 Latine
1763 1720 1865 1755 loquar,

1072 1761 1125 1787 nisi
1137 1761 1164 1786 in
1176 1758 1365 1786 huiuscemodi
1378 1758 1477 1789 verbis,
1491 1763 1519 1784 ut
1532 1757 1740 1792 philosophiam.
1749 1762 1794 1784 aut
1806 1757 1867 1783 rbe-

1071 1798 1191 1828 toricam,
1204 1801 1249 1823 aut
1260 1796 1410 1832 physicam,
1419 1800 1465 1822 aut
1474 1794 1642 1821 dialecticam
1653 1794 1796 1829 appellem.
1805 1795 1867 1829 qui-

1071 1835 1136 1866 bus,
1154 1839 1184 1861 ut
1198 1834 1260 1861 aliis
1274 1833 1381 1864 multis.
1397 1832 1564 1859 consuetudo
1577 1833 1631 1859 iam
1642 1833 1727 1859 utitur
1737 1840 1785 1867 pro
1796 1832 1868 1858 Lati-

1049 1887 1050 1894 1
1072 1873 1125 1899 nis.
1146 1871 1293 1904 Qualitates
1305 1871 1388 1907 igitur
1399 1869 1543 1905 appellavi,
1556 1878 1624 1905 quas
1636 1869 1774 1903 ποιότητας
1784 1868 1868 1896 Grae-

1072 1910 1096 1936 ci
1112 1914 1221 1936 vocant:
1244 1908 1316 1944 quod
1339 1909 1429 1943 ipsum
1450 1906 1522 1942 apud
1537 1907 1652 1934 Graecos
1667 1915 1720 1933 non
1736 1911 1777 1932 est
1791 1905 1867 1942 vulgi

1072 1947 1196 1977 verbum.
1210 1946 1259 1973 sed
1269 1945 1591 1981 philosophorum‚atque
1602 1944 1630 1970 id
1641 1944 1668 1970 in
1681 1943 1784 1970 multis.
1805 1943 1867 1970 Dia-

1073 1983 1227 2011 lecticorum
1238 1992 1302 2010 vero
1314 1982 1394 2009 verba
1406 1981 1480 2008 nulla
1490 1986 1553 2008 sunt
1567 1980 1692 2016 publica:
1714 1981 1772 2007 suis
1786 1985 1867 2007 utun-

1073 2027 1125 2048 tur.
1165 2021 1199 2048 Et
1214 2021 1241 2047 id
1257 2020 1368 2056 quidem
1384 2027 1526 2046 commune
1541 2019 1663 2045 omnium
1678 2017 1732 2044 fere
1750 2015 1809 2054 [est]
1825 2026 1867 2043 ar-

1073 2060 1152 2085 tium.
1191 2059 1244 2085 Aut
1258 2058 1331 2084 enim
1348 2066 1416 2084 nova
1431 2061 1494 2083 sunt
1504 2064 1594 2082 rerum
1605 2064 1736 2082 novarum
1747 2054 1868 2081 facienda

1073 2096 1190 2126 nomina,
1204 2100 1250 2122 aut
1260 2103 1295 2122 ex
1305 2095 1366 2121 aliis
1377 2093 1570 2121 transferenda.
1599 2092 1676 2125 Quod
1687 2093 1710 2118 si
1722 2092 1817 2119 Graeci
1828 2091 1867 2118 sa-

1072 2134 1156 2164 ciunt,
1164 2133 1212 2168 qui
1223 2133 1250 2159 in
1263 2132 1306 2158 his
1316 2131 1399 2158 rebus
1410 2127 1617 2158 totiam‘saecula
1624 2134 1772 2160 versantur,
1780 2137 1867 2164 quan-

1073 2175 1098 2197 to
1113 2170 1142 2197 id
1161 2171 1248 2206 magis
1263 2169 1341 2196 nobis
1356 2168 1560 2196 concedendum
1574 2172 1628 2199 est,
1647 2168 1696 2202 qui
1715 2166 1780 2193 haec
1795 2174 1867 2192 nunc

1073 2208 1192 2242 primum
1212 2211 1323 2234 tractare
1343 2204 1488 2233 conamur?
1522 2206 1565 2232 26.
1587 2205 1627 2231 Tu
1646 2212 1723 2234 vero,
1743 2204 1865 2238 inquam,

1073 2245 1162 2276 Varro,
1175 2244 1244 2271 bene
1255 2244 1336 2271 etiam
1347 2244 1493 2270 meriturus
1503 2242 1572 2269 mihi
1578 2242 1679 2268 videris
1689 2241 1723 2267 de
1733 2241 1788 2267 tuis
1798 2241 1868 2266 civi·-

1073 2282 1134 2313 bus,
1147 2282 1171 2308 si
1182 2290 1227 2308 eos
1238 2290 1291 2308 non
1302 2280 1382 2308 modo
1391 2280 1468 2315 copia
1479 2288 1569 2306 rerum
1579 2279 1696 2308 auxeris,
1704 2282 1734 2304 ut
1744 2277 1864 2307 effecisti,

1073 2319 1121 2346 sed
1131 2320 1212 2346 etiam
1224 2318 1379 2345 verborum.
1410 2317 1581 2344 Audebimus
1591 2324 1664 2351 ergo,
1677 2316 1774 2350 iuquit,
1787 2315 1867 2341 novis

1074 2356 1165 2383 verbis
1176 2356 1225 2386 uti,
1233 2361 1258 2383 te
1269 2360 1386 2386 auctore,
1399 2355 1424 2381 si
1434 2363 1544 2381 necesse
1554 2354 1615 2380 erit.
1626 2367 1663 2372 —
1672 2352 1773 2378 Earum
1783 2352 1867 2387 igitur

1072 2393 1234 2429 qualitatum
1256 2397 1320 2419 sunt
1339 2391 1408 2419 aliae
1429 2392 1580 2426 principes,
1601 2389 1669 2416 aliae
1684 2397 1719 2415 ex
1734 2389 1768 2415 iis
1782 2394 1865 2415 ortae.

1050 2429 1051 2437 ¹
1072 2431 1211 2466 Principes
1222 2435 1286 2457 sunt
1296 2428 1454 2456 uniusmodi
1463 2427 1647 2463 etsimplices.
1679 2426 1721 2452 Ex
1732 2426 1767 2452 iis
1776 2430 1865 2453 autem

1072 2473 1144 2495 ortae
1158 2469 1248 2494 variae
1264 2471 1340 2498 sunt,
1357 2471 1383 2493 et
1396 2466 1475 2501 quasi
1489 2464 1678 2492 multiformes.
1718 2463 1810 2498 Itaque
1821 2471 1867 2489 aer

1072 2505 1189 2540 (utimur
1204 2505 1276 2531 enim
1292 2512 1340 2539 pro
1355 2503 1462 2538 Latino)
1481 2507 1508 2529 et
1525 2502 1597 2538 ignis
1616 2505 1643 2527 et
1663 2508 1732 2535 aqua
1751 2505 1778 2527 et
1797 2505 1865 2527 terra

1072 2543 1160 2577 prima
1174 2547 1248 2569 sunt.
1287 2541 1329 2568 Ex
1341 2541 1375 2567 iis
1390 2544 1480 2567 autem
1493 2543 1565 2566 ortae
1575 2538 1754 2565 animantium
1765 2536 1866 2564 formae

1072 2587 1219 2614 earumque
1234 2587 1337 2609 rerum,
1354 2585 1423 2612 quae
1437 2577 1587 2612 gignuntur
1596 2584 1611 2602 e
1620 2580 1699 2602 terra.
1738 2574 1809 2610 Ergo
1819 2573 1865 2601 illa

1072 2617 1149 2643 initia
1169 2621 1208 2647 et,
1228 2620 1258 2642 ut
1272 2623 1287 2642 e
1302 2615 1403 2642 Graeco
1414 2618 1530 2644 vertam,
1546 2613 1677 2639 elementa
1691 2611 1833 2638 dicuntur:
1850 2619 1865 2636 e

1072 2653 1174 2689 quibus
1184 2661 1229 2680 aer
1239 2657 1265 2680 et
1275 2653 1347 2689 ignis
1358 2650 1485 2678 movendi
1495 2651 1552 2678 vim
1564 2650 1663 2678 habent
1677 2653 1703 2677 et
1713 2647 1863 2676 efficiendi:
