1941 3052
470 149 523 175 DE
557 148 787 176 ORATORE
822 149 908 174 LIB.
944 149 972 174 11.

59 227 166 245 necesse
180 219 326 246 habeamus
340 219 436 246 dicere.
478 221 537 247 245.
559 220 680 246 Pusillus
699 220 774 246 testis
789 228 850 254 pro-

57 257 145 283 cessit.
173 258 250 287 Licet,
266 258 361 292 inquit,
378 257 489 291 royare?
502 257 654 292 Philippus.
687 258 754 283 Turn
768 265 851 291 quae-

58 295 122 320 sitor
136 303 292 329 properans,
313 295 389 321 Modo
403 297 518 321 breviter.
558 296 604 321 Hic
618 294 677 325 ille,
698 295 755 321 Non
772 303 852 319 accu-

57 333 139 358 sabis:
164 334 333 365 perpusillum
354 334 457 365 roqabo.
495 332 626 358 Ridicule.
668 331 720 357 Sed
743 331 852 357 sedebat

58 367 140 394 iudex
162 369 191 394 L.
207 368 326 400 Aurifex,
346 369 452 395 brevior
470 370 536 404 ipse,
552 378 633 405 quam
648 370 736 395 testis:
764 368 851 394 omnis

59 409 98 431 est
121 406 191 432 risus
214 407 242 432 in
265 406 381 432 iudicem
404 415 563 439 conversus3
592 407 681 433 visum
705 410 745 431 est
767 409 851 432 totum

59 442 170 469 scurrile
183 443 337 470 ridiculum.
366 444 437 479 Ergo
451 444 523 475 haec,
540 453 608 479 quae
622 443 714 470 cadere
728 446 849 477 possunt,

58 480 86 506 in
107 488 175 514 quos
198 480 275 511 nolis,
302 482 426 516 quamvis
445 482 498 508 sint
516 481 594 513 bella,
616 485 678 507 sunt
692 485 779 506 tamen
793 480 852 514 ipso

58 525 154 552 genere
167 518 298 544 scurrilia.
333 520 391 545 246.
407 519 440 545 Ut
452 519 511 550 iste,
528 519 575 553 qui
589 527 617 544 se
632 518 690 544 vult
699 518 815 543 dicacem
826 520 852 542 et

58 554 210 581 mehercule
228 559 276 586 est,
298 555 410 590 Appius,
431 556 478 582 sed
492 563 694 590 nonnumquam
709 555 735 580 in
750 554 799 580 hoc
810 554 852 580 vi-

59 592 126 617 tium
151 590 281 628 [scurrile]
302 593 444 619 delabitur.
480 593 603 623 Caenabo,
623 593 719 627 inquit,
736 593 805 624 apud
819 595 849 621 tc,

59 628 122 655 huic
141 628 215 656 lusco
233 629 357 657 familiari
375 639 442 661 meo,
459 630 488 657 C.
504 630 607 656 Sextio:
630 632 675 655 uni
689 632 754 655 enim
769 630 851 654 locum

59 674 111 692 esse
123 669 205 693 video.
236 668 284 694 Est
301 668 350 694 hoc
368 667 487 699 scurrile,
509 671 534 693 et
547 666 619 702 quod
633 667 691 692 sine
705 674 798 692 caussa
814 665 852 691 la-

58 704 168 730 cessivit
181 709 206 730 et
221 709 306 731 tamen
321 705 348 730 id
361 705 437 735 dixit,
454 704 526 739 quod
540 704 567 730 in
582 713 673 730 omnes
689 703 777 729 luscos
789 711 852 729 con-

58 741 168 767 veniret.
202 742 238 768 Ea
256 742 320 776 quia
338 741 463 768 meditata
480 745 608 776 putantur
622 750 689 772 esse,
710 741 800 766 minus
815 740 852 766 ri-

59 777 164 804 dentur.
186 779 255 805 Illud
269 779 407 814 egregium
421 778 506 805 Sextii
520 783 545 805 et
559 787 592 805 ex
607 782 736 813 tempore:
756 778 851 804 Manus

59 816 126 845 lava,
146 815 242 850 inquit,
263 821 285 842 ct
304 825 391 842 caena.
424 817 483 843 247.
499 816 637 851 Temporis
651 816 733 851 igitur
747 815 811 841 ratio
825 818 850 840 et

58 852 144 886 ipsius
163 852 309 880 dicacitatis
328 853 472 880 moderatio
490 858 515 880 et
532 853 704 888 temperantia
719 857 744 879 et
758 853 850 878 raritas

59 889 189 916 dictorum
204 891 351 926 distinguet
364 895 493 917 oratorem
508 900 521 917 a
535 900 639 917 scurra:
666 895 699 922 et,
716 889 789 925 quod
804 898 850 915 nos

59 935 119 952 cum
134 935 228 954 caussa
241 928 365 960 dicimus,
379 937 431 955 non
446 933 475 954 ut
484 928 591 954 ridiculi
603 928 750 958 videamur,
764 927 810 953 sed
823 931 852 953 ut
872 932 874 937 ¹

59 963 228 998 proficiamus
251 965 362 1001 aliquid,
386 966 426 992 illi
445 970 529 992 totum
543 965 613 992 diem
631 970 657 992 et
674 966 732 991 sine
745 973 849 991 caussa.

58 1000 128 1033 Quid
146 1003 217 1029 enim
236 1007 275 1030 est
288 1003 404 1038 Vargula
418 1007 566 1034 assecutus,
583 1011 668 1037 quum
683 1011 745 1028 eum
759 1002 852 1028 candi-

58 1038 135 1064 datus
154 1039 185 1066 Α.
202 1040 376 1075 Sempronius
395 1049 456 1066 cum
475 1041 510 1067 M.
526 1049 575 1067 suo
590 1040 668 1066 fratre
694 1039 851 1074 complexus

59 1080 141 1102 esset:
168 1077 235 1103 Puer
252 1080 325 1112 abiye
342 1077 462 1104 muscas?
481 1078 576 1104 Risum
590 1078 733 1112 quaesivit,
750 1077 798 1112 qui
812 1080 852 1103 est

58 1121 116 1138 mea
130 1115 259 1141 sententia
273 1115 315 1142 vel
331 1115 505 1141 tenuissimus
519 1115 620 1151 ingenii
636 1114 748 1141 fructus.
773 1115 852 1140 Tem-

58 1158 109 1185 pus
126 1151 210 1187 igitur
227 1152 332 1179 dicendi
351 1152 491 1187 prudentia
513 1157 539 1179 et
560 1153 688 1188 gravitate
702 1151 853 1178 moderabi-

58 1196 131 1221 mur,
161 1198 277 1224 quarum
300 1191 402 1217 utinam
425 1194 507 1216 artem
531 1190 649 1226 aliquam
675 1189 849 1216 haberemus!

58 1224 110 1251 Sed
124 1227 230 1254 domina
244 1231 336 1254 natura
350 1231 400 1254 est.

114 1265 181 1291 LXI.
197 1266 256 1292 248.
276 1266 353 1292 Nunc
368 1273 534 1299 exponamus
548 1273 644 1301 genera
658 1265 716 1299 ipsa
730 1273 851 1291 summa-

57 1303 114 1333 tim,
138 1311 208 1337 quae
230 1303 314 1329 risum
337 1302 453 1329 maxime
471 1307 603 1328 moveant.
638 1302 706 1328 Haec
720 1302 803 1337 igitur
817 1302 852 1328 sit

58 1340 143 1374 prima
158 1340 273 1374 partitio,
289 1340 361 1375 quod
376 1339 457 1365 facete
471 1339 582 1370 dicatur,
599 1339 626 1366 id
641 1339 705 1365 alias
719 1340 747 1366 in
762 1348 789 1365 re
803 1339 851 1365 ha-

57 1377 128 1408 bere,
144 1377 209 1403 alias
224 1378 251 1403 in
265 1378 347 1404 verbo
357 1376 477 1409 facetias;
502 1378 618 1403 maxime
629 1381 717 1403 autem
729 1376 851 1403 homines

57 1414 190 1445 delectari,
207 1415 229 1441 si
244 1415 351 1450 quando
366 1415 437 1441 risus
451 1414 591 1440 coniuncte
606 1423 633 1440 re
648 1414 783 1448 verboque
794 1423 851 1440 mo-

57 1456 159 1478 veatur.
181 1452 232 1478 Sed
247 1452 296 1479 hoc
310 1455 673 1486 menientote,quoscumque
687 1451 757 1477 locos
772 1452 852 1478 attin-

57 1498 126 1525 gam,
143 1489 215 1516 unde
229 1489 341 1516 ridicula
355 1489 495 1520 ducantur,
508 1498 541 1515 ex
554 1489 650 1515 iisdem
666 1489 730 1515 locis
746 1489 799 1515 sere
813 1493 852 1515 et-

57 1527 109 1553 iam
127 1535 222 1563 graves
241 1527 385 1553 sententias
400 1535 478 1562 posse
496 1526 568 1553 duci.
603 1527 717 1552 Tantum
731 1527 848 1557 interest,

57 1564 128 1599 quod
142 1565 260 1600 gravitas
275 1564 393 1590 honestis
411 1565 439 1590 in
453 1564 533 1590 rebus
547 1572 647 1595 severe,
665 1563 738 1590 iocus
753 1564 780 1590 in
795 1568 852 1590 tur-

57 1601 154 1636 piculis
177 1606 203 1628 et
224 1602 302 1636 quasi
325 1601 491 1628 deformibus
514 1601 632 1636 ponitur,
657 1600 731 1627 velut
754 1601 850 1627 iisdem

57 1639 146 1665 verbis
168 1643 193 1665 et
217 1639 323 1665 laudare
342 1639 413 1675 frugi
431 1647 539 1665 servum
559 1647 704 1673 possumus
724 1642 757 1669 et,
774 1639 797 1664 si
812 1643 852 1664 est

58 1684 181 1711 nequam,
198 1677 287 1703 iocari.
309 1676 463 1703 Ridiculum
478 1680 518 1702 est
532 1675 600 1702 illud
614 1676 794 1702 Neronianum
805 1685 852 1702 ve-

58 1717 99 1740 tus
113 1714 140 1740 in
155 1713 244 1740 furace
258 1722 348 1741 servo:
371 1714 459 1740 Solum
473 1722 532 1744 esse,
549 1716 590 1740 cui
603 1715 671 1739 domi
684 1715 749 1739 nihil
762 1716 796 1740 sit
807 1722 851 1739 nec

57 1753 215 1785 obsignatum
238 1760 283 1778 nec
306 1753 448 1778 occlusum:
469 1750 542 1786 quod
559 1750 630 1777 idem
644 1751 672 1777 in
687 1750 755 1777 bono
774 1759 852 1777 servo

57 1788 109 1815 dici
123 1788 202 1821 solet3
225 1788 272 1815 sed
286 1789 336 1816 hoc
349 1789 445 1815 iisdem
460 1789 539 1814 etiam
553 1788 652 1814 verbis.
675 1789 733 1815 249.
749 1788 789 1814 Ex
803 1789 852 1814 iis-

58 1825 117 1852 dem
139 1830 227 1852 autem
252 1826 317 1853 locis
336 1826 425 1853 omnia
443 1830 598 1852 nascuntur.
633 1826 700 1852 Nam
714 1825 787 1860 quod
801 1825 849 1860 Sp.

58 1862 171 1890 Carvilio
183 1864 300 1899 graviter
312 1863 472 1890 claudicanti
486 1872 520 1890 ex
534 1863 643 1889 vulnere
657 1863 690 1889 ob
702 1863 852 1898 rempubli-

57 1908 113 1927 cam
131 1905 237 1936 accepto
254 1905 280 1928 et
297 1901 331 1928 ob
345 1910 402 1927 eam
417 1909 539 1927 caussam
554 1900 743 1927 verecundanti
758 1901 785 1927 in
800 1910 852 1936 pu-

57 1937 157 1964 blicum
175 1938 280 1973 prodire
298 1942 380 1965 mater
393 1938 471 1970 dixit,
499 1938 567 1970 Quin
578 1940 676 1971 prodis,
701 1940 736 1964 mi
750 1938 851 1972 Spuri?

58 1977 259 2009 quotiescumque
276 1978 386 2010 {Ji-adum
399 1978 487 2010 facies,
504 1978 576 2002 toties
590 1977 636 2001 eibi
650 1980 753 2002 tuarum
766 1978 850 2002 viriu—

59 2015 109 2038 tum
122 2014 207 2039 veniat
220 2015 247 2039 in
260 2018 379 2041 mentem:
398 2013 564 2048 praeclarum
579 2017 604 2039 et
617 2021 698 2048 grave
711 2017 764 2039 est:
778 2013 850 2048 quod

58 2048 166 2076 Calvino
180 2049 290 2076 Glaucia
304 2050 477 2077 claudicanti:
501 2051 549 2076 Ubi
562 2055 597 2076 est
611 2055 682 2076 vetus
697 2051 775 2076 illud:
791 2060 850 2077 num

59 2086 206 2114 claudicat?
219 2092 246 2113 at
255 2089 296 2113 hic
307 2089 430 2120 ποίησαι,-
445 2088 494 2114 hoc
504 2087 649 2114 ridiculum
660 2091 700 2114 est
710 2091 735 2113 et
745 2091 850 2114 utrum-

57 2131 108 2159 que
122 2133 155 2151 ex
169 2132 207 2156 eo,
230 2124 303 2159 quod
317 2125 344 2151 in
357 2124 550 2151 claudicatione
564 2125 738 2151 animadverti
754 2126 848 2159 potuit,

58 2165 96 2188 est
108 2161 229 2188 ductum.
247 2162 314 2194 Quid
328 2163 373 2188 hoc
388 2162 485 2189 Naevio
494 2162 632 2196 ignavius?
642 2171 733 2189 severe
744 2162 848 2197 Scipio,

58 2202 83 2225 at
99 2199 127 2225 in
146 2198 214 2225 male
227 2198 352 2231 olentem,
374 2200 448 2225 Video
460 2208 498 2225 me
511 2209 528 2225 a
543 2204 565 2226 ie
580 2202 768 2230 circumveniri,
784 2200 850 2226 sub-

57 2235 168 2263 ridicule
181 2236 332 2271 Philippus.
367 2236 399 2263 At
413 2241 558 2272 utrumque
567 2245 652 2273 genus
663 2238 780 2264 continet
792 2247 851 2264 ver-

57 2271 84 2299 bi
98 2273 130 2300 ad
144 2273 257 2300 litteram
272 2275 405 2300 immutati
420 2274 578 2301 similitudo.
601 2276 659 2301 250.
672 2274 713 2301 Ex
723 2275 850 2311 ambiguo

57 2309 125 2337 dicta
144 2310 184 2337 vel
204 2311 375 2347 argutissima
398 2316 539 2346 putantur;
567 2312 614 2338 sed
633 2320 684 2339 non
703 2321 809 2347 semper
823 2313 849 2339 in

56 2347 121 2379 ioco,
137 2356 215 2383 saepe
229 2349 307 2375 etiam
321 2349 348 2375 in
363 2350 491 2384 gravitate
503 2353 651 2375 versantur.
667 2349 790 2376 Africano
804 2350 850 2377 illo

57 2385 157 2417 maiori,
177 2394 300 2412 coronam
318 2386 370 2412 sibi
384 2387 411 2412 in
425 2386 549 2412 convivio
562 2386 594 2412 ad
608 2391 688 2421 caput
701 2396 850 2413 accommo-

57 2420 137 2454 danti,
153 2431 238 2458 quum
252 2432 282 2449 ea
296 2424 403 2458 saepius
422 2428 599 2458 rumperetur,
620 2424 648 2450 P.
665 2424 784 2451 Licinius
799 2425 849 2451 Va-

58 2466 111 2491 rus,
132 2460 192 2487 Noli
204 2462 306 2491 mirari,
321 2461 418 2496 inquit,
435 2463 458 2487 si
472 2469 521 2486 uon
536 2464 665 2494 convenit;
693 2466 769 2494 capul
783 2465 849 2488 enim

57 2503 174 2530 magnum
195 2501 245 2524 est:
273 2497 406 2524 laudabile
428 2502 454 2524 et
476 2498 628 2524 honestum.
662 2498 695 2525 At
708 2507 742 2525 cx
755 2499 847 2525 eodem

57 2539 151 2568 genere
168 2538 220 2561 est:
250 2534 343 2561 Calvus
356 2538 420 2562 salis
433 2540 478 2566 est,
503 2535 575 2570 quod
589 2535 654 2562 dicit
668 2544 772 2570 parum.
811 2537 849 2562 Ne

58 2569 152 2597 multa:
175 2571 280 2598 nullum
302 2581 388 2608 genus
410 2576 451 2599 est
472 2573 532 2603 ioci,
556 2581 611 2608 quo
630 2582 680 2599 non
704 2582 736 2599 ex
755 2573 848 2600 eodem

57 2614 146 2634 severa
168 2613 193 2635 et
215 2609 306 2645 gravia
328 2614 478 2636 sumantur.
512 2611 571 2637 25¹.
596 2610 683 2645 Atque
702 2611 751 2637 boc
769 2611 848 2637 etium

57 2644 320 2672 animadvertendum
339 2651 387 2678 est,
408 2656 459 2674 non
477 2656 536 2673 esse
549 2648 638 2674 onmia
653 2647 763 2674 ridicula
779 2647 848 2674 facc-

59 2683 91 2707 ta.
113 2680 182 2714 Quid
196 2683 267 2710 enim
282 2688 369 2718 potest
382 2693 440 2711 esse
455 2689 507 2711 tam
523 2684 765 2720 ridiculum‚quam
781 2686 848 2711 San-

1009 149 1027 175 C
1042 149 1062 175 A
1078 150 1105 174 P.
1141 151 1172 175 58
1193 165 1229 168 —
1250 151 1290 176 64.
1649 154 1694 177 ¹09

903 219 947 245 nio
961 219 1019 245 est‘?
1037 219 1089 246 Sed
1104 229 1156 251 ore,
1173 220 1259 251 vultu,
1276 220 1412 247 imitandis
1426 221 1555 252 moribus,
1569 223 1695 252 voce-,de-

903 257 984 291 nique
1005 257 1064 291 ipso
1087 266 1195 292 corpore
1219 258 1328 284 ridetur.
1369 258 1475 284 Salsum
1494 259 1566 285 bunc
1584 268 1695 294 possum

902 293 989 319 dicere
1004 299 1083 329 atque
1097 296 1141 325 ita,
1162 304 1214 321 non
1233 300 1261 321 ut
1275 295 1406 321 eiusmodi
1424 301 1553 322 oratorem
1572 306 1630 323 esse
1651 306 1696 323 ve-

904 330 959 361 lim⁷
976 331 1023 357 sed
1039 336 1066 357 ut
1081 333 1204 358 mimum.
1220 332 1393 365 LXII.Quare
1407 334 1525 367 primum
1539 343 1625 370 genus
1636 335 1693 361 hoc.

903 368 975 402 quod
997 369 1082 395 risum
1105 369 1147 395 vel
1170 371 1286 396 maxime
1308 375 1404 400 movet,
1431 380 1483 397 non
1502 376 1541 398 est
1560 376 1693 398 nostrum:

903 413 1047 437 morosum,
1074 408 1298 441 superstitiosum,
1324 408 1513 442 suspiciosum,
1538 408 1694 444 gloriosum,

903 442 1030 469 stultum:
1059 448 1168 470 naturae
1182 444 1302 470 ridentur
1315 445 1402 479 ipsae:
1418 454 1485 479 quas
1500 455 1626 480 personas
1641 448 1697 482 agi-

903 483 956 505 tare
970 480 1097 511 solemus,
1115 490 1166 507 non
1181 482 1323 508 sustinere.
1348 484 1406 509 252.
1422 482 1542 510 Alterum
1557 492 1642 518 genus
1657 489 1697 510 est

903 517 1050 543 imitatione
1072 518 1216 545 admodum
1244 519 1397 551 ridiculum,
1426 520 1473 546 sed
1495 521 1571 547 nobis
1594 526 1696 547 tantum

904 553 963 580 licet
978 554 1079 586 furtim,
1092 556 1114 581 si
1128 556 1236 590 quando
1247 560 1271 582 et
1285 557 1400 588 cursim',
1416 557 1490 583 aliter
1504 558 1575 584 enim
1587 559 1697 584 minime

903 595 942 617 est
962 591 1084 624 liberale,
1112 594 1227 624 tertium,
1244 594 1297 619 oris
1311 594 1472 628 depravatio,
1489 604 1540 621 non
1555 595 1635 631 digna
1651 605 1697 622 no-

902 628 957 661 bis,
974 633 1109 663 quartum,
1126 630 1283 662 obscuritas,
1300 640 1352 657 non
1366 631 1453 658 solum
1468 641 1519 658 non
1535 632 1588 659 soro
1603 633 1694 668 digna,

903 665 949 691 sed
964 666 1010 692 vix
1023 667 1146 693 convivio
1161 666 1316 693 liberorum.
1332 669 1458 694 Detractis
1473 670 1554 704 igitur
1569 675 1605 696 tot
1617 671 1697 696 rebus

903 711 936 729 ex
950 703 999 729 hoc
1012 705 1124 730 oratorio
1139 704 1203 736 loco⁷
1224 704 1332 731 facetiae
1347 705 1464 740 reliquae
1478 712 1548 737 sunt,
1570 716 1638 742 quae
1653 713 1697 734 aut

902 741 930 766 in
944 749 981 771 re,
998 745 1027 766 ut
1041 745 1100 767 ante
1115 741 1205 772 divisi,
1222 743 1323 776 positae
1338 742 1463 769 videntur
1477 752 1534 769 esse
1545 750 1589 770 aut
1600 746 1626 771 in
1639 754 1697 771 ver-

902 778 945 804 bo.
980 778 1047 804 Nam
1065 778 1147 813 quod,
1163 779 1382 814 quibuscumque
1396 781 1486 806 verbis
1500 781 1609 812 dixeris,
1628 782 1698 808 face-

903 819 960 841 tum
980 819 1067 841 tamen
1085 820 1133 847 est,
1154 825 1182 842 re
1200 818 1363 849 continetur3
1389 818 1462 852 quod
1481 819 1588 845 mutatis
1609 820 1697 845 verbis

903 851 985 878 salem
1000 853 1105 884 amittit⁷
1122 854 1149 879 in
1163 854 1253 880 verbis
1268 854 1346 880 habet
1361 854 1477 889 leporem
1491 864 1607 882 omnem.

958 891 1016 916 ⁶253.
1032 890 1165 926 Ambigua
1179 896 1242 917 sunt
1256 892 1283 917 in
1298 892 1392 926 primis
1404 897 1479 918 acuta
1489 898 1567 928 atque
1579 894 1604 919 in
1617 894 1697 919 verbo

902 927 997 961 posita,
1014 936 1066 953 non
1080 928 1107 954 in
1122 937 1163 961 re3
1179 928 1227 954 sed
1240 938 1292 955 non
1306 938 1385 964 saepe
1399 938 1526 965 magnum
1542 931 1626 956 risum
1641 940 1699 957 ino-

903 969 978 997 vent3
1006 965 1091 1000 magis
1111 970 1140 992 ut
1153 965 1222 992 belle
1237 971 1262 992 et
1276 966 1387 993 litterate
1401 967 1470 993 dicta
1485 967 1640 996 laudanturz
1671 974 1699 995 ut

902 1002 930 1027 in
944 1001 1022 1028 illum
1037 1003 1145 1034 Titium,
1159 1011 1249 1038 quem,
1263 1012 1348 1038 quum
1363 1004 1481 1030 studiose
1495 1004 1548 1039 pila
1562 1004 1664 1031 luderet
1674 1011 1699 1032 ct

904 1038 975 1065 idem
993 1040 1070 1075 signa
1089 1049 1162 1066 sacra
1180 1045 1259 1067 noctu
1279 1040 1399 1077 frangere
1413 1046 1551 1076 putaretur
1563 1042 1698 1078 gregales-

902 1085 963 1111 que,
980 1085 1065 1111 quum
1082 1078 1108 1104 in
1122 1087 1248 1113 campum
1262 1087 1315 1105 non
1329 1079 1454 1110 venisset,
1468 1080 1641 1114 requirerent,
1653 1088 1699 1106 ex·-

902 1115 1007 1140 cusavit
1022 1115 1106 1149 Vespa
1121 1116 1270 1147 Terentius,
1283 1116 1357 1151 quod
1370 1125 1432 1142 eum
1447 1118 1578 1143 brachium
1592 1120 1699 1151 fregisse

902 1151 1015 1184 diceret3
1032 1156 1061 1178 ut
1074 1152 1143 1179 illud
1157 1153 1283 1184 Africani,
1300 1153 1373 1188 quod
1387 1158 1426 1180 est
1440 1154 1511 1189 apud
1525 1154 1673 1180 Lucilium:

943 1188 1029 1221 Quid?
1052 1190 1153 1221 Decius,
1177 1191 1306 1218 Nuculam
1329 1200 1364 1218 an
1388 1194 1516 1225 conflatum
1535 1195 1572 1218 vis
1593 1192 1699 1225 facere?

1395 1231 1485 1262 inquil.

902 1264 961 1291 254.
981 1263 1015 1290 Ut
1033 1268 1096 1291 tuus
1115 1266 1226 1297 amicusr
1248 1265 1350 1297 Crasse,
1368 1266 1492 1298 Granius,
1510 1276 1559 1292 ιιυιι
1573 1275 1624 1293 esse
1638 1276 1698 1293 sea·-

903 1304 989 1327 tanlis.
1018 1302 1060 1333 Et,
1081 1302 1104 1328 si
1119 1303 1256 1337 quaeritis,
1273 1304 1305 1334 is,
1321 1304 1368 1338 qui
1383 1304 1532 1339 appellatur
1546 1304 1631 1335 dicax,
1650 1304 1699 1330 hoc

901 1347 997 1374 genere
1015 1340 1132 1366 maxime
1150 1340 1275 1373 excellet3
1303 1341 1350 1367 sed
1369 1342 1440 1367 risus
1458 1347 1564 1368 movent
1579 1341 1629 1367 alia
1643 1350 1699 1368 rna-

901 1377 980 1402 iores.
1006 1376 1173 1413 Ambiguum
1187 1387 1235 1413 per
1248 1387 1277 1404 se
1291 1378 1381 1413 ipsum
1396 1379 1522 1413 probatur
1537 1379 1562 1405 id
1577 1379 1696 1414 quidem,

902 1417 932 1439 ut
953 1418 1013 1440 ante
1034 1414 1105 1447 dixi3
1134 1415 1176 1441 vel
1199 1416 1315 1442 maxime
1338 1417 1472 1451 ingeniosi
1491 1417 1562 1443 enim
1582 1416 1695 1444 videtur.

903 1451 958 1477 vim
977 1451 1052 1478 verbi
1072 1452 1099 1478 in
1114 1452 1196 1484 aliud,
1213 1458 1293 1488 atque
1306 1454 1385 1479 ceteri
1400 1455 1538 1489 accipiant,
1556 1463 1633 1489 posse
1648 1454 1698 1480 du-

902 1496 974 1521 cere,
1002 1488 1050 1515 scd
1068 1489 1269 1516 admirationem
1289 1491 1382 1526 magis,
1404 1500 1484 1526 quam
1500 1493 1583 1518 risum
1599 1497 1696 1518 movet,

903 1526 955 1552 nisi
969 1526 991 1552 si
1006 1526 1114 1561 quando
1128 1527 1221 1553 incidit
1234 1528 1262 1554 in
1277 1528 1351 1554 aliud
1363 1537 1450 1564 genus
1465 1529 1580 1555 ridiculi.

959 1563 1049 1590 LXIII.
1062 1565 1121 1591 255.
1133 1565 1205 1596 Quae
1218 1574 1315 1601 genera
1330 1574 1481 1600 percurram
1493 1566 1627 1601 equidem.
1645 1567 1696 1592 Sed

902 1601 977 1627 scitis
999 1610 1058 1627 esse
1081 1602 1253 1628 notissimum
1276 1603 1382 1629 ridiculi
1405 1613 1500 1639 genus,
1520 1613 1605 1639 quum
1625 1604 1698 1630 aliud

902 1639 1180 1673 exspectamus,aliud
1194 1640 1302 1666 dicitur.
1320 1641 1367 1666 Ilic
1383 1641 1515 1668 nobismet
1531 1642 1596 1676 ipsis
1612 1647 1699 1668 noster

902 1683 974 1702 error
987 1676 1071 1702 risum
1087 1681 1184 1703 movet.
1209 1676 1286 1709 Quod
1300 1678 1322 1703 si
1337 1678 1487 1704 admixtum
1502 1684 1541 1705 est
1551 1680 1629 1705 etiam
1642 1689 1698 1705 am-

902 1713 1026 1748 biguum,
1048 1713 1076 1739 fit
1094 1713 1206 1747 salsius;
1235 1719 1263 1741 ut
1277 1715 1349 1749 apud
1364 1716 1479 1742 Novium
1491 1715 1505 1729 ⁸
1520 1716 1626 1742 videtur
1640 1726 1698 1742 esse

902 1751 1053 1777 misericors
1072 1751 1126 1782 ille,
1146 1752 1194 1786 qui
1213 1752 1361 1778 iudicatum
1375 1753 1437 1779 duci
1453 1753 1546 1780 videns
1561 1759 1698 1788 perconta-

903 1792 946 1814 tur
960 1788 1008 1815 ita:
1040 1789 1136 1820 Quanti·
1159 1789 1297 1816 addictus?
1322 1792 1390 1816 mille
1408 1800 1543 1817 nummum.
1577 1791 1603 1818 Si
1623 1791 1699 1817 addi-

902 1824 986 1852 disset
1004 1826 1200 1853 tantummodo:
1228 1828 1316 1854 Dacus
1335 1829 1407 1861 licet,-
1434 1833 1504 1855 esset
1526 1828 1594 1855 illud
1612 1838 1697 1864 genus

902 1862 1009 1890 ridiculi
1036 1868 1139 1898 praeter
1165 1865 1404 1899 exspectationem,
1433 1866 1479 1892 scd
1502 1867 1565 1901 quia
1585 1866 1695 1897 addidit,

903 1900 975 1927 Nihil
988 1903 1063 1930 addo.
1079 1903 1160 1928 (lucus
1172 1903 1243 1928 licet:
1258 1902 1346 1929 addito
1360 1904 1495 1938 ambiguo,
1508 1903 1588 1930 altero
1602 1912 1698 1939 genere

903 1937 1020 1970 ridiculi,
1046 1938 1105 1970 fuit,
1131 1944 1160 1965 ut
1178 1939 1244 1965 mibi
1263 1941 1373 1975 quidem
1390 1941 1503 1972 videtur,
1519 1941 1695 1968 salsissimus.

902 1975 956 2001 IIoc
971 1979 1026 2002 tum
1041 1980 1081 2002 est
1095 1977 1421 2013 venustissimum,quum
1437 1979 1463 2004 in
1478 1978 1645 2005 altercatione
1657 1988 1698 2005 ar-

902 2013 1000 2047 ripitur
1013 2013 1046 2039 ab
1060 2013 1212 2041 adversario
1227 2015 1339 2041 verbum
1354 2020 1379 2042 et
1392 2025 1425 2042 ex
1439 2024 1477 2047 eo,
1496 2021 1524 2042 ut
1539 2026 1551 2042 a
1567 2016 1659 2043 Catulo
1671 2018 1696 2043 iu

902 2050 1067 2085 Philippum,
1084 2051 1111 2077 in
1126 2060 1187 2078 cum
1202 2052 1292 2087 ipsum
1307 2053 1419 2088 aliquid,
1435 2054 1482 2088 qui
1499 2053 1639 2082 lacessivit.
1658 2056 1697 2080 in-

902 2086 1013 2123 fligitur.
1042 2090 1100 2115 256.
1117 2089 1170 2115 Sed
1189 2098 1274 2124 quum
1294 2090 1370 2125 plura
1389 2091 1441 2117 sint
1457 2091 1575 2127 aiiiliigui
1590 2100 1695 2126 gom-ra.

901 2125 1049 2160 dequibus
1068 2131 1107 2152 est
1125 2126 1243 2153 doctrina
1257 2128 1387 2162 quaedam
1407 2128 1539 2159 subtilior,
1565 2129 1697 2155 attendere

902 2166 927 2188 et
941 2164 1067 2198 aucupari
1083 2164 1163 2190 verba
1177 2165 1321 2199 oportebit,
1343 2166 1369 2191 in
1383 2174 1446 2200 quo,
1464 2171 1492 2192 ut
1506 2176 1544 2196 ea.
1561 2175 1629 2201 qua<¹
1644 2168 1697 2192 sint

902 2199 1047 2235 frigidiora,
1065 2201 1190 2233 vitemus,
1210 2202 1318 2237 (etenim
1336 2203 1485 2229 cavendum
1500 2209 1547 2234 est,
1566 2213 1597 2229 nc
1611 2212 1697 2229 arces-

901 2238 983 2264 situm
998 2237 1099 2264 dictum
1119 2239 1248 2274 putetur‚)
1274 2240 1404 2274 permulta
1425 2246 1511 2267 tamen
1531 2246 1605 2267 acute
1625 2241 1697 2266 ‹licc—

902 2283 973 2301 mus.
1001 2275 1122 2302 Alterum
1140 2285 1227 2312 gomis
1245 2282 1293 2308 est,
1314 2278 1386 2312 quod
1407 2278 1484 2303 babet
1499 2287 1606 2312 parvam
1624 2279 1696 2304 verbi

902 2312 1128 2344 immutationem,
1153 2313 1225 2348 quod
1245 2314 1271 2340 in
1292 2314 1376 2341 littora
1395 2316 1511 2349 positum
1530 2315 1622 2341 Gracci
1651 2325 1696 2341 vo-

901 2354 960 2375 cant
983 2352 1193 2385 παρωίψασίιιν,
1217 2356 1246 2377 ut
1265 2352 1428 2381 Nobiliorem,
1449 2354 1603 2378 innobilium-m
1618 2353 1693 2379 Calo:

901 2392 955 2418 aut,
973 2391 1002 2413 ut
1015 2387 1096 2418 idem,
1112 2396 1198 2423 quum
1212 2388 1318 2415 cuidam
1333 2389 1454 2419 dixisset,
1473 2390 1566 2415 Ewmts
1576 2393 1696 2416 ‹li-‹nubu-

902 2425 996 2450 ialum:
1023 2429 1048 2450 ct
1062 2424 1120 2451 ille:
1137 2428 1199 2458 quid
1212 2435 1275 2458 opus
1288 2429 1338 2459 suit
1352 2426 1401 2451 dc?
1422 2427 1500 2452 Immo
1514 2436 1580 2454 cero.
1597 2428 1693 2462 iuquit,

901 2464 962 2495 quid
976 2470 1038 2494 opus
1051 2465 1102 2495 suit
1116 2462 1158 2488 tc?
1171 2467 1217 2488 ulit
1230 2463 1350 2489 eiusdem
1366 2465 1504 2498 responsio
1517 2463 1575 2490 illa:
1593 2466 1621 2490 sn·
1636 2470 1661 2490 eu
1673 2471 1696 2491 s!

900 2501 1024 2525 adversus
1041 2504 1064 2525 et
1082 2508 1188 2526 ‹wei-sus
1207 2503 1350 2532 impudicus
1368 2510 1400 2526 cs.
1434 2502 1493 2527 257.
1513 2501 1599 2527 Etiam
1616 2503 1695 2528 imor-

901 2537 1010 2570 prctatio
1030 2537 1145 2563 nominis
1165 2537 1244 2563 habet
1261 2546 1382 2569 uciimcn,
1403 2547 1489 2573 quum
1503 2538 1535 2565 nd
1550 2539 1694 2566 ridiculum

899 2577 1046 2605 convertus,
1066 2574 1241 2608 quamobrem
1261 2575 1294 2600 ita
1313 2575 1374 2610 quis
1390 2581 1510 2604 vocetur:
1540 2581 1568 2602 ut
1581 2586 1630 2612 ogo
1646 2586 1695 2603 mi-

901 2619 955 2645 por,
976 2611 1133 2637 Nummium
1152 2611 1305 2642 divisorem.
1324 2617 1352 2638 ut
1367 2613 1568 2648 Neoptolemum
1584 2614 1615 2640 ad
1631 2615 1694 2640 Tro-

901 2649 961 2679 iam,
988 2648 1026 2674 sic
1049 2648 1126 2675 illum
1150 2649 1176 2675 iu
1194 2658 1288 2684 ‹¹111npo
1313 2650 1405 2676 Martio
1429 2660 1523 2677 nomen
1549 2652 1692 2677 invenisse.

902 2685 991 2712 inv.
1012 2686 1099 2721 Atque
1118 2686 1182 2713 baec
1200 2687 1288 2713 eumin
1305 2687 1385 2714 verbo
1398 2689 1573 2714 continentur.
1611 2689 1694 2723 Saepe
