1941 3052
806 141 820 148 -

218 147 263 170 5158
790 143 831 166 fit.

217 215 326 249 petisset
341 212 494 245 diligenter,
513 217 537 237 ct
554 212 587 237 ita
604 211 726 245 petisset.
749 214 778 236 ut
794 218 881 244 nequo
896 210 1007 236 minanti

215 251 331 279 cederet.
351 259 437 284 neque
451 249 577 283 cuiquam
596 249 753 274 minaretur:
778 247 839 273 buic
855 247 1008 273 mirandum

215 293 255 314 est
271 296 367 320 magno
385 286 538 312 adiumento
549 285 676 311 Catilinae
691 285 807 310 subitam
823 293 899 319 apem
911 292 1009 310 conau-

217 326 284 351 latus
295 323 458 358 adipiscendi
472 322 572 348 fuisse?

867 140 901 165 M.
932 140 962 165 T.
994 139 1269 166 CICERONIS

1029 213 1038 287 l.

1062 209 1114 235 tiu»
1125 218 1203 243 opera
1217 209 1363 236 tenebatur.
1404 209 1488 245 Saepe
1504 210 1553 237 boc
1568 211 1680 237 maior-ea
1691 215 1754 237 natu
1765 210 1853 238 dicere

1060 246 1165 276 audivi.
1189 247 1256 272 banc
1275 247 1435 272 accusatoris
1450 248 1575 274 eximiam
1590 248 1746 283 dignitatem
1769 247 1853 282 pluri-

1061 292 1135 310 mum
1153 284 1181 309 L.
1199 284 1287 309 Cottae
1309 283 1451 318 profuisse.
1493 285 1641 312 Noluerunt
1660 285 1852 320 sapientissimi

1062 321 1196 350 homines.
1218 321 1265 355 qui
1282 326 1337 347 tum
1355 330 1409 347 rem
1427 321 1499 348 illam
1515 322 1680 353 iudicabant.
1703 323 1738 349 ita
1757 331 1854 357 quem-

271 363 312 389 tit.
332 362 407 387 Nunc
419 361 483 386 milii
497 359 590 385 tvrtius
603 358 647 384 illc
660 358 733 384 locus
743 363 782 384 est
794 358 902 384 relictus
913 358 1010 384 oratio·
1031 353 1039 393 ’χ
1061 367 1142 393 (inam
1153 357 1246 384 cadere
1260 359 1286 384 in
1303 358 1416 388 iudicio,
1440 363 1469 384 ut
1484 358 1575 386 nimii·
1589 359 1733 386 aniversarii
1751 360 1854 386 viribus

216 401 256 427 ni>
268 399 300 425 «le
312 398 429 424 ambitus
440 397 606 425 criminibus,
617 400 793 431 perpurgatus
804 396 836 421 ab
849 396 891 425 iis,
904 395 951 430 qui
963 404 1010 421 an-

1061 396 1180 421 abiectus
1193 394 1335 421 videretur.
1365 397 1407 422 59.
1423 395 1514 427 Quid?
1527 396 1582 423 Ser.
1595 397 1707 424 Galbam
1718 398 1790 431 (narn
1802 402 1855 423 tra-

216 443 239 463 te
252 446 293 463 me
304 436 442 464 dixerunt.
456 443 468 459 a
482 442 536 464 ine,
549 434 675 467 quoniam
689 433 723 459 ita
735 433 844 459 Murena
858 432 954 463 voluit,
969 441 1010 459 re-
1030 446 1033 472 .
1060 433 1146 458 ditum
1161 433 1304 458 memoriae
1314 432 1364 467 est)
1376 442 1462 459 nonne
1473 442 1570 468 proavo
1584 438 1642 465 tuo,
1660 433 1805 461 Iortiasimo
1815 438 1855 460 ate

215 472 380 500 tractandus:
398 480 452 506 quo
465 471 490 497 in
504 470 559 496 loco
570 470 718 500 Postumio,
738 469 861 496 familiari
878 479 950 500 meo.
967 478 1010 496 or-
1031 471 1039 498 ἰ’
1060 478 1113 504 que
1125 469 1312 496 florentissimo
1323 470 1393 500 viro.
1407 470 1442 496 M.
1454 470 1560 500 Catoni,
1576 471 1741 498 incumbenti
1752 471 1784 498 ad
1795 472 1854 498 eiua

215 511 354 538 natissimo
366 510 433 539 viro,
451 508 484 534 de
499 508 648 534 divisorum
663 507 770 533 indiciis
781 507 850 534 etde
860 507 1010 542 depreben—
1031 509 1039 545 l¹
1062 507 1221 542 perniciem,
1235 507 1352 542 populus
1364 508 1500 534 Romanus
1509 508 1626 543 eripuit?
1645 508 1757 544 Semper
1766 509 1795 536 in
1806 509 1854 535 bac

215 549 252 574 sis
265 546 399 582 pecuniis,
416 545 576 572 adolescenti
589 546 726 581 ingenioso
736 549 761 571 ct
776 545 859 575 bono,
877 545 934 571 Ser.
946 544 1009 571 Sul-

216 586 294 620 picio,
307 584 339 610 de
350 584 472 618 equitum
483 583 620 613 centuriis,
631 583 665 608 M.
674 582 775 613 Catoni,
785 582 885 608 homini
898 583 924 608 in
935 582 1008 608 omni

216 624 313 649 virtute
329 620 478 651 excellenti.
496 620 529 646 de
545 621 632 655 ipsius
643 620 822 650 accusatione.
841 620 874 646 tle
885 625 1009 683 senatus]
1030 630 1032 635 ⁷

893 659 934 683 55.
956 657 990 683 Se
1030 668 1039 678 ’π

213 658 344 688 consulto,
357 658 390 685 tle
401 658 538 693 republica
551 657 726 692 respondebo.
767 657 875 683 XXVII.

216 705 310 732 panca.
328 704 397 731 quae
409 704 498 722 meum
511 695 630 721 animum
644 699 751 730 repente
762 700 915 726 moverunt,
934 695 1008 729 priua

213 735 246 761 (le
259 735 288 761 L.
300 734 425 760 Murenae
437 732 540 760 fortuna
552 741 708 768 conquerar.
750 733 815 759 Nam
831 741 917 767 quum
929 740 1009 766 saepe

214 777 298 801 antea.
311 771 422 802 iudices,
435 775 504 797 etex
516 769 627 796 aliorum
640 770 765 801 miseriis,
778 775 846 796 etex
858 770 925 796 meis
936 770 1008 796 curis

215 809 406 844 laboribusque
416 808 593 843 quotidianis,
611 807 758 834 fortunatos
773 816 818 834 eos
833 807 955 834 homines
967 807 1009 833 iu-

213 847 343 876 dicarem,
366 846 414 881 qui
434 846 527 872 remoti
543 854 557 871 a
572 845 670 872 studiis
684 845 852 876 ambitionis,
875 846 959 871 otium
979 853 1009 871 ac

215 883 433 919 tranquillitatem
449 883 518 909 vitae
532 883 616 909 secuti
632 887 708 913 sunt.
726 887 782 909 tum
800 891 862 909 vero
877 883 903 909 in
920 883 962 909 liis
977 882 1006 908 L.
1038 895 1039 916 1

215 922 338 948 Murenae
359 921 438 947 tantis
461 925 568 956 tamque
583 920 738 955 improvisis
754 919 880 955 periculis
896 920 931 946 ita
947 928 1007 946 sum

208 959 303 986 *animo
316 958 436 989 affectus,
456 962 483 984 ut
494 967 545 984 non
557 966 653 993 queam
664 958 728 984 satis
740 966 826 992 neque
837 966 1007 984 communem

214 997 335 1023 omnium
346 1000 465 1022 nostrum
477 995 668 1026 conditionem,
687 1004 773 1030 neque
788 995 870 1021 huius
881 999 1007 1021 eventum

214 1033 402 1068 fortunamque
414 1033 546 1059 miserari:
569 1034 616 1068 qui
628 1033 758 1067 primum,
776 1032 841 1059 dum
857 1041 891 1059 ex
901 1032 1009 1059 bonori-

214 1071 265 1098 bus
275 1070 410 1098 continuis
421 1069 536 1096 familiae
547 1071 732 1105 maiorumque
742 1079 854 1096 suorum
866 1079 949 1096 unum
962 1069 1010 1096 ad—

213 1108 340 1135 scendere
350 1108 463 1144 gradum
474 1107 612 1143 dignitatis
624 1112 734 1134 conatus
744 1112 797 1138 est,
814 1108 888 1134 venit
899 1108 926 1134 in
938 1107 1009 1142 peri-

213 1145 318 1177 culum,
342 1154 374 1172 ne
388 1150 414 1172 et
429 1154 471 1176 ea,
489 1153 558 1180 quae
573 1144 676 1176 relicta,
694 1150 719 1171 et
731 1145 808 1176 haec,
825 1153 894 1180 quae
905 1145 938 1171 ab
949 1145 1009 1179 ipso

214 1188 287 1218 parta
303 1188 379 1214 sunt,
403 1183 518 1213 amittat,
541 1182 650 1213 deinde,
674 1187 781 1217 propter
792 1182 913 1209 studium
925 1190 1008 1209 novae

214 1221 315 1252 laudis,
329 1221 408 1247 etiam
420 1220 448 1246 in
460 1220 556 1246 veteris
568 1219 688 1246 fortunae
698 1219 843 1246 discrimen
855 1219 1006 1246 adducitur.

213 1260 256 1285 56.
273 1258 346 1290 Quae
355 1266 441 1293 quum
453 1258 506 1284 sint
520 1257 624 1293 gravia,
643 1257 759 1288 iudices,
778 1262 834 1284 tum
850 1257 919 1284 illud
934 1266 1009 1283 acer-

213 1296 356 1322 bissimum
373 1300 425 1326 est,
447 1294 519 1330 quod
537 1294 615 1321 habet
630 1303 674 1321 eos
689 1299 869 1326 accusatores,
893 1303 944 1321 non
960 1295 1007 1330 qui

212 1333 273 1359 odio
284 1333 484 1359 inimicitiarum
496 1331 529 1358 ad
540 1331 720 1358 accusandum
728 1353 734 1363 ,
747 1332 795 1358 sed
805 1333 853 1367 qui
864 1332 953 1358 studio
964 1340 1008 1358 ac-
1030 1343 1031 1352 π

212 1369 324 1397 cusandi
335 1369 368 1396 ad
379 1369 533 1396 inimicitias
546 1369 743 1396 descenderint.
784 1370 866 1400 Nam,
884 1374 914 1396 ut
928 1370 1008 1396 omit-

212 1413 264 1434 tam
281 1407 405 1434 Servium
421 1406 587 1441 Sulpicium,
607 1415 689 1442 quem
704 1406 826 1442 intelligo
841 1415 893 1433 non
909 1407 1008 1433 iniuria

213 1446 242 1472 L.
256 1446 393 1476 Murenae,
410 1444 458 1471 sed
474 1444 581 1471 honoris
596 1445 765 1471 contentione
775 1449 941 1479 permotum:
964 1453 1008 1471 ac-

211 1487 286 1509 cusat
296 1487 423 1517 paternus
437 1483 554 1512 amicus,
572 1481 620 1508 Cn.
634 1482 802 1513 Postumius,
818 1487 909 1513 vetus,
927 1486 957 1508 ut
972 1482 1009 1508 ait

211 1522 282 1555 ipse,
295 1520 401 1546 vicinus
412 1528 442 1546 ac
453 1519 632 1546 necessarius:
653 1519 700 1554 qui
713 1519 920 1546 necessitudinis
929 1528 1009 1546 caus-

211 1566 254 1584 sas
265 1556 417 1592 complures
427 1557 550 1592 protulit,
567 1555 714 1583 simultatis
729 1556 831 1583 nullam
845 1565 1009 1584 commemo-

212 1603 268 1621 rare
279 1595 378 1629 potuit:
396 1599 503 1621 accusat
513 1594 570 1621 Ser.
584 1593 732 1629 Sulpicius,
745 1593 846 1621 sodalis
857 1594 915 1625 filii,
928 1595 1007 1621 euius

210 1633 320 1668 ingenio
334 1632 436 1667 paterni
450 1640 543 1658 omnes
559 1631 703 1658 necessarii
717 1632 875 1658 munitiores
891 1640 951 1658 esse
960 1631 1008 1658 de-

210 1669 322 1696 bebant:
344 1674 451 1696 accusat
465 1668 499 1695 M.
516 1669 592 1700 Cato,
615 1669 662 1703 qui
681 1677 847 1704 quamquam
868 1677 882 1695 a
897 1669 1006 1695 Murena

212 1707 285 1733 nulla
297 1715 324 1735 re
335 1715 464 1742 umquam
475 1706 579 1733 alienus
591 1705 650 1737 fuit,
658 1710 747 1732 tamen
757 1714 788 1732 ea
797 1706 949 1733 conditione
960 1715 1008 1733 no-

213 1744 254 1770 bis
265 1748 320 1770 erat
329 1745 357 1770 in
370 1744 418 1770 hac
427 1744 534 1770 civitate
545 1748 632 1774 natus,
646 1747 676 1770 ut
685 1743 744 1770 eius
754 1751 819 1778 opes
829 1748 856 1770 et
866 1744 1007 1779 ingenium

212 1781 345 1816 praesidio
356 1780 448 1807 multis
460 1781 539 1807 etiam
553 1780 740 1812 alienissimis,
758 1781 805 1807 vix
815 1781 943 1816 cuiquam
955 1781 1008 1807 ini-

212 1819 282 1845 mico
291 1818 373 1845 exitio
384 1826 443 1844 esse
453 1817 588 1844 deberent.
622 1819 665 1844 57.
678 1817 854 1853 Respondebo
863 1818 947 1854 igitur
958 1818 1008 1845 Po—

211 1856 311 1882 stumio
326 1856 458 1890 primum,
479 1856 527 1890 qui
542 1855 632 1881 nescio
645 1863 701 1890 quo
716 1860 792 1890 pacto
812 1855 879 1882 mibi
900 1855 1007 1882 videtur

212 1894 359 1928 praetorius
373 1892 531 1919 candidatus
546 1893 574 1919 in
589 1892 770 1924 consularem,
793 1893 872 1928 quasi
887 1892 1008 1919 desulto-

212 1931 268 1957 rius
289 1931 316 1957 in
335 1929 527 1966 quadrigarum
547 1929 712 1956 curriculum
736 1931 881 1956 incurrere.
922 1930 1006 1957 Cuius

210 1968 395 2003 competitores
406 1968 430 1994 si
441 1967 508 1994 nihil
519 1967 698 2002 deliquerunt,
706 1967 830 2003 dignitati
841 1976 932 1994 eorum
943 1977 1007 1994 con-

210 2006 299 2035 cessit,
311 2013 396 2040 quum
408 2010 497 2040 petere
507 2004 617 2031 destitit.
644 2004 692 2031 Sin
703 2009 792 2031 autem
803 2013 895 2032 eorum
907 2005 1006 2041 aliquis

212 2043 322 2079 largitus
333 2047 386 2069 est:
404 2041 571 2077 expetendus
582 2042 684 2068 amicus
696 2047 748 2072 est,
767 2043 815 2077 qui
829 2042 943 2069 alienam
958 2052 1006 2078 po-

211 2080 264 2107 tius
275 2080 411 2111 iniuriam,
424 2087 505 2115 quam
517 2088 594 2106 suam
605 2084 791 2114 persequatur.

249 2117 300 2151 (Ea
309 2120 407 2147 omnia,
419 2126 485 2151 quae
495 2122 518 2143 et
529 2117 664 2147 Postumio,
675 2122 698 2143 et
710 2117 765 2143 Ser.
777 2117 906 2151 Sulpicio,
917 2119 1007 2144 adole·
1028 2135 1030 2144 .

283 2157 372 2185 acenti,
384 2163 507 2187 responsa
516 2159 585 2185 sunt,
598 2156 800 2189 desideratzlur.)

266 2192 387 2218 xxvm.
400 2193 442 2218 58.
460 2192 544 2218 Venio
555 2200 626 2218 nunc
637 2191 670 2218 ad
681 2192 716 2218 M.
729 2192 865 2222 Catonem.
881 2191 954 2227 quod
965 2197 1006 2219 est

211 2230 407 2256 firmamentum
419 2237 449 2255 ac
461 2229 541 2255 robur
551 2229 632 2255 totius
645 2230 835 2256 accusationis:
858 2230 906 2264 qui
917 2235 1006 2256 tamen
1028 2239 1037 2265 :⁴

1035 2277 1037 2284 ¹
1058 2266 1180 2301 linquere
1195 2274 1270 2297 eum,
1292 2266 1341 2301 qui
1355 2265 1459 2301 gallum
1472 2265 1664 2301 gallinaceum,
1685 2272 1772 2299 quum
1782 2272 1851 2298 opus

210 2268 245 2294 ita
256 2267 346 2303 gravis
357 2271 398 2293 est
408 2271 545 2293 accusator
555 2271 581 2293 et
596 2266 754 2297 vehemens,
772 2272 803 2293 ut
819 2267 904 2294 multo
920 2268 1005 2303 magis

209 2305 268 2331 eius
279 2305 461 2331 auctoritatem
469 2325 475 2335 ,
491 2312 572 2339 quam
583 2305 794 2331 criminationem
807 2305 1004 2338 pertimescam.

211 2342 238 2368 ln
249 2350 303 2377 quo
313 2350 362 2377 ego
372 2346 532 2372 accusatore,
546 2341 658 2372 iudices,
672 2342 789 2376 primum
800 2341 869 2368 illud
878 2342 1006 2376 depreca-

210 2379 270 2410 bor,
288 2388 321 2405 ne
332 2379 399 2414 quid
410 2379 440 2405 L.
453 2379 578 2405 Murenae
589 2378 706 2414 dignitas
722 2379 810 2407 itlius.
828 2388 860 2405 ne
875 2379 943 2414 quid
957 2388 1006 2406 ex-

210 2417 338 2450 spectatio
352 2417 517 2447 tribunatus,
534 2424 567 2442 ne
581 2416 648 2451 quid
663 2417 746 2443 totins
762 2417 833 2443 vitae
842 2416 970 2451 splendor
980 2422 1006 2443 et

209 2454 325 2487 gravitas
342 2458 445 2480 noceat:
463 2453 579 2488 denique
595 2462 628 2480 ne
642 2462 672 2479 ea
686 2453 737 2480 soli
753 2453 817 2480 huic
832 2454 922 2480 obsint
936 2454 1004 2480 hona

211 2490 245 2515 M.
258 2490 372 2520 Catonis.
385 2499 454 2525 quae
464 2490 510 2517 ille
521 2491 634 2525 adeptus
645 2495 694 2521 est.
708 2496 737 2517 ut
750 2491 842 2517 multis
855 2491 1003 2526 prodesset.

211 2526 254 2552 Bis
269 2527 363 2553 consul
379 2527 464 2554 fuerat
475 2528 503 2554 P.
516 2528 658 2554 Africanus
673 2533 698 2554 et
712 2528 780 2554 duos
796 2532 908 2555 terrores
923 2528 1004 2555 huius

211 2564 329 2598 imperii,
362 2564 551 2600 Karthaginem
583 2566 822 2600 Numantiamque,
858 2565 1002 2596 deleverat,
1027 2566 1029 2577 ³

209 2609 294 2635 quum
310 2602 446 2627 accusavit
460 2602 490 2628 L.
507 2602 618 2629 Cottam.
657 2603 721 2628 Erat
735 2603 763 2628 in
778 2611 808 2629 eo
823 2611 930 2629 summa
949 2603 1005 2629 elo-

209 2638 331 2672 quentia,
349 2646 454 2664 summa
470 2638 549 2670 fides,
566 2647 672 2665 summa
687 2640 838 2675 integritas,
861 2641 1004 2666 auctoritas

210 2679 293 2706 tanta,
306 2680 403 2710 quanta
416 2675 442 2702 in
454 2676 513 2710 ipso
524 2677 636 2711 imperio
645 2676 738 2711 populi
749 2677 873 2707 Romani,
887 2677 959 2712 quod
970 2676 1005 2703 il—

1033 2681 1035 2706 3

1061 545 1166 570 civitate
1182 545 1264 570 nimis
1280 546 1384 579 magnis
1398 550 1581 572 accusatorum
1592 545 1690 580 opibus
1700 551 1727 572 et
1737 545 1854 581 populus

1063 583 1218 612 universus,
1236 586 1261 608 et
1276 583 1410 617 sapientes
1425 591 1455 609 ac
1469 582 1584 610 multum
1602 584 1628 610 in
1646 588 1782 618 posterum
1793 592 1854 618 pro-

1061 620 1205 654 spicientes
1217 619 1319 646 iudices
1331 621 1494 647 restiterunt.
1520 620 1588 648 Nolo
1597 625 1734 647 accusator
1744 620 1772 647 iu
1783 620 1854 647 iudi-

1061 657 1133 683 cium
1155 657 1297 692 potentiam
1318 657 1417 688 afferat.
1440 666 1491 684 non
1513 659 1567 684 vim
1583 658 1709 685 maiorem
1723 658 1851 693 aliquam.

1062 703 1113 720 non
1129 695 1310 721 auctoritatem
1326 694 1514 725 excellentem,
1537 704 1588 722 non
1605 696 1715 722 nimiam
1730 695 1852 731 gratiam.

1062 731 1170 758 Valeant
1181 732 1244 758 haec
1255 732 1344 759 omnia
1356 732 1388 759 ad
1399 732 1512 759 salutem
1525 733 1716 764 innocentium,
1731 732 1764 759 ad
1775 740 1853 767 opem

1061 770 1258 804 impotentium,
1271 769 1303 795 ad
1314 770 1446 796 auxilium
1457 770 1682 800 calamitosorum.
1695 771 1722 797 in
1735 769 1854 805 periculo

1062 816 1123 833 vero
1138 811 1163 833 et
1178 807 1205 833 in
1221 808 1338 842 pernicie
1348 808 1449 834 civium
1462 808 1644 843 repudientur.
1685 809 1727 834 60.
1749 808 1815 834 Nam
1829 807 1853 834 ai

1060 845 1122 879 quis
1139 844 1187 870 hoc
1203 843 1268 871 sorte
1282 844 1365 875 dicet,
1383 845 1508 872 Catonem
1524 845 1717 872 descensurum
1732 844 1765 871 ad
1776 852 1855 871 accu-

1060 881 1174 908 sandum
1192 891 1243 908 non
1259 881 1356 912 fuisse.
1379 883 1431 909 nisi
1446 883 1521 917 prins
1536 882 1569 909 de
1584 891 1678 909 caussa
1693 881 1851 909 iudicasset·

1060 919 1180 954 iniquam
1198 918 1296 955 legem,
1314 919 1430 950 iudices.
1447 926 1472 946 et
1487 921 1610 946 miseram
1622 919 1801 947 conditionem
1812 919 1854 946 in-

1038 971 1039 980 1
1060 956 1152 983 stituet
1163 957 1290 991 periculis
1307 957 1460 988 hominum,
1483 958 1506 984 si
1522 958 1699 987 existimabit.
1722 957 1852 984 iudicium

1037 1007 1039 1012 ·
1060 995 1221 1021 accusatoris
1245 995 1271 1021 in
1295 1003 1370 1021 reum
1395 1003 1442 1030 pro
1465 994 1556 1030 aliquo
1580 994 1744 1030 praeiudicio
1766 993 1855 1021 valere

1037 1045 1039 1054 ι
1059 1036 1189 1066 oportere.

1114 1069 1214 1095 XXIX.
1231 1069 1288 1105 Ego
1299 1074 1374 1096 tuum
1385 1069 1541 1100 consilium.
1554 1069 1629 1100 Cato,
1645 1074 1750 1104 propter
1759 1069 1854 1106 singu-

1061 1106 1114 1133 lare
1124 1107 1206 1133 animi
1218 1107 1269 1133 mei
1281 1107 1314 1133 de
1325 1111 1370 1133 tua
1382 1108 1479 1133 virtute
1491 1107 1630 1137 iudicium.
1641 1107 1790 1142 vituperare
1801 1115 1853 1134 non

1060 1143 1159 1170 audeo:
1182 1143 1310 1170 nonnulla
1332 1144 1357 1171 in
1375 1153 1402 1171 re
1417 1144 1526 1171 forsitan
1541 1143 1705 1172 conformare
1720 1149 1746 1170 et
1761 1144 1855 1171 leviter

1060 1181 1201 1208 emendare
1211 1182 1323 1216 possim.
1347 1182 1403 1208 Non
1415 1184 1493 1208 multo
1502 1182 1698 1217 peccaa,inquit
1709 1181 1754 1208 ille
1765 1180 1854 1209 [ortis-

1060 1219 1129 1246 simo
1140 1219 1197 1245 viro
1207 1219 1296 1246 senior
1307 1219 1447 1254 magister:
1460 1221 1512 1249 aed,
1523 1221 1547 1246 si
1554 1228 1654 1252 peccas,
1667 1224 1690 1245 le
1700 1228 1786 1252 regere
1793 1227 1854 1253 poa-

1059 1265 1125 1282 sum.
1165 1256 1198 1282 At
1209 1264 1259 1292 ego
1269 1261 1293 1282 te
1304 1257 1444 1282 verissime
1454 1256 1568 1283 dixerim
1584 1264 1692 1291 peccare
1704 1255 1785 1288 nibil,
1807 1264 1854 1283 ne-

1059 1302 1112 1328 que
1123 1293 1177 1320 ulla
1189 1294 1216 1320 in
1227 1302 1254 1320 re
1268 1298 1293 1320 te
1307 1302 1366 1320 esse
1382 1293 1552 1325 huiusmodi,
1574 1298 1603 1320 ut
1617 1293 1791 1329 corrigendus
1806 1301 1855 1328 po—

1060 1332 1128 1361 tius,
1145 1339 1227 1365 quam
1243 1330 1337 1358 leviter
1352 1330 1527 1358 inflectendus
1538 1339 1597 1358 esse
1609 1331 1724 1358 videare.
1764 1330 1855 1358 Finxit

1059 1369 1130 1395 enim
1143 1373 1168 1394 te
1178 1369 1236 1403 ipsa
1248 1373 1341 1395 natura
1353 1368 1386 1395 ad
1401 1368 1565 1395 honestatem
1574 1389 1580 1400 .
1597 1369 1769 1404 gravitatem,
1787 1373 1855 1394 tem—

1060 1406 1220 1441 perantiam,
1233 1405 1446 1442 magnitudinem
1457 1406 1553 1437 animi,
1566 1406 1705 1437 iustitiam,
1717 1405 1751 1432 ad
1761 1413 1854 1432 omnes

1030 1447 1031 1454 ¹
1059 1443 1176 1478 denique
1188 1443 1299 1470 virtutes
1310 1452 1438 1479 magnum
1451 1443 1586 1470 hominem
1596 1448 1624 1470 et
1633 1442 1781 1470 excelsum.
1802 1443 1855 1470 Δο-

1059 1481 1140 1507 cessit
1150 1481 1221 1507 istuc
1231 1480 1349 1508 doctrina
1364 1489 1416 1508 non
1432 1480 1565 1508 moderata
1580 1489 1628 1508 nec
1643 1481 1730 1512 mitis,
1746 1479 1808 1512 sed,
1824 1484 1855 1507 ut

1060 1518 1128 1544 mihi
1140 1518 1259 1550 videtur,
1275 1518 1367 1553 paullo
1375 1518 1495 1553 asperior
1503 1523 1529 1545 et
1539 1517 1642 1549 durior,
1659 1526 1742 1553 quam
1756 1518 1854 1544 veritas

1059 1560 1105 1582 aut
1120 1560 1213 1582 natura
1228 1556 1354 1591 patiatur.
1394 1557 1435 1582 6⁴.
1456 1555 1489 1582 Et
1503 1556 1630 1591 quoniam
1646 1564 1699 1583 non
1717 1560 1759 1582 est
1776 1554 1854 1582 nobis

1060 1593 1124 1619 haec
1144 1594 1227 1619 oratio
1246 1592 1368 1620 habenda
1388 1597 1434 1619 aut
1452 1602 1514 1620 cum
1533 1593 1656 1628 imperita
1671 1592 1852 1621 multitudine.

1059 1635 1104 1656 aut
1115 1631 1143 1656 in
1153 1630 1245 1665 aliquo
1254 1635 1388 1657 conventu
1398 1631 1560 1666 agrestium:
1581 1629 1710 1657 audacius
1720 1629 1812 1664 paullo
1820 1629 1854 1656 de

1058 1667 1157 1694 studiis
1173 1667 1360 1698 humanitatis,
1378 1675 1447 1702 quae
1461 1672 1487 1694 et
1502 1667 1569 1694 mihi
1581 1672 1607 1694 et
1616 1667 1693 1695 vobis
1702 1672 1764 1694 nota
1775 1671 1801 1694 et
1811 1667 1854 1693 iu-

1058 1704 1145 1731 cunda
1157 1709 1234 1736 sunt,
1251 1704 1404 1740 disputabo.
1444 1705 1473 1731 In
1485 1705 1520 1731 M.
1533 1704 1643 1736 Catone,
1655 1703 1780 1736 iudices„
1789 1704 1854 1730 haec

1058 1742 1141 1773 bona,
1157 1750 1227 1777 quae
1237 1741 1375 1773 videmus.
1392 1742 1482 1768 ditina
1494 1746 1519 1768 et
1529 1742 1645 1778 egregia.
1660 1742 1749 1776 ipsius
1759 1741 1854 1768 scitote

1059 1788 1118 1806 esse
1129 1780 1248 1814 propria:
1265 1787 1334 1814 quae
1345 1787 1548 1815 nonnumquam
1560 1779 1738 1814 requirimus,
1749 1787 1780 1806 ea
1789 1783 1855 1806 sunt

1058 1818 1148 1843 omnia
1159 1825 1211 1844 non
1222 1825 1237 1843 a
1247 1822 1354 1847 natura.
1371 1816 1420 1843 sed
1434 1826 1448 1843 a
1459 1817 1596 1852 magistro.
1636 1816 1698 1843 Fuit
1707 1817 1780 1843 enim
1790 1817 1854 1851 qui-

1058 1854 1120 1881 dam
1131 1863 1239 1881 summo
1249 1854 1358 1890 ingenio
1367 1854 1420 1885 vir.
1437 1854 1520 1884 Zeno,
1537 1854 1615 1881 cuius
1628 1854 1798 1880 inventorum
1809 1861 1854 1880 ae-

1059 1891 1127 1918 muli
1145 1892 1225 1918 Stoici
1249 1892 1430 1918 nominantur.
1470 1891 1556 1918 Huius
1579 1891 1727 1918 sententiae
1745 1895 1809 1918 sunt
1827 1896 1854 1918 et

1059 1933 1197 1964 praecepta
1208 1928 1355 1956 eiusmodi:
1377 1929 1525 1963 sapientem
1541 1929 1625 1964 gratia
1636 1936 1786 1964 numquam
1796 1936 1854 1956 mo-

1028 1970 1030 1975 *
1059 1967 1128 1998 veri,
1146 1975 1294 2001 numquam
1309 1967 1471 2001 cuiusquam
1486 1965 1583 1993 delicto
1595 1966 1746 2002 ignoscere:
1767 1967 1854 2008 nemif

1059 2013 1119 2031 nem
1134 2003 1334 2031 misericordem
1349 2012 1421 2034 esse,
1443 2004 1495 2030 nisi
1510 2002 1625 2030 stultum
1640 2008 1666 2030 et
1679 2002 1780 2030 levem:
1801 2003 1853 2030 vin

1059 2050 1111 2068 non
1121 2050 1189 2072 esse,
1202 2049 1289 2077 neque
1299 2041 1401 2068 exorari
1413 2049 1500 2076 neque
1511 2040 1624 2076 placari:
1637 2039 1708 2067 solos
1718 2041 1853 2075 sapientes

1058 2087 1125 2110 esse,
1141 2079 1164 2105 si
1175 2079 1359 2105 distortissimi
1370 2079 1434 2109 sint,
1447 2078 1591 2109 formoso&
1611 2078 1636 2104 si
1646 2077 1850 2108 mendicissimi,

1057 2116 1170 2148 divites:
1187 2117 1210 2143 si
1220 2117 1377 2143 servitutem
1389 2116 1514 2147 serviant,
1527 2124 1617 2152 reges:
1634 2124 1682 2142 nos
1693 2120 1792 2146 autem,
1804 2115 1852 2150 qui

1036 2163 1037 2178 ³
1057 2155 1191 2189 sapientes
1202 2162 1256 2181 non
1267 2162 1372 2184 sumus,
1385 2153 1524 2189 sugitivoe,
1536 2152 1653 2183 exsules.
1668 2152 1766 2184 hostes,
1780 2153 1852 2179 insa-

1057 2200 1106 2218 nos
1125 2191 1243 2226 denique
1262 2199 1321 2218 esse
1335 2190 1442 2217 dicunt:
1463 2190 1553 2217 omnia
1568 2195 1675 2225 peccata
1688 2197 1749 2216 esse
1762 2190 1849 2224 paria:

1056 2237 1135 2256 omne
1149 2228 1279 2255 delictum
1295 2227 1384 2255 scelus
1399 2236 1459 2254 esse
1473 2227 1620 2258 nefarium,
1637 2235 1685 2254 uec
1699 2227 1790 2254 minus
1804 2226 1852 2253 de-

1057 2312 1110 2331 non
1124 2303 1218 2334 suerit,
1239 2312 1322 2338 quam
1336 2311 1412 2334 eum,
1433 2303 1481 2337 qui
1492 2306 1594 2338 patrem
1605 2301 1786 2328 suffocaverit:
1807 2309 1852 2327 sa-

1057 2342 1175 2376 pientem
1187 2340 1254 2367 nihil
1266 2341 1382 2375 opinari,
1399 2339 1503 2366 nullius
1517 2340 1555 2366 rei
1569 2339 1716 2374 poenitere,
1734 2337 1808 2364 nulla
1822 2338 1850 2364 in

1057 2387 1084 2405 re
1096 2378 1162 2409 l'alli,
1170 2379 1330 2405 sententiam
1341 2382 1445 2404 mutare
1455 2384 1613 2412 numquam..
1634 2375 1724 2401 XXX.
1732 2375 1851 2402 62.I1aec

1056 2415 1136 2443 homo
1146 2415 1391 2451 ingeniosissimus,
1403 2415 1440 2441 M.
1451 2414 1522 2444 Cato.
1535 2413 1688 2439 auctoribus
1698 2412 1852 2439 eruditissi-

1056 2454 1109 2480 mis
1123 2452 1264 2484 inductus,
1281 2453 1408 2487 arripuit:
1425 2459 1512 2486 neque
1525 2449 1681 2485 disputandi
1695 2458 1804 2481 caussa,
1820 2454 1851 2477 ut

1056 2499 1152 2526 magna
1162 2499 1233 2525 pars,
1246 2489 1295 2516 sed
1304 2490 1340 2516 ita
1351 2488 1468 2516 vivendi.
1508 2488 1605 2514 Petunt
1614 2487 1718 2522 aliquid
1728 2486 1850 2522 publica-

1056 2527 1102 2555 ni‘?
1111 2535 1176 2554 cave
1186 2527 1336 2563 quidquam
1346 2526 1443 2553 habeat
1453 2525 1580 2552 momenti
1589 2525 1684 2560 gratia.
1705 2523 1849 2560 Supplices

1055 2565 1141 2600 aliqui
1152 2565 1277 2595 veniunt,
1290 2564 1382 2591 miseri
1391 2567 1418 2590 et
1426 2561 1593 2590 calamitosi?
1611 2561 1756 2588 sceleratus
1765 2566 1792 2588 et
1802 2569 1849 2588 ne-

1056 2602 1140 2628 farius
1151 2602 1242 2632 fueris,
1255 2602 1279 2628 si
1290 2600 1448 2636 quidquam,
1462 2598 1643 2626 misericordia
1655 2599 1796 2630 adductus,
1809 2598 1849 2625 se—

1054 2640 1132 2666 ceris.
1172 2639 1280 2666 Fatetur
1290 2638 1388 2673 aliquis
1397 2645 1426 2664 se
1437 2644 1560 2672 peccasse
1567 2657 1574 2667 ,
1596 2636 1690 2662 eteius
1700 2636 1791 2663 delicti
1802 2643 1848 2662 ve-

1055 2677 1126 2703 niam
1137 2675 1221 2711 petit?
1231 2675 1363 2703 nefarium
1374 2679 1415 2702 est
1425 2673 1528 2701 facinus
1536 2694 1542 2705 ,
1560 2674 1705 2709 ignoscere.
1744 2674 1778 2700 At
1789 2672 1848 2699 leve
