1941 3052
814 138 854 161 2¹1.
891 135 924 160 M.
959 135 989 160 T.

238 140 285 165 400

234 209 305 235 omni
331 208 382 234 xiia
405 216 490 232 vanem
515 206 660 241 popularis.

237 246 309 272 verbi
331 254 384 271 vim
404 250 428 270 et
448 245 688 278 interpretationem
709 243 879 268 veliementer
897 251 965 276 opus
989 247 1029 268 cat

235 288 321 309 vestra
337 282 475 316 supientia.
501 281 624 306 Versatur
634 281 704 306 enim
716 289 829 315 magnus
841 288 911 306 error
923 284 1029 314 propter
1049 303 1050 310 ,

234 320 377 347 insidiosus
392 318 580 345 nonnullorum
596 317 790 346 simulationes.
808 317 864 351 qui,
880 325 965 351 quum
981 325 1028 351 po-
1056 325 1057 349 j

235 357 291 392 puli
307 366 358 382 non
373 356 459 382 aolum
474 354 624 385 commoda,
647 363 739 380 verunt
759 354 836 380 etiam
852 353 965 379 salutem
979 362 1027 388 op-

236 399 354 429 pugnant
373 398 397 418 et
417 392 578 426 impediunt,
603 392 719 418 oratione
737 391 844 426 assequi
868 390 973 422 volunt,
999 395 1028 416 ut

235 431 376 465 populares
391 439 448 455 esse
465 429 613 455 videantur.
654 431 678 454 8.
705 429 760 464 Ego
778 428 884 463 qualem
901 428 1027 454 Kalendis

236 468 348 494 lanuarii
363 467 509 501 acceperim
525 465 732 501 rempublicam.
749 466 874 498 Quirites,
892 465 1025 499 intelligm

235 506 339 539 pls-nam
359 503 561 534 sollicitudinis,
584 503 688 538 plenam
709 503 825 529 timoris:
851 503 944 537 inqua
960 502 1026 528 nibil

233 547 287 568 erat
302 541 377 572 mali,
400 540 466 567 nihil
486 541 604 571 adversi,
625 540 697 575 quod
717 550 767 567 non
787 541 848 566 boni
869 545 1024 570 metuerent,

235 579 347 613 improbi
362 583 552 612 exspectarent.
574 579 669 604 Omnia
682 577 833 604 turbulenta
844 577 954 604 consilia
965 586 1028 603 con·

234 622 270 643 tra
291 616 361 642 bunc
376 615 538 650 reipublicae
552 620 650 642 statum
665 621 690 641 et
704 620 792 641 contra
809 620 927 641 vestrum
943 615 1026 641 otium

233 654 328 688 partim
353 653 428 683 iniri,
457 653 566 687 partim,
597 653 673 679 nobis
691 652 849 679 consulibus
868 652 1025 688 designati&

233 692 295 717 inita
310 699 369 716 esse
383 691 549 716 dicebantur.

233 730 285 755 ictu
300 728 390 763 aliquo
405 737 488 754 novae
503 727 673 758 calamitatis,
694 727 741 754 sed
755 728 910 762 suspicione
923 736 952 753 ac
968 736 1028 761 per·-

1048 445 1050 477 l

1048 531 1049 547 l

1047 651 1057 686 j,

583 690 691 716 Sublata
710 695 765 716 erat
778 690 811 716 de
827 690 881 716 foro
895 690 960 715 tides
975 698 1026 715 non
1047 692 1049 701 ¹

232 766 381 793 turbatione
396 765 569 795 iudiciorum.
592 765 770 791 infirmatione
789 774 877 791 rerum
898 764 1027 790 iudicata·
1047 774 1056 789 r,

232 812 306 830 rum:
333 811 415 829 novae
429 802 636 833 dominationes,
653 802 858 829 extraordinaria
875 810 926 828 non
942 802 1027 836 impe-

231 841 278 870 ria,
294 840 342 866 sed
357 849 446 875 regna,
462 840 554 875 ‹piaeri
570 840 740 874 putabantur.
763 840 805 866 lv.
819 841 842 865 9.
858 839 930 872 Quae
941 847 1026 874 quum

231 887 280 913 ego
295 886 345 904 non
359 877 447 903 solum
462 878 626 912 suspicarer,
643 877 689 903 sed
706 877 783 911 plane
796 885 945 903 cernerem:
969 876 1028 911 (ne-

230 924 283 951 que
297 916 368 941 enini
383 914 495 941 obscure
508 914 695 950 gerebanturz)
709 914 765 941 dixi
781 915 807 940 in
818 919 921 945 senatu,
938 914 964 940 in
979 914 1027 939 boc

207 969 211 976 ·
231 953 388 987 magistratu
404 961 445 978 me
460 952 615 987 popularem
630 951 768 978 consulem
784 951 914 978 futurum.

230 990 301 1016 enim
317 994 356 1016 est
370 994 423 1016 tam
439 989 574 1024 populare,
590 999 671 1024 quam
686 988 756 1024 pax‘?
769 998 822 1024 qua
837 998 888 1015 non
904 988 982 1015 modo
996 988 1024 1019 ii,

230 1027 331 1062 quibus
351 1032 442 1053 natura
461 1036 571 1053 sensum
590 1027 676 1057 dedit.
697 1026 745 1053 sed
763 1027 842 1053 etiam
862 1031 928 1053 tecta
946 1030 1026 1061 atque

230 1065 286 1100 agri
302 1064 368 1091 mibi
385 1064 474 1090 laetari
490 1064 623 1090 videntur.
646 1064 715 1096 Quid
728 1069 780 1090 tam
792 1063 928 1099 populare,
943 1072 1026 1098 quam

231 1101 358 1129 libertas?
366 1110 446 1137 quam
459 1111 509 1128 non
521 1101 609 1128 solum
620 1102 653 1128 ab
664 1101 828 1132 bominibus.
842 1110 934 1127 verum
947 1101 1025 1127 etiam

229 1149 243 1166 a
263 1139 357 1166 bestiis
376 1140 463 1174 expeti
483 1144 562 1174 atque
575 1139 701 1166 omnibus
716 1139 796 1165 rebus
812 1139 936 1173 anteponi
951 1138 1026 1164 vide-

230 1177 273 1203 tis.

229 1261 291 1278 mus
308 1252 426 1287 quisque
445 1252 486 1278 vir
504 1252 636 1278 maximos
655 1251 758 1278 labores
772 1251 960 1286 suscipiendos
974 1260 1026 1286 pu-

228 1294 277 1320 tet,
303 1294 331 1316 ut
349 1288 494 1324 aliquando
511 1290 538 1316 in
557 1290 609 1316 otio
627 1289 712 1324 possit
729 1298 800 1321 esse,
826 1289 983 1324 praesertim
997 1288 1025 1315 in

228 1327 342 1361 imperio
355 1335 386 1353 ac
398 1327 541 1363 dignitate:
557 1327 604 1362 qui
620 1327 718 1353 idcirco
728 1327 807 1353 etiam
819 1327 966 1353 maioribus
978 1334 1025 1352 no-

227 1364 290 1390 stris
304 1365 476 1399 praecipuam
491 1364 597 1391 laudem
610 1365 778 1400 gratiamque
792 1364 935 1396 debemus,
952 1363 1025 1399 quod

227 1410 319 1428 eorum
335 1401 422 1428 labore
437 1407 476 1428 est
490 1401 599 1433 factum,
617 1406 645 1428 ut
659 1402 771 1437 impune
785 1402 812 1428 in
826 1402 880 1428 otio
893 1410 952 1428 esse
962 1410 1025 1436 pos-

227 1447 328 1465 semus.
350 1438 436 1471 Quare
450 1440 497 1474 qui
511 1448 621 1474 possum
637 1448 688 1466 non
703 1448 762 1466 esse
775 1439 923 1474 popularis,
938 1448 1024 1474 quum

228 1476 332 1503 videam
347 1476 411 1503 baec
420 1477 518 1508 onmia,
534 1476 660 1509 Quirites,
676 1485 769 1512 pacem
780 1482 926 1508 externam,
944 1476 1025 1503 liber-

227 1519 306 1541 tatem
321 1514 455 1549 propriam
469 1515 575 1550 generis
589 1523 619 1541 ac
633 1515 749 1541 nominis
765 1514 860 1546 vestri⁷
877 1515 962 1541 otium
976 1513 1025 1541 do-

227 1551 378 1583 mesticum,
394 1551 511 1587 denique
524 1553 622 1583 omnia,
639 1560 708 1587 quae
719 1551 796 1578 vobis
806 1560 865 1578 cara
875 1557 956 1588 atque
966 1560 1025 1577 am-
1052 1567 1054 1584 5

227 1588 269 1623 pla
288 1594 364 1620 sunt,
385 1589 413 1615 in
433 1589 512 1616 fidem
531 1594 556 1616 et
573 1589 690 1624 quodam
711 1589 790 1616 modo
803 1589 830 1615 in
844 1589 1023 1624 patrocinium

227 1626 279 1652 mei
293 1626 449 1653 consulatus
464 1635 524 1653 esse
537 1625 649 1653 collata?
670 1628 710 1653 to.
727 1627 820 1662 Neque
835 1627 916 1657 enim,
932 1625 1024 1658 Quiri-

227 1668 275 1695 tes,
292 1663 360 1690 illud
375 1664 451 1690 vobis
465 1664 615 1691 iucundum
629 1668 675 1690 aut
689 1663 818 1699 populare
832 1663 912 1690 debet
925 1663 1020 1694 videri,
1044 1691 1045 1694 ,

1044 1708 1045 1711 ’
1074 1701 1138 1736 quia
1153 1701 1194 1727 vis
1209 1700 1351 1726 tribunicia
1364 1708 1568 1736 nonnumquam
1583 1699 1689 1727 libidini
1703 1701 1800 1727 restitit
1809 1708 1874 1727 con-

226 1700 331 1737 largitio
344 1701 433 1736 aliqua
447 1701 628 1737 promulgata,
649 1710 718 1736 quae
733 1701 822 1728 verbis
836 1701 961 1727 ostentari
976 1709 1023 1736 po-

226 1743 290 1769 test,
307 1747 334 1764 re
350 1747 409 1765 vera
425 1739 494 1770 fieri,
511 1739 563 1765 nisi
578 1739 708 1765 exhausto
722 1739 835 1769 aerario,
858 1738 934 1765 nullo
947 1742 1024 1773 pacto

226 1780 321 1810 potest.
360 1776 452 1811 Neque
466 1785 529 1803 vero
542 1775 589 1802 illa
603 1776 742 1811 popularia
756 1780 820 1802 sunt
833 1775 1021 1807 existimanda,

225 1812 386 1840 iudiciorum
402 1813 628 1848 perturbationes.
649 1822 738 1840 rerum
756 1813 934 1840 iudicatarum
949 1812 1024 1839 infir—

226 1851 364 1882 mationes‚
381 1851 513 1877 restitutio
526 1850 725 1877 damnatorum:
742 1852 790 1886 qui
803 1851 943 1877 civitatum
955 1850 1023 1877 affli-

224 1892 337 1919 ciarum,
354 1888 465 1923 perditis
479 1889 532 1914 iam
547 1888 636 1920 rebus,
653 1889 765 1915 extremi
780 1889 922 1915 exitiorum
937 1888 1023 1915 solent

226 1933 285 1951 esse
299 1925 398 1952 exitus.
425 1926 517 1960 Neque
531 1926 555 1952 si
569 1926 616 1961 qui
630 1934 707 1961 agros
721 1925 822 1961 populo
836 1926 953 1952 Romano
965 1925 1023 1960 pol-

226 1961 352 1994 licentur,
379 1962 428 1989 sed
449 1963 472 1989 si
495 1962 569 1989 aliud
591 1963 702 1998 quidem
725 1963 838 1989 obscure
863 1963 1020 1995 moliuntur,

225 1998 299 2026 aliud
312 2008 360 2035 spe
374 2009 403 2027 ac
417 2001 506 2036 specie
520 2000 701 2028 simulationis
715 2005 861 2033 ostentant,
877 2001 1021 2036 populares

225 2037 397 2064 existimandi
411 2043 484 2064 sunt.

280 2074 311 2101 V.
332 2075 398 2101 Nam
413 2084 474 2102 vere
488 2075 588 2107 dicam,
605 2075 731 2108 Quirites,
747 2085 834 2112 genus
848 2077 938 2111 ipsum
954 2075 1021 2112 legis

224 2112 342 2147 agrariae
356 2113 507 2147 vituperare
521 2122 574 2140 non
588 2122 710 2148 possum.
737 2114 812 2140 Venit
826 2114 898 2140 enim
912 2113 979 2140 mihi
994 2114 1021 2140 in

225 2154 350 2181 mentem,
366 2149 434 2177 duos
445 2150 618 2182 clarissimos,
634 2151 876 2186 ingeniosissimos.
893 2151 1022 2177 amantis-

223 2187 306 2213 simos
322 2186 408 2222 plebis
423 2188 555 2214 Romanae
570 2188 650 2219 viros,
668 2189 707 2214 Ti.
720 2193 746 2215 et
760 2189 788 2215 C.
802 2188 946 2219 Gracchos,
962 2188 1021 2223 ple·-

224 2223 284 2250 bem
299 2225 326 2251 iu
341 2226 413 2260 agris
427 2225 545 2260 publicis
559 2226 744 2258 constituisse,
765 2227 813 2261 qui
831 2226 888 2262 agri
902 2235 917 2252 a
930 2227 1021 2261 priva-

223 2261 256 2287 tis
270 2266 345 2288 antea
359 2262 576 2297 possidebantur.
606 2263 664 2290 Non
677 2272 739 2290 sum
753 2268 842 2290 autem
857 2272 906 2299 ego
920 2263 943 2290 is
957 2272 1021 2290 con—

222 2298 279 2330 sul,
302 2299 363 2334 qui,
389 2304 418 2326 ut
436 2299 572 2335 plerique,
598 2300 672 2327 nefas
686 2309 745 2327 esse
759 2301 871 2327 arbitrer
885 2300 1019 2327 Gracchos

224 2335 344 2363 laudare:
361 2345 476 2372 quorum
487 2337 621 2369 consiliis,
637 2338 781 2373 sapientia,
798 2337 905 2374 legibus
919 2337 1019 2364 multas

223 2381 281 2399 csse
296 2374 374 2400 video
388 2375 551 2410 reipublicae
565 2380 653 2410 partes
667 2376 836 2402 constitutas.
859 2377 900 2402 tt.
916 2376 1017 2410 Itaque,

222 2415 251 2436 ut
265 2411 341 2438 initio
355 2412 423 2438 mihi
441 2412 582 2448 designato
599 2412 706 2439 consuli
724 2413 911 2444 nuntiabatur,
932 2413 1019 2448 legem

222 2448 352 2482 agrariam
367 2449 488 2476 tribunos
503 2450 591 2484 plebis
605 2450 760 2486 designatos
773 2450 955 2481 conscribere,
971 2458 1020 2476 cu—

223 2484 342 2517 piebam,
358 2486 424 2520 quid
438 2488 596 2523 cogitarent,
616 2496 785 2522 cognoscere.
826 2487 933 2514 Etenim
947 2487 1019 2513 arbi-

223 2520 323 2552 trabar,
347 2524 476 2557 quoniam
498 2525 591 2551 eodem
614 2533 684 2551 anno
701 2524 813 2560 gerendi
831 2524 910 2551 nobis
928 2528 1019 2551 essent

222 2558 408 2599 magistratus,
434 2569 493 2587 esse
511 2561 630 2597 aliquam
648 2566 768 2596 oportere
782 2562 851 2588 inter
864 2570 913 2588 nos
926 2562 1019 2596 reipu-

222 2594 307 2636 blicae
325 2595 393 2622 bene
410 2597 636 2625 administrandae
657 2599 820 2625 societatem.
863 2600 903 2626 ¹2.
926 2598 1018 2631 Quum

222 2630 387 2659 familiariter
411 2643 452 2660 me
475 2635 503 2661 in
521 2644 613 2662 eorum
631 2644 785 2662 sermonem
803 2636 970 2662 insinuarem
988 2644 1018 2662 ac

221 2668 326 2703 darem3
351 2671 468 2703 celabat,
485 2673 659 2700 excludebat:
680 2678 719 2704 et,
739 2681 825 2708 quum
838 2673 1016 2704 ostenderem,

313 1176 383 1209 Quid
399 1182 450 1203 tam
466 1176 606 1212 populare,
627 1185 707 1212 quam
722 1175 826 1202 otium‘?
847 1176 919 1211 quod
934 1176 969 1202 ita
984 1176 1027 1201 iu-
1047 1186 1055 1205 ψ

228 1214 348 1241 cundum
363 1219 415 1245 est,
437 1219 465 1240 ut
480 1219 504 1240 et
520 1223 579 1245 vos,
599 1219 625 1240 et
644 1214 756 1240 maiores
776 1214 857 1240 vestri
872 1219 897 1240 et
912 1213 1027 1240 tortissi-
1046 1230 1048 1246 5

1046 1258 1048 1274 :
1076 1249 1143 1286 quid
1163 1250 1280 1277 votuisse
1294 1259 1357 1277 eum
1372 1251 1460 1278 dicere
1473 1251 1689 1286 suspicabantur.
1723 1251 1876 1287 Aliquando

1054 1307 1055 1313 1
1077 1287 1198 1319 tandem,
1219 1296 1261 1314 me
1279 1287 1432 1324 designato,
1454 1288 1497 1316 lex
1510 1289 1537 1315 in
1552 1288 1691 1324 publicum
1707 1289 1873 1324 proponitur.

1054 1322 1055 1327 ¹
1077 1326 1245 1352 Concurrunt
1264 1325 1342 1352 iussu
1361 1335 1420 1352 meo
1438 1326 1530 1361 plures
1549 1335 1602 1353 uno
1619 1331 1737 1362 tempore
1757 1326 1873 1353 librarii:

955 950 1026 983 Quid
1047 965 1048 968 =

1026 134 1301 160 (leEltONlS

702 205 753 231 Sed
778 206 843 231 mibi
864 205 896 231 ud
916 205 1028 231 huiusce
1049 208 1058 232 I*
1079 205 1102 231 ai
1119 205 1160 231 lex
1175 204 1249 231 utilia
1265 204 1335 239 plebi
1351 205 1483 231 Romanae
1499 206 1564 232 mibi
1580 205 1724 237 videretur,
1741 210 1876 233 auctorent

1080 251 1122 268 tue
1136 247 1216 276 atque
1233 242 1380 268 adiutorem
1400 241 1535 269 futurum:
1558 248 1645 270 tamen
1664 244 1878 279 aspernabantur

1081 279 1148 305 banc
1163 279 1347 305 liberalitatem
1363 288 1463 305 meam:
1490 280 1629 316 negabant,
1647 289 1688 307 ma
1703 280 1800 307 adduci
1815 290 1878 316 pos-

1080 325 1118 345 se.
1136 321 1164 342 ut
1178 316 1260 342 ullam
1275 316 1441 379 larpitionem
1457 317 1605 352 probarem.
1640 318 1732 345 Finem
1749 318 1798 344 feci
1812 318 1878 344 oss'e-

1081 353 1155 379 rendi
1175 353 1241 384 mei,
1262 362 1294 379 ne
1324 358 1379 379 orte
1398 363 1455 380 mea
1474 354 1603 381 sedulitas
1621 360 1667 382 aut
1685 356 1812 382 inuidiosa
1831 361 1877 382 aut

1082 390 1224 425 impudens
1244 390 1387 417 videretur.
1429 391 1529 417 Interea
1548 401 1600 418 non
1624 392 1789 419 desistebant
1807 392 1875 419 clam

1081 429 1148 454 inter
1166 437 1194 453 se
1212 428 1368 458 convenire,
1388 429 1506 463 privatos
1523 429 1655 464 quosdam
1674 430 1815 461 adbibere,
1843 430 1875 456 nd

1080 474 1144 491 suos
1167 470 1258 491 coctus
1282 465 1399 492 occultos
1422 471 1525 492 noctem
1545 466 1690 502 adiungere
1708 472 1733 493 et
1752 467 1877 494 solitudi-

1080 512 1151 528 nem.
1185 502 1290 534 Quibus
1306 503 1332 529 in
1348 503 1428 529 rebus
1441 508 1541 538 quanto
1557 504 1583 530 in
1598 509 1669 530 metu
1686 503 1826 534 fuerimus.
1843 513 1876 531 ex

1081 545 1166 565 vestra
1185 540 1380 570 sollicitudine,
1401 540 1427 566 in
1446 549 1498 575 qua
1518 540 1572 567 illia
1591 542 1756 576 temporibus
1776 541 1874 571 fuistis.

1081 577 1156 603 facile
1171 577 1276 612 assequi
1292 577 1441 604 coniectura
1457 578 1586 612 poteritis.
1610 580 1649 604 ⁴3.
1663 579 1757 605 ineunt
1768 579 1874 605 tandem

1081 615 1252 648 magistratus
1267 614 1367 640 tribuni
1383 615 1484 650 plebis:
1501 616 1593 642 concio
1607 616 1713 642 tandem
1725 621 1875 651 exspectata

1081 653 1108 678 P.
1126 652 1205 682 Rulli.
1222 652 1294 687 quod
1309 657 1334 678 et
1349 653 1473 687 princeps
1488 657 1542 679 erat
1556 653 1672 689 agrariae
1688 653 1711 679 le
1733 654 1764 683 ia,
1781 658 1806 679 et
1820 658 1876 680 tru-

1079 689 1213 715 culentius
1228 699 1256 715 se
1270 689 1391 724 gerebat,
1413 699 1494 725 quam
1509 691 1598 716 ceteri.
1639 691 1693 717 lam
1727 691 1874 726 esignatua,

1079 727 1131 752 alio
1146 726 1236 757 vultu,
1252 727 1304 753 alio
1319 728 1390 753 vocis
1404 736 1483 758 sono,
1503 727 1555 754 alio
1570 728 1675 754 incessu
1690 736 1749 754 ease
1763 728 1876 754 medita-

1081 764 1171 795 batur,
1189 765 1286 790 vestitu
1300 764 1467 795 obsoletiore,
1484 774 1592 800 corpore
1607 765 1708 792 inculto
1721 770 1746 791 et
1757 765 1874 796 horrido,

1079 801 1235 836 capillatior,
1252 810 1333 836 quam
1348 806 1417 833 ante,
1435 802 1570 837 barbaque
1585 803 1697 834 maiore,
1715 807 1742 829 ut
1752 802 1838 829 oculis
1849 807 1876 829 et

1078 844 1186 873 aspectu
1205 839 1362 865 denuntiare
1379 840 1506 865 omnibus
1526 841 1579 866 vim
1599 840 1769 866 tribuniciam
1786 845 1811 866 et
1824 840 1876 866 mi-

1079 876 1155 902 nitari
1171 876 1334 911 reipublicae
1350 877 1494 903 videretur.
1527 877 1623 913 Legem
1640 878 1756 904 hominis
1770 877 1875 904 concio-

1079 922 1194 948 nemque
1212 914 1410 948 exspectabam.
1452 915 1506 940 Lex
1525 915 1601 940 initio
1615 914 1687 940 nulla
1703 915 1872 950 proponitur:

1077 952 1230 977 concionem
1247 952 1272 977 in
1288 951 1383 985 primis
1397 951 1519 978 advocari
1535 952 1621 978 iubet:
1638 961 1743 978 summa
1754 961 1816 978 cum
1828 960 1876 979 ex-

1055 998 1056 1019 }
1078 988 1240 1023 spectatione
1253 989 1429 1014 concurritur.
1451 989 1573 1024 Explicat
1587 990 1731 1015 orationem
1742 998 1806 1016 sane
1818 989 1876 1016 lon-

1077 1035 1152 1062 gam,
1169 1030 1195 1052 et
1210 1026 1299 1052 verbis
1315 1025 1390 1052 valde
1405 1026 1492 1052 bonis.
1534 1026 1621 1053 Unum
1636 1032 1703 1058 erat,
1719 1026 1791 1062 quod
1806 1026 1874 1054 mihi

1079 1064 1206 1090 vitiosum
1221 1062 1371 1094 videbatur,
1387 1063 1458 1098 quod
1474 1068 1543 1090 tanta
1558 1072 1592 1090 ex
1606 1063 1755 1099 frequentia
1769 1064 1876 1091 inveni-

1078 1101 1099 1126 ri
1115 1109 1193 1127 nemo
1207 1101 1306 1135 potuit,
1326 1101 1374 1136 qui
1389 1100 1537 1137 intelligere
1556 1107 1659 1136 posset,
1679 1101 1746 1137 quid
1764 1101 1873 1128 diceret.

1078 1138 1131 1164 lloc
1145 1137 1190 1164 ille
1205 1143 1295 1164 utrum
1311 1137 1470 1165 insidiarum
1484 1147 1577 1165 caussa
1593 1138 1697 1170 fecerit,
1719 1148 1750 1166 au
1765 1139 1815 1166 hoc
1827 1147 1876 1176 ge-

1078 1184 1140 1202 nere
1154 1175 1322 1210 eloquentiae
1335 1175 1494 1207 delectetur.
1511 1176 1609 1203 nescio.
1651 1176 1764 1208 Tamen,
1785 1177 1808 1203 si
1826 1177 1874 1212 qui

1077 1213 1208 1240 acutiores
1223 1213 1390 1240 inconcione
1404 1218 1539 1245 steterant,
1556 1214 1589 1240 de
1603 1213 1662 1249 lege
1673 1214 1775 1250 agraria
1786 1214 1876 1241 nescio

1077 1363 1238 1399 descriptam
1253 1362 1340 1399 legem
1355 1363 1388 1390 ad
1402 1372 1445 1390 me
1458 1363 1580 1390 afferunt.
1614 1363 1657 1390 VI.
1675 1365 1715 1390 Η.
1731 1363 1810 1391 Omni
1824 1363 1875 1390 hoc

1077 1401 1154 1427 vobis
1169 1401 1268 1427 ratione
1279 1400 1435 1428 confirmare
1445 1410 1565 1437 possum.
1582 1400 1708 1434 Quirites,
1725 1401 1775 1428 boc
1785 1401 1875 1428 animo

1052 1437 1054 1459 ἓ
1076 1447 1118 1465 me
1140 1438 1173 1465 ad
1197 1438 1336 1474 legendam
1359 1438 1446 1475 legem
1467 1438 1734 1475 cognoscendamque
1756 1439 1872 1470 venisse,

1076 1480 1118 1507 ut,
1144 1477 1168 1502 si
1186 1484 1245 1502 eam
1263 1476 1340 1502 vobis
1359 1477 1583 1503 accommodatam
1603 1481 1683 1512 atque
1701 1475 1795 1503 utilem
1815 1484 1874 1503 esse

1075 1513 1266 1549 intelligerem,
1287 1518 1377 1540 auctor
1395 1514 1454 1540 eius
1467 1518 1546 1549 atque
1560 1513 1665 1540 adiutor
1678 1522 1775 1540 essem.
1816 1513 1874 1540 Non

1075 1551 1147 1577 enim
1163 1556 1256 1577 natura
1270 1559 1357 1586 neque
1371 1550 1486 1578 discidio
1499 1560 1586 1587 neque
1599 1551 1661 1578 odio
1674 1551 1782 1586 penitus
1793 1551 1875 1578 insito

1075 1587 1177 1614 bellum
1192 1589 1281 1614 nescio
1294 1587 1367 1624 quod
1381 1587 1461 1615 babet
1473 1594 1630 1624 susceptum
1644 1587 1800 1615 consulatus
1811 1596 1874 1615 cum

1075 1625 1226 1656 tribunatu,
1252 1625 1316 1660 quia
1339 1634 1467 1660 persaepe
1490 1625 1625 1652 seditiosis
1644 1630 1724 1661 atque
1742 1625 1873 1660 improbis

1075 1662 1191 1689 tribunis
1205 1662 1292 1698 plebis
1306 1662 1369 1689 boni
1383 1667 1409 1689 et
1423 1662 1503 1690 fortes
1516 1663 1640 1690 consules
1653 1663 1827 1694 obstiterunt,
1847 1667 1874 1689 et

1075 1737 1168 1764 sulari.
1194 1737 1252 1764 Non
1266 1742 1429 1772 potestatum
1442 1737 1644 1768 dissimilitudo,
1660 1737 1708 1764 sed
1722 1738 1873 1764 animorum

1074 1774 1220 1801 disiunctio
1233 1774 1429 1801 dissensionem
1444 1775 1516 1802 facit.
1559 1777 1599 1802 ⁴5.
1615 1775 1707 1810 ltaque
1721 1775 1770 1802 hoc
1783 1775 1874 1802 animo

1044 1810 1045 1815 ¹
1075 1811 1161 1848 legem
1175 1813 1282 1847 sumpsi
1296 1813 1324 1838 in
1339 1821 1443 1844 manus,
1460 1818 1489 1839 ut
1502 1821 1560 1839 eam
1575 1821 1701 1847 cuperem
1715 1821 1774 1839 esse
1783 1817 1873 1847 aptam

1074 1850 1171 1876 vestris
1185 1849 1333 1877 commodis
1347 1855 1372 1876 et
1386 1849 1532 1881 eiusmodi,
1548 1859 1630 1885 quam
1643 1849 1752 1882 consul,
1767 1858 1804 1881 re.
1819 1858 1873 1876 non

1073 1888 1204 1919 oratione,
1221 1887 1372 1923 populariS,
1392 1892 1417 1914 et
1431 1887 1542 1914 honeste
1556 1892 1582 1914 et
1596 1887 1709 1914 libenter
1721 1891 1812 1922 posset
1825 1886 1873 1914 de-

1074 1924 1192 1951 fendere.
1232 1926 1320 1960 Atque
1339 1933 1387 1961 ego
1405 1934 1419 1951 a
1438 1925 1525 1960 primo
1543 1925 1628 1960 capite
1648 1924 1714 1961 legis
1733 1932 1820 1960 usque
1838 1923 1873 1951 ad

1074 1967 1224 1989 extremum
1243 1962 1360 1997 reperio,
1381 1961 1512 1994 Quirites,
1537 1961 1605 1989 nibil
1623 1961 1698 1989 aliud
1714 1962 1870 1998 cogitatum,

1073 1999 1141 2026 nihil
1156 1999 1231 2026 aliud
1244 2004 1411 2035 susceptum,
1428 1999 1497 2026 nihil
1511 1999 1585 2026 aliud
1598 2004 1697 2031 actum,
1713 1999 1765 2026 nisi
1781 2003 1811 2026 ut
1824 1998 1872 2026 de-

1073 2046 1130 2064 cem
1141 2046 1217 2073 reges
1227 2037 1330 2068 aerarii,
1338 2037 1519 2073 vectigalium,
1528 2037 1727 2072 provinciarum
1737 2036 1870 2068 omnium,

1074 2075 1155 2102 totius
1168 2074 1346 2110 reipublicae,
1363 2083 1520 2110 regnorum,
1538 2074 1683 2101 liberorum
1698 2073 1869 2109 populorum.

1073 2112 1146 2139 orbis
1163 2112 1280 2147 denique
1299 2117 1429 2138 terrarum
1447 2112 1550 2139 domini
1562 2112 1788 2138 constituerentur
1801 2110 1871 2147 legis

1073 2150 1191 2186 agrariae
1214 2149 1386 2176 simulatione
1409 2154 1489 2185 atque
1512 2149 1630 2176 nomine.
1670 2148 1714 2175 sie
1731 2147 1868 2179 confirmo,

1072 2187 1204 2219 Quirites,
1225 2187 1276 2213 hac
1295 2186 1353 2223 lege
1370 2187 1486 2223 agraria,
1506 2186 1619 2222 pulchra
1637 2190 1717 2221 atque
1735 2184 1868 2220 populari,

1072 2224 1130 2251 dari
1144 2224 1221 2251 vobis
1235 2223 1317 2256 nihil,
1339 2224 1484 2251 condonari
1502 2224 1582 2250 certis
1595 2222 1751 2250 hominibus
1765 2222 1868 2249 omnia:

1072 2262 1199 2288 ostentari
1217 2261 1318 2297 populo
1331 2262 1451 2288 Romano
1468 2270 1558 2297 agros.
1579 2261 1646 2296 eripi
1664 2261 1744 2286 etiam
1761 2259 1870 2286 liberta—

1072 2303 1139 2325 tem:
1160 2299 1326 2334 privatorum
1339 2299 1467 2334 pecunias
1480 2299 1586 2334 augeri,
1606 2297 1729 2333 publicas
1742 2296 1871 2323 exhauri-

1071 2337 1108 2362 ri:
1133 2336 1264 2372 denique,
1280 2336 1354 2371 quod
1367 2340 1407 2362 est
1419 2335 1651 2372 indignissimum,
1668 2342 1715 2369 per
1728 2334 1870 2361 tribunum

1071 2373 1168 2409 plebis.
1184 2382 1267 2409 quem
1280 2374 1393 2400 maiores
1407 2372 1558 2408 praesidem
1572 2371 1701 2398 libertatis
1715 2370 1870 2398 custodem-

1071 2419 1124 2446 que
1138 2419 1198 2438 esse
1211 2410 1368 2443 voluerunt,
1389 2419 1467 2446 reges
1484 2411 1513 2436 in
1526 2409 1633 2436 civitate
1647 2409 1783 2435 constitui.
1827 2409 1867 2435 46.

1070 2448 1144 2481 Quae
1157 2457 1243 2484 quum
1257 2456 1419 2483 exposuero,
1439 2447 1463 2474 si
1477 2446 1544 2473 falsa
1556 2446 1634 2473 vobis
1648 2445 1813 2472 videbuntur
1825 2453 1869 2472 as-

1070 2494 1112 2518 se,
1128 2494 1227 2521 sequar
1240 2486 1424 2512 auctoritatem
1437 2489 1566 2514 vestram,
1583 2483 1693 2510 mutabo
1706 2491 1794 2510 meam
1805 2491 1868 2509 sen-

1070 2524 1190 2550 tentiam.
1203 2522 1251 2549 Sin
1260 2522 1374 2549 insidias
1386 2522 1443 2548 fieri
1455 2521 1570 2548 libertati
1580 2525 1685 2547 vestrae
1695 2519 1866 2547 simulatione

1070 2559 1218 2596 largitionis
1231 2559 1400 2595 intelligetis,
1416 2558 1525 2585 nolitote
1539 2557 1671 2589 dubitare,
1688 2557 1806 2592 plurimo
1818 2565 1866 2583 su-

1069 2597 1132 2624 dore
1150 2602 1176 2624 et
1192 2597 1324 2633 sanguine
1341 2597 1473 2622 maiorum
1491 2599 1640 2622 vestrorum
1659 2599 1761 2630 partam
1775 2593 1866 2621 vobis-

1068 2643 1121 2670 que
1136 2634 1259 2661 traditam
1274 2633 1435 2664 libertatem,
1450 2632 1526 2660 nullo
1540 2637 1628 2659 vestro
1643 2632 1739 2663 labore,
1755 2629 1865 2658 consule

1067 2671 1188 2699 adiutore
1201 2670 1353 2698 defendere.
