1941 3052
403 158 449 184 IN
482 158 682 184 VERREM
714 157 812 184 ACT.
835 158 866 184 11.

70 233 199 264 quantum
214 233 302 254 satum
316 229 361 259 sit,
377 228 494 255 ablatum
509 237 568 255 esse
582 228 614 254 ab
629 228 787 254 aratoribus.
812 229 864 254 Rc-
884 234 885 247 ³

69 267 122 293 cita
133 266 248 292 sationes
262 270 287 292 et
302 266 435 300 pactiones
449 275 483 292 ex
498 266 592 292 litteris
607 265 732 300 publicis.
762 265 861 292 Recita.
884 285 892 299 η,

884 308 892 318 ”
913 302 1057 336 Apronius.

318 340 472 367 Cognoscite
495 341 557 366 item
582 340 760 375 professiones
783 341 864 366 satio·
884 345 885 375 ξ

71 304 239 330 Pacnoxss
253 313 440 330 HYBLENSIL'M
455 312 512 330 cun
526 312 569 329 ca.
581 303 695 329 Senem
710 312 747 329 ex
766 312 863 329 ιιττε-

71 349 116 367 ais
134 349 276 367 PCBLICIS.
355 372 367 375 u

71 386 148 408 num,
170 382 195 404 et
214 378 348 412 pactiones
363 378 550 404 Menaenorum
569 387 630 403 cum
645 378 758 404 Venerio
775 385 861 403 servo.

70 415 159 442 Recita
177 423 210 441 ex
229 414 323 441 litteris
346 414 473 449 publicis.

70 461 127 478 nnn
141 461 174 478 ετ
188 461 348 478 menoses
362 461 562 478 MENAENORL‘M
578 461 634 478 cua
649 461 780 478 νεκεκιο
793 460 864 477 sen-

70 498 105 515 vo
123 498 158 515 ex
174 498 310 515 LITTERIS
328 498 471 516 rnamms.

70 527 158 557 sociis,
175 526 208 552 ab
219 527 367 552 aratoribus
384 526 476 561 populi
487 527 607 556 Romani,
624 526 656 551 ab
672 526 713 556 iis,
729 526 776 560 qui
789 525 863 551 vobis

72 563 202 594 laborant,
223 564 300 590 vobis
319 564 452 594 serviunt,
477 564 523 598 qui
542 564 576 589 ita
596 563 700 597 plebem
719 563 863 589 Romanam
885 573 886 580 ¹

70 601 103 627 ab
117 609 176 627 sese
191 600 225 626 ali
239 600 345 631 volunt,
367 605 396 627 ut
413 601 465 626 sibi
480 609 508 626 ac
523 600 614 626 liberis
628 601 686 626 suis
700 604 802 626 tantum
817 608 864 625 su-

70 639 161 673 persit,
177 647 231 673 quo
244 638 297 673 ipsi
313 638 347 664 ali
362 638 478 672 possint,
498 638 531 663 ab
546 637 597 667 his,
614 645 660 671 per
674 646 808 662 summam
822 637 865 662 in-

70 676 176 707 iuriam,
193 684 240 710 per
254 675 438 702 acerbissimas
452 674 635 704 contumelias,
653 674 714 708 plus
729 673 865 708 aliquanto
886 673 887 678 ¹

69 712 188 739 ablatum
203 721 270 743 esse,
286 721 366 747 quam
381 717 472 738 natum
487 711 539 738 sit‘?
563 713 619 737 103.
635 711 733 742 Sentio,
750 711 862 741 iudices,

70 749 261 776 moderandum
276 750 342 776 mihi
357 758 415 775 esse
428 749 480 775 iam
490 749 600 775 orationi
612 757 684 774 meae
695 747 865 783 fugiendam-

70 795 123 822 que
137 791 251 813 vestram
265 787 422 812 satietatem.
449 787 506 812 Non
521 786 646 812 versabor
660 786 686 812 in
701 794 755 812 uno
768 794 864 821 genere

70 824 173 850 diutius
187 829 213 850 et
226 824 260 850 ita
273 828 357 850 cetera
371 823 404 850 de
417 824 533 850 oratione
547 832 605 849 inea
620 822 719 853 tollam,
736 827 766 848 ut
777 827 863 848 tamen

70 862 97 888 in
111 870 205 888 caussa
219 860 379 895 relinquam.
413 860 535 887 Audietis
549 860 794 896 Agrigentinorum,
812 859 864 886 sor-

70 899 236 925 tissimorum
250 899 369 924 virorum
381 897 711 932 diligentissimorumque,
728 898 864 932 querimo-
885 928 886 931 Ἰ

70 936 141 962 nias:
163 936 340 971 cognoscetis,
361 935 476 965 iudices,
497 935 706 965 Entellinorum,
723 935 863 961 hominum

69 973 169 999 summi
185 972 282 999 laboris
296 981 471 1007 summaeque
485 972 640 1003 industriae,
657 972 775 998 dolorem
787 977 812 998 et
822 972 864 998 in-

68 1010 166 1037 iurias:
181 1009 402 1040 Heracliensium,
419 1009 588 1040 Gelensium,
605 1009 807 1036 Soluntinorum
823 1010 865 1035 in-

68 1047 206 1074 commoda
221 1047 399 1082 proferentur:
421 1046 617 1078 Catinensium,
639 1046 864 1082 locupletissimo-

69 1093 130 1112 rum
144 1085 283 1111 hominum
298 1085 589 1119 amicissimorumque,
610 1093 686 1120 agros
706 1089 813 1110 vexatos
831 1084 864 1110 ab

68 1122 186 1157 Apronio
206 1122 386 1157 cognoscetis:
420 1121 638 1157 Tyndaritanam,
668 1122 863 1148 nobilissimam

69 1160 218 1191 civitatem,
235 1159 478 1194 Cephaleditanam,
495 1159 675 1190 Haluntinam,
692 1159 865 1194 Apollonien-

69 1205 135 1228 sem,
151 1197 311 1232 Enguinam,
328 1196 485 1231 Capitinam,
502 1197 618 1231 perditas
633 1205 691 1222 esse
706 1196 865 1231 haciniqui—

69 1238 121 1261 tate
134 1234 308 1261 decumarum
322 1233 490 1269 intelligetis:
507 1234 658 1265 Inensibus,
675 1234 862 1269 Murgentinis,

69 1272 217 1303 Assoi-inis,
238 1271 366 1303 Elorinis,
387 1272 491 1302 Ietinis,
513 1271 579 1297 nihil
598 1272 707 1298 omnino
726 1271 862 1297 relictum:

70 1309 214 1340 Citarinos,
234 1309 393 1340 Acherinos,
414 1317 555 1343 parvarum
574 1309 711 1335 civitatum
731 1309 862 1339 homines,

69 1347 178 1373 omnino
200 1346 316 1373 abiectos
339 1355 398 1372 esse
421 1355 450 1372 ac
471 1346 602 1380 perditos:
629 1354 722 1372 omnes
749 1346 864 1381 denique

69 1392 147 1419 agros
165 1383 327 1410 decumanos
346 1392 393 1418 per
411 1384 555 1410 triennium
574 1383 673 1418 populo
691 1383 808 1409 Romano
831 1392 865 1409 ex

69 1425 142 1456 parte
165 1421 276 1448 decuma
299 1421 329 1448 C.
348 1421 422 1447 Verri
446 1429 479 1446 ex
501 1421 573 1446 omni
597 1420 700 1455 reliquo
722 1420 864 1455 vectigales

69 1458 168 1485 fuisse:
192 1463 218 1484 et
236 1458 372 1493 plerisque
390 1457 538 1484 aratoribus
557 1457 624 1483 nihil
642 1458 752 1484 omnino
769 1466 861 1492 super-

69 1495 167 1528 fuisse;
188 1496 211 1521 si
225 1496 268 1522 cui
284 1495 350 1530 quid
364 1499 409 1521 aut
423 1494 545 1521 relictum
560 1499 605 1521 aut
619 1495 762 1521 remissum
777 1496 820 1525 sit,
837 1495 864 1521 id

68 1532 153 1559 fuisse
172 1537 288 1563 tantum,
313 1537 443 1567 quantum
462 1540 496 1558 ex
513 1541 557 1563 eo,
583 1541 637 1567 quo
654 1533 733 1558 istius
756 1532 864 1558 avaritia

68 1574 189 1597 contenta
204 1569 263 1600 fuit,
279 1569 443 1596 redundarit.

124 1607 215 1634 XLIV.
233 1608 290 1633 ⁴04.
315 1607 433 1633 Duarum
448 1606 514 1632 mihi
529 1606 667 1633 civitatum
682 1605 800 1642 reliquos
815 1605 864 1632 feci

68 1652 155 1680 agros,
171 1644 283 1675 iudices,
300 1643 354 1670 fere
368 1645 482 1679 optimos
496 1652 526 1670 ac
540 1643 733 1672 nobilissimos,
749 1644 865 1670 Aetnen-

68 1690 125 1708 sem
142 1686 169 1708 et
181 1682 348 1708 Leontinum.
388 1682 486 1708 Horum
505 1689 555 1717 ego
572 1690 695 1717 agrorum
715 1681 811 1707 missos
826 1680 864 1707 fa-

68 1719 137 1746 ciam
156 1724 284 1754 quaestus
304 1719 424 1746 triennii:
451 1727 537 1745 unum
555 1727 655 1745 annum
674 1718 786 1754 eligam,
810 1727 865 1753 quo

69 1755 176 1783 facilius
189 1756 226 1787 id,
242 1756 314 1791 quod
328 1757 442 1787 institui,
458 1756 591 1791 explicare
605 1756 717 1791 possim.
752 1755 862 1782 Sumam

69 1802 169 1820 annum
185 1794 305 1825 tertium,
325 1793 398 1828 quod
416 1797 442 1820 et
459 1794 661 1820 recentissimus
675 1798 715 1819 est
727 1797 753 1819 et
766 1793 799 1819 ab
814 1794 864 1819 isto

68 1831 104 1857 ita
118 1831 334 1862 administratus,
350 1835 393 1862 ut,
409 1839 494 1866 quum
509 1839 537 1857 se
551 1835 620 1857 certe
634 1831 808 1857 decessurum
823 1831 864 1856 vi-

69 1867 155 1900 deret,
182 1877 233 1895 non
253 1868 393 1899 laboraret,
418 1869 442 1895 si
460 1873 588 1894 aratorem
605 1869 633 1895 in
648 1868 739 1895 Sicilia
758 1867 863 1894 nullum

69 1906 177 1932 omnino
190 1910 261 1932 esset
279 1905 431 1932 relicturus.
471 1906 534 1940 Agri
547 1905 689 1932 Aetnensis
703 1910 729 1932 et
743 1905 863 1932 Leontini

69 1942 196 1969 decumas
222 1952 342 1979 agemus.
388 1942 535 1974 Attendite,
563 1942 679 1974 iudices,
709 1942 861 1978 diligenter.

69 1979 133 2016 Agri
152 1984 216 2007 sunt
233 1980 345 2007 feraces:
366 1989 453 2006 annus
471 1980 579 2006 tertius:
599 1980 765 2007 decumanus
778 1980 864 2014 Apro-

69 2017 142 2044 nius.
184 2019 241 2044 ⁴05.
261 2018 297 2044 De
310 2017 489 2044 Aetnensibus
504 2026 634 2052 perpauca
648 2017 744 2044 dicam.
784 2017 865 2044 Dixe-

70 2058 133 2081 runt
149 2054 221 2081 enim
240 2055 292 2089 ipsi
312 2055 398 2089 priore
413 2055 513 2081 actione
527 2054 644 2089 publice.
686 2055 810 2081 Memoria
825 2059 864 2081 te-

70 2091 147 2122 netis,
163 2091 361 2118 Artemidorum
374 2091 547 2122 Aetnensem,
565 2091 703 2128 legationis
717 2092 776 2118 eius
790 2092 864 2126 prin—

69 2129 170 2163 cipem,
195 2129 304 2164 publice
325 2129 426 2159 dicere,
452 2129 599 2163 Apronium
623 2130 729 2156 venisse
752 2129 862 2156 Aetnam

69 2174 131 2193 cum
146 2166 280 2193 Veneriis:
301 2174 409 2193 vocasse
423 2166 456 2192 ad
470 2175 498 2192 se
513 2167 712 2202 magistratum:
734 2167 864 2202 imperas-

69 2211 112 2234 se,
128 2207 158 2230 ut
171 2203 198 2230 in
213 2203 270 2230 foro
282 2204 335 2230 sihi
349 2203 437 2230 medio
452 2203 510 2230 lecti
525 2208 718 2230 sternerentur:
743 2204 863 2239 quotidie
884 2216 886 2234 2

69 2240 178 2268 solitum
192 2249 252 2268 esse
266 2249 317 2268 non
332 2240 410 2268 modo
423 2241 450 2267 in
470 2240 591 2275 publico,
611 2241 658 2267 sed
673 2242 751 2267 etiam
766 2241 798 2268 de
812 2250 863 2277 pu·
885 2259 886 2267 η

69 2277 139 2304 blico
153 2278 302 2309 convivari3
319 2286 404 2313 quum
418 2278 445 2304 in
460 2278 498 2304 eis
509 2278 640 2305 conviviis
650 2279 809 2314 symphonia
819 2288 864 2305 ea-

70 2319 156 2346 neret,
185 2315 365 2350 maximisque
392 2314 496 2350 poculis
519 2316 726 2347 ministraretur,
751 2317 863 2343 retinere
885 2328 886 2332 =

70 2351 179 2379 solitum
192 2361 252 2380 esse
265 2357 393 2380 aratores:
415 2357 494 2387 atque
507 2352 541 2379 ab
555 2353 589 2379 iis
603 2361 654 2380 non
669 2353 748 2380 modo
762 2362 808 2388 per
822 2354 864 2380 in-
885 2354 886 2382 Ξ

70 2389 180 2421 iuriam,
200 2390 247 2416 sed
266 2391 344 2417 etiam
364 2398 411 2425 per
428 2389 617 2416 contumeliam
632 2394 733 2417 tantum
748 2391 862 2426 exprimi
885 2399 886 2402 ¹

70 2425 210 2459 frumenti,
225 2432 358 2470 quantum
371 2427 506 2462 Apronius
520 2427 686 2462 imperasset.
727 2429 784 2454 ⁴06.
808 2428 864 2455 Au-
885 2456 886 2462 ,

70 2463 148 2491 distis
166 2464 244 2496 haec,
263 2464 379 2496 iudices,
399 2473 468 2500 quae
482 2473 553 2491 nunc
567 2473 615 2500 ego
627 2465 715 2491 omnia
730 2470 864 2500 praetereo

70 2505 96 2528 et
109 2501 240 2537 relinquo.

70 2537 103 2565 de
117 2539 271 2571 insolentia,
292 2539 359 2566 nihil
378 2539 411 2566 de
425 2539 556 2575 singulari
572 2539 690 2574 nequitia
704 2548 734 2565 ac
748 2539 864 2574 turpitu-

69 2575 145 2602 dine:
173 2580 276 2603 tantum
291 2576 325 2603 de
342 2581 456 2612 quaestu
474 2585 504 2602 ac
523 2576 595 2603 lucro
609 2576 695 2602 dicam
710 2577 791 2603 unius
805 2577 863 2612 agri

70 2617 96 2639 et
109 2613 191 2640 unius
204 2614 276 2645 anni,
292 2622 347 2648 quo
361 2613 466 2640 facilius
481 2622 528 2640 vos
541 2614 720 2640 coniecturam
733 2613 767 2640 de
782 2614 864 2640 trien·
884 2633 885 2637 ,

71 2650 114 2677 nio
132 2654 158 2676 et
174 2650 208 2677 de
226 2655 277 2678 tota
292 2650 382 2678 Sicilia
397 2651 481 2678 facere
496 2651 612 2686 possitis.
653 2650 705 2677 Sed
721 2651 787 2678 mihi
801 2652 864 2678 Aet-

71 2688 195 2714 nensium
214 2687 304 2715 brevis
321 2692 362 2715 est
380 2689 458 2715 ratio:
483 2689 535 2724 ipsi
554 2689 625 2715 enim
645 2693 789 2719 venerunt,
810 2689 862 2724 ipsi
883 2717 885 2720 ,

891 377 892 380 ’
915 386 1027 402 υοιειυυ
1050 386 1248 403 AETNENSIUM.

514 415 740 441 Pnorassioses
762 424 892 440 SAT10-=¹

884 460 893 469 Μ
914 451 1030 485 galibus,
1046 451 1079 476 de
1093 452 1150 477 suis
1165 452 1322 482 aratoribus,
1338 452 1371 478 de
1384 452 1441 478 suis
1455 452 1534 478 sociis
1549 456 1628 486 atque
1641 453 1710 478 ami-

512 490 663 519 Patiemini,
690 489 806 519 iudices,
831 488 864 514 ab
885 500 886 522 g

281 2502 354 2529 Nihil
368 2502 402 2528 de
417 2502 523 2528 luxuria
537 2501 647 2536 Apronii
667 2501 772 2537 loquor,
795 2502 862 2529 nihil
884 2507 893 2529 ἡ

892 2537 893 2544 ’
914 2541 1008 2566 civitas
1022 2544 1101 2574 atque
1116 2539 1212 2575 legatio
1226 2545 1332 2574 propter
1346 2548 1403 2565 cam
1417 2548 1498 2574 quam
1513 2539 1571 2566 dixi
1585 2548 1706 2566 caussam

901 157 987 183 L113.
1009 158 1052 183 ΠΙ.
1080 157 1133 183 CA
1148 158 1178 183 P.
1210 158 1240 183 40
1261 173 1297 176 —
1320 159 1359 183 46.
1654 160 1704 185 295

915 227 1038 262 publicas
1057 227 1156 254 litteras
1174 227 1360 262 deportarunt:
1388 227 1536 254 docuerunt
1554 237 1614 259 vos,
1639 229 1706 263 quid

915 264 1004 291 lucelli
1021 264 1109 291 fecerit
1124 265 1203 291 homo
1222 274 1272 291 non
1293 264 1392 296 maluS,
1414 264 1553 291 familiaris
1568 267 1704 300 praetoris,

1099 302 1140 332 Id,
1164 311 1275 337 quaeso,
1300 311 1334 328 ex
1355 303 1475 337 ipsorum
1494 303 1645 329 testimonio
1663 312 1707 329 co-

1082 340 1170 366 Recita
1185 340 1366 366 testimonium
1381 339 1565 366 Aetnensium.
1599 340 1709 366 Tasri-

1292 377 1372 403 XLV.
1398 376 1469 409 Quid
1491 376 1548 403 ais?
1570 377 1629 408 Dic,
1653 377 1705 407 dic,

915 422 1027 448 quaeso,
1048 413 1160 445 clarius,
1181 419 1210 440 ut
1228 414 1345 448 populus
1359 415 1494 441 Romanus
1507 414 1540 440 de
1554 415 1612 440 suis
1626 414 1711 441 vecti-

914 339 1042 374 gnoscite.

915 489 953 514 cis
968 488 1068 514 audiat.
1108 498 1122 514 1.
1140 498 1310 519 naumann,
1331 499 1374 515 a-s
1387 498 1410 515 1..
1450 488 1499 515 Per
1517 488 1580 515 deos
1598 489 1707 516 immor-

916 524 994 551 tales!
1021 534 1092 551 unus
1111 534 1172 561 ager
1186 535 1238 551 uno
1253 535 1322 552 anno
1335 534 1382 552 ccc
1397 525 1481 552 millia
1496 526 1615 552 modifim
1630 526 1710 553 tritici

915 567 940 588 et
959 567 1090 596 praeterea
1104 562 1160 589 u-S
1174 571 1190 587 L
1205 563 1271 589 lucri
1286 563 1330 589 dat
1343 563 1472 598 Apronio!
1493 564 1609 590 Tantone
1622 564 1707 590 mino-

916 600 952 625 ris
966 599 1094 625 decumae
1108 600 1256 629 venierunt,
1273 609 1353 635 quam
1369 600 1489 632 fuerunt;
1510 610 1552 632 an,
1568 609 1653 636 quum
1667 609 1707 627 sa-

916 637 950 662 tis
965 645 1060 672 magno
1075 637 1224 668 venissent,
1246 637 1288 663 hic
1308 642 1396 663 tantus
1415 643 1502 664 tamen
1522 637 1648 664 frumenti
1663 646 1706 673 pe-

916 674 1064 708 cuniaeque
1087 683 1216 700 numerus
1239 674 1272 700 ab
1294 675 1442 701 aratoribus
1466 684 1513 709 per
1531 676 1585 701 vim
1605 675 1709 702 ablatus

916 710 973 736 est‘?
995 711 1088 737 Utrum
1107 712 1178 737 enim
1193 711 1287 737 horum
1303 711 1417 742 dixeris,
1438 713 1464 738 in
1484 721 1514 738 eo
1527 712 1605 747 culpa
1619 717 1644 738 et
1657 713 1709 739 cri-

916 757 977 774 men
996 748 1123 774 haerebit.
1166 749 1223 774 ⁴07.
1245 749 1311 774 Nam
1330 749 1398 775 illud
1416 749 1526 783 quidem
1550 758 1602 776 non
1625 750 1707 779 dices,

915 785 988 820 quod
1004 786 1105 811 utinam
1119 785 1201 816 dicas,
1218 785 1250 811 ad
1260 786 1408 820 Apronium
1423 795 1474 812 non
1489 788 1642 821 pervenisse
1653 792 1709 813 tan-

916 827 983 848 tum.
1024 823 1060 848 lta
1085 827 1109 849 te
1128 832 1179 849 non
1199 823 1278 849 modo
1295 823 1411 857 publicis
1429 824 1536 855 tenebo,
1561 824 1608 850 sed
1630 825 1709 850 etiam

916 860 1027 894 privatis
1041 865 1172 886 aratorum
1188 861 1355 895 pactionibus
1369 869 1398 887 ac
1413 860 1520 887 litteris:
1537 865 1566 887 ut
1576 861 1709 897 intelligas

917 906 967 923 non
983 902 1007 923 te
1020 897 1217 932 diligentiorem
1232 898 1259 924 in
1274 897 1402 924 faciendis
1418 897 1496 924 furtis
1511 897 1607 929 fuisse,
1628 907 1708 933 quam

916 943 958 961 me
973 935 999 960 in
1014 934 1257 969 deprehendendis.
1291 936 1344 961 Hoc
1359 940 1385 961 tu
1402 935 1488 962 feres‘.>
1502 935 1551 962 hoc
1564 936 1709 971 quisquam

916 971 1058 998 desendet?
1084 972 1132 998 hoc
1152 972 1192 1003 hi,
1212 973 1236 999 si
1255 972 1330 998 aliter
1347 973 1380 999 de
1400 977 1424 999 te
1438 977 1552 999 statuere
1567 973 1707 999 voluerint.

916 1009 1106 1035 sustinebunt?
1131 1010 1189 1036 Uno
1207 1009 1336 1039 adventu,
1361 1019 1394 1036 ex
1412 1019 1465 1037 uno
1479 1019 1554 1046 agro,
1579 1010 1610 1042 Q.
1626 1011 1710 1045 Apro—

917 1047 1006 1078 nium,
1027 1052 1130 1081 praeter
1143 1056 1214 1078 eam,
1235 1056 1315 1081 quam
1335 1047 1405 1078 dixi,
1426 1048 1567 1082 pecuniam
1587 1057 1710 1074 numera·

916 1089 983 1115 tam,
1008 1093 1056 1110 ccc
1075 1084 1159 1110 millia
1178 1084 1298 1111 medinm
1317 1085 1396 1111 tritici
1417 1084 1483 1111 lucri
1498 1086 1605 1111 nomine
1618 1090 1711 1111 sustu-

917 1121 998 1147 lisse‘?
1032 1123 1086 1147 ⁴08.
1102 1121 1191 1153 Quid?
1212 1122 1261 1148 hoc
1275 1122 1422 1149 Aetnenses
1436 1122 1486 1149 soli
1500 1122 1610 1149 dicunt?
1628 1123 1711 1148 immo

915 1159 994 1185 etiam
1013 1159 1194 1194 Centuripini,
1220 1160 1267 1194 qui
1286 1160 1342 1195 agri
1360 1160 1501 1186 Aetnensis
1519 1159 1604 1186 multo
1625 1161 1712 1186 maxi·

917 1205 987 1222 mam
1006 1201 1108 1231 partem
1126 1197 1279 1231 possident:
1299 1206 1414 1232 quorum
1430 1197 1533 1233 legatis,
1554 1197 1710 1224 hominibus

917 1234 1103 1265 nobilissimis,
1119 1234 1238 1261 Androni
1252 1239 1278 1260 et
1287 1235 1452 1265 Arthemoni,
1469 1239 1578 1261 senatus
1592 1243 1621 1261 ea
1636 1244 1711 1261 man-

916 1271 975 1298 data
990 1271 1075 1302 dedit,
1096 1280 1164 1306 quae
1180 1271 1286 1306 publice
1300 1272 1332 1298 ad
1346 1272 1480 1298 civitatem
1495 1272 1615 1307 ipsorum
1630 1273 1711 1307 perti-

917 1309 1027 1335 nebant:
1044 1308 1076 1334 de
1088 1309 1120 1334 iis
1135 1309 1250 1340 iniuriis,
1266 1318 1334 1344 quas
1347 1310 1420 1336 cives
1435 1310 1601 1344 Centuripini
1617 1318 1667 1336 non
1683 1310 1710 1336 in

916 1346 988 1376 suis,
1009 1346 1056 1372 sed
1075 1347 1101 1372 in
1121 1346 1234 1372 aliorum
1253 1346 1352 1373 tinibus
1371 1352 1542 1381 acceperunt,
1563 1351 1671 1373 senatus
1685 1352 1711 1373 et

917 1383 1034 1418 populus
1056 1383 1248 1418 Centuripinus
1276 1384 1374 1419 legatos
1401 1384 1486 1410 noluit
1512 1384 1628 1410 mittere:
1658 1385 1710 1419 ipsi

917 1425 1030 1446 aratores
1045 1420 1226 1455 Centuripini,
1246 1422 1293 1456 qui
1311 1430 1439 1447 numerus
1453 1426 1493 1447 est
1507 1422 1534 1448 in
1549 1421 1639 1448 Sicilia
1655 1430 1711 1448 ma-

916 1458 1006 1484 ximus
1026 1458 1165 1484 hominum
1184 1458 1433 1485 honestissimorum
1448 1463 1474 1484 et
1487 1458 1711 1494 locupletissimo—

917 1504 989 1526 rum,
1007 1500 1058 1521 trcs
1074 1494 1186 1529 legatos,
1203 1495 1276 1522 cives
1290 1504 1366 1527 suos,
1387 1495 1555 1531 delegerunt,
1577 1501 1709 1522 uteorum

917 1533 1068 1558 testimonio
1082 1542 1132 1558 non
1153 1533 1234 1559 unius
1253 1533 1322 1567 agri,
1343 1533 1390 1559 sed
1410 1542 1490 1568 prope
1509 1534 1590 1559 totius
1604 1533 1710 1559 Siciliae

916 1569 1078 1596 calamitates
1101 1571 1305 1605 cognosceretis.
1346 1570 1426 1596 Arant
1449 1571 1520 1596 enim
1544 1575 1594 1596 tota
1619 1570 1709 1597 Sicilia

917 1606 970 1633 fere
984 1607 1165 1641 Centuripini:
1190 1612 1215 1633 et
1234 1607 1283 1634 hoc
1301 1608 1327 1633 in
1343 1612 1367 1633 te
1381 1608 1518 1643 graviores
1532 1608 1710 1643 certioresque

917 1648 996 1670 testes
1010 1648 1085 1674 sunt,
1101 1644 1174 1679 quod
1188 1649 1288 1671 ceterae
1302 1645 1422 1671 civitates
1435 1645 1493 1670 suis
1507 1645 1594 1671 solum
1610 1645 1711 1671 incom-

917 1681 1002 1707 modis
1017 1686 1232 1708 commoventur:
1261 1682 1442 1716 Centuripini,
1463 1682 1534 1717 quod
1549 1683 1575 1708 in
1589 1683 1709 1709 omnium

916 1718 970 1745 fere
985 1719 1084 1745 tinibus
1098 1719 1282 1753 possessiones
1298 1719 1403 1749 habent,
1419 1724 1498 1745 etiam
1512 1724 1658 1746 ceterarum
1673 1720 1710 1746 ci-

918 1757 1027 1782 vitatum
1042 1756 1138 1782 damna
1153 1765 1182 1783 ac
1195 1757 1352 1783 detrimenta
1368 1761 1518 1783 senserunt.

971 1793 1062 1819 XLVI.
1085 1795 1142 1820 ⁴09.
1164 1794 1275 1824 Verum,
1297 1798 1325 1820 ut
1343 1793 1413 1823 dixi.
1434 1795 1500 1820 ratio
1512 1798 1581 1820 certa
1596 1799 1636 1821 est
1650 1794 1710 1820 Aet·

916 1831 1054 1861 nensium,
1080 1835 1105 1857 et
1124 1831 1240 1866 publicis
1258 1836 1284 1857 et
1303 1831 1413 1866 privatis
1433 1831 1527 1858 litteris
1545 1832 1708 1867 consignata.

915 1868 988 1895 Meae
1006 1868 1160 1904 diligentiae
1180 1877 1293 1903 pensum
1313 1869 1398 1904 magis
1413 1869 1440 1895 in
1456 1869 1583 1895 Leontino
1596 1877 1658 1904 agro
1671 1874 1710 1895 est

915 1905 1079 1941 exigendum
1094 1910 1201 1941 propter
1215 1906 1282 1932 hanc
1295 1915 1427 1938 caussam,
1443 1906 1516 1941 quod
1527 1906 1579 1941 ipsi
1591 1907 1709 1932 Leontini

916 1943 1024 1978 publice
1047 1952 1098 1970 non
1121 1952 1184 1970 sane
1207 1952 1249 1970 me
1274 1943 1388 1970 multum
1408 1943 1578 1970 adiuverunt.
1619 1943 1711 1978 Neque

915 1981 986 2007 enim
1010 1989 1055 2007 eos
1078 1981 1130 2007 isto
1152 1985 1272 2016 praetore
1294 1981 1342 2007 hae
1365 1981 1573 2007 decumanorum
1600 1981 1710 2007 iniuriae

917 2017 1064 2051 laeserunt3
1082 2019 1170 2053 potius
1185 2019 1274 2049 etiam,
1291 2018 1402 2049 iudices,
1419 2018 1590 2045 adiuverunt.
1613 2018 1709 2044 Mirum

915 2055 1027 2082 fortasse
1041 2055 1090 2082 hoc
1105 2056 1181 2082 vobis
1196 2060 1241 2082 aut
1259 2055 1416 2082 incredibile
1430 2056 1565 2085 videatur.
1586 2056 1612 2082 in
1633 2056 1710 2082 tantis

915 2097 1047 2119 aratorum
1072 2093 1248 2120 incommodis
1266 2093 1421 2124 Leontinos,
1445 2093 1493 2128 qui
1517 2094 1650 2128 principes
1674 2094 1709 2119 rei

916 2129 1103 2157 frumentariae
1117 2130 1228 2161 fuerint,
1248 2135 1370 2165 expertes
1389 2130 1617 2157 incommodorum
1632 2135 1710 2165 atquc

915 2167 1074 2194 iniuriarum
1091 2167 1183 2194 fuisse.
1215 2168 1267 2194 lloc.
1281 2176 1390 2194 caussae
1405 2172 1452 2199 est,
1469 2168 1581 2196 iudices.
1597 2167 1668 2202 quod
1684 2168 1709 2193 in

915 2213 977 2240 agro
988 2205 1115 2232 Leontino
1129 2209 1232 2239 praeter
1247 2214 1325 2231 unani
1338 2205 1498 2231 Mnasistrati
1511 2204 1638 2230 familiam
1653 2204 1709 2239 gle-

915 2242 975 2268 bam
991 2243 1179 2269 Leontinorum
1195 2242 1314 2277 possidet
1328 2251 1413 2269 nemo.
1453 2243 1543 2276 ltaque
1558 2242 1710 2268 Mnasistra-

915 2280 948 2310 ti,
973 2279 1090 2306 hominis
1110 2279 1293 2306 honestissimi
1311 2283 1390 2314 atque
1409 2280 1502 2314 optimi
1523 2279 1571 2304 viri
1592 2279 1710 2305 testimo-

916 2317 1004 2347 nium,
1025 2316 1142 2348 iudices,
1162 2316 1290 2343 audistis:
1315 2322 1416 2342 ceteros
1431 2317 1584 2345 Leontinos,
1608 2316 1709 2351 quilius

916 2363 966 2380 non
982 2353 1060 2380 modo
1073 2354 1209 2388 Apronius
1222 2354 1249 2380 in
1264 2354 1348 2389 agriS,
1368 2353 1415 2379 scd
1435 2362 1466 2379 ne
1487 2358 1628 2387 tempestas
1648 2354 1709 2388 qui-

914 2391 975 2417 dem
995 2390 1048 2417 ulla
1069 2400 1162 2417 nocere
1180 2391 1278 2426 potuit,
1302 2395 1454 2425 exspectare
1474 2390 1562 2416 nolite.
1605 2390 1708 2416 Etenim

915 2437 967 2455 non
986 2427 1065 2455 modo
1083 2428 1243 2454 incommodi
1263 2427 1329 2454 nihil
1349 2432 1489 2462 ceperunt:
1514 2427 1560 2453 scd
1579 2427 1657 2454 etiam
1682 2428 1708 2454 in

914 2466 1073 2500 Apronianis
1092 2465 1146 2492 illis
1165 2466 1266 2500 rapinis
1285 2465 1310 2491 in
1329 2469 1442 2500 quaestu
1461 2470 1525 2491 sunt
1537 2464 1708 2499 compendio—

914 2512 967 2538 que
982 2502 1088 2529 versati.
1121 2504 1178 2529 ΗΟ.
1193 2502 1368 2537 Quapropter,
1383 2502 1510 2537 quoniam
1526 2511 1568 2528 mc
1583 2502 1707 2529 Leontina

913 2577 1024 2603 defecit:
1045 2577 1168 2603 mihimet
1181 2577 1296 2603 ineunda
1311 2577 1376 2603 ratio
1389 2581 1415 2603 et
1429 2577 1470 2603 via
1485 2577 1643 2611 reperiunda
1657 2583 1705 2607 est,

913 2623 966 2649 qua
981 2614 1012 2640 ad
1026 2614 1137 2649 Apronii
1155 2619 1312 2649 quaestum,
1331 2614 1389 2640 sive
1407 2613 1486 2645 adeo,
1505 2623 1559 2649 qua
1577 2614 1609 2640 nd
1629 2615 1707 2641 istius

914 2652 1048 2687 ingentem
1069 2652 1267 2686 immanemque
1285 2651 1410 2686 praedam
1435 2651 1535 2686 pmwim
1559 2652 1705 2686 pervenire.

915 2689 978 2724 Agri
998 2689 1118 2715 Leontini
1137 2689 1266 2716 decumae
1284 2697 1353 2715 anno
1372 2689 1448 2715 tertio
1467 2689 1605 2715 venierunt
1629 2690 1705 2716 tritici
