1941 3052
8 2981 24 3052 pm»

476 133 529 158 DE
563 131 791 159 ORATORE
825 133 911 159 LIB.

75 206 107 231 ab
126 204 221 230 iisdem
239 204 272 230 de
289 203 399 233 iustitia,
416 202 449 229 de
462 202 557 234 officio,
574 203 606 229 de
619 203 773 230 civitatibus
787 204 865 229 insti—

76 242 180 269 tuendis
198 245 223 267 et
241 241 372 276 regendis,
389 240 422 266 de
435 241 508 266 omni
522 240 640 271 vivendi,
656 241 771 275 denique
785 242 864 267 etiam

74 280 106 306 de
120 284 228 305 naturae
243 279 341 305 ratione
355 278 490 304 dicuntur.
515 279 572 304 ⁴⁶23.
585 278 657 310 Quae
671 278 797 313 quoniam
812 279 864 304 iam

74 316 181 342 aliunde
204 325 255 342 non
280 324 433 350 possumus,
458 315 588 341 sumenda
608 320 672 341 sunt
689 316 766 341 nobis
784 315 817 341 ab
831 316 865 341 iis

74 355 148 389 ipsis.
173 362 186 379 a
210 353 311 388 quihus
333 352 442 387 expilati
466 361 574 385 sumus;
597 352 742 379 dummodo
764 352 810 378 illa
833 352 865 378 ad

74 391 141 418 hano
154 391 261 417 civilem
279 391 426 421 scientiam,
447 398 501 425 quo
518 390 659 424 pertinent,
682 394 707 415 et
724 398 805 424 quam
824 390 866 415 in-

73 433 189 458 tuentur,
207 427 411 460 transseramus3
434 436 529 462 neque,
550 432 579 453 ut
596 432 655 453 ante
673 427 739 458 dixi,
759 435 865 452 omnem

74 471 189 492 teramus
212 465 240 491 in
264 465 305 491 his
323 464 459 491 discendis
477 465 557 490 rebus
571 469 695 496 aetatem,
719 464 766 490 sed
780 472 865 498 quum

74 503 159 529 fontes
183 502 340 533 viderimus,
364 511 432 537 quos
456 502 507 528 nisi
529 502 575 536 qui
599 501 719 527 celeriter
736 501 862 536 cognorit,

73 549 221 575 numquam
244 544 384 575 cognoscet
406 539 522 569 omnino,
547 543 617 569 tum,
643 539 866 573 quotiescumque

73 586 140 613 opus
159 577 216 608 erit,
238 585 271 603 ex
285 578 318 603 iis
333 581 444 607 tantum,
461 580 592 611 quantum
606 584 648 601 res
664 580 742 610 petet,
759 575 866 601 haurie-

74 624 144 641 mus.
169 615 225 641 ⁴24.
246 615 312 641 Nam
327 623 414 649 neque
429 618 482 640 tam
496 618 536 639 est
550 613 617 639 acris
631 613 700 639 acies
715 613 742 638 in
763 613 865 638 naturis

73 652 213 679 hominum
236 656 261 678 et
279 652 403 687 ingeniis,
428 655 458 676 ut
480 659 522 676 res
540 654 624 676 tantas
643 650 796 685 quisquam,
814 650 865 675 nisi

72 694 238 721 monstratas,
252 690 336 724 possit
347 688 450 719 videre,
467 696 553 722 neque
564 691 633 713 tanta
645 692 732 713 tamen
746 687 773 713 in
785 687 865 713 rebus

72 727 228 758 obscuritas,
245 731 274 753 ut
288 735 331 752 eas
345 734 397 752 non
411 725 518 759 penitus
533 725 584 750 acri
597 725 638 750 vir
648 725 755 760 ingenio
765 728 862 755 cernat,

72 764 94 790 si
114 764 192 790 modo
209 764 351 798 aspexerit.
388 763 416 788 In
437 762 486 788 hoc
502 762 584 797 igitur
598 766 668 788 tanto
683 766 735 788 tam
751 762 865 787 immen—

71 809 155 835 soque
168 809 261 835 campo
275 809 360 835 quum
375 799 451 826 liceat
464 800 559 826 oratori
573 800 662 834 vagari
678 799 759 825 libere
773 803 861 833 atque,

71 838 236 873 ubicumque
254 838 409 868 constiterit,
430 838 574 863 consistere
588 837 615 862 in
629 845 686 867 suo,
708 836 784 862 facile
798 845 865 870 sup-

71 875 171 910 peditat
183 876 270 902 omnis
285 879 427 910 apparatus
440 879 603 909 ornatusque
614 874 730 900 dicendi.
748 875 804 900 ⁴25.
814 874 864 900 Re—

71 921 131 939 rum
149 914 221 939 enim
240 913 315 947 copia
333 912 476 938 verborum
495 912 597 946 copiam
616 912 714 947 gignit,
737 916 771 942 et,
787 911 809 937 si
824 915 864 937 cst

71 950 195 977 honestas
209 950 236 976 in
250 950 331 976 rebus
344 950 421 985 ipsis,
438 949 471 975 de
484 949 585 984 quibus
596 949 702 979 dicitur,
716 949 820 975 exsistit
830 957 863 974 ex

71 996 98 1013 re
112 987 240 1014 naturalis
254 987 364 1022 quidam
379 986 504 1022 splendor
518 987 545 1012 in
560 987 659 1012 verbis.
682 986 722 1012 Sit
735 986 813 1012 modo
827 986 859 1014 is.

71 1025 118 1059 qui
131 1024 201 1051 dicet
215 1029 260 1051 aut
273 1025 379 1055 scribet,
395 1025 535 1050 institutus
551 1024 694 1050 liberaliter
707 1023 863 1049 educatione

70 1062 242 1097 doctrinaque
256 1062 361 1097 puerili,
378 1066 403 1088 et
416 1061 508 1097 flagret
521 1061 610 1087 studio
624 1065 649 1087 et
659 1070 672 1087 a
683 1065 774 1087 natura
787 1061 864 1087 adiu-

70 1103 147 1125 vetur
164 1104 189 1126 et
206 1101 233 1126 in
253 1100 439 1126 universorum
458 1107 585 1134 generum
604 1098 716 1125 infinitis
730 1098 864 1133 discepta-

69 1137 187 1163 tionibus
206 1138 364 1163 exercitatus
382 1137 565 1163 ornatissimos
579 1137 720 1171 scriptores
734 1140 864 1162 oratores-

69 1182 122 1208 que
140 1174 173 1200 ad
190 1174 405 1210 cognoscendum
426 1173 641 1208 imitandumque
663 1174 790 1209 cognorit,
815 1182 863 1199 nae

70 1211 114 1237 ille
137 1212 208 1238 haud
232 1221 304 1243 sane,
325 1211 552 1246 quemadmodum
567 1211 646 1237 verba
663 1215 748 1237 struat
761 1215 786 1237 et
799 1210 863 1236 illu-

69 1249 160 1280 miuet,
182 1258 195 1275 a
214 1250 348 1285 magistris
362 1250 421 1275 istis
435 1249 560 1284 requiret.
590 1249 627 1275 Ita
642 1248 718 1274 facile
732 1249 759 1274 in
773 1257 862 1274 rerum

69 1286 230 1313 abundantia
249 1287 282 1313 ad
297 1287 422 1313 orationis
436 1290 589 1312 ornamenta
605 1286 662 1312 sine
676 1285 753 1316 duce,
770 1290 862 1312 natura

69 1324 136 1358 ipsa,
153 1324 175 1350 si
191 1323 268 1350 modo
282 1328 321 1350 est
335 1324 484 1354 exercitata,
503 1323 614 1349 labetur.

123 1361 235 1387 XXXII.
253 1363 309 1387 426.
325 1362 373 1387 Hic
387 1361 506 1392 Catulus,
522 1361 563 1387 Dii
577 1360 749 1390 immortales,
762 1361 859 1395 inquit,

69 1403 194 1433 quantam
218 1407 306 1425 rerum
330 1400 492 1429 varietatem,
512 1402 638 1433 quantam
654 1398 718 1428 vini,
735 1402 862 1432 quantam

68 1436 181 1470 copiam,
199 1436 300 1467 Crasse,
317 1435 475 1470 complexus
490 1444 527 1467 es,
549 1435 711 1470 quantisque
730 1444 763 1461 cx
777 1443 863 1470 angu-

70 1473 129 1499 stiis
152 1477 281 1500 oratorem
305 1473 417 1499 educere
436 1482 518 1499 ausus
532 1481 560 1499 es
575 1477 600 1499 et
613 1473 640 1499 in
655 1473 784 1499 maiorum
800 1481 863 1499 suo-

68 1519 129 1537 rum
148 1519 229 1546 regno
246 1510 387 1537 collocare!
410 1511 531 1545 Namque
550 1510 609 1536 illos
624 1515 725 1536 veteres
743 1510 862 1536 doctores

68 1551 242 1583 auctoresque
260 1547 366 1574 dicendi
385 1547 490 1573 nullum
504 1556 590 1583 genus
604 1547 792 1582 disputationis
807 1556 819 1573 a
835 1555 863 1573 se

69 1584 185 1611 alienum
200 1589 309 1620 putasse
324 1585 485 1619 accepimus,
502 1593 662 1619 semperque
675 1593 734 1611 esse
748 1585 775 1610 in
789 1585 862 1611 omni

68 1622 193 1649 orationis
207 1623 307 1649 ratione
320 1627 446 1649 versatos.
463 1623 520 1649 127.
532 1622 572 1648 Ex
586 1622 686 1657 quibus
701 1622 782 1648 Eleus
798 1622 863 1656 Hip-

69 1659 134 1694 pias,
156 1668 241 1695 quum
256 1659 409 1695 Olympiam
428 1660 554 1690 venisset,
579 1660 696 1685 maxima
714 1659 759 1685 illa
782 1660 864 1694 quin-

68 1696 195 1732 quennali
218 1697 368 1723 celebritate
392 1697 515 1723 ludorum
542 1696 671 1732 gloriatus
694 1701 747 1728 est,
767 1701 863 1723 cuncta

69 1742 150 1769 paene
164 1734 288 1761 audiente
302 1735 420 1765 Graecia,
441 1734 508 1760 nihil
523 1743 581 1760 esse
595 1734 650 1760 ulla
663 1735 691 1760 in
705 1738 759 1760 arte
773 1742 862 1760 rerum

68 1772 196 1803 omnium,
222 1772 295 1807 quod
316 1772 374 1807 ipse
395 1772 520 1805 nesciret,
544 1780 591 1798 nec
609 1771 697 1798 solum
716 1771 764 1798 has
782 1776 859 1803 artes,

68 1809 167 1844 quibus
187 1809 310 1836 liberales
333 1809 466 1836 doctrinae
488 1813 568 1844 atque
590 1810 722 1845 ingenuae
744 1809 863 1835 contine-

68 1850 166 1878 rentur,
178 1847 360 1883 geomctriam,
373 1847 512 1878 musicam,
527 1846 673 1873 litterarum
683 1846 861 1882 cognitionem

68 1887 93 1909 et
106 1888 252 1918 poetarum,
270 1888 348 1919 atque
362 1884 416 1915 illa,
433 1892 502 1919 quae
516 1884 549 1910 de
563 1884 664 1910 naturis
679 1893 776 1915 rerum,
792 1892 861 1919 quae

68 1919 99 1947 de
113 1921 253 1948 hominum
269 1922 397 1953 moribus,
406 1930 474 1956 quae
488 1921 521 1947 de
531 1921 729 1955 rebuspublicis
741 1921 862 1947 diceren—

68 1961 123 1991 tur,
148 1958 195 1985 sed
209 1959 349 1990 annulum,
365 1968 446 1994 quem
461 1959 577 1989 haberet,
594 1958 715 1993 pallium,
730 1967 784 1993 quo
794 1959 862 1984 ami-

67 1999 134 2026 ctus,
160 2004 258 2027 soccos,
285 1997 386 2031 quibus
410 1996 521 2022 indutus
544 2000 626 2027 essct,
652 2004 681 2021 se
704 2004 753 2021 sua
779 2005 861 2022 manu

67 2032 222 2059 confecisse.
255 2035 311 2060 128.
337 2033 443 2060 Scilicet
462 2034 542 2059 nimis
561 2033 604 2059 hic
621 2033 731 2068 quidem
746 2037 786 2059 cst
801 2042 862 2068 pro-

67 2077 184 2105 gressus,
201 2071 248 2097 sed
262 2080 294 2097 cx
306 2079 336 2097 eo
346 2072 405 2105 ipso
415 2074 455 2096 est
465 2071 615 2096 coniectura
626 2070 720 2101 facilis.
729 2075 860 2106 quantum

68 2107 119 2134 sibi
134 2107 171 2134 illi
186 2108 238 2143 ipsi
252 2112 368 2134 oratores
382 2108 415 2134 de
429 2107 649 2142 praeclarissimis
663 2108 765 2134 artibus
779 2116 862 2142 appe-

70 2145 164 2176 tierint,
181 2146 228 2180 qui
243 2154 275 2171 ne
289 2145 450 2171 sordidiores
464 2145 573 2179 quidem
589 2144 763 2179 repudiarint.
790 2145 860 2177 Quid

69 2181 100 2209 de
113 2182 224 2209 Prodico
237 2182 306 2209 Cco‘?
330 2182 396 2217 quid
414 2182 447 2208 de
461 2182 659 2218 Thrasymacho
673 2182 858 2214 Chalcedonio,

68 2218 100 2246 de
113 2219 252 2255 Protagora
267 2220 391 2246 Abderita
407 2218 516 2254 loquar?
529 2228 644 2254 quorum
659 2228 730 2246 unus
744 2221 860 2255 quisque

69 2256 214 2292 plurimum
234 2257 400 2292 temporibus
415 2257 468 2282 illis
482 2257 560 2283 etiam
574 2257 607 2283 de
622 2261 714 2283 natura
733 2266 821 2283 rerum
836 2261 862 2283 et

68 2293 194 2321 disseruit
207 2299 232 2321 et
246 2295 362 2329 scripsit.
387 2296 443 2320 ⁴⁶29.
458 2295 516 2328 Ipse
526 2294 571 2320 ille
584 2295 728 2321 Leontinus
736 2295 857 2329 Gorgias,

68 2339 121 2366 quo
143 2335 261 2367 patrono,
288 2337 317 2358 ut
339 2332 411 2358 Plato
430 2331 523 2362 voluit,
544 2331 704 2366 philosopho
717 2332 862 2358 succubuit

68 2372 160 2401 orator,
176 2370 223 2404 qui
238 2373 284 2396 aut
297 2378 348 2396 non
363 2374 403 2395 est
417 2369 503 2395 victus
518 2377 646 2404 umquam
661 2377 675 2395 a
686 2369 800 2400 Socrate,
815 2377 862 2395 ne-

68 2413 120 2440 que
133 2414 220 2433 sermo
233 2406 278 2433 ille
291 2407 408 2433 Platonis
423 2415 503 2432 verus
517 2410 570 2438 cst,
596 2410 650 2437 aut,
670 2406 692 2432 si
708 2410 748 2433 cst
762 2407 858 2437 victus,

41 2453 44 2460 ·
68 2441 234 2478 eloquentior
251 2444 375 2470 videlicet
393 2443 445 2470 t'uit
463 2448 489 2469 ct
506 2443 629 2469 disertior
647 2443 766 2470 Socrates
780 2448 814 2475 et,
831 2448 860 2470 ut

69 2483 97 2506 tu
111 2480 238 2515 appellas,
253 2481 386 2516 copiosior
399 2485 425 2507 et
438 2480 532 2506 melior
542 2484 637 2506 orator.
660 2480 711 2507 Sed
723 2481 766 2507 hic
776 2481 802 2507 in
814 2480 861 2507 illo

68 2516 126 2551 ipso
148 2517 263 2545 Platonis
288 2519 355 2545 libro
373 2518 406 2544 de
423 2518 496 2544 omni
511 2526 546 2548 rc,
563 2526 749 2552 quaecumque
763 2518 790 2544 in
804 2517 861 2543 dis-

68 2555 241 2589 ceptationem
254 2556 492 2590 quaestionemque
507 2559 651 2585 vocaretur,
664 2563 692 2581 se
706 2555 861 2589 copiosissi-

67 2598 110 2617 me
123 2591 257 2619 dicturum
271 2601 329 2619 esse
343 2593 493 2627 profitetur3
509 2593 586 2627 isque
597 2592 721 2626 princeps
731 2600 764 2618 ex
774 2593 861 2618 omni-

68 2626 119 2654 bus
138 2637 220 2656 ausus
238 2633 279 2656 est
295 2631 323 2656 in
343 2634 475 2656 conventu
499 2638 614 2664 poscere,
630 2638 683 2664 qua
697 2629 730 2655 de
744 2637 771 2655 re
785 2630 861 2664 quis-

68 2672 120 2698 que
143 2665 223 2693 vellet
244 2667 349 2699 audire3
379 2668 422 2693 cui
447 2671 534 2693 tantus
559 2667 642 2693 honos
661 2666 769 2693 habitus
788 2671 828 2693 est
845 2675 859 2692 a

947 134 989 159 III.
1024 133 1042 159 C
1057 133 1078 160 A
1093 134 1121 159 P.
1156 135 1187 159 28
1209 149 1245 153 —
1265 135 1306 160 33.
1659 137 1704 162 ⁴27

916 204 1033 234 Graecia,
1049 203 1098 230 soli
1114 208 1142 230 ut
1155 212 1189 230 ex
1201 204 1327 230 omnibus
1341 203 1451 239 Delphis
1463 213 1514 231 non
1525 206 1642 231 inaurata
1654 212 1706 232 sta-

916 245 968 271 tua,
985 241 1032 267 sed
1047 250 1125 267 aurea
1138 245 1307 267 statueretur.
1331 243 1387 268 130.
1403 242 1490 276 Atque
1501 243 1528 273 ii,
1542 251 1610 276 quos
1621 244 1707 269 nomi-

916 279 990 309 navi,
1017 278 1151 313 multique
1173 283 1306 313 praeterea
1329 280 1428 305 summi
1455 279 1560 305 dicendi
1588 285 1706 306 auctores

918 324 970 341 uno
989 320 1106 350 tempore
1124 315 1244 348 fuerunt,
1268 324 1302 342 ex
1319 317 1420 351 quibus
1434 316 1547 352 intelligi
1562 322 1655 351 potest,
1672 319 1706 343 ita

916 361 945 378 se
963 361 1019 378 rem
1037 352 1142 382 habere.
1163 357 1193 379 ut
1210 358 1247 383 tu,
1269 353 1370 384 Crasse,
1391 353 1466 384 dicis,
1483 355 1646 389 oratorisque
1661 364 1708 380 no-

918 398 978 415 men
1001 390 1073 424 apud
1095 390 1219 425 antiquos
1242 391 1269 416 in
1288 391 1396 417 Graecia
1416 392 1513 418 maiore
1530 391 1645 426 quadam
1666 392 1706 417 vel

917 427 992 461 copia
1015 427 1056 453 vel
1080 427 1163 462 gloria
1185 427 1314 453 floruisse.
1351 430 1407 455 131,
1427 428 1484 460 Quo
1498 429 1607 463 quidem
1623 430 1707 464 magis

917 463 1019 494 dubito,
1041 464 1124 490 tibine
1144 464 1205 499 plus
1225 464 1320 496 laudis,
1337 474 1369 491 an
1384 466 1491 492 Graecis
1506 467 1707 500 vituperationis

917 509 975 526 esse
989 501 1163 527 tribuendum
1177 506 1305 534 statuam3
1329 511 1414 537 quum
1430 507 1457 529 tu
1472 503 1499 529 in
1514 503 1564 529 alia
1578 503 1668 539 lingua
1679 512 1707 529 ac

918 538 1038 564 moribus
1056 543 1134 564 natus
1152 540 1355 573 occupatissima
1374 541 1401 566 in
1415 541 1521 566 cim'tate
1535 540 1576 566 vel
1591 541 1707 575 privato-

917 584 977 601 rum
996 576 1108 611 negotiis
1127 584 1209 610 paene
1229 577 1355 603 omnibus
1374 577 1415 603 vel
1430 578 1501 603 orbis
1516 583 1598 604 terrae
1612 587 1707 612 procu-

918 613 1016 638 ratione
1040 621 1069 638 ac
1091 614 1191 639 summi
1214 614 1318 648 imperii
1341 615 1533 649 gubernatione
1559 615 1704 645 districtus,

917 654 1016 676 tantam
1035 650 1089 676 vim
1109 658 1197 676 rerum
1219 652 1452 686 cognitionemque
1474 653 1707 687 comprehenderis

916 695 1029 722 eamque
1042 695 1149 713 omnem
1163 696 1225 714 cum
1240 689 1306 719 eius,
1327 689 1374 723 qui
1388 690 1499 715 consilio
1513 694 1536 715 et
1551 691 1666 716 oratione
1680 691 1706 716 in

916 724 1022 750 civitate
1040 724 1134 755 valeat,
1154 725 1264 751 scientia
1282 730 1361 761 atque
1380 727 1565 753 exercitatione
1583 728 1704 753 sociaris:

916 761 954 787 illi
979 762 1032 787 nati
1051 762 1078 787 in
1098 761 1191 788 litteris
1210 762 1386 798 ardentesque
1401 764 1442 789 liis
1457 764 1562 795 studiis,
1579 766 1631 790 otio
1646 774 1707 790 vero

915 798 1076 829 diffluentes,
1098 808 1149 825 non
1168 800 1246 826 modo
1260 800 1326 826 nihil
1341 802 1522 835 acquisierint,
1539 802 1584 827 sed
1600 810 1631 828 ne
1646 802 1706 827 reli-

915 840 987 862 ctum
1010 836 1120 871 quidem
1143 842 1168 862 et
1189 837 1314 863 traditum
1337 843 1362 864 et
1383 847 1464 864 suum
1482 840 1704 865 conservaverint.

914 873 1038 899 XXXIII.
1054 876 1110 900 132.
1127 874 1194 900 Tum
1209 874 1330 906 Crassus,
1347 876 1404 902 Non
1420 876 1445 901 in
1461 876 1517 907 hac,
1534 876 1630 910 inquit,
1644 885 1704 905 una,

915 910 1014 942 Catule,
1036 919 1072 942 re,
1093 911 1139 937 sed
1158 912 1185 938 in
1203 911 1262 938 aliis
1281 913 1359 939 etiam
1377 913 1561 947 compluribus
1579 913 1707 939 distribu-

914 948 985 974 tione
1007 949 1123 982 partium
1142 957 1171 975 ac
1189 950 1354 984 separatione
1372 950 1571 986 magnitudines
1590 956 1652 976 sunt
1667 960 1707 976 ar-

914 986 982 1011 tium
997 986 1153 1012 diminutae.
1175 986 1216 1012 An
1230 991 1259 1013 tu
1274 988 1513 1022 existimas,quum
1528 992 1598 1014 esset
1608 989 1707 1022 Hippo-

914 1027 998 1049 crates
1016 1023 1061 1049 ille
1080 1023 1158 1054 Cous,
1179 1023 1264 1050 fuisse
1281 1029 1338 1051 tum
1354 1025 1418 1051 alios
1433 1026 1558 1056 medicos,
1575 1026 1621 1060 qui
1637 1034 1708 1051 mor-

915 1060 965 1090 bis,
982 1060 1056 1092 alios,
1075 1061 1122 1095 qui
1137 1060 1304 1092 vulneribus,
1321 1062 1395 1094 alios,
1412 1064 1459 1097 qui
1473 1063 1558 1089 oculis
1569 1063 1707 1089 mederen-

915 1097 976 1124 tur?
1001 1098 1071 1124 Num
1085 1099 1257 1133 geometriam
1271 1100 1383 1126 Euclide
1396 1105 1441 1126 aut
1454 1100 1621 1130 Archimede,
1642 1110 1706 1126 num

914 1136 1045 1161 musicam
1063 1136 1179 1162 Damone
1197 1141 1242 1162 aut
1260 1137 1425 1169 Aristoxeno,
1442 1147 1507 1164 num
1522 1139 1593 1172 ipsas
1608 1138 1707 1164 litteras

914 1172 1091 1207 Aristophane
1105 1178 1149 1199 aut
1164 1174 1325 1201 Callimacho
1339 1179 1472 1206 tractante,
1494 1180 1546 1201 tam
1561 1175 1706 1210 discerptas

914 1209 1007 1241 fuisse,
1028 1214 1058 1236 ut
1075 1219 1153 1237 nemo
1166 1220 1251 1246 genus
1266 1213 1422 1239 universum
1437 1212 1656 1247 complecteretur
1669 1218 1707 1239 at-

913 1256 966 1282 que
980 1252 1010 1274 ut
1023 1248 1092 1274 alius
1106 1248 1184 1274 aliam
1199 1249 1251 1275 sibi
1265 1254 1375 1284 partem,
1393 1251 1418 1276 in
1433 1259 1485 1285 qua
1499 1250 1652 1281 elaboraret,
1665 1259 1707 1276 se—

913 1284 1040 1320 poneret‘?
1066 1287 1122 1312 133.
1137 1286 1269 1321 Equidem
1288 1296 1367 1322 saepe
1381 1288 1430 1313 hoc
1444 1288 1535 1314 audivi
1549 1288 1581 1314 de
1596 1293 1668 1322 patre
1683 1293 1707 1314 ct

913 1322 946 1348 de
959 1331 1049 1349 socero
1064 1332 1131 1354 meo,
1148 1328 1250 1350 nostros
1264 1333 1372 1359 quoque
1383 1325 1567 1360 homines,qui
1578 1325 1707 1351 excellcre

914 1360 1059 1394 sapientiae
1082 1360 1166 1396 gloria
1188 1361 1295 1392 vellent,
1317 1363 1414 1394 omnia,
1435 1372 1504 1398 quae
1518 1363 1628 1398 quidem
1649 1368 1704 1389 tum

914 1397 978 1423 haec
991 1398 1085 1423 civitas
1099 1403 1196 1428 nosset,
1217 1399 1308 1425 solitos
1322 1408 1380 1426 esse
1394 1400 1543 1435 complecti.
1578 1401 1707 1427 Memine-

914 1439 973 1460 rant
994 1434 1034 1460 illi
1055 1435 1117 1461 Sex.
1133 1435 1252 1468 Aelium3
1276 1437 1318 1462 Μ’.
1335 1446 1396 1463 vero
1412 1438 1550 1464 Manilium
1566 1447 1613 1464 nos
1627 1439 1704 1464 etiam

914 1472 1033 1498 vidimus
1048 1476 1199 1499 transverso
1212 1473 1393 1500 ambulantem
1408 1474 1475 1507 foro3
1489 1475 1561 1510 quod
1575 1480 1629 1501 erat
1640 1477 1706 1502 insi-

913 1518 973 1545 gne,
990 1518 1061 1541 eum,
1077 1510 1124 1544 qui
1138 1510 1166 1536 id
1180 1510 1283 1542 faceret,
1298 1510 1381 1537 facere
1391 1512 1497 1538 civibus
1508 1513 1633 1538 omnibus
1643 1522 1706 1539 con-

914 1547 968 1572 silii
992 1547 1034 1573 sui
1057 1548 1174 1582 copiam3
1201 1548 1233 1574 ad
1251 1557 1319 1583 quos
1333 1549 1396 1575 olim
1411 1550 1484 1575 etita
1499 1550 1667 1576 ambulantes
1681 1556 1705 1577 ct

913 1585 941 1610 in
955 1584 1022 1610 solio
1036 1584 1158 1610 sedentes
1172 1585 1244 1611 domi
1258 1586 1297 1611 sic
1311 1586 1441 1618 adibatur,
1463 1596 1513 1613 non
1529 1587 1615 1613 solum
1632 1592 1659 1613 ut
1673 1588 1705 1614 de

914 1622 971 1648 iure
985 1621 1058 1648 civili
1073 1622 1105 1648 ad
1119 1630 1172 1653 eos,
1190 1631 1282 1649 verum
1297 1624 1375 1649 etiam
1390 1624 1422 1650 de
1438 1624 1490 1650 tilia
1504 1624 1705 1654 collocaiida,‹le

915 1658 998 1685 fundo
1012 1659 1132 1690 emendo,
1146 1660 1178 1685 de
1193 1669 1255 1695 agro
1268 1661 1386 1691 colendo,
1399 1661 1431 1687 de
1444 1662 1517 1687 omni
1531 1662 1647 1696 denique
1661 1668 1705 1689 aut

913 1696 1001 1722 officio
1014 1701 1059 1722 aut
1074 1697 1178 1732 negotio
1192 1697 1342 1724 referretur.
1366 1700 1422 1725 131.
1438 1699 1506 1725 Ilaec
1521 1699 1570 1725 suit
1582 1700 1608 1725 P.
1618 1700 1704 1725 Crassi

914 1733 988 1760 illius
1003 1734 1108 1765 veteris,
1126 1734 1190 1760 hacc
1204 1735 1420 1767 Ti.C0runcanii,
1436 1736 1498 1762 haec
1513 1738 1603 1771 proavi
1614 1738 1704 1771 generi

914 1772 975 1802 mei,
992 1770 1134 1806 Scipionis.
1151 1772 1355 1806 prudentissimi
1371 1773 1495 1804 hominis,
1512 1774 1705 1809 sapientia,qui

912 1817 1005 1835 omnes
1019 1809 1157 1843 pontifices
1171 1810 1280 1836 maximi
1296 1810 1411 1842 fuerunt,
1428 1815 1457 1837 ut
1471 1811 1503 1837 ad
1517 1820 1561 1837 cos
1575 1811 1608 1837 de
1620 1813 1706 1838 omni-

914 1846 965 1872 bus
983 1846 1084 1872 divinis
1103 1850 1182 1881 atque
1196 1847 1322 1874 humanis
1337 1848 1416 1874 rebus
1430 1848 1584 1875 referretur:
1610 1849 1705 1875 iidem-

912 1891 965 1918 que
983 1888 1009 1910 et
1022 1884 1049 1910 in
1064 1888 1156 1910 senatu
1171 1888 1196 1910 ct
1209 1885 1280 1919 apud
1296 1885 1424 1920 populum
1444 1890 1468 1912 et
1482 1887 1509 1912 in
1523 1887 1626 1912 caussis
1640 1888 1706 1913 ami-

912 1930 1004 1947 corum
1023 1926 1048 1947 et
1066 1921 1137 1947 domi
1157 1926 1181 1947 ct
1196 1922 1305 1948 militiae
1319 1923 1461 1949 consilium
1477 1932 1556 1949 suum
1573 1924 1706 1959 iidemque

913 1958 1090 1993 praestabant.
1118 1960 1175 1985 ⁴35.
1195 1959 1265 1992 Quid
1280 1960 1350 1986 enim
1366 1961 1400 1986 M.
1417 1961 1506 1987 Catoni
1523 1966 1625 1995 praeter
1640 1962 1705 1988 hanc

913 1996 1100 2030 politissimam
1115 1996 1260 2023 doctrinam
1276 1999 1478 2024 transmarinam
1493 2002 1572 2032 atque
1585 1998 1705 2025 adventi-

913 2034 975 2059 tiam
994 2032 1098 2059 dct'uit?
1123 2042 1196 2065 num=
1217 2035 1280 2069 quia
1296 2035 1338 2060 ius
1351 2035 1431 2061 civile
1445 2035 1581 2066 didicerat,
1597 2044 1705 2062 caussas

913 2070 1098 2097 nondicebat?
1117 2076 1162 2097 aut
1179 2072 1243 2106 quia
1261 2076 1361 2107 poterat
1375 2072 1470 2102 dicere.
1487 2073 1554 2099 iuris
1568 2074 1703 2100 scientiam

913 2107 1082 2143 negligebat?
1103 2108 1218 2143 Utroque
1238 2109 1264 2135 in
1284 2118 1380 2145 genere
1394 2114 1419 2135 et
1433 2110 1577 2136 elaboravit
1591 2116 1615 2136 et
1630 2119 1704 2145 prae*

912 2146 988 2171 stitit.
1011 2146 1080 2172 Num
1096 2150 1203 2180 propter
1217 2146 1284 2173 lianc
1298 2155 1331 2173 ex
1344 2147 1508 2181 privatorum
1524 2149 1636 2183 negotiis
1651 2148 1704 2174 col-

913 2182 1006 2209 lectam
1021 2183 1133 2218 gratiam
1153 2183 1250 2209 tardior
1270 2184 1295 2210 in
1311 2184 1446 2219 republica
1460 2185 1621 2219 capessenda
1638 2185 1705 2212 suit‘?

913 2221 996 2246 Nemo
1009 2220 1041 2246 ad
1057 2220 1186 2255 populum
1202 2220 1300 2252 sortior,
1309 2230 1387 2247 nemo
1398 2221 1490 2247 melior
1500 2227 1616 2251 semiton
1634 2223 1703 2248 idem

913 2257 988 2283 facile
1005 2258 1124 2292 optimus
1143 2258 1297 2292 imperator3
1323 2258 1439 2293 denique
1454 2259 1519 2285 nihii
1535 2261 1560 2285 in
1577 2260 1624 2285 hac
1638 2261 1704 2286 ciri-

912 2299 963 2320 tate
987 2295 1153 2329 temporibus
1176 2295 1230 2321 illis
1253 2296 1315 2322 sciri
1333 2296 1435 2322 discive
1454 2297 1548 2330 potuit,
1568 2297 1639 2331 quod
1660 2298 1704 2323 illc

913 2340 964 2358 non
983 2340 1068 2366 quum
1086 2333 1253 2367 investigarit
1270 2337 1295 2358 et
1313 2334 1401 2359 scierit
1421 2338 1476 2359 tum
1495 2334 1573 2359 etiam
1588 2336 1705 2360 conscri-

913 2369 1005 2403 pserit.
1029 2371 1084 2395 136.
1105 2370 1182 2395 Nunc
1200 2375 1288 2396 contra
1308 2370 1429 2405 plerique
1443 2370 1475 2396 ad
1491 2370 1603 2397 honores
1617 2372 1703 2407 adipi-

912 2406 1024 2432 scendos
1042 2410 1067 2432 et
1085 2406 1117 2432 ad
1136 2407 1328 2441 rempublicam
1347 2407 1489 2441 gerendam
1509 2408 1573 2434 nudi
1594 2410 1704 2436 veniunt

912 2448 991 2478 atquc
1006 2444 1130 2474 inermos,
1147 2444 1219 2469 nulla
1233 2445 1382 2477 cognitione
1396 2453 1494 2475 rerum,
1507 2445 1580 2471 nulla
1594 2447 1702 2472 scicntia

912 2481 1006 2506 ornati.
1041 2480 1088 2506 Sin
1112 2481 1210 2515 aliquis
1226 2481 1330 2507 excellit
1346 2490 1417 2507 unus
1431 2491 1444 2507 e
1459 2482 1561 2514 multis,
1577 2483 1650 2510 effert
1664 2493 1702 2513 se.

912 2519 934 2543 si
960 2526 1043 2544 unum
1067 2517 1169 2552 aliquid
1192 2518 1273 2550 atl’crt,
1299 2523 1343 2545 aut
1365 2519 1487 2545 bellicam
1510 2520 1636 2547 virtutem
1659 2526 1704 2548 aut

913 2563 992 2581 usum
1016 2554 1133 2590 aliquem
1157 2555 1299 2581 militarem
1331 2556 1409 2591 (quae
1427 2565 1490 2583 sane
1509 2566 1580 2584 nunc
1593 2558 1702 2593 quidem

912 2592 1110 2626 obsoleverunt)
1143 2598 1188 2619 aut
1211 2593 1277 2619 iuris
1302 2594 1449 2625 scientiam,
1465 2594 1508 2629 (ne
1521 2595 1580 2621 cius
1593 2595 1703 2630 quidem

912 2630 1043 2661 univcrsi;
1076 2638 1136 2656 nam
1161 2631 1339 2664 pontificium,
1364 2631 1436 2666 quod
1459 2636 1498 2658 cst
1519 2633 1700 2660 coniunctum,

912 2675 989 2693 nemo
1003 2667 1090 2702 discit)
1113 2672 1158 2694 aut
1171 2667 1361 2702 eloquentiam,
1374 2677 1454 2704 quani
1469 2669 1497 2696 in
1510 2669 1623 2697 clamore
1638 2675 1662 2696 et
1677 2671 1702 2697 in
