1941 3052
402 129 491 156 PRO
525 130 833 157 SEx.Rosclo
864 131 1096 159 AMERINO.
1131 133 1228 159 CAP.

85 210 193 230 caussas
210 209 303 228 omnes
321 200 470 235 oportebat:
493 205 518 228 et
531 201 559 227 id
573 205 628 228 erat
640 201 704 228 certi
718 203 879 229 accusatoris

85 239 212 270 officium,
232 239 280 273 qui
293 238 358 264 tanti
377 237 484 264 sceleris
499 242 628 274 argueret,
644 238 777 274 explicare
791 240 879 266 omnia

85 277 148 303 vitia
167 280 246 311 atque
263 280 369 311 peccata
388 275 445 304 filii.
469 276 569 311 quibus
583 276 709 302 incensus
723 285 818 311 parens
832 285 879 311 po-

85 315 164 341 tuerit
182 314 301 340 animum
315 312 450 344 inducere,
472 318 502 340 ut
515 318 636 339 naturam
650 314 737 348 ipsam
751 314 876 345 vinceret,

84 356 114 378 ut
131 359 248 377 amorem
270 350 349 377 illum
368 350 475 385 penitus
489 351 600 377 insitum
614 351 720 377 eiiceret
734 360 766 377 ex
780 352 876 382 animo,

84 393 114 416 ut
127 388 243 423 denique
261 392 363 423 patrem
377 396 436 414 esse
451 397 509 414 sese
522 388 737 414 oblivisceretur:
760 397 828 423 quae
842 389 880 415 si-

84 435 117 452 ne
130 427 237 461 magnis
251 426 364 452 huiusce
379 426 493 460 peccatis
507 425 624 452 accidere
638 426 758 460 potuisse
772 434 823 452 non
838 435 880 452 ar-

83 464 176 490 bitror.
216 464 258 490 54.
282 463 381 490 Verum
407 463 522 489 concedo
545 463 606 494 tibi,
625 467 654 489 ut
672 472 701 489 ea
720 467 876 498 praetereas,

83 509 160 536 quae,
176 509 261 535 quum
276 505 355 532 taces,
372 501 445 527 nulla
456 509 514 527 esse
524 500 657 527 concedis.
679 500 757 526 Illum
769 500 879 535 quidem

83 538 202 565 voluisse
220 538 389 569 exheredare,
414 543 483 564 certe
506 543 535 564 tu
554 537 664 572 planum
683 537 767 563 facere
785 537 876 564 debes.

83 575 154 608 Quid
168 584 230 611 ergo
244 575 328 607 affers,
345 584 427 610 quare
440 576 468 602 id
483 575 581 601 factum
596 574 741 609 putemus‘?
761 575 826 601 Vere
838 575 879 601 ni-

83 612 121 639 hil
136 617 210 647 potes
224 613 321 639 (licere.
353 613 436 648 Finge
450 612 552 648 aliquid
566 612 661 638 saltem
674 611 826 642 commode,
850 616 878 638 ut

83 659 115 676 ne
134 650 212 684 plane
230 650 346 676 videaris
364 650 391 677 id
405 650 498 681 faeere,
515 649 587 684 quod
601 653 690 684 aperte
704 648 778 680 facis,
796 649 878 675 liuius

83 688 173 714 miseri
197 687 309 714 fortunis
335 692 360 714 et
386 688 482 713 horum
500 688 619 713 virorum
643 686 736 713 talium
755 686 877 721 dignitati

82 725 205 751 illudere.
245 725 413 751 Exheredare
427 724 513 750 filium
528 724 620 750 voluit.
653 724 738 756 Quam
753 724 786 750 ob
800 732 878 749 caus-

82 761 157 788 sam?
176 763 280 788 Nescio.
308 761 540 788 Exheredavitne‘?
553 762 620 787 Non.
642 760 708 793 Quis
722 761 878 796 prohibuit?

83 799 228 834 Cogitabat.
269 798 424 834 Cogitabat‘?
443 800 487 825 cui
501 798 587 825 dixit‘?
606 799 722 824 Nemini.
753 798 824 830 Quid
838 803 878 824 est

81 836 155 863 aliud
177 836 277 863 iudicio
294 845 324 862 ac
343 836 448 871 legibus
462 845 492 862 ac
505 837 641 862 maiestate
656 840 742 862 vestra
756 836 830 862 abuti
845 835 878 862 ad

81 878 222 909 quaestum
241 878 320 908 atque
334 874 367 900 ad
381 874 530 905 libidinem,
546 875 598 900 nisi
613 873 662 899 hoc
676 873 755 899 modo
769 882 878 899 accusa-

81 919 109 937 re
131 915 210 946 atque
231 911 260 937 id
274 911 396 943 obiicere,
417 911 490 946 quod
509 911 620 946 planum
634 910 718 937 facere
732 920 784 937 non
799 910 877 937 modo

81 957 133 975 non
156 949 252 983 possis,
281 957 374 975 verum
396 957 429 975 ne
451 949 553 975 coneris
572 948 701 983 quidem‘?
733 950 775 974 55.
793 949 877 974 Nemo

81 989 202 1012 nostrum
228 990 275 1017 est,
296 986 385 1017 Eruci,
406 987 473 1021 quin
491 986 557 1012 sciat
575 986 623 1012 tibi
643 986 796 1012 inimicitias
815 994 877 1011 cum

81 1023 143 1050 Sex.
158 1023 253 1050 Roscio
266 1023 355 1050 nullas
369 1032 437 1050 esse.
458 1023 554 1050 Vident
567 1032 669 1054 omnes,
685 1032 738 1058 qua
753 1023 785 1049 de
799 1032 878 1049 caus-

80 1069 109 1087 sa
123 1061 186 1087 huic
203 1061 330 1088 inimicus
344 1062 446 1088 venias.
486 1061 581 1087 Sciunt
598 1061 711 1087 huiusce
725 1061 838 1095 pecunia
852 1064 877 1086 te

80 1097 225 1124 adductum
247 1107 316 1125 esse.
356 1098 427 1131 Quid
444 1107 506 1134 ergo
519 1097 577 1124 est‘?
596 1099 631 1124 ita
646 1102 733 1124 tamen
748 1102 877 1133 quaestus

81 1140 104 1162 te
117 1135 247 1170 cupidum
266 1145 324 1162 esse
338 1136 482 1171 oportebat,
498 1140 528 1162 ut
542 1136 638 1162 horum
652 1136 876 1162 existimationem

79 1177 105 1199 et
127 1172 212 1209 legem
230 1174 379 1200 Remmiam
402 1178 509 1208 putares
527 1173 630 1208 aliquid
645 1173 731 1199 valere
745 1177 874 1208 oportere.

79 1210 142 1236 XX.
161 1210 335 1237 Accusatores
354 1211 453 1237 multos
467 1219 526 1237 esse
540 1211 567 1236 in
581 1211 688 1236 civitate
702 1210 767 1237 utile
781 1215 829 1242 est,
847 1215 876 1236 ut

80 1252 153 1274 metu
173 1249 339 1275 contineatur
362 1248 484 1275 audacia:
516 1252 701 1275 verumtamen
719 1248 769 1274 hoc
787 1249 821 1274 ita
837 1252 877 1274 est

80 1285 153 1316 utile,
170 1290 199 1312 ut
213 1294 246 1312 ne
260 1286 337 1320 plane
350 1285 497 1312 illudamur
510 1286 543 1312 ab
557 1285 767 1312 accusatoribus.
797 1286 876 1312 Inno-

78 1331 141 1349 cens
156 1327 195 1349 est
208 1324 357 1358 quispiam:
385 1328 577 1355 verumtamen,
593 1331 759 1358 quamquam
774 1323 848 1349 abest
862 1332 875 1349 a

78 1360 166 1395 culpa,
192 1361 345 1395 suspicione
366 1365 455 1387 tamen
474 1369 526 1387 non
544 1364 624 1387 caret.
664 1361 779 1386 Tametsi
795 1361 876 1386 mise-

79 1406 137 1424 rum
161 1402 209 1429 est,
235 1403 323 1424 tamen
337 1399 370 1429 ei,
390 1398 439 1432 qui
453 1398 525 1424 hunc
539 1402 652 1428 accuset,
670 1398 770 1432 possim
785 1397 875 1432 aliquo

79 1435 157 1462 modo
179 1436 325 1470 ignoscere.
365 1434 454 1467 Quum
474 1435 546 1461 enim
565 1435 668 1470 aliquid
683 1435 786 1466 habeat,
802 1435 874 1469 quod

79 1473 163 1507 possit
185 1473 328 1499 criminose
350 1481 380 1500 ac
397 1473 546 1508 suspiciose
564 1473 660 1504 dicere,
682 1477 770 1507 aperte
785 1472 876 1498 luditi—

77 1510 130 1536 cari
149 1514 175 1536 et
191 1510 349 1537 calumniari
368 1510 455 1536 sciens
474 1519 526 1537 non
544 1510 675 1536 videatur.
721 1511 762 1536 56.
788 1510 875 1541 Quare

78 1547 155 1574 facile
172 1556 265 1574 omnes
283 1549 400 1582 patimur
417 1556 476 1574 esse
490 1556 572 1583 quam
590 1547 720 1582 plurimos
739 1552 876 1573 accusato-

78 1593 133 1611 res:
156 1584 229 1620 quod
243 1585 379 1616 innocens,
400 1586 423 1611 si
437 1590 577 1612 accusatus
592 1586 634 1615 sit,
655 1584 758 1611 absolvi
773 1589 871 1619 potest,

77 1630 184 1654 nocens,
201 1622 253 1648 nisi
267 1627 406 1649 accusatus
421 1622 509 1654 fuerit,
525 1622 696 1649 condemnari
711 1631 762 1648 non
778 1626 872 1656 potest.

77 1659 175 1686 Utilius
193 1664 234 1686 est
251 1664 340 1686 autem
358 1660 461 1686 absolvi
478 1661 660 1691 innocentem,
681 1668 763 1694 quam
778 1668 875 1685 nocen-

77 1702 130 1724 tem
144 1705 266 1723 caussam
281 1706 333 1724 non
346 1697 443 1724 dicere.
483 1697 632 1724 Anseribus
650 1697 747 1723 cibaria
767 1697 874 1731 publice

78 1734 197 1762 locantur
210 1739 235 1761 et
248 1743 327 1762 canes
341 1735 450 1762 aluntur
463 1736 491 1762 in
505 1734 647 1770 Capitolio,
666 1739 695 1761 ut
709 1735 872 1770 significent,

77 1773 100 1799 si
115 1772 187 1798 fures
201 1773 331 1799 venerint.
357 1772 390 1799 At
404 1772 476 1799 fures
490 1774 669 1799 internoscere
683 1781 735 1798 non
750 1777 872 1807 possunt.

77 1809 235 1846 Significant
252 1814 354 1842 tamen,
375 1811 397 1836 si
411 1811 458 1845 qui
478 1815 557 1837 noctu
575 1810 603 1836 in
618 1809 779 1844 Capitolium
794 1818 875 1836 vene-

77 1848 142 1874 rint:
164 1851 189 1874 et
199 1848 262 1882 quia
276 1847 304 1874 id
314 1852 354 1874 est
364 1848 555 1883 suspiciosum,
572 1848 677 1874 tametsi
689 1847 789 1874 bestiae
801 1852 872 1879 sunt,

77 1888 164 1912 tamen
182 1885 209 1911 in
228 1893 285 1911 eam
303 1889 405 1920 partem
423 1886 512 1920 potius
528 1890 650 1920 peccant,
675 1893 744 1920 quae
757 1889 798 1912 est
811 1895 874 1911 cau-

76 1922 136 1949 tior.
176 1921 252 1954 Quod
266 1923 289 1948 si
304 1922 362 1949 luce
376 1931 484 1957 quoque
497 1931 576 1949 canes
592 1923 694 1954 latrent,
710 1931 795 1958 quum
808 1923 874 1949 Deos

76 1959 221 1987 salutatum
240 1959 324 1995 aliqui
342 1961 476 1987 venerint:
499 1961 606 1995 opinor,
627 1960 660 1986 iis
674 1969 750 1986 crura
765 1960 874 1986 suffrin-

75 2001 184 2034 gantur,
205 1997 278 2032 quod
297 2005 369 2024 acres
387 1998 440 2024 sint
458 1998 537 2024 etiam
560 2002 630 2028 tum,
650 2006 736 2032 quum
755 1998 874 2032 suspicio

77 2034 151 2062 nulla
165 2035 208 2061 sit.
244 2035 286 2061 57.
303 2034 446 2061 Siniillima
461 2038 500 2061 est
513 2039 697 2061 accusatorum
713 2036 787 2061 ratio.
819 2035 872 2061 Alii

76 2075 196 2098 vestrum
210 2079 317 2098 anseres
331 2072 398 2103 sint,
418 2073 466 2107 qui
480 2072 663 2099 tantummodo
676 2071 804 2103 clamant,
826 2081 874 2098 no-

75 2117 134 2137 cere
152 2117 204 2136 non
222 2113 348 2144 possunt:
371 2109 416 2136 alii
434 2117 525 2141 canes,
546 2110 594 2144 qui
613 2113 637 2135 et
657 2109 750 2136 latrare
764 2114 789 2136 et
803 2118 874 2136 mor-

76 2146 138 2174 dere
151 2150 272 2182 possunt.
314 2146 418 2173 Cibaria
433 2147 509 2173 vobis
526 2147 646 2181 praeberi
662 2147 799 2174 videmus:
826 2156 872 2173 vos

76 2188 165 2211 autem
184 2185 301 2210 maxime
318 2183 422 2210 debetis
439 2184 467 2210 in
485 2192 529 2210 eos
547 2184 678 2219 impetum
702 2184 800 2216 facere,
824 2185 871 2219 qui

76 2225 220 2248 merentur.
259 2222 312 2248 Hoc
326 2221 425 2256 populo
435 2222 619 2257 gratissimum
634 2226 682 2248 est.
723 2222 832 2252 Deinde,
849 2223 871 2248 si

76 2258 184 2290 voletis,
209 2258 289 2285 etiam
312 2263 383 2290 tum,
408 2267 493 2293 quum
513 2258 659 2285 verisimile
682 2259 732 2286 erit
753 2259 871 2294 aliquem

75 2296 256 2328 commisisse,
277 2296 304 2322 in
322 2296 475 2331 suspicione
494 2295 623 2323 latratote:
646 2296 673 2322 id
687 2305 796 2331 quoquo
809 2305 872 2323 con-

75 2333 134 2360 cedi
152 2337 247 2369 potest.
288 2333 336 2360 Sin
354 2338 443 2360 autem
461 2334 500 2359 sic
517 2334 614 2369 agetis,
640 2337 670 2360 ut
687 2334 805 2370 arguatis
823 2333 872 2360 ali-

75 2378 156 2406 quem
178 2374 279 2406 patrem
297 2371 440 2402 occidisse,
469 2379 555 2405 neque
573 2370 660 2397 dicere
680 2371 802 2405 possitis,
827 2376 873 2397 aut

75 2415 157 2444 quare
170 2412 216 2435 aut
229 2408 375 2443 quomodo,
397 2416 426 2434 ac
442 2408 626 2434 tantummodo
643 2408 700 2434 sino
719 2408 871 2443 suspicione

76 2444 219 2472 latrabitis:
241 2453 317 2472 crura
331 2445 442 2481 quidem
456 2445 533 2472 vobis
552 2454 631 2472 nemo
648 2445 801 2481 suffringet3
823 2445 871 2472 sed

75 2483 99 2510 si
121 2490 170 2518 ego
193 2482 241 2509 hos
263 2482 331 2509 bene
354 2483 429 2514 novi,
456 2482 568 2509 litteram
589 2482 675 2513 illam,
700 2483 744 2509 cui
759 2491 806 2509 vos
825 2491 872 2509 us-

75 2527 128 2555 que
145 2528 176 2547 eo
194 2519 296 2546 inimici
314 2521 392 2552 estis,
418 2524 447 2546 ut
465 2521 543 2546 etiam
563 2519 621 2546 Kal.
641 2528 734 2546 omnes
751 2519 869 2550 oderitis,

74 2557 111 2584 ita
129 2557 299 2584 veliementer
317 2557 350 2584 ad
372 2562 452 2592 caput
469 2557 590 2593 alligent,
620 2561 649 2583 ut
671 2561 761 2592 postea
786 2557 872 2583 nemi—

76 2601 136 2621 nem
159 2594 242 2621 alium
265 2595 317 2621 nisi
340 2594 459 2621 fortunas
478 2599 580 2621 vestras
603 2603 727 2621 accusare
750 2594 868 2629 possitis.

75 2630 148 2658 xxi.
164 2633 206 2658 58.
228 2631 298 2664 Quid
317 2632 384 2659 mihi
402 2632 434 2658 ad
453 2631 650 2658 defendendum
669 2631 781 2663 dedisti,
803 2632 870 2658 bone

75 2668 227 2696 accusator?
252 2669 318 2705 quid
339 2669 412 2696 hisce
429 2674 517 2696 autem
536 2669 568 2696 ad
592 2668 804 2704 suspicandum?
833 2669 870 2695 Ne

1265 134 1295 159 45
1315 149 1351 153 —-
1372 135 1413 160 22.
1676 139 1724 163 219

931 202 1143 234 exheredaretur,
1158 204 1259 230 veritus
1273 208 1322 230 est.
1344 204 1440 231 Audio.
1463 204 1515 231 Sed
1525 214 1579 240 qua
1590 206 1622 232 de
1631 216 1726 234 caussa

931 240 1015 266 vereri
1029 240 1159 272 debuerit,
1176 250 1253 267 nemo
1267 241 1341 268 dicit.
1367 242 1485 268 Habebat
1498 247 1571 277 pater
1584 244 1611 269 in
1626 245 1724 271 animo.

930 276 1043 303 Planum
1070 277 1120 304 fac.
1161 278 1233 304 Nihil
1258 283 1309 305 est:
1336 287 1402 310 non,
1424 280 1535 314 quicum
1561 280 1723 313 deliberarit,

930 323 1011 348 quem
1021 315 1159 341 certiorem
1174 314 1273 346 fecerit,
1290 316 1361 342 unde
1375 316 1448 343 istud
1464 317 1539 343 vobis
1553 318 1683 353 suspicari
1698 320 1726 346 in

931 356 1047 377 mentem
1066 353 1176 378 venerit.
1217 352 1306 385 Quum
1325 354 1375 380 hoc
1392 354 1470 380 modo
1489 363 1609 386 accusas,
1634 356 1724 388 Eruci,

931 398 1017 414 nonne
1042 389 1090 415 hoc
1109 389 1196 424 palam
1215 390 1300 416 dicis‘?
1328 399 1376 426 ego
1401 391 1468 426 quid
1491 393 1637 427 acceperim
1660 394 1723 424 scio,

930 426 996 460 quid
1011 426 1097 452 dicam
1112 427 1214 453 nescio:
1232 437 1316 454 unum
1331 428 1399 455 illud
1413 430 1540 463 spectavi,
1557 430 1629 464 quod
1641 430 1726 461 Chrv-

931 472 1047 498 sogonus
1062 464 1155 495 aiebat,
1175 465 1309 491 neminem
1324 466 1367 492 isti
1382 471 1522 500 patronum
1537 466 1672 494 futurum:
1693 462 1726 495 de

931 501 1060 527 bonorum
1079 503 1212 536 emptione
1227 502 1313 537 deque
1332 512 1361 529 ea
1376 504 1512 535 societate,
1535 505 1669 531 neminem
1683 514 1727 531 es-

930 547 971 568 se,
992 539 1038 572 qui
1058 539 1171 565 verbum
1190 539 1274 565 facere
1297 540 1345 566 hoc
1364 545 1481 575 tempore
1499 542 1616 568 auderet.
1658 543 1726 569 Haec

932 580 955 601 te
969 576 1058 609 opinio
1073 575 1138 601 falsa
1152 577 1179 602 in
1199 577 1275 602 istam
1295 577 1415 604 fraudem
1435 579 1552 613 impulit.
1594 580 1650 606 Non
1669 589 1726 606 me-

931 612 1038 638 hercule
1053 613 1165 639 verbum
1180 613 1298 645 fecisses,
1315 615 1337 640 si
1349 615 1396 641 tibi
1407 624 1570 650 quemquam
1581 625 1726 651 responsu-

931 659 990 675 rum
1006 654 1138 684 putasses.
1179 652 1220 676 59.
1243 651 1343 685 Operae
1358 654 1472 686 pretium
1488 658 1550 683 crat.
1567 655 1590 680 si
1605 654 1726 680 animad-

930 687 1060 718 vertistis,
1089 688 1204 719 iudices,
1232 689 1421 724 negligentiam
1444 691 1502 716 eius
1526 692 1554 717 in
1576 692 1725 719 accusando

929 724 1104 750 considerare.
1146 725 1242 756 Credo,
1259 735 1344 760 quum
1359 727 1483 758 vidisset,
1500 728 1546 762 qui
1562 728 1682 755 homines
1698 730 1725 756 in

930 761 1002 787 hisce
1017 762 1155 788 subselliis
1170 763 1300 794 sederent,
1317 765 1464 798 quaesisse,
1482 774 1546 790 num
1561 765 1606 791 ille
1620 772 1665 792 aut
1679 766 1724 793 ille

929 798 1090 825 defensurus
1105 804 1186 826 esset:
1204 800 1288 826 deme
1300 810 1331 826 ne
1342 802 1508 835 suspicatum
1519 803 1638 836 quidem,
1652 804 1724 838 quod

929 840 1004 862 antea
1026 845 1148 863 caussam
1172 837 1307 871 publicam
1331 838 1432 865 nullam
1455 839 1578 865 dixerim.
1619 841 1725 866 Postea-

928 882 1009 908 quam
1024 874 1126 900 invenit
1141 876 1274 901 neminem
1288 884 1389 907 eorum,
1402 877 1450 911 qui
1465 881 1577 910 possunt
1590 882 1615 903 et
1628 878 1721 909 solent,

930 911 963 937 ita
978 911 1117 947 negligens
1131 920 1189 938 esse
1203 914 1302 947 coepit,
1319 918 1360 944 ut,
1377 922 1462 948 quum
1477 915 1504 940 in
1519 918 1634 940 mentem
1651 916 1724 941 veni-

929 953 967 974 ret
985 949 1022 979 ei,
1046 949 1185 982 resideret,
1208 949 1304 976 deinde
1323 951 1493 984 spatiaretur,
1522 960 1724 987 nonnumquam

929 986 1007 1011 etiam
1023 995 1137 1020 puerum
1149 992 1267 1014 vocaret:
1283 988 1370 1019 credo,
1386 989 1430 1014 cui
1445 997 1552 1015 caenam
1567 990 1721 1024 imperaret:

929 1031 1039 1057 prorsus
1053 1029 1082 1050 ut
1097 1029 1185 1050 vestro
1198 1033 1326 1051 consessu
1341 1030 1365 1051 et
1379 1025 1428 1051 hoc
1441 1031 1573 1052 conventu
1588 1036 1635 1061 pro
1649 1036 1724 1054 sum—

929 1069 970 1086 ma
990 1061 1134 1087 solitudine
1153 1062 1314 1088 abuteretur.
1354 1063 1439 1089 XXII.
1461 1065 1502 1089 60.
1525 1064 1657 1090 Peroravit
1675 1065 1724 1091 ali-

928 1098 1049 1132 quando:
1072 1099 1185 1125 assedit:
1208 1101 1313 1126 surrexi
1328 1109 1386 1135 ego.
1427 1101 1566 1136 Respirare
1581 1102 1656 1128 visus
1673 1107 1721 1134 est,

928 1135 1000 1170 quod
1014 1145 1066 1162 non
1080 1136 1149 1162 alius
1165 1137 1254 1171 potius
1269 1138 1377 1164 diceret.
1412 1138 1491 1173 Coepi
1506 1139 1603 1165 dicere.
1633 1139 1723 1175 Usque

928 1182 958 1199 eo
976 1174 1165 1205 animadverti,
1186 1175 1302 1206 iudices,
1323 1184 1385 1202 eum
1404 1176 1483 1202 iocari
1502 1181 1581 1211 atque
1600 1176 1664 1202 alias
1682 1186 1723 1204 res

927 1219 1013 1245 agere,
1030 1215 1089 1237 ante
1103 1220 1184 1246 quam
1200 1212 1403 1248 Chrysogonum
1419 1214 1568 1240 nominavi:
1590 1223 1670 1248 quem
1686 1216 1723 1241 si—

927 1248 983 1274 mul
998 1253 1077 1283 atque
1091 1250 1179 1284 attigi,
1201 1250 1289 1276 statim
1305 1251 1383 1277 homo
1401 1259 1429 1276 se
1447 1252 1539 1277 erexit.
1580 1252 1668 1278 Mirari
1683 1253 1724 1278 vi-

927 1294 973 1311 sus
987 1290 1036 1312 est.
1071 1286 1201 1318 Intellexi,
1218 1287 1284 1321 quid
1299 1296 1360 1314 eum
1375 1289 1545 1323 pupugisset.
1582 1289 1678 1315 Iterum
1694 1299 1722 1316 ac

928 1324 1003 1350 tertio
1029 1325 1175 1350 nominavi.
1215 1325 1308 1351 Postea
1335 1325 1456 1352 homines
1482 1335 1588 1352 cursare
1612 1326 1680 1353 ultro
1698 1333 1723 1354 et

926 1361 991 1387 citro
1011 1369 1063 1387 non
1082 1361 1256 1388 destiterunt:
1278 1362 1369 1394 credo,
1393 1363 1440 1398 qui
1459 1364 1630 1399 Chrysogono
1654 1373 1723 1391 nun-

927 1399 1029 1428 tiarent,
1051 1407 1109 1424 esse
1124 1399 1241 1434 aliquem
1256 1399 1282 1425 in
1297 1400 1415 1431 civitate,
1436 1402 1482 1435 qui
1497 1406 1586 1427 contra
1602 1401 1723 1428 volanta-

928 1441 979 1462 tem
998 1435 1056 1461 eius
1075 1436 1162 1463 dicere
1181 1437 1302 1469 auderet:
1329 1437 1404 1464 aliter
1421 1446 1542 1464 caussam
1562 1439 1617 1474 agi,
1643 1444 1722 1474 atque

927 1473 972 1499 ille
990 1474 1166 1506 existimaret,
1198 1475 1294 1508 aperiri
1319 1474 1448 1501 bonorum
1472 1476 1647 1510 emptionem:
1677 1486 1722 1503 ve-

927 1511 981 1537 xari
998 1511 1114 1546 pessime
1133 1512 1298 1543 societatem;
1321 1513 1431 1547 gratiam
1452 1513 1649 1548 potentiamque
1664 1515 1721 1540 eius

927 1549 1040 1584 negligi,
1064 1548 1166 1575 iudices
1181 1549 1322 1584 diligenter
1336 1550 1482 1581 atteudtre3
1499 1550 1598 1584 populo
1612 1560 1665 1576 rem
1682 1552 1723 1578 in-

926 1586 1034 1621 dignam
1063 1586 1155 1613 videri.
1199 1588 1240 1612 61.
1267 1587 1339 1618 Quae
1362 1588 1488 1622 quoniam
1513 1593 1536 1613 tc
1560 1587 1720 1620 fefellerunt,

925 1624 1014 1654 Eruci,
1032 1624 1214 1659 quoniamque
1229 1624 1303 1650 vides
1319 1633 1393 1650 versa
1408 1633 1466 1650 esse
1480 1625 1581 1656 onmia,
1599 1634 1720 1652 caussam

927 1671 974 1696 pro
992 1662 1054 1687 Sex.
1079 1662 1185 1692 Roscio,
1214 1662 1237 1687 si
1257 1671 1308 1687 uon
1326 1662 1476 1692 commode,
1505 1668 1530 1688 at
1555 1662 1635 1688 libere
1653 1663 1719 1696 dici,

926 1708 1006 1734 quem
1021 1699 1081 1725 dedi
1098 1699 1223 1733 putabas,
1244 1698 1350 1725 defendi
1365 1699 1505 1734 intelligi&
1527 1708 1595 1734 quos
1611 1701 1722 1727 traditu-

927 1746 969 1763 ros
983 1737 1122 1771 sperabas,
1141 1736 1216 1762 vides
1231 1736 1361 1762 iudicare:
1384 1737 1492 1763 restitue
1507 1737 1583 1763 nobis
1599 1737 1721 1772 aliquan-

926 1774 960 1800 do
980 1779 1095 1800 veterem
1119 1778 1192 1800 tuam
1216 1774 1288 1800 illam
1311 1773 1482 1800 calliditatem
1506 1779 1585 1809 atque
1605 1775 1722 1809 pruden-

927 1813 1004 1838 tiam:
1027 1812 1151 1837 comitere
1166 1811 1218 1837 huc
1233 1820 1261 1837 ea
1276 1820 1324 1846 spe
1339 1811 1454 1842 venisse,
1470 1812 1541 1846 quod
1558 1817 1663 1846 putares
1679 1813 1721 1839 liic

928 1849 1108 1879 latrocinium,
1130 1858 1181 1875 uon
1202 1848 1332 1875 iudicium
1352 1848 1482 1875 suturam.
1523 1850 1558 1875 De
1581 1850 1721 1884 parricidio

925 1895 1020 1913 caussa
1039 1886 1149 1912 dicitur:
1174 1887 1239 1912 ratio
1257 1886 1290 1912 al)
1308 1891 1460 1912 accusatore
1479 1886 1579 1913 reddita
1599 1896 1649 1913 nou
1671 1893 1718 1918 cst,

925 1933 1006 1958 quam
1021 1924 1055 1950 ob
1069 1933 1191 1950 caussam
1207 1928 1306 1958 patrem
1323 1923 1394 1950 tilius
1408 1923 1541 1950 occiderit.
1582 1926 1622 1950 62.
1644 1925 1720 1956 Quod

926 1962 953 1987 in
968 1962 1087 1987 minimis
1102 1961 1189 1987 noxiis
1203 1966 1229 1987 et
1243 1961 1269 1987 iu
1285 1961 1326 1987 his
1342 1961 1487 1987 levioribus
1502 1962 1630 1996 peccatis,
1651 1972 1720 1997 quae

926 1999 1011 2034 magis
1026 1999 1116 2024 erebra
1131 2003 1156 2024 et
1169 1999 1221 2024 iam
1237 2007 1318 2033 prope
1331 1998 1485 2033 quotidiana
1503 2004 1577 2029 suut,
1604 2001 1720 2026 maxime

926 2040 952 2062 et
966 2037 1083 2070 primum
1098 2036 1243 2070 quaeritur,
1260 2044 1328 2070 quac
1343 2044 1437 2062 caussa
1452 2035 1574 2062 maleficii
1590 2035 1676 2067 suerit.
1693 2037 1719 2063 id

924 2073 1039 2100 Erucius
1059 2074 1085 2099 in
1105 2073 1246 2108 parricidio
1260 2073 1351 2107 quaeri
1372 2082 1423 2100 non
1441 2078 1515 2108 putat
1534 2079 1665 2108 oportere:
1693 2075 1719 2101 in

924 2119 978 2145 quo
992 2110 1099 2141 scelere,
1117 2110 1228 2141 iudices,
1245 2111 1323 2136 etiam
1334 2119 1419 2145 quum
1431 2110 1529 2137 multae
1539 2120 1648 2137 caussae
1657 2120 1720 2138 con-

925 2148 1031 2174 venisse
1049 2157 1134 2174 unum
1153 2149 1180 2174 iu
1199 2147 1285 2174 lorum
1305 2153 1384 2182 atque
1398 2148 1466 2174 inter
1478 2156 1506 2174 se
1520 2156 1664 2183 congruere
1680 2150 1720 2175 vi-

924 2185 1033 2216 dentur,
1057 2190 1143 2211 tamen
1163 2194 1214 2211 non
1234 2190 1330 2211 temere
1347 2185 1464 2211 creditur
1482 2194 1568 2220 neque
1587 2185 1637 2211 levi
1657 2195 1720 2212 con-

924 2223 1022 2249 iectura
1038 2231 1079 2249 res
1095 2222 1220 2257 penditur
1231 2231 1318 2257 neque
1333 2223 1407 2248 testis
1422 2223 1537 2248 incertus
1551 2222 1659 2249 auditur
1673 2232 1719 2249 uc>

924 2268 976 2295 que
990 2260 1150 2286 accusatoris
1165 2260 1271 2295 ingenio
1286 2268 1327 2285 res
1346 2259 1486 2285 iudicatur.
1527 2259 1615 2291 Quum
1635 2260 1718 2286 multa

923 2302 998 2323 antea
1016 2297 1158 2323 commissa
1178 2296 1318 2327 malt-licia,
1344 2301 1401 2322 tum
1420 2297 1472 2322 vita
1492 2296 1607 2322 Iiomiuis
1631 2297 1718 2331 perdi-

924 2335 1040 2364 tissima,
1062 2339 1118 2360 tum
1138 2333 1285 2368 singularis
1303 2334 1413 2360 audacia
1434 2334 1588 2360 ostendatur
1612 2343 1718 2361 neccsse

923 2376 975 2397 cst:
1000 2379 1086 2406 neque
1099 2370 1207 2397 audacia
1222 2371 1324 2401 solum,
1344 2371 1391 2396 sed
1405 2379 1530 2397 summus
1549 2370 1621 2397 t'uror
1638 2376 1718 2406 atque

923 2409 1045 2434 amentia.
1087 2408 1155 2434 Ilaec
1181 2417 1265 2443 quum
1292 2408 1346 2434 siut
1371 2409 1472 2438 onmia,
1502 2413 1588 2434 tamen
1615 2414 1718 2436 exstent

922 2450 1024 2480 oportet
1042 2453 1168 2479 expressa
1186 2445 1294 2471 sceleris
1315 2445 1438 2479 vestigia.
1460 2445 1520 2475 ubi.
1538 2454 1591 2480 qua
1607 2447 1714 2477 ratione.

924 2491 970 2517 per
988 2491 1069 2517 quos,
1097 2491 1151 2517 quo
1169 2487 1286 2517 tempore
1310 2482 1469 2509 maleficium
1495 2483 1530 2508 sit
1556 2483 1714 2510 admissum.

922 2522 995 2552 Quae
1010 2520 1061 2546 nisi
1076 2519 1159 2545 multa
1173 2524 1199 2546 et
1213 2519 1352 2546 manifesta
1367 2524 1442 2550 sunt,
1472 2519 1588 2554 profecto
1607 2529 1649 2547 res
1663 2526 1715 2547 tam

922 2556 1046 2587 scelesta,
1072 2561 1124 2583 tam
1148 2562 1234 2587 atrox.
1261 2561 1312 2583 tam
1337 2556 1436 2583 nefaria
1459 2557 1529 2583 credi
1550 2566 1600 2584 non
1620 2563 1714 2593 potest.

922 2596 963 2620 63.
986 2594 1080 2629 Magna
1099 2599 1138 2620 est
1156 2595 1228 2620 enim
1247 2595 1287 2620 vis
1307 2594 1492 2621 humanitatis:
1516 2594 1631 2622 multum
1648 2595 1716 2622 valet

921 2632 1075 2658 communio
1100 2632 1253 2668 sanguinis:
1284 2631 1430 2658 reclamitat
1451 2632 1602 2659 istiusmodi
1625 2634 1716 2668 suspi-

921 2669 1044 2695 cionibus
1068 2669 1125 2704 ipsa
1149 2674 1254 2695 natura:
1283 2673 1434 2704 portentum
1460 2674 1540 2705 atque
1566 2675 1713 2697 monstrum

1450 2716 1508 2741 28·
