1941 3052
631 141 844 168 'TOPICA.
879 141 976 168 CAP.

67 209 169 245 legatus
187 214 240 240 est,
261 210 337 236 heres
355 210 494 236 restituere
513 219 565 237 non
584 211 663 238 debet
680 221 728 238 nec
742 211 857 243 reficere,

66 256 118 274 non
141 249 240 283 magis,
268 256 349 282 quam
372 256 480 274 servum
503 250 650 279 restituere,
676 250 699 275 si
723 250 761 280 is,
782 250 860 276 cuius

67 284 237 311 ususfructus
253 284 354 320 legatus
368 290 417 316 est,
442 286 598 320 deperisset.
639 288 679 313 16.
701 287 723 313 Α
737 286 861 313 differen-

65 324 113 350 tia:
136 324 203 354 Non,
224 323 247 349 si
266 323 343 349 uxori
360 323 402 349 vir
416 322 513 358 legavit
526 328 666 359 argentum
680 333 767 355 omne,
788 324 861 359 quod

64 370 145 387 suum
166 364 244 391 esset,
264 360 371 391 ideirco,
391 369 460 395 quae
477 362 505 387 in
520 361 674 387 nominibus
689 361 805 393 fuerunt,
823 362 861 388 le-

64 403 124 434 gata
137 403 209 424 sunt.
250 398 366 425 Multum
384 398 455 424 enim
474 398 568 429 differt,
589 399 615 424 in
635 408 727 425 arcane
742 400 858 433 positum

64 437 99 462 sit
113 439 262 471 argentum,
287 444 319 462 an
340 436 368 461 in
390 435 490 462 tabulis
508 436 644 462 debeatur.
681 437 721 462 17.
743 437 784 462 Ex
797 445 861 463 con-

64 474 143 500 trario
161 478 248 499 autem
263 473 314 499 sic:
337 473 395 499 Non
409 473 487 499 debet
500 482 530 499 ea
545 473 649 504 mulier,
665 474 709 499 cui
723 474 764 500 vir
777 474 861 500 bono-

64 520 124 537 rum
142 519 254 537 suorum
273 510 473 536 usumfructum
492 510 597 545 legavit,
618 510 692 537 cellis
711 512 821 537 vinariis
835 515 860 537 et

64 548 169 574 oleariis
198 547 284 582 plenis
307 547 420 578 relictis,
445 552 538 582 putare
560 548 588 574 id
611 548 644 574 ad
667 557 696 574 se
719 549 858 582 pertinere.

64 585 134 612 Usus
152 586 233 616 enim,
255 594 307 611 non
325 585 436 616 abusus,
458 585 561 620 legatus
575 589 624 611 est.
664 586 701 611 Ea
715 590 778 611 sunt
792 586 860 611 inter

63 631 92 649 se
105 623 243 649 contraria.
266 623 308 649 1v.
323 624 363 648 18.
376 623 417 648 Ab
428 622 574 648 adiunctis:
592 622 620 648 Si
632 631 661 648 ea
672 622 769 649 mulier
781 627 860 648 testa-

63 665 184 686 mentum
208 659 281 691 feeit,
307 668 375 694 quae
398 668 426 686 se
444 660 529 694 capite
548 668 697 694 numquam
716 660 856 691 deminuit,

63 706 115 724 non
130 697 236 723 videtur
249 706 283 724 ex
296 697 381 723 edicto
394 697 521 732 praetoris
536 697 685 723 secundum
700 706 743 723 eas
755 697 859 724 tabulas

62 735 197 770 possessio
214 735 280 761 dari.
320 734 482 769 Adiungitur
500 734 580 765 enim,
597 738 626 760 ut
639 734 789 761 secundum
803 743 860 761 ser-

63 781 166 803 vorum,
187 771 336 798 secundum
354 771 493 803 exsulum,
514 771 664 798 secundum
683 772 857 806 puerulorum

63 809 167 836 tabulas
191 809 325 843 possessio
345 809 468 835 videatur
489 817 523 835 ex
546 809 631 835 edicto
653 809 719 835 dari.
755 811 794 835 19.
817 810 858 836 Ab

61 846 279 873 antecedentibus
293 850 382 872 autem
396 850 421 872 et
431 847 658 881 consequentibus
669 851 694 873 et
705 855 858 883 repugnan-

61 884 134 910 tibus
146 884 194 910 hoc
209 883 296 910 modo.
340 883 380 910 Ab
399 883 630 910 antecedentibus:
662 884 690 910 Si
709 885 759 911 viri
778 884 856 919 culpa

61 920 160 948 factum
179 926 218 947 est
235 921 394 952 divortium,
415 922 464 947 etsi
484 921 581 947 mulier
599 922 724 948 nuntium
742 923 854 953 remisit,

60 963 148 985 tamen
163 967 210 993 pro
225 958 315 985 liberis
329 967 435 985 manere
453 959 521 985 nihil
539 963 650 993 oportet.
677 961 719 986 ⁶20.
732 959 753 986 A
764 969 857 986 conse-

60 996 219 1031 quentibus:
242 996 270 1022 Si
289 996 395 1027 mulier,
416 1005 501 1031 quum
520 996 615 1023 fuisset
632 1001 715 1031 nupta
733 1006 795 1023 cum
814 1006 852 1028 eo,

60 1034 170 1068 quicum
184 1034 350 1060 connubium
364 1043 416 1060 non
430 1038 507 1061 esset.
519 1034 644 1060 nuntium
656 1035 771 1067 remisit,
788 1044 857 1069 quo-

59 1072 141 1104 niam,
155 1071 203 1106 qui
218 1071 270 1097 nati
285 1075 355 1102 sunt,
370 1076 471 1106 patrem
486 1080 537 1098 non
551 1076 710 1106 sequuntur,
727 1081 775 1106 pro
789 1072 856 1099 libe-

59 1109 96 1135 ris
114 1117 220 1135 manere
239 1108 305 1135 nihil
323 1112 434 1143 oportet.
469 1111 510 1135 21.
532 1109 555 1135 Α
573 1110 801 1145 repugnantibus:
828 1110 854 1136 Si

59 1145 248 1181 paterfamilias
267 1147 343 1172 uxori
361 1146 519 1172 ancillarum
537 1146 737 1173 usumfructum
757 1147 856 1183 legavit

59 1192 72 1210 a
96 1183 150 1210 filio
168 1192 255 1218 neque
273 1193 287 1210 a
304 1183 422 1210 secundo
440 1184 537 1211 herede
555 1184 662 1220 legavit,
682 1189 786 1211 mortuo
801 1185 855 1212 filio

58 1220 155 1248 mulier
168 1221 368 1248 usumfructum
382 1230 434 1248 non
448 1222 554 1248 amittit.
594 1222 671 1254 Quod
685 1223 756 1248 enim
771 1223 853 1249 semel

57 1262 215 1285 testamento
232 1259 312 1285 alicui
330 1259 422 1285 datum
440 1263 489 1291 est,
507 1259 535 1286 id
549 1259 582 1285 ab
596 1268 626 1286 eo
640 1260 732 1291 invito,
749 1261 792 1286 cui
807 1260 854 1286 da-

58 1300 115 1322 tum
135 1301 187 1327 est,
211 1296 310 1322 auferri
332 1305 383 1323 non
401 1300 496 1331 potest.
536 1297 677 1332 Repugnat
695 1298 766 1324 enim
785 1302 853 1324 recte

57 1334 176 1368 accipere
203 1337 229 1360 et
252 1333 366 1360 invitum
388 1334 508 1360 reddere.
551 1336 593 1361 22.
614 1335 655 1361 Ab
674 1334 853 1361 efficientibus

57 1372 160 1397 caussis
185 1371 233 1397 hoc
252 1371 343 1398 modo:
379 1370 512 1398 Omnibus
531 1372 626 1398 estius
641 1373 767 1406 parietem
783 1373 853 1399 dire-

57 1413 129 1435 ctum
149 1408 181 1434 ad
196 1409 322 1443 parietem
337 1417 507 1435 communem
521 1409 667 1445 adiungere
678 1410 720 1435 vel
735 1410 852 1436 solidum

56 1446 99 1472 vel
118 1445 287 1472 fornicatum.
327 1446 361 1472 At
378 1447 400 1472 si
420 1447 481 1481 quis
500 1447 527 1472 in
542 1447 641 1481 pariete
655 1448 792 1473 communi
805 1447 853 1474 de·-

56 1483 190 1510 moliendo
204 1483 294 1510 damni
309 1483 399 1510 infecti
415 1485 574 1518 promiserit,
587 1493 639 1511 non
654 1484 762 1511 debebit
776 1494 852 1519 prae-

56 1521 214 1555 stare,quod
226 1520 313 1547 fornix
321 1522 378 1547 vitii
393 1521 497 1548 fecerit:
521 1523 715 1548 nonenimeius
723 1522 851 1557 vitio,qui

55 1557 199 1584 demolitus
217 1562 265 1589 est,
286 1558 415 1584 damnum
434 1558 534 1585 factum
553 1564 601 1590 est,
622 1559 670 1585 sed
688 1560 746 1585 eius
763 1561 851 1594 operis

56 1596 128 1626 vitio,
149 1595 222 1630 quod
239 1596 274 1622 ita
292 1596 460 1622 aedificatum
475 1600 523 1627 est,
539 1601 569 1623 ut
582 1597 712 1630 suspendi
728 1606 778 1623 non
790 1606 852 1631 pos-

55 1637 103 1659 set.
130 1634 171 1660 23.
191 1633 232 1659 Ab
250 1633 349 1660 effectis
364 1633 444 1660 rebus
458 1634 508 1660 hoc
519 1634 611 1660 modo:
649 1634 739 1666 Quum
753 1635 851 1661 mulier

55 1671 112 1697 viro
134 1671 162 1697 in
180 1679 290 1697 manum
308 1671 439 1702 convenit,
459 1672 558 1703 omnia,
574 1680 643 1706 quae
657 1672 778 1698 mulieris
793 1671 851 1698 fue-

55 1712 129 1739 runt,
159 1708 210 1734 viri
238 1708 305 1734 fiunt
332 1708 402 1735 dotis
427 1709 543 1735 nomine.
593 1709 634 1735 Ex
655 1710 851 1744 comparatione

55 1749 143 1771 autem
161 1746 250 1772 omnia
267 1745 363 1777 valent,
379 1754 448 1781 quae
462 1751 525 1772 sunt
539 1746 709 1773 huiusmodi:
732 1747 808 1779 Quod
823 1748 850 1773 in

55 1790 82 1809 re
95 1783 193 1809 maiore
208 1783 285 1814 valet,
304 1783 388 1810 valeat
401 1784 428 1810 in
442 1784 552 1815 minore,
570 1788 607 1815 ut,
624 1785 646 1811 si
661 1785 688 1810 in
704 1785 770 1811 urbe
784 1785 850 1811 fines

55 1828 105 1846 non
117 1824 254 1855 reguntur,
268 1829 316 1847 nec
326 1829 394 1856 aqua
405 1822 432 1847 in
442 1821 509 1848 urbe
520 1826 648 1848 arceatur.
670 1823 734 1848 Item
745 1827 847 1849 contra:

54 1856 129 1889 Quod
148 1858 174 1884 in
194 1858 295 1884 minore
309 1858 387 1890 valet,
404 1858 490 1885 valeat
503 1859 531 1885 in
545 1860 653 1885 maiore.
694 1860 768 1886 Licet
777 1859 848 1886 idem

54 1894 207 1929 exemplum
221 1900 384 1922 convertere.
424 1896 503 1922 Item:
525 1896 602 1928 Quod
616 1897 643 1923 in
655 1905 682 1923 re
696 1898 753 1932 pari
768 1897 846 1929 valet,

55 1931 138 1958 valeat
152 1932 178 1958 in
194 1932 327 1968 hac,quae
342 1942 389 1968 par
402 1938 455 1965 est,
472 1938 514 1960 ut:
530 1934 661 1966 Quoniam
677 1943 744 1961 usus
758 1939 849 1961 aucto-

54 1969 117 1995 ritas
140 1969 217 1996 fundi
236 1970 374 1997 biennium
394 1975 441 2001 est,
462 1971 497 1997 sit
515 1972 593 1997 etiam
610 1972 727 1998 aedium.
768 1972 801 1998 At
820 1973 847 1998 in

54 2005 111 2042 lege
129 2007 208 2033 aedes
226 2016 277 2034 non
297 2007 465 2042 appellantur
482 2012 507 2034 et
521 2013 584 2035 sunt
596 2013 743 2035 ceterarum
758 2018 847 2036 rerum

53 2045 182 2074 omnium,
199 2053 314 2079 quarum
325 2054 430 2071 annuus
445 2050 485 2072 est
496 2055 572 2072 usus.
613 2046 702 2072 Valeat
715 2048 844 2081 aequitas,

53 2089 121 2117 quae
132 2081 241 2116 paribus
252 2082 279 2108 in
289 2083 392 2108 caussis
404 2083 476 2117 paria
489 2083 545 2109 ini-a
555 2083 698 2110 desiderat.
719 2086 760 2111 2⁴.
774 2084 847 2116 Quae

53 2123 141 2146 autem
157 2119 322 2146 extrinsecus
337 2125 520 2151 assumuntur,
537 2129 566 2146 ea
580 2121 697 2147 maximo
711 2130 744 2148 ex
757 2126 848 2148 aucto-

53 2156 128 2183 ritate
142 2156 286 2183 ducuntur.
312 2157 404 2192 ltaque
418 2157 510 2184 Graeci
526 2158 590 2184 tales
605 2160 847 2194 argumentationes

53 2193 176 2227 ἀτέχνους
194 2198 300 2225 vocant,
322 2194 349 2220 id
367 2199 407 2220 est
425 2195 488 2221 artis
506 2201 641 2230 expertes,
663 2200 691 2222 ut
713 2196 736 2222 si
756 2197 791 2222 ita
807 2206 847 2223 rc-

53 2230 197 2265 spondeas:
220 2230 350 2263 Quoniam
365 2232 394 2258 P.
411 2231 535 2258 Scaevola
550 2233 577 2259 id
591 2233 679 2259 solum
691 2242 749 2259 esse
761 2234 848 2260 anibi-

52 2272 96 2295 tus
115 2268 221 2295 aedium
240 2269 350 2299 dixerit,
370 2278 425 2304 (1110
443 2270 551 2304 parietis
569 2271 721 2297 communis
740 2271 846 2307 tegendi

53 2313 146 2332 caussa
165 2310 263 2332 tectum
282 2307 468 2341 proiiceretnr,
490 2316 522 2333 ex
539 2316 594 2342 quo
612 2308 638 2333 in
657 2312 756 2334 tectum
776 2309 843 2340 eius,

53 2342 130 2369 aedes
140 2343 187 2378 qui
203 2344 370 2378 protexisset.
379 2353 446 2379 aqua
458 2343 593 2375 deflueret,
606 2345 633 2371 id
641 2345 688 2371 tibi
701 2345 844 2373 iusvideri.

107 2381 148 2407 25.
171 2381 217 2406 llis
236 2381 317 2416 igitur
337 2381 409 2412 locis,
430 2381 476 2416 qui
495 2386 558 2408 sunt
576 2383 700 2416 expositi,
717 2382 749 2408 ad
767 2392 846 2409 omne

53 2422 237 2452 argumentum
261 2419 447 2452 reperiendum
470 2424 605 2454 tamquam
628 2419 766 2446 elementis
784 2421 847 2455 qui-

52 2453 164 2481 busdam
188 2455 346 2490 significatio
368 2461 393 2482 et
416 2456 605 2482 demonstratio
623 2457 710 2482 datur.
751 2458 845 2484 Utrum

52 2490 134 2526 igitur
152 2492 280 2519 hactenus
299 2493 363 2519 satis
381 2493 439 2520 est?
459 2494 518 2519 Tibi
536 2494 646 2528 quidem
666 2499 718 2520 tam
730 2500 806 2520 acuto
820 2499 846 2520 ct

52 2531 104 2555 tam
122 2534 249 2564 occupato
267 2534 340 2564 puto.
367 2531 397 2557 V.
417 2531 477 2562 Sed,
494 2532 620 2566 quoniam
635 2531 744 2557 avidum
760 2531 847 2558 1101111-

53 2573 112 2592 nem
134 2566 166 2593 ad
182 2567 229 2593 lias
247 2567 367 2594 discendi
382 2568 475 2603 epulas
494 2569 589 2603 recepi,
606 2569 644 2594 sic
658 2569 795 2603 accipiam,
817 2573 846 2595 nt

51 2601 224 2638 reliquiarum
247 2605 282 2631 sit
304 2605 392 2640 potius
411 2605 522 2640 aliquid,
540 2614 621 2640 (11111111
640 2610 663 2632 te
682 2605 744 2632 hinc
762 2607 846 2640 patiar

881 1566 882 1574 ¹
900 1561 973 1591 piam
989 1562 1111 1592 pervenit.

52 2647 103 2666 non
116 2641 240 2668 satiatum
255 2641 400 2670 discedere.
423 2645 465 2670 26.
481 2642 593 2675 Quando
607 2652 669 2678 crgo
684 2651 755 2669 unus
769 2644 846 2678 qnis-

51 2683 103 2711 que
125 2686 216 2705 eorum
241 2678 369 2712 locorum,
399 2689 468 2716 quos
491 2681 617 2715 exposui,
642 2689 690 2706 sua
713 2681 844 2716 quaedam
867 2692 869 2707 ι

1014 143 1021 167 1
1046 157 1083 161 —
1102 143 1127 168 7.
1659 150 1706 174 ⁴83

912 212 1030 238 membra
1049 213 1137 243 habet,
1157 221 1187 239 ea
1205 222 1286 248 quam
1305 214 1482 241 subtilissime
1502 225 1703 252 persequamur.

912 254 937 275 et
951 250 1068 284 primum
1087 250 1119 276 de
1137 251 1195 285 ipsa
1211 251 1364 277 definitione
1378 252 1490 279 dicatur.
1530 255 1653 282 Definitio
1667 262 1706 282 est

912 288 1007 319 oratio,
1030 296 1099 322 quae
1117 288 1158 319 id,
1178 288 1251 323 quod
1269 288 1406 321 definitur,
1428 291 1555 325 explicat,
1576 293 1642 327 quid
1661 294 1704 319 sit.

912 324 1101 351 Definitionum
1123 330 1211 351 autem
1230 325 1283 352 duo
1301 331 1363 353 sunt
1381 336 1476 362 genera
1495 329 1594 363 prima:
1621 338 1705 356 unum

911 370 1002 388 earum
1021 371 1119 393 rerum,
1139 371 1208 397 quae
1226 368 1301 393 sunu
1331 364 1444 391 alterum
1462 374 1563 393 earum.
1583 375 1652 402 quae
1666 368 1707 393 in-

912 399 1079 434 telliguntur.
1114 401 1155 425 ⁶27.
1180 401 1246 426 Esse
1269 410 1298 427 ea
1321 401 1392 433 dico,
1413 411 1481 437 quae
1504 405 1576 430 cerni
1599 405 1706 437 tangive

912 441 1037 470 possunt,
1064 441 1094 463 ut
1112 437 1240 469 fundum,
1261 438 1348 469 aedes,
1369 441 1505 474 parietem,
1526 438 1703 471 stillicidium.

912 474 1085 508 mancipium,
1106 475 1246 509 pecudem,
1267 476 1470 511 supellectilem,
1490 487 1585 512 penus,
1605 484 1704 506 cetera:

912 519 965 545 quo
988 519 1020 537 ex
1043 520 1139 546 genere
1158 513 1288 547 quaedam
1308 514 1442 541 interdum
1462 516 1538 542 nobis
1557 516 1705 542 definienda

911 552 983 574 sunt.
1025 549 1083 574 Non
1101 557 1160 575 esse
1182 558 1276 576 rursus
1294 559 1323 576 ea
1343 551 1410 582 dico,
1427 561 1495 587 quae
1509 555 1581 589 tangi
1596 554 1706 580 demon—

888 613 890 620 ,
911 586 1022 611 strarive
1040 594 1092 612 non
1107 591 1227 621 possunt,
1244 589 1316 613 cerni
1331 593 1417 615 tamen
1432 590 1520 616 animo
1534 596 1613 626 atque
1627 591 1706 617 intel-

912 621 959 657 ligi
978 628 1099 657 possunt,
1121 628 1150 649 ut
1168 624 1190 650 si
1208 626 1409 659 usucapionem,
1429 627 1451 653 si
1471 628 1590 659 tutelam,
1607 629 1629 654 si
1640 637 1705 663 gen-

912 664 973 691 tcm,
998 661 1021 686 si
1041 661 1208 695 agnationem
1227 662 1346 693 definias,
1367 672 1481 698 quarum
1496 674 1584 691 rerum
1600 666 1704 692 nullum

910 697 1003 723 subest
1021 698 1099 732 quasi
1117 707 1227 733 corpus3
1250 704 1290 725 est
1308 704 1394 726 tamen
1412 702 1542 736 quaedam
1558 703 1705 729 conforma-

911 734 946 760 tio
960 735 1085 769 insignita
1100 739 1125 761 et
1138 736 1268 770 impressa
1283 737 1310 762 in
1324 738 1508 773 intelligentia,
1525 749 1605 774 quam
1621 741 1704 766 notio-

910 779 971 797 nem
995 780 1069 798 voco.
1109 773 1145 798 Ea
1168 782 1247 808 saepe
1270 775 1297 800 in
1321 777 1530 810 argumentando
1552 777 1704 804 delinitione

909 808 1066 843 explicanda
1090 814 1138 836 est.
1173 812 1214 837 28.
1238 811 1324 846 Atque
1347 813 1425 838 etiam
1449 813 1616 840 definitiones
1639 815 1704 841 aliae

909 851 972 872 sunt
1000 847 1187 881 partitionum,
1213 848 1279 874 aliae
1302 849 1481 877 divisionum:
1521 852 1701 885 partitionum.

909 892 994 918 quum
1016 893 1058 910 res
1081 893 1119 916 ea,
1139 894 1208 920 quae
1227 887 1360 921 proposita
1378 892 1426 918 est,
1447 889 1525 922 quasi
1544 890 1571 915 in
1587 890 1703 915 membra

909 921 1082 955 discerpitur;
1118 927 1148 948 ut
1161 923 1183 948 si
1198 924 1260 958 quis
1274 924 1317 950 ius
1331 925 1410 951 civile
1424 926 1494 952 dicat
1507 926 1534 952 id
1549 935 1615 957 esse,
1631 927 1703 961 quod

908 958 935 984 in
951 958 1065 993 legibuS,
1081 961 1329 992 senatusconsultis,
1346 962 1426 988 rebus
1440 963 1572 994 iudicatis,
1590 965 1704 999 iurispe-

908 996 1019 1022 ritorum
1038 998 1200 1029 auctoritate,
1220 998 1314 1025 edictis
1332 1000 1546 1035 magistratuum,
1567 1010 1647 1032 more,
1661 1011 1704 1028 ae—

908 1034 1009 1068 quitate
1032 1035 1168 1061 consistat.
1206 1036 1374 1063 Divisionum
1401 1042 1488 1064 antem
1511 1038 1630 1065 definitio
1652 1039 1704 1065 for-

908 1079 965 1097 mas
987 1080 1079 1098 omnes
1103 1072 1297 1107 complectitur,
1320 1083 1389 1109 quae
1407 1076 1458 1101 sub
1477 1084 1507 1102 eo
1520 1085 1616 1111 genere
1630 1082 1701 1107 sunt,

908 1109 980 1143 quod
1000 1109 1133 1141 definitur,
1160 1110 1208 1136 hoc
1228 1111 1319 1138 modo:
1347 1112 1503 1139 abalienatio
1521 1119 1561 1140 est
1578 1115 1636 1140 eius
1655 1116 1701 1144 rei,

907 1155 976 1180 quae
995 1148 1111 1182 mancipi
1130 1152 1178 1179 est,
1195 1153 1240 1174 aut
1254 1149 1359 1176 traditio
1372 1150 1447 1177 alteri
1462 1160 1532 1177 nexu
1547 1157 1592 1177 ant
1605 1152 1632 1177 in
1647 1153 1703 1177 iurc

906 1184 1001 1215 cessio,
1018 1185 1087 1210 inter
1100 1193 1168 1220 quos
1179 1194 1209 1211 ea
1221 1186 1278 1212 iure
1289 1187 1361 1213 civili
1375 1187 1430 1214 fieri
1441 1193 1563 1223 possunt.
1579 1190 1621 1215 VI.
1635 1189 1703 1215 Sunt

907 1221 986 1247 etiam
1010 1222 1060 1248 alia
1082 1231 1178 1258 genera
1201 1222 1400 1251 definitionum:
1423 1225 1470 1252 sed
1488 1226 1520 1252 ad
1540 1226 1621 1253 huius
1642 1226 1702 1252 libri

906 1258 1059 1285 institutum
1073 1260 1118 1286 illa
1133 1260 1200 1286 nihil
1215 1262 1360 1295 pertinent,
1383 1266 1485 1289 tantum
1497 1268 1536 1290 est
1547 1264 1700 1295 dicendum,

905 1297 952 1330 qui
967 1297 1001 1323 sit
1015 1297 1177 1324 definitionis
1188 1298 1292 1325 modus
1315 1301 1356 1326 29.
1369 1300 1412 1326 Sic
1423 1301 1505 1336 igitur
1517 1306 1616 1328 veteres
1628 1310 1703 1336 prae-

905 1334 1021 1368 cipiunt:
1044 1343 1129 1369 quum
1144 1337 1292 1370 sumpseris
1307 1346 1345 1368 ea,
1362 1346 1430 1372 quae
1444 1343 1506 1364 sunt
1521 1340 1543 1365 ei
1559 1340 1604 1369 rei,
1621 1348 1701 1374 quam

905 1370 1015 1398 definire
1034 1372 1110 1403 velis,
1132 1381 1194 1399 cum
1213 1373 1272 1399 aliis
1290 1376 1451 1405 communia,
1469 1385 1555 1410 usque
1568 1385 1598 1402 eo
1613 1386 1702 1411 pei-se-

904 1409 961 1443 qui,
979 1409 1044 1435 dum
1063 1411 1201 1444 proprium
1220 1410 1357 1443 efficiatur,
1378 1413 1450 1447 quod
1466 1413 1566 1440 nullam
1582 1414 1607 1440 in
1622 1414 1700 1440 aliam

905 1454 960 1472 rem
980 1447 1115 1473 transferri
1134 1448 1226 1482 possit,
1249 1453 1278 1475 ut
1297 1449 1359 1476 hoc:
1386 1451 1521 1476 Hereditas
1536 1456 1571 1477 ese
1583 1455 1700 1484 pecunia.

905 1484 1052 1510 Commune
1066 1485 1167 1517 adhuc;
1190 1485 1274 1512 multa
1288 1488 1359 1512 enim
1374 1496 1469 1522 genera
1484 1493 1546 1514 sunt
1562 1490 1699 1523 pecuniae.

904 1521 979 1547 Adde
1002 1522 1074 1556 quod
1093 1522 1230 1557 sequitur:
1257 1533 1321 1557 quae
1341 1529 1421 1550 morte
1438 1527 1550 1552 alicuius
1565 1528 1600 1551 (111
1614 1536 1700 1559 quem-

1151 1560 1277 1587 Nondum
1300 1566 1340 1587 est
1362 1562 1494 1591 definitio:
1518 1563 1610 1589 multis
1629 1564 1700 1590 enim

904 1595 990 1622 modis
1017 1597 1075 1622 sine
1103 1597 1247 1624 hereditate
1273 1600 1355 1625 teneri
1384 1605 1548 1626 mortuorum
1573 1602 1700 1635 pecuniae

902 1638 1025 1667 possunt.
1048 1634 1135 1660 Unum
1150 1634 1217 1661 adde
1232 1636 1352 1667 verbum,
1370 1639 1439 1669 1'11re;
1461 1638 1512 1663 iam
1527 1647 1539 1663 a
1550 1639 1700 1664 communi-

903 1675 955 1697 tate
973 1680 1015 1697 res
1033 1671 1167 1698 disiuncta
1182 1672 1326 1705 videbitur,
1348 1679 1376 1700 ut
1390 1675 1424 1701 sit
1438 1675 1567 1709 explicata
1582 1675 1700 1702 definitio

902 1708 955 1734 sic:
990 1709 1126 1735 Hereditas
1147 1714 1182 1736 esc
1201 1714 1324 1743 pecunia.
1351 1721 1416 1745 quae
1437 1717 1515 1738 morte
1535 1715 1646 1739 ulicin‘us
1666 1717 1700 1739 <id

902 1749 1047 1779 quempiam
1063 1750 1179 1780 pervenit
1202 1750 1266 1774 iure.
1306 1749 1430 1775 Nondum
1453 1754 1493 1776 est
1515 1751 1593 1782 satis,
1621 1750 1696 1781 adde,

901 1792 947 1810 nec
969 1793 999 1810 ea
1018 1789 1064 1810 aut
1083 1786 1167 1817 lcyaea
1183 1789 1342 1817 testamento,
1358 1791 1404 1813 aut
1416 1790 1572 1820 possessione
1587 1793 1698 1816 retenta:

901 1820 1052 1847 confectum
1079 1826 1128 1848 est.
1177 1822 1306 1858 Itemque,
1334 1828 1364 1850 ut
1390 1824 1471 1851 illud:
1506 1824 1618 1851 Gentiles
1640 1831 1699 1851 sunl

901 1860 969 1884 inter
985 1867 1020 1889 se,
1037 1861 1081 1892 qui
1099 1861 1184 1885 eodem
1201 1863 1302 1887 nomine
1315 1866 1382 1887 sunl.
1423 1862 1480 1888 Non
1498 1867 1538 1888 est
1551 1863 1624 1888 satis.
1650 1864 1699 1894 Qui

900 1897 933 1921 ab
954 1898 1072 1929 inqcnuis
1091 1899 1195 1923 oriundi
1214 1902 1281 1924 siml.
1322 1899 1359 1924 Ne
1382 1899 1409 1925 id
1433 1899 1543 1934 quidem
1566 1900 1630 1926 satis
1648 1905 1696 1926 est.

902 1933 1016 1964 Quorum
1048 1936 1175 1960 maiorum
1201 1944 1272 1961 nemo
1294 1939 1439 1962 servitutem
1466 1939 1577 1963 servivit.
1619 1938 1699 1964 Abest

899 1971 978 1997 etiam
998 1979 1077 1998 nunc.
1119 1972 1170 2004 Qui
1184 1975 1326 2005 cupitorum
1336 1976 1538 2000 suntdeminuti'.
1579 1975 1631 2001 Hoc
1647 1975 1698 2001 for—

900 2012 970 2034 tasse
989 2009 1053 2035 satis
1073 2013 1122 2035 est.
1164 2009 1236 2036 Nihil
1252 2010 1322 2036 enim
1339 2011 1415 2037 video
1430 2011 1593 2043 Scaevolam,
1612 2014 1697 2046 ponti-

900 2046 985 2077 ficem,
1006 2046 1038 2072 ad
1059 2046 1126 2073 lianc
1143 2046 1324 2074 definitionem
1344 2048 1488 2075 addidisse.
1529 2049 1616 2084 Atque
1635 2050 1697 2076 haec

900 2084 966 2110 ratio
989 2083 1058 2110 valet
1081 2084 1108 2110 in
1128 2088 1242 2119 utroque
1259 2094 1356 2120 genere
1374 2086 1574 2117 definitionum,
1594 2088 1651 2113 sivo
1671 2087 1696 2112 id

899 2121 971 2156 quod
990 2125 1038 2152 est,
1060 2122 1118 2147 sive
1137 2122 1163 2148 id
1178 2122 1250 2157 quod
1265 2123 1432 2158 intelligitur,
1449 2124 1631 2150 deliniendum
1645 2130 1694 2150 est.

899 2161 940 2185 30.
966 2159 1140 2185 Partitionum
1163 2164 1252 2186 autem
1281 2165 1306 2186 ct
1329 2160 1493 2187 divisionum
1517 2170 1604 2196 genus
1618 2162 1696 2196 quale

899 2200 977 2226 esset,
993 2196 1170 2227 ostendimus,
1187 2197 1234 2223 sed
1248 2197 1314 2232 qnid
1329 2198 1397 2224 inter
1407 2207 1435 2224 se
1447 2198 1576 2229 dill'erant,
1590 2198 1696 2233 planius

898 2233 1043 2260 dicendum
1062 2238 1111 2260 est.
1153 2235 1180 2260 111
1201 2236 1340 2269 partitione
1354 2236 1431 2270 quasi
1447 2236 1565 2262 membra
1579 2241 1650 2264 sunt,
1669 2241 1696 2262 111

897 2271 1015 2305 corporis
1033 2275 1121 2305 caput,
1143 2271 1257 2302 humeri,
1280 2281 1383 2302 manus,
1406 2273 1492 2302 latera,
1513 2282 1598 2303 crura,
1616 2273 1695 2307 pedes

898 2313 923 2335 et
940 2313 1039 2340 cetera,
1063 2309 1116 2334 vn.
1136 2309 1163 2335 111
1182 2309 1314 2335 divisione
1329 2309 1427 2336 formae
1441 2315 1512 2339 sunt,
1532 2319 1599 2344 quas
1614 2311 1695 2336 Grae-

897 2347 921 2372 ci
936 2346 991 2379 εὶδη
1009 2350 1116 2377 vocant,
1141 2347 1231 2376 nostri,
1247 2347 1270 2372 si
1284 2348 1331 2381 (1111
1348 2347 1410 2373 liaec
1422 2346 1486 2373 forte
1501 2352 1617 2375 tractant.
1635 2356 1695 2382 spi*

898 2383 952 2409 cies
966 2382 1110 2417 appellant,
1127 2392 1178 2409 non
1194 2384 1309 2417 pessime
1324 2384 1350 2410 id
1364 2384 1484 2419 quidem,
1500 2384 1547 2410 sed
1567 2385 1695 2412 inutiliter

898 2420 930 2446 ad
953 2419 1093 2446 mutandos
1112 2429 1190 2446 casus
1210 2421 1236 2446 in
1254 2420 1376 2447 dicendo.
1419 2421 1505 2447 Nolim
1524 2422 1604 2452 enim,
1626 2431 1657 2449 ne
1671 2423 1694 2448 si

876 2475 877 2478 .
900 2458 989 2483 Latine
1008 2457 1118 2492 quidem
1136 2458 1188 2483 dici
1208 2459 1299 2492 possit,
1319 2461 1458 2491 specierum
1474 2463 1499 2484 et
1512 2461 1640 2492 speciebus
1653 2459 1694 2486 (Ιί-

898 2503 970 2523 1·οι·ο·,
992 2499 1017 2520 et
1035 2503 1113 2528 saepe
1132 2495 1173 2520 liis
1187 2495 1294 2521 casibus
1310 2496 1438 2522 utendum
1454 2500 1506 2524 est,
1529 2501 1554 2522 at
1566 2499 1656 2529 sor-niis
1669 2502 1694 2523 et

896 2535 1039 2566 fornum-um
1059 2532 1148 2558 velim.
1190 2533 1278 2564 Quum
1297 2538 1385 2559 autem
1401 2538 1512 2568 utroque
1528 2534 1608 2560 verbo
1622 2534 1692 2560 idem

896 2570 1075 2603 significetur,
1101 2570 1315 2596 commoditatem
1335 2571 1361 2596 in
1380 2571 1493 2597 dicendo
1511 2580 1562 2598 non
1581 2571 1694 2598 arbitror

897 2607 1095 2641 negligendam.
1130 2609 1171 2633 31.
1196 2608 1288 2634 Genus
1310 2613 1336 2634 et
1359 2607 1470 2634 formam
1493 2608 1625 2636 definiunt
1644 2609 1693 2635 boe

897 2644 988 2670 inodo:
1016 2644 1108 2670 Genus
1126 2649 1166 2670 est
1184 2645 1255 2671 notio
1272 2645 1305 2671 ad
1324 2645 1414 2680 plures
1432 2645 1593 2673 differentias
1612 2647 1693 2681 perti-

897 2690 972 2708 nens.
1014 2682 1106 2708 Forma
1130 2686 1169 2708 est
1193 2682 1272 2713 notio,
1297 2683 1376 2710 cuius
1399 2683 1545 2710 differentia
1561 2684 1592 2710 nd
1612 2689 1691 2718 cupiit
