1941 3052
570 157 862 186 PHILIPPICA
891 158 922 185 V.
955 157 1052 185 CAP.
1077 159 1086 184 1
1109 159 1191 185 -6,

62 242 134 262 arma
145 231 255 270 largiri?
272 233 391 268 primum
406 239 502 258 nervos
517 230 594 262 belli,
612 230 753 266 pecuniam
767 229 858 256 infini-

62 277 124 303 tam,
133 280 186 307 qua
196 279 268 298 nunc
281 274 352 306 eget:
366 269 462 295 deinde
474 270 631 304 equitatum,
640 272 770 303 quantum
782 267 855 293 velit.

61 309 218 345 Equitatum
238 307 316 334 dico?
338 307 488 338 Dubitabit,
511 306 603 337 credo,
624 310 716 342 gentes
733 304 856 331 barbaras

61 355 153 374 secum
165 345 306 372 adducere.
346 345 400 371 Hoc
410 344 457 379 qui
470 352 520 370 non
533 343 613 374 videt,
627 351 719 369 excors
730 346 783 368 est:
797 342 854 377 qui,

60 393 146 420 quum
157 383 237 414 videt,
251 382 377 413 decernit,
394 382 504 416 impius.
546 382 570 407 6.
592 381 631 407 Tu
643 381 729 407 civem
744 379 857 406 scelera-

60 426 118 449 tum
134 425 160 448 et
174 420 309 456 perditum
325 419 463 447 Gallorum
480 423 505 445 et
516 419 709 445 Germanorum
727 418 853 447 exercitu.

60 459 186 495 pecunia,
204 458 338 493 peditatu,
357 457 491 492 equitatu,
509 456 593 490 copiis
607 454 742 482 instrues‘?
761 454 856 480 Nullae

59 497 126 524 istae
137 496 322 523 excusationes
333 499 410 521 sunt:
433 502 509 521 meus
525 493 627 519 amicus
638 497 688 519 est.
728 491 767 518 Sit
781 492 855 527 prius

59 534 170 570 patriae.
210 534 286 560 Meus
306 537 444 569 cognatus.
486 531 525 558 An
547 534 633 566 potest
655 530 775 565 cognatio
801 528 855 555 ulla

59 572 167 607 propior
177 579 244 602 esse,
258 579 339 606 quam
351 570 459 605 patriae,
467 569 494 595 in
506 577 559 603 qua
570 568 648 594 etiam
660 571 782 602 parentes
793 575 857 592 con-

59 608 197 636 tinentur?
225 608 291 635 Mihi
311 608 452 643 pecuniam
472 606 601 633 attribuit.
650 605 734 639 Cupio
754 603 852 634 videre,

60 647 107 682 qui
119 647 146 673 id
157 646 252 673 audeat
263 645 360 672 dicere.
400 644 471 677 Quid
483 647 571 670 autem
583 646 683 678 agatur,
697 650 782 676 quum
793 649 856 675 ape-

59 693 150 715 ruero,
174 683 250 710 facile
265 683 314 710 erit
329 686 458 714 statuere,
480 689 561 716 quam
575 679 733 706 sententiam
749 678 853 710 dicatis,

58 726 105 749 aut
114 730 196 757 quam
207 720 367 756 sequamini.

115 760 158 786 111.
180 758 289 795 Agitur.
305 761 396 784 utrum
410 756 446 782 M.
463 755 577 782 Antonio
591 753 704 780 facultas
720 752 797 779 detur
807 761 855 787 op—

59 796 214 832 primendae
225 794 395 830 reipublicae,
408 793 496 820 caedis
508 791 643 819 faciendae
655 791 800 820 bonorum.
813 790 856 816 di-

59 834 195 869 ripiendae
206 833 298 864 Urbis,
314 840 438 868 agrorum
449 831 507 857 suis
519 829 666 856 latronibus
677 827 852 859 condonandi,

58 871 189 906 populum
199 871 349 897 Romanum
361 869 489 895 servitute
504 866 688 902 opprimendi:
709 874 742 892 an
759 865 854 892 horum

58 910 82 935 ei
94 909 178 935 Iacere
189 907 257 935 nihil
270 907 355 934 liceat.
396 906 532 936 Dubitate,
546 904 613 940 quid
624 904 718 940 agatiS.
758 903 792 929 At
803 911 854 929 non

57 946 156 973 cadunt
169 946 234 972 haec
249 945 277 972 in
287 944 443 971 Antonium.
483 944 508 969 7.
531 943 584 969 Hoc
595 950 627 968 ne
639 941 730 977 Cotyla
743 940 854 976 quidem

57 983 144 1010 dicere
160 983 278 1010 auderet.
318 981 389 1015 Quid
407 981 478 1008 enim
494 981 521 1006 in
537 989 599 1006 eum
615 988 667 1006 non
687 977 776 1005 cadit?
795 978 852 1013 qui,

57 1022 135 1048 cuius
151 1025 206 1047 acta
222 1029 250 1047 se
261 1019 402 1046 defendere
413 1018 490 1049 dicit,
508 1019 566 1044 eius
578 1026 621 1043 eas
634 1016 705 1052 leges
717 1016 852 1051 pervertit,

56 1067 124 1094 quas
136 1059 252 1085 maxime
264 1057 371 1084 laudare
382 1060 544 1091 poteramus.
576 1054 622 1081 Ille
634 1054 746 1089 paludes
756 1054 854 1080 siccare

56 1096 155 1123 voluit:
179 1096 222 1122 hic
236 1103 343 1122 omnem
358 1094 459 1121 Italiam
476 1093 611 1120 moderato
625 1092 740 1122 homini,
757 1091 786 1117 L.
799 1090 854 1117 An-

57 1134 136 1165 tonio,
149 1132 322 1160 dividendam
333 1132 417 1159 dedit.
457 1130 546 1163 Quid?
559 1130 627 1156 hanc
639 1129 723 1165 legem
736 1128 853 1163 populus

56 1171 191 1198 Romanus
202 1169 321 1205 accepit?
330 1169 415 1205 quid?
425 1177 472 1204 per
482 1168 602 1203 auspicia
614 1166 675 1193 ferri
688 1166 791 1201 potuit?
801 1165 854 1191 Sed

56 1217 143 1245 augur
158 1207 326 1235 verecundus
342 1207 400 1233 sine
411 1206 520 1242 collegis
532 1205 564 1232 de
575 1204 714 1239 auspiciis.
754 1203 854 1235 Quam-

56 1255 137 1282 quam
158 1245 204 1273 illa
223 1246 342 1280 auspicia
363 1253 415 1271 non
431 1248 510 1279 egent
528 1242 753 1277 interpretatione.
794 1241 854 1267 Iove

56 1285 128 1310 enim
144 1287 250 1310 tonante
264 1291 326 1310 cum
338 1281 438 1317 populo
448 1281 490 1316 agi
502 1289 553 1307 non
566 1288 624 1306 esse
635 1279 687 1311 fas,
704 1279 766 1314 quis
777 1279 854 1314 igno-

55 1320 113 1348 rat?
133 1321 244 1348 Tribuni
262 1320 349 1355 plebis
365 1319 483 1346 tulerunt
494 1318 526 1344 de
538 1317 683 1352 provinciis
697 1320 786 1342 contra
798 1319 853 1341 acta

56 1359 189 1390 Caesaris,
206 1357 252 1384 ille
266 1357 419 1388 biennium,
438 1356 486 1382 iste
501 1355 674 1381 sexennium:
697 1362 762 1379 num
774 1354 852 1379 etiam

55 1396 124 1423 hanc
135 1395 220 1431 legem
233 1395 349 1430 populus
360 1395 496 1421 Romanus
508 1391 626 1427 accepit?
639 1390 853 1426 quid‘?1)romul-

54 1437 114 1469 gata
127 1433 194 1460 suit‘?
213 1432 298 1468 quid‘?
318 1440 404 1458 nonne
415 1435 474 1457 ante
488 1430 550 1461 lata,
573 1438 654 1464 quam
666 1428 782 1463 scripta?
801 1437 852 1454 non
881 1462 883 1470 ⁴

56 1475 115 1497 ante
127 1470 219 1497 factam
233 1470 366 1501 vidimus,
379 1477 458 1504 quam
471 1467 589 1494 futuram
600 1467 744 1501 quisquam
757 1469 796 1491 est
807 1474 854 1491 su-

55 1507 192 1543 spicatus‘?
212 1510 236 1534 8.
250 1508 300 1534 Ubi
313 1507 355 1533 lex
367 1505 478 1533 Caecilia
491 1509 515 1531 et
527 1504 620 1531 Didia‘?
640 1504 686 1530 ubi
699 1503 854 1539 promulga—

55 1547 105 1577 tio,
119 1546 219 1572 trinum
231 1544 401 1572 nundinum‘?
415 1543 460 1570 ubi
473 1551 586 1578 poenae,
600 1542 697 1568 recenti
710 1541 767 1577 lege
779 1541 853 1567 lunia

54 1588 80 1609 et
91 1582 210 1610 Licinia?
220 1583 369 1609 Possumne
380 1581 429 1608 1130
442 1580 513 1616 leges
525 1584 594 1606 ratae
605 1587 663 1606 esse
674 1579 732 1605 sine
743 1579 853 1604 interitu

56 1620 145 1657 legum
157 1619 339 1655 reliquarum?
352 1619 433 1646 Eccui
445 1622 560 1653 potestas
574 1618 601 1643 in
614 1616 700 1643 sorum
712 1616 853 1642 insinuan-

54 1658 82 1685 di
103 1657 170 1685 fuit‘?
190 1657 262 1690 Quae
281 1666 358 1692 porro
378 1656 424 1682 illa
445 1654 578 1682 tonitrua?
599 1661 668 1689 quae
690 1652 854 1688 tempestas?

55 1699 97 1727 ut.
111 1696 133 1722 si
145 1695 264 1730 auspicia
276 1695 311 1722 M.
327 1694 472 1721 Antonium
485 1702 536 1719 non
549 1695 699 1722 moverent,
719 1691 853 1717 sustinere

55 1737 142 1760 tamen
158 1741 233 1764 eum,
256 1741 285 1759 ac
302 1731 369 1759 serre
383 1739 461 1766 posse
478 1735 576 1757 tantam
598 1730 653 1756 vim
674 1728 850 1763 tempestatis,

55 1770 148 1797 imbris
160 1779 189 1797 ac
201 1770 352 1801 turbinum,
371 1769 469 1795 mirum
481 1768 626 1795 videretur.
667 1766 753 1799 Quam
766 1765 851 1801 legem

54 1808 137 1844 igitur
151 1816 180 1834 se
195 1816 281 1843 augur
295 1807 360 1834 dicit
374 1806 482 1837 tulisse,
501 1814 553 1832 non
570 1804 648 1831 modo
663 1807 769 1830 tonante
780 1804 849 1834 Iove,

55 1845 101 1872 sed
112 1853 194 1881 prope
204 1845 311 1872 caelesti
322 1844 436 1872 clamore
447 1843 617 1879 prohibente,
639 1841 707 1868 hanc
717 1841 852 1867 dubitabit

53 1887 143 1910 contra
154 1883 273 1917 auspicia
285 1882 363 1909 latam
375 1879 512 1908 confiteri?
527 1882 551 1906 9.
564 1879 654 1913 Quid‘?
664 1878 736 1914 quod
747 1887 809 1905 cum
821 1886 852 1904 eo

54 1919 230 1956 collegatulit,
239 1928 319 1955 quem
332 1920 390 1954 ipse
402 1918 464 1945 fecit
474 1927 522 1944 sua
535 1918 700 1944 nuntiatione
711 1917 848 1947 vitiosum,

54 1956 158 1984 nihilne
172 1957 205 1983 ad
220 1957 339 1992 auspicia
354 1957 441 1983 bonus
457 1964 544 1991 augur
559 1955 701 1981 arbitratus
718 1958 758 1980 est
769 1953 851 1988 perti-

54 1993 134 2021 1101οῩ
162 1994 204 2021 1v.
218 1994 270 2021 Sed
282 1994 462 2029 auspiciorum
475 2001 522 2019 nos
535 1991 646 2019 fortasse
657 1992 758 2019 erimus
769 1991 851 2017 inter-

53 2036 156 2067 pretes,
179 2031 226 2066 qui
249 2039 345 2058 sumus
361 2031 419 2057 eius
439 2030 565 2065 collegae.
606 2030 676 2056 Num
692 2037 755 2064 ergo
770 2028 849 2055 etiam

53 2077 187 2096 armorum
200 2069 356 2104 interpretes
367 2066 541 2103 quaerimus?
566 2067 685 2093 Primum
696 2074 789 2092 omnes
801 2065 849 2091 sori

53 2107 142 2133 aditus
153 2107 186 2133 ita
197 2107 275 2141 septi,
290 2110 327 2137 ut,
340 2106 444 2132 etiamsi
456 2113 534 2131 nenio
544 2104 660 2131 obstaret
672 2108 797 2133 armatus,
812 2107 851 2129 ta-

53 2152 124 2175 men.
139 2144 190 2171 nisi
202 2143 285 2179 septis
296 2142 422 2174 revulsis,
436 2142 538 2168 introiri
550 2142 576 2168 in
589 2141 674 2168 sorum
687 2140 761 2167 nullo
773 2140 850 2166 modo

53 2186 152 2217 posset.
194 2180 238 2207 Sic.
254 2189 315 2207 vem
332 2184 405 2207 erant
416 2179 544 2214 disposita
560 2179 705 2214 praesidia.
724 2183 766 2209 ut,
782 2186 850 2212 quo·

53 2219 132 2246 modo
142 2218 231 2245 aditus
242 2218 359 2245 hostium
371 2217 441 2244 Urbe
453 2217 634 2252 prohibentur,
652 2217 685 2244 ita
697 2215 813 2242 castellis
825 2219 850 2241 et

52 2256 180 2292 operibus
199 2256 232 2282 ab
252 2256 420 2292 ingressione
441 2254 490 2282 sori
517 2254 647 2289 populum
673 2253 849 2288 tribunosque

53 2293 140 2329 plebis
151 2293 302 2329 propulsari
318 2292 432 2319 videres.
475 2293 515 2318 to.
530 2292 635 2324 Quibus
646 2292 679 2318 de
689 2291 793 2317 caussis
804 2299 848 2317 eas

54 2330 136 2367 leges,
148 2340 217 2367 quas
229 2331 263 2358 M.
277 2330 409 2357 Antonius
422 2328 515 2355 tulisse
527 2329 637 2361 dicitur,
649 2337 743 2356 ornnes
754 2336 849 2355 censeo

73 2376 101 2395 er
113 2369 168 2396 vim
179 2373 206 2395 et
215 2372 304 2395 contra
315 2367 434 2402 auspicia
447 2366 525 2397 latas,
547 2366 634 2402 iisque
647 2366 751 2402 legibus
763 2374 849 2400 popu—

65 2413 110 2432 um
125 2414 177 2433 non
192 2407 285 2433 teneri.
327 2405 450 2440 Siquam
473 2404 570 2439 legem,
593 2403 626 2430 de
650 2405 714 2430 actis
729 2404 848 2430 Caesaris

53 2442 254 2475 confirmandis,
276 2443 344 2470 deve
358 2442 487 2468 dictatura
503 2442 529 2467 in
546 2446 705 2476 perpetuum
722 2440 846 2472 tollenda,

53 2478 121 2507 deve
131 2480 241 2508 coloniis
252 2481 279 2507 in
291 2489 368 2517 agros
379 2479 553 2510 deducendis,
567 2479 661 2505 tulisse
674 2479 707 2505 M.
717 2480 847 2505 Antonius

53 2515 164 2551 dicitur;
177 2518 283 2545 easdem
297 2518 367 2554 leges
379 2517 412 2543 de
423 2517 537 2552 integro,
551 2521 580 2542 ut
591 2516 720 2551 populum
733 2521 845 2547 teneant,

53 2553 136 2581 salvis
147 2556 276 2590 auspiciis
289 2555 350 2582 Ierri
363 2555 457 2589 placet.
488 2555 617 2586 Quamvis
629 2554 699 2580 enini
712 2562 753 2580 res
765 2553 847 2580 bonas

53 2591 161 2623 vitiose,
178 2601 225 2628 per
236 2593 345 2628 vimque
357 2591 458 2619 tulerit:
480 2596 567 2618 tannen
580 2591 628 2617 hae
640 2591 711 2627 leges
723 2600 773 2618 non
785 2596 849 2618 sunt

53 2626 204 2656 habendae:
225 2631 368 2665 omnisque
383 2629 491 2655 audacia
507 2628 661 2665 gladiatoris
675 2629 788 2655 amentis
800 2637 848 2655 au-

53 2666 172 2693 ctoritate
183 2671 269 2694 nostra
281 2667 445 2702 repudianda
456 2670 505 2693 est.
539 2668 578 2692 11.
601 2666 647 2692 Illa
660 2675 721 2693 vero
731 2666 848 2702 dissipa—

55 2702 92 2730 tio
111 2704 240 2739 pecuniae
259 2705 382 2740 publicae
404 2703 511 2731 serenda
532 2703 607 2731 nullo
626 2704 705 2731 niodo
725 2709 777 2737 est,
800 2713 848 2740 per

1653 162 1702 189 623

908 237 989 264 quam
999 228 1042 256 HS
1053 230 1153 264 septies
1164 228 1262 256 millies
1273 228 1347 256 salsis
1358 231 1607 266 perscriptionibuS,
1620 230 1703 258 dona-

908 266 1081 302 tionibusque
1092 268 1199 294 avertit:
1224 272 1253 294 ut
1264 269 1376 303 portenti
1388 268 1477 295 simile
1488 269 1622 300 videatur,
1645 274 1703 296 tan-

909 308 961 330 tam
969 305 1108 339 pecuniam
1116 304 1326 340 populiRomani
1338 310 1390 332 tam
1401 306 1476 333 brevi
1488 310 1606 341 tempore
1617 308 1703 341 perire

908 342 1038 376 potuisse.
1078 342 1168 374 Quid‘?
1190 342 1230 369 illi
1253 344 1384 370 immanes
1404 348 1533 379 quaestus
1554 344 1701 375 ferendine,

907 388 976 414 quos
993 380 1027 406 M.
1044 379 1152 406 Antonii
1169 384 1220 406 tota
1237 381 1362 407 exhausit
1376 381 1491 407 domus?
1514 382 1621 408 Decreta
1637 381 1703 408 falsa

908 416 1052 448 vendebat3
1067 426 1155 453 regna,
1169 418 1298 449 civitates,
1311 419 1493 445 immunitates
1505 419 1531 445 in
1543 427 1586 445 aes
1597 424 1703 454 accepta

908 455 1021 488 pecunia
1032 455 1141 481 iubebat
1152 455 1244 481 incidi.
1271 456 1338 482 Haec
1349 465 1377 482 se
1388 465 1421 483 ex
1431 457 1628 483 commentariis
1639 457 1704 483 Cae-

908 492 988 523 saris,
1003 501 1118 527 quorum
1131 493 1189 527 ipse
1200 497 1289 519 auctor
1300 498 1366 525 erat,
1383 502 1461 529 agere
1476 494 1588 520 dicebat.
1628 494 1704 521 Cale-

908 529 972 555 bant
982 530 1009 555 in
1026 530 1148 556 interiore
1158 530 1264 556 aedium
1281 536 1353 565 parte
1365 532 1445 557 totius
1456 531 1620 566 reipublicae
1634 540 1704 558 nun-

907 566 999 593 dinae:
1023 567 1133 599 mulier,
1151 567 1204 594 sibi
1220 567 1333 599 felicior,
1353 577 1434 603 quam
1451 569 1530 599 viris,
1552 570 1702 595 auctionem

908 605 1106 638 provinciarum
1127 613 1324 640 regnorumque
1345 605 1470 632 faciebat:
1496 606 1704 633 restituebantur

907 641 1110 676 exsules,quasi
1122 641 1188 677 lege,
1201 643 1258 669 sine
1270 642 1341 679 lege:
1354 652 1423 678 quae
1434 644 1486 669 nisi
1497 644 1649 670 auctoritate
1661 652 1703 670 se-

907 683 985 705 natus
997 679 1198 711 rescinduntur,
1214 681 1341 715 quoniam
1356 681 1471 716 ingressi
1485 682 1512 707 in
1524 690 1599 715 spem
1612 681 1703 716 reipu-

906 715 991 742 blicae
1008 717 1203 751 recuperandae
1217 726 1326 748 sumus,
1344 718 1431 753 imago
1443 718 1515 744 nulla
1527 718 1625 745 liberae
1636 719 1704 745 civi-

906 753 967 779 tatis
987 753 1163 788 relinquetur.
1215 756 1254 781 ⁴2.
1281 755 1374 789 Neque
1397 755 1485 781 solum
1506 757 1702 782 commentariis

906 792 1096 817 commentitiis
1111 791 1350 827 chirographisque
1366 792 1507 818 venalibus
1519 794 1703 820 innumerabi-

907 827 939 854 lis
951 829 1064 863 pecunia
1075 833 1200 864 congesta
1211 829 1323 855 inillam
1335 829 1445 855 domum
1457 834 1505 860 est,
1519 839 1620 865 quum,
1633 839 1703 865 quae

906 866 1038 892 vendebat
1048 865 1193 898 Antonius,
1214 875 1244 893 ea
1254 875 1282 893 se
1293 875 1326 893 ex
1337 867 1401 893 actis
1413 866 1532 893 Caesaris
1543 876 1620 903 agere
1631 868 1703 894 dice—

906 908 957 930 ret:
971 903 1018 929 sed
1030 908 1138 930 senatus
1149 904 1228 930 etiam
1241 903 1371 936 consulta,
1385 905 1498 939 pecunia
1508 910 1623 940 accepta,
1637 905 1702 931 falsa

906 940 1048 967 referebat:
1066 942 1235 977 syngraphae
1245 941 1468 978 obsignabantur:
1485 942 1703 969 senatusconsul-

907 983 939 1010 ta,
953 987 1102 1013 numquam
1114 979 1189 1011 sacta,
1202 979 1235 1005 ad
1246 980 1376 1006 aerarium
1388 979 1584 1007 deferebantur.
1616 981 1702 1007 Huius

906 1016 1082 1051 turpitudinis
1094 1021 1174 1043 testes
1186 1022 1259 1043 erant
1270 1017 1349 1043 etiam
1361 1022 1465 1044 exterae
1476 1018 1605 1044 nationes.
1637 1018 1703 1044 Foe-

905 1053 968 1080 dera
983 1054 1082 1080 interea
1098 1054 1179 1081 facta:
1202 1063 1283 1091 regna
1298 1055 1371 1082 data:
1394 1055 1486 1090 populi
1498 1056 1703 1090 provinciaeque

905 1091 1045 1118 liberatae:
1068 1100 1214 1127 earumque
1235 1101 1323 1119 rerum
1343 1092 1424 1119 falsae
1440 1093 1558 1124 tabulae,
1580 1098 1703 1129 gemente

905 1129 1006 1164 populo
1026 1129 1157 1161 Romano,
1180 1134 1233 1156 toto
1248 1130 1378 1165 Capitolio
1398 1130 1556 1166 figebantur.
1597 1130 1702 1163 Quibus

906 1167 986 1193 rebus
998 1171 1067 1193 tanta
1079 1168 1192 1202 pecunia
1204 1176 1257 1194 una
1268 1168 1295 1194 in
1307 1168 1386 1194 domo
1397 1172 1547 1195 coacervata
1559 1172 1611 1200 est,
1628 1172 1664 1199 ut,
1679 1169 1703 1195 si

906 1204 955 1231 hoc
965 1213 1052 1240 genus
1063 1205 1091 1231 in
1103 1214 1187 1231 unum
1199 1205 1348 1242 redigatur,
1370 1215 1421 1232 non
1434 1206 1468 1232 sit
1479 1206 1592 1241 pecunia
1603 1205 1703 1242 populo

905 1243 1023 1269 Romano
1033 1242 1167 1269 defutura.

960 1280 992 1306 V.
1014 1280 1112 1316 Legem
1133 1280 1212 1306 etiam
1233 1279 1399 1306 iudiciariam
1420 1280 1495 1312 tulit,
1517 1280 1597 1307 homo
1612 1285 1702 1307 castus

905 1321 984 1352 atque
995 1317 1110 1353 integer,
1123 1317 1284 1344 iudiciorum
1295 1321 1320 1344 et
1332 1318 1398 1344 iuris
1409 1322 1508 1344 auctor.
1548 1319 1577 1344 In
1589 1326 1643 1353 quo
1654 1326 1701 1344 nos

906 1354 1007 1380 fefellit.
1046 1356 1242 1390 Antesignanos
1258 1359 1284 1381 et
1299 1355 1480 1390 manipulares
1496 1360 1521 1381 et
1536 1355 1644 1382 alaudas
1659 1356 1703 1382 iu·

904 1392 977 1418 dices
992 1400 1021 1418 se
1035 1393 1207 1419 constituisse
1222 1392 1335 1419 dicebat.
1376 1393 1409 1419 At
1423 1393 1468 1419 ille
1485 1392 1547 1428 legit
1562 1393 1699 1424 aleatores,

905 1429 970 1465 legit
984 1429 1105 1461 exsules,
1127 1430 1192 1465 tegit
1208 1430 1331 1457 Graecos.
1371 1430 1393 1456 O
1408 1439 1563 1457 consessum
1580 1430 1701 1457 iudicum

904 1467 1084 1502 praeclaruml
1106 1476 1122 1494 ο
1136 1467 1293 1503 dignitatem
1309 1468 1414 1494 consilii
1430 1468 1627 1494 admirandam!
1660 1469 1700 1494 13.

904 1505 972 1531 Λνο1
986 1505 1092 1531 animus
1104 1505 1174 1539 apud
1186 1504 1328 1531 consilium
1340 1505 1406 1531 illud
1420 1514 1467 1540 pro
1477 1514 1520 1532 reo
1531 1505 1632 1535 dicere,
1650 1505 1702 1541 Cy-

904 1542 966 1569 dam
979 1542 1145 1574 Cretensem,
1164 1547 1315 1577 portentum
1331 1542 1448 1573 insulae.
1467 1543 1602 1569 hominem
1618 1542 1701 1569 auda-

904 1581 1044 1607 cissimum
1065 1585 1090 1606 et
1112 1580 1336 1615 perditissimum.
1376 1580 1429 1606 Sed
1451 1580 1540 1606 facita
1557 1589 1609 1606 non
1630 1588 1699 1611 esse,

904 1627 969 1644 num
985 1618 1076 1644 Latine
1093 1617 1161 1644 scit‘?
1181 1626 1245 1643 num
1263 1622 1303 1644 est
1319 1626 1351 1644 ex
1368 1617 1487 1643 iudicum
1501 1626 1598 1654 genere
1612 1622 1637 1644 et
1649 1617 1702 1644 sor-

904 1655 965 1682 ma‘?
983 1664 1047 1681 num
1065 1655 1136 1691 leges
1153 1659 1255 1681 nostras
1270 1663 1391 1681 moresve
1403 1654 1493 1681 novit‘?
1508 1664 1572 1682 num
1584 1655 1701 1690 denique

904 1692 1046 1719 homines?
1065 1693 1112 1718 Est
1127 1693 1198 1718 enim
1214 1692 1288 1719 Creta
1305 1692 1381 1719 vobis
1403 1693 1500 1724 notior,
1522 1702 1602 1728 quam
1618 1694 1700 1720 Roma

904 1730 1002 1766 Cydae.
1043 1730 1165 1756 Deiectus
1181 1734 1269 1756 autem
1286 1735 1311 1756 et
1327 1730 1424 1756 notatio
1440 1730 1561 1756 iudicum
1577 1731 1656 1756 etiam
1673 1731 1700 1757 in

903 1768 1000 1795 nostris
1012 1768 1119 1794 civibus
1133 1767 1225 1794 haberi
1237 1767 1312 1794 solet.
1339 1768 1499 1803 Cortynium
1511 1776 1573 1794 vero
1585 1768 1701 1794 iudicem

902 1807 964 1841 quis
977 1806 1050 1832 novit
1061 1810 1106 1832 aut
1116 1805 1179 1840 quis
1191 1813 1269 1831 nosse
1281 1805 1383 1840 potuit?
1398 1806 1462 1831 Nam
1471 1805 1701 1841 LysiadcmAthe-

903 1844 1024 1870 niensem
1041 1842 1163 1878 plerique
1179 1843 1315 1869 novimus.
1356 1843 1403 1869 Est
1418 1843 1489 1869 enim
1502 1843 1623 1873 Phaedri,
1641 1843 1701 1878 phi-

904 1881 1007 1916 losophi
1020 1881 1133 1911 nobilis,
1151 1880 1237 1906 lilius:
1256 1880 1335 1907 homo
1346 1885 1479 1915 praetcrea
1493 1879 1618 1911 festivus,
1637 1885 1665 1907 ut
1677 1881 1700 1907 01

902 1927 963 1945 cum
980 1919 1023 1945 Μ’.
1041 1918 1134 1949 Curio,
1155 1926 1311 1944 consessore
1331 1917 1480 1953 eodemque
1495 1918 1639 1948 0011115010,
1663 1917 1701 1944 fa-

901 1956 1002 1982 cillime
1014 1956 1099 1990 possit
1108 1956 1260 1982 convenire.
1295 1956 1334 1982 tt.
1355 1955 1458 1987 Quaero
1469 1956 1559 1991 igitur,
1573 1956 1595 1982 si
1608 1956 1701 1991 Lysia-

902 1994 949 2020 des
961 1995 1057 2020 citatus
1069 1993 1151 2019 iudex
1163 2002 1214 2019 non
1226 1992 1401 2028 responderit,
1415 1997 1612 2027 excuseturque
1620 1994 1700 2019 Areo-

902 2032 1005 2067 pagites
1026 2039 1099 2062 esse,
1123 2038 1171 2057 nec
1192 2030 1289 2057 debere
1310 2030 1402 2056 eodem
1425 2035 1543 2065 tempore
1558 2031 1656 2057 Romae
1676 2035 1701 2056 et

902 2069 1013 2095 Athenis
1025 2077 1066 2095 res
1078 2068 1209 2094 iudicare:
1231 2068 1377 2103 accipietne
1389 2069 1587 2094 excusationem
1599 2069 1635 2096 is.
1653 2068 1699 2103 qui

901 2106 1052 2141 quaestioni
1069 2106 1195 2140 praeerit,
1218 2105 1342 2132 Graeculi
1359 2105 1469 2137 iudicis,
1492 2105 1571 2132 modo
1587 2105 1697 2140 palliati.

902 2144 981 2170 modo
1001 2142 1100 2178 togati‘?
1123 2143 1163 2169 An
1179 2142 1383 2169 Atheniensium
1404 2143 1606 2178 antiquissimas
1628 2142 1699 2177 leges

901 2180 1036 2217 negliget?
1049 2180 1100 2212 Qui
1112 2188 1189 2215 porro
1199 2180 1244 2206 ille
1255 2189 1408 2211 consessus,
1421 2180 1458 2206 dii
1472 2180 1552 2206 boni‘?
1566 2180 1699 2207 Cretensis

901 2219 998 2249 iudex,
1011 2219 1088 2253 isque
1101 2217 1295 2252 nequissimus.
1336 2217 1421 2249 Quem
1435 2218 1467 2243 ad
1480 2218 1551 2244 hunc
1563 2226 1623 2243 reus
1635 2217 1698 2243 alle-

900 2255 962 2291 get‘?
981 2255 1116 2290 quomodo
1127 2254 1250 2281 accedat?
1269 2255 1337 2281 Dura
1350 2255 1420 2281 natio
1431 2259 1479 2281 est.
1511 2255 1699 2281 ,1111111001οη-

900 2302 943 2319 ses
956 2292 1149 2318 misericordes.
1191 2292 1265 2322 l‘uto,
1279 2300 1312 2317 nc
1323 2292 1433 2318 Curium
1444 2292 1555 2327 quidem
1567 2300 1626 2318 esse
1637 2300 1699 2317 eru-

900 2331 1001 2361 11010111,
1019 2331 1065 2364 qui
1077 2328 1196 2363 quotidie
1209 2329 1358 2363 periculum
1371 2329 1490 2355 fortunae
1503 2329 1588 2355 saciat.
1630 2329 1698 2355 Sunt

900 2369 963 2394 item
977 2367 1035 2393 lecti
1049 2366 1159 2397 iudices,
1173 2367 1220 2401 qui
1234 2365 1343 2392 fortasse
1354 2367 1564 2392 excusabuntur.
1596 2366 1699 2392 liabent

900 2405 971 2432 0111111
993 2404 1138 2440 legitimam
1160 2404 1372 2433 exeusationem.
1394 2404 1483 2430 exsilii
1500 2412 1593 2429 caussa
1609 2403 1697 2429 solum

901 2443 1025 2472 vertisse,
1044 2450 1091 2467 nec
1107 2449 1166 2467 csse
1178 2446 1267 2475 postea
1280 2442 1424 2467 restitutos.
1467 2442 1507 2467 ⁴5.
1530 2441 1581 2466 llos
1595 2440 1697 2466 1110110-

901 2488 976 2506 1110115
987 2478 1090 2505 iudices
1103 2478 1224 2513 legisset:
1240 2479 1333 2505 horum
1346 2479 1451 2504 nomina
1464 2478 1495 2504 ad
1508 2479 1637 2504 aerarium
1649 2477 1697 2504 de—

901 2517 1019 2544 tulisset:
1044 2516 1086 2542 his
1102 2525 1225 2551 inagnum
1241 2521 1341 2550 partein
1354 2515 1516 2550 reipublicae
1526 2515 1693 2545 credidisset,

899 2555 922 2580 si
936 2554 1016 2580 111111111
1029 2554 1145 2588 speciem
1159 2553 1322 2588 reipublicae
1333 2553 1520 2587 cogitavisset?
1549 2553 1590 2579 VI.
1608 2553 1695 2587 Atque

899 2601 948 2627 ego
958 2591 990 2618 de
1003 2592 1070 2618 uotis
1083 2591 1218 2617 iudicibus
1233 2591 1303 2617 dixi:
1325 2599 1393 2625 (11105
1405 2592 1495 2617 111111115
1507 2591 1602 2621 nostis,
1621 2590 1694 2617 nolui

900 2629 1050 2655 nominare:
1074 2629 1224 2659 saltatores.
1242 2629 1405 2659 citharistas.
1424 2633 1506 2655 totum
1523 2628 1640 2664 denique
1651 2637 1694 2654 co-

900 2666 1063 2693 missationis
1079 2667 1241 2693 Antonianae
1256 2666 1380 2697 chorum,
1400 2666 1424 2692 111
1443 2667 1546 2692 tertiam
1557 2666 1693 2692 decuriam

899 2704 1020 2731 iudicum
1031 2705 1123 2731 scitote
1134 2713 1192 2730 csse
1203 2704 1362 2730 coniectum.
1397 2704 1435 2730 En
1447 2712 1579 2735 caussam,
1592 2712 1639 2730 cur
1653 2703 1693 2729 lex
