1941 3052
764 134 804 157 (m.
842 132 876 157 M.
913 131 942 156 T.

204 136 249 161 ⁸³5

204 211 300 234 tamen,
323 204 393 238 qumi
407 204 454 229 iim
471 204 520 237 ipsi
533 202 643 236 placeat,
657 201 789 235 explicas!
814 201 869 227 Non
881 209 939 226 csse
951 209 992 226 me

204 251 255 268 ιιιιιι
276 250 336 267 cum
354 241 490 274 Pompa-io,
512 238 626 271 gaudes,
654 247 683 263 ιι(-
700 238 839 272 proponis,
862 246 943 272 quam
959 238 994 264 nit
1021 268 1023 276 Ι

204 284 293 313 turpe,
308 286 349 303 me
363 277 470 305 inlusae,
484 284 568 310 quum
583 274 692 309 quidde
706 274 928 304 illudi-trahatur,
947 283 993 300 ne—

204 315 242 342 fus
254 323 311 341 csse
324 313 478 348 approbare.
501 313 585 338 (lc-rie.
606 312 701 338 Contra
715 312 813 345 igitur?
827 312 876 341 Dii,
892 312 991 346 inqui-1,

203 351 391 378 averruncum!
414 349 483 381 Quid
498 358 560 382 ergo
572 349 624 378 Iit-t.
638 350 659 375 si
674 349 699 375 in
711 346 792 375 altero
803 348 892 374 scelus
903 353 952 378 cst,
966 349 992 374 in

203 389 284 415 altero
299 386 483 422 supplicium?
503 385 670 421 impetrabis,
690 386 789 420 inquis,
805 395 819 411 a
831 385 951 416 Caesare,
965 390 993 411 ut

204 426 252 452 tibi
265 425 357 450 abesse
370 423 446 450 liceat
459 428 483 450 et
494 432 552 449 esse
563 424 656 449 otioso.
672 422 886 457 Supplicundum
895 422 994 457 igitur‘!

203 463 340 489 Miserum.
380 460 460 493 Quid,
481 461 504 486 si
521 469 571 486 non
590 460 748 494 impetraro‘?
768 460 799 486 Et
812 460 845 486 dc
857 459 994 494 triumpho

202 500 264 528 erit,
284 499 387 533 inquis,
407 498 549 530 integrum.
589 497 673 529 Quid.
690 498 714 523 si
731 497 780 523 hoc
800 497 857 532 ipso
873 496 994 531 premar‘?

203 534 358 570 Accipiam?
387 534 452 570 quid
470 534 593 561 foedius?
617 534 736 569 Ncgem‘?
760 534 894 568 repudiari
911 542 939 560 sc
955 538 994 560 to-

204 578 268 603 tum,
287 572 372 607 magis
387 572 476 600 etiam.
499 581 579 606 quam
595 571 659 597 olim
677 572 703 598 in
719 572 854 602 xxviratu,
878 570 991 605 putabit.

203 611 239 636 Ac
255 609 330 640 solet,
351 618 436 644 quum
451 618 479 634 se
492 614 596 644 purgat,
615 609 640 635 in
658 618 699 635 mc
711 608 830 635 conferre
841 617 947 635 omnem
961 607 993 634 il-

203 647 288 674 lorum
310 651 458 681 temporum
480 646 600 681 culpam:
624 647 658 672 ita
675 655 716 672 mc
732 645 785 672 sibi
802 645 886 672 fuisse
902 646 993 672 inimi-

201 693 277 713 cum.
302 688 329 710 ut
351 692 382 710 ne
404 683 530 709 honorem
547 683 657 718 quidem
673 692 687 709 a
703 691 732 709 se
748 684 868 717 accipere
886 682 991 708 vellem.

202 722 304 753 Quanto
324 729 394 747 nunc
410 720 459 747 hoc
475 720 545 747 idem
561 721 674 755 accipiet
687 720 828 755 asperius?
847 720 930 746 Tanto
940 720 994 745 sci-

203 758 272 788 licet,
295 762 394 793 quanto
409 763 434 784 et
453 757 536 784 honor
552 757 595 784 liic
612 757 657 784 illo
672 757 835 792 estamplior
845 761 871 784 ct
882 758 939 792 ipse
951 766 993 783 ro-

202 796 315 822 bustior.
340 797 364 821 ¹2.
381 795 446 821 Nam
462 794 533 829 quod
546 804 626 830 negas
638 800 661 821 tc
673 795 805 826 dubitare,
818 795 884 829 quin
897 803 991 830 magna

203 834 229 859 in
241 832 339 859 offensa
355 832 407 858 sim
419 832 490 867 apud
502 832 659 867 Pompeium
672 832 721 858 hoc
733 837 863 867 tempore;
887 840 938 858 non
951 832 993 857 vi-

201 870 251 896 deo
266 878 398 900 caussam,
416 878 464 895 cur
480 870 513 896 ita
528 869 571 900 sit,
590 869 639 896 lioc
650 869 760 904 quidem
773 874 900 904 tempore.
940 868 992 901 Qui

202 907 274 934 enim
296 907 395 933 amisso
410 906 525 933 Corfinio
540 906 657 941 denique
673 907 811 933 certiorem
824 915 866 932 me
876 906 918 932 sui
930 915 993 932 con-

201 943 257 971 silii
279 943 354 975 secit,
377 944 400 970 is
415 948 543 979 queretur
557 943 732 970 Brundisium
748 952 790 970 me
806 953 856 970 non
875 944 990 973 venisse,

201 984 286 1016 quum
308 982 376 1007 inter
390 989 432 1007 me
448 985 473 1008 et
488 981 662 1008 Brundisium
678 981 774 1008 Caesar
787 980 874 1007 essct‘?
893 980 993 1007 Deinde

201 1019 281 1046 etiam
301 1019 351 1045 scit
367 1017 583 1055 ἀπαρῤηίαστον
597 1027 655 1045 esse
672 1019 698 1044 in
710 1027 740 1044 ea
751 1027 845 1044 caussa
856 1017 992 1053 querelam

200 1064 288 1082 suam.
328 1056 369 1082 Me
384 1060 459 1090 putat
473 1055 506 1082 de
526 1056 735 1090 municipiorum
751 1055 944 1085 imbecillitate,
960 1055 993 1081 de

200 1092 360 1123 delectibus,
383 1092 416 1118 de
434 1101 508 1127 pace,
527 1092 559 1118 de
574 1093 653 1124 Urbe,
671 1092 704 1118 de
715 1094 839 1127 pecunia,
852 1092 885 1119 de
896 1093 993 1119 Piceno

199 1130 356 1165 occupando
376 1129 437 1164 plus
454 1129 569 1160 vidisse,
587 1139 668 1165 quam
686 1138 725 1156 se.
765 1129 827 1160 Sin,
845 1138 930 1164 quum
945 1138 994 1164 po-

201 1172 284 1198 tuero,
303 1176 354 1193 non
370 1175 477 1198 venero,
495 1171 550 1193 tum
567 1168 616 1194 erit
633 1167 774 1199 inimicus,
797 1167 869 1202 quod
881 1175 930 1203 ego
941 1175 993 1193 non

200 1213 231 1231 eo
243 1213 344 1235 vereor,
358 1212 390 1230 ne
402 1204 470 1230 mihi
481 1209 586 1231 noceat:
608 1203 685 1239 (quid
699 1205 771 1230 enim
784 1203 879 1230 saciet?

258 1243 300 1272 Ti,-
312 1240 335 1267 δ’
350 1240 403 1267 ἔστι
414 1241 506 1271 δοῦλος
517 1243 563 1268 τοῦ
575 1243 670 1268 θανεῖν
680 1240 805 1277 ἄφροντις
818 1241 879 1276 ὤν;)

199 1278 247 1305 sed
262 1278 326 1313 quia
342 1278 439 1313 ingrati
454 1278 538 1304 animi
553 1279 655 1304 crimen
671 1277 775 1305 horreo.
816 1277 926 1305 Confido
940 1278 993 1314 igi-

199 1321 242 1343 tur
262 1315 408 1342 adventum
425 1320 546 1342 nostrum
562 1315 616 1346 illi,
639 1324 748 1350 quoquo
766 1320 885 1350 tempore
901 1315 990 1346 fuerit,

199 1358 228 1380 ut
242 1352 348 1383 scribis,
362 1351 517 1387 ἀσμὲνιστον
529 1351 593 1379 fore.
615 1353 682 1379 Nam
696 1352 768 1388 quod
778 1353 859 1384 ais,si
870 1352 914 1379 hic
926 1357 994 1379 tem-

199 1390 336 1425 perantius
343 1390 439 1425 egerit,
452 1389 647 1416 consideratius
659 1389 803 1416 consilium
814 1394 839 1416 te
850 1389 990 1422 daturum3

198 1428 246 1462 qui
268 1427 311 1453 hic
332 1431 419 1461 potest
437 1435 466 1453 se
481 1435 573 1462 gerere
589 1435 641 1453 non
657 1426 779 1462 perdite?
802 1427 875 1458 Vita,
894 1435 990 1458 mores,

197 1469 257 1491 ante
273 1463 348 1495 facta,
362 1464 428 1490 ratio
439 1465 558 1499 suscepti
570 1465 679 1500 negotii,
692 1465 769 1495 socii,
778 1465 849 1491 vires
861 1464 992 1491 bonorum

197 1507 243 1528 aut
262 1502 342 1528 etiam
362 1501 520 1528 constantia.
569 1503 594 1528 3.
616 1501 733 1528 Vixdum
756 1501 898 1536 epistolam
918 1506 992 1528 tuam

198 1539 328 1574 legeram,
351 1547 437 1573 quum
453 1538 486 1564 ad
503 1546 559 1569 me,
576 1547 687 1565 currens
702 1538 735 1565 ad
746 1538 834 1570 illum,
847 1539 992 1566 Postumus

197 1576 306 1603 Curtius
322 1577 405 1606 venit,
423 1575 492 1602 nihil
504 1576 557 1602 nisi
568 1575 668 1602 classes
680 1575 793 1611 loquens
805 1581 830 1603 et
840 1577 989 1609 exercitus;

197 1613 328 1648 eripiebat
343 1613 498 1647 Hispanias;
527 1613 633 1640 tenebat
648 1613 754 1644 Asiam,
771 1613 907 1645 Siciliam,
919 1613 993 1640 Arri-

196 1659 264 1680 cam,
273 1650 432 1683 Sardiniam,
441 1649 581 1677 confestim
588 1651 615 1677 in
622 1650 762 1677 Graeciam
767 1651 990 1686 persequebatur.

197 1687 324 1714 Eundum
344 1688 427 1723 igitur
441 1692 491 1719 cst,
509 1696 557 1714 nec
572 1692 626 1714 tam
640 1693 670 1715 ut
683 1687 758 1718 belli,
775 1696 857 1723 quam
871 1693 901 1714 ut
912 1687 991 1723 fugae

197 1725 264 1751 socii
284 1725 382 1751 simus.
423 1725 477 1751 Nec
498 1725 570 1751 enim
587 1724 655 1751 ferre
670 1729 762 1760 potero
777 1733 915 1751 sermones
927 1725 992 1751 isto-

196 1770 266 1792 rum,
279 1762 445 1797 quicumque
456 1766 532 1788 sunt:
549 1770 601 1788 non
612 1766 676 1789 sunt
686 1762 759 1788 enim
770 1766 849 1793 certe,
857 1767 887 1788 ut
897 1761 992 1796 appel—

196 1798 293 1830 lantur,
316 1798 390 1825 boni.
431 1798 484 1825 Sed
500 1803 587 1825 tamen
602 1799 629 1825 id
642 1800 732 1834 ipsum
742 1799 811 1825 scire
821 1799 911 1833 cupio,
923 1798 990 1834 quid

197 1835 352 1871 loquantur,
379 1835 462 1870 idque
477 1840 507 1862 ut
521 1836 660 1871 exquiras,
679 1844 776 1871 meque
793 1836 933 1863 certiorem
951 1835 991 1862 fa-

195 1874 260 1903 cias,
274 1877 298 1899 te
308 1872 482 1900 vehementer
492 1881 564 1908 rogo.
600 1873 653 1899 Nos
665 1873 762 1903 adhuc,
774 1872 841 1908 quid
851 1872 990 1899 Brundisii

196 1915 284 1936 actum
304 1914 387 1940 esset,
410 1909 490 1944 plane
512 1909 710 1936 nesciebamus.
749 1909 841 1942 Quum
859 1911 987 1941 sciemus,

197 1952 253 1974 tum
274 1955 307 1973 ex
328 1955 356 1973 re
375 1951 401 1973 et
419 1954 453 1973 ex
473 1951 592 1982 tempore
606 1946 752 1974 consilium
766 1947 919 1982 capiemus;
941 1947 989 1974 sed

197 1989 304 2011 utemur
314 1988 369 2010 tuo.

248 2052 288 2073 111.

312 2054 408 2076 (Formiis,
418 2054 517 2075 Marcello,
527 2054 608 2072 Lentulo
618 2061 663 2072 coss.
676 2055 731 2076 70⁵.)

379 2096 546 2124 CICERO
575 2097 743 2124 ATTICO
773 2097 801 2124 S.

251 2136 274 2160 l.
286 2129 405 2160 Domitii
417 2134 489 2160 tilius
500 2135 605 2161 transiit
616 2135 736 2161 Formias
747 2143 803 2161 vm.
815 2134 866 2166 ld..
878 2143 988 2162 currens

195 2171 227 2197 ad
241 2175 353 2197 matrem
364 2171 513 2206 Neapolim,
532 2172 654 2207 mihique
666 2172 784 2198 nuntiari
796 2173 876 2198 iussit
886 2177 988 2207 patrem

194 2208 227 2234 ad
248 2208 347 2235 Urbem
361 2217 433 2241 esse;
465 2217 551 2243 quum
567 2208 600 2235 de
615 2218 645 2236 co
655 2210 759 2236 curiose
770 2210 922 2244 quaesisset
931 2218 989 2236 ser-

194 2254 245 2271 vus
266 2250 354 2272 noster
373 2246 528 2281 Dionysius.
569 2247 621 2272 Nos
638 2251 727 2273 autem
741 2246 913 2273 audieramus
926 2255 988 2273 eum

194 2282 344 2317 profectum
359 2283 417 2309 sive
428 2283 461 2309 ad
473 2283 631 2318 Pompeium
643 2284 700 2310 sive
713 2284 741 2310 in
752 2284 918 2318 Hispaniam.
958 2284 989 2310 Id

192 2319 347 2347 cuiusmodi
357 2320 401 2350 sit,
414 2321 482 2346 scire
493 2329 556 2346 sane
568 2320 661 2347 velim.
683 2321 750 2347 Nam
762 2321 796 2347 ad
808 2321 845 2352 id,
856 2321 930 2356 quod
941 2321 989 2347 de-

193 2356 291 2388 libero,
309 2358 437 2392 pertinet,
454 2357 478 2383 si
494 2357 539 2384 ille
554 2362 624 2385 certe
640 2366 776 2393 nusquam
789 2357 928 2389 discessit,
946 2359 989 2385 in—

193 2393 312 2430 telligere
328 2394 455 2425 Cnaeum.
473 2403 526 2421 non
537 2403 595 2421 esse
607 2394 699 2421 faciles
711 2395 788 2422 nobis
800 2403 834 2422 ex
844 2395 918 2422 Italia
929 2397 989 2422 exi-

193 2435 245 2461 tus,
268 2440 352 2465 quum
369 2440 399 2458 ea
415 2437 466 2459 tota
478 2432 560 2458 armis
572 2431 770 2467 praesidiisque
782 2437 911 2464 teneatur,
929 2433 988 2459 hie-

193 2475 235 2493 me
246 2469 412 2502 praesertim.
447 2470 524 2500 Nam,
537 2469 561 2495 si
572 2469 740 2496 commodius
752 2470 815 2495 anni
827 2474 933 2505 tempus
944 2478 988 2496 es-

192 2508 246 2534 set,
268 2505 310 2530 vel
326 2505 412 2532 insero
427 2507 495 2532 mari
511 2506 603 2533 liceret
618 2507 668 2533 uti.
713 2506 790 2532 Nunc
805 2506 874 2532 nihil
889 2512 985 2542 potest,

194 2541 247 2566 nisi
268 2549 378 2575 supero,
407 2544 563 2575 transmitti.
596 2552 649 2578 quo
670 2543 719 2569 iter
738 2543 916 2570 interclusum
936 2549 985 2570 est.

193 2576 310 2608 Quaeres
322 2579 404 2613 igitur
414 2585 439 2606 et
450 2580 482 2606 de
489 2581 604 2607 Domitio
615 2586 641 2607 et
650 2580 684 2606 de
690 2579 812 2607 Lentulo.
835 2582 860 2607 2.
872 2581 988 2608 ABrun-

194 2613 264 2641 disio
279 2614 353 2641 nulla
369 2615 457 2642 adhuc
472 2616 540 2643 sama
557 2622 678 2648 venerat;
702 2621 729 2644 et
742 2622 798 2644 erat
813 2617 857 2643 hic
867 2618 927 2644 dies
938 2626 984 2644 vn.

193 2650 248 2681 ld.,
270 2659 324 2686 quo
343 2651 388 2679 die
406 2654 612 2688 suspicabamur
635 2659 681 2681 aut
704 2653 792 2689 pridie
811 2654 987 2682 Brundisium

978 131 1261 157 CICERONIS

1046 202 1150 227 venisse
1166 202 1314 227 (laetiorem.
1357 202 1421 227 Nam
1437 202 1494 228 Kal.
1508 202 1586 237 Arpis
1598 207 1739 228 manu-rat.
1780 202 1833 228 Sed

1044 239 1066 263 xi
1080 238 1234 264 Postumum
1246 238 1339 264 audire
1347 238 1438 268 velles.
1447 240 1831 273 pem-cuium„ornicum-um.

1044 275 1182 300 Transisse
1198 276 1269 301 enim
1288 276 1338 301 ium
1356 275 1465 309 putabat
1478 277 1628 302 coniectura
1645 282 1832 310 numantinum

1044 321 1073 337 ac
1094 312 1209 338 dierum.
1254 312 1310 345 ligo
1331 318 1423 338 nautas
1437 321 1498 338 curn
1515 322 1566 339 non
1582 313 1708 347 putalmm
1726 313 1834 338 lialntu—

1045 357 1116 378 rum;
1141 349 1186 374 ille
1201 347 1359 379 considebat,
1379 354 1405 375 ct
1419 358 1450 375 co
1463 350 1558 385 magis,
1572 350 1643 384 quod
1655 350 1744 375 auehe,
1757 351 1834 376 navi-

1043 385 1153 412 culariis
1170 386 1286 412 hominis
1299 386 1444 412 liberalitas
1454 391 1534 413 esset.
1559 386 1620 414 Sed.
1634 392 1684 413 tota
1697 395 1737 412 res
1749 387 1834 413 brun-

1043 423 1131 449 disina
1163 423 1214 448 iam
1238 432 1292 458 quo
1316 423 1394 450 modo
1418 423 1514 450 habeat
1537 432 1579 453 ue,
1605 423 1708 450 diutius
1731 425 1834 451 nescire

1045 469 1096 486 non
1109 469 1228 495 possum.

1097 529 1135 549 lv.
1166 530 1260 551 (Furmiir,
1271 531 1369 551 unalia,
1379 531 1460 549 lant-alu
1470 537 1515 548 esau.
1528 532 1584 552 70⁵.)

1225 565 1394 592 CICERO
1426 566 1595 592 ATTICO
1624 565 1652 592 S.

1101 604 1124 628 ⁴.
1147 598 1207 637 Ego
1221 603 1270 628 etsi
1288 603 1389 628 tamdiu
1406 603 1553 638 requiesco,
1568 602 1698 638 quamdiu
1710 602 1796 629 autad
1809 608 1833 628 te

1044 639 1132 665 scribo
1143 644 1187 666 aut
1199 644 1257 665 tuas
1271 640 1368 666 litteras
1382 639 1451 673 lego:
1475 645 1562 666 tamen
1574 646 1598 666 et
1611 641 1667 674 ipse
1679 648 1743 673 egeo
1754 648 1834 674 argu-

1045 682 1133 703 mento
1147 677 1334 711 epistolarum.
1352 682 1378 703 et
1394 677 1442 703 tibi
1459 678 1529 703 idem
1546 677 1665 703 accidere
1681 681 1752 702 certo
1766 677 1832 702 scio.

1043 714 1116 746 Quae
1137 714 1208 740 enim
1229 713 1316 740 soluto
1336 714 1426 740 animo
1446 713 1612 740 familiariter
1635 714 1715 739 scribi
1736 713 1831 743 solent,

1045 751 1211 785 temporibus
1223 751 1265 777 his
1277 751 1469 783 excluduntur3
1485 760 1554 786 quae
1565 756 1653 778 autem
1663 750 1832 777 sunthorum

1045 793 1204 822 temporum,
1221 797 1250 814 ea
1266 789 1317 814 iam
1333 789 1520 815 contrivimus.
1561 788 1613 814 Sed
1629 794 1726 817 tamen,
1744 796 1776 814 ne
1791 795 1834 813 me

1044 830 1127 852 totum
1141 825 1303 861 aegritudini
1315 825 1420 855 dedam.
1429 826 1533 860 sumpsi
1545 826 1612 852 mihi
1623 825 1753 860 quasdam
1766 829 1834 850 tarn-

1043 871 1125 898 quam
1142 865 1241 891 θέσεις,
1257 871 1325 897 quae
1343 868 1369 889 ct
1379 864 1506 889 πολιτικαί
1514 868 1577 889 sunt
1587 868 1612 889 et
1624 868 1772 896 temporum
1786 861 1834 888 ho-

1044 909 1117 931 rum;
1149 904 1178 926 ut
1197 905 1222 926 et
1236 900 1367 926 abducam
1387 901 1505 926 animum
1522 900 1556 925 ab
1571 899 1702 935 querelis,
1720 903 1745 925 et
1761 899 1787 925 in
1803 907 1834 925 eo

1045 938 1112 972 ipso,
1129 936 1162 963 dc
1174 945 1228 972 quo
1239 938 1336 973 agitur,
1349 946 1483 963 exercear.
1522 937 1575 963 Eae
1585 942 1648 963 sunt
1661 935 1830 962 huiusmodi:

1098 980 1123 1004 2.
1146 976 1176 1002 Ei
1188 977 1303 1011 μενετέον
1315 978 1342 1003 ἐν
1354 975 1386 1012 τῇ
1399 975 1501 1011 πατρίδι
1514 976 1713 1012 τυραννουμένῃ
1733 978 1831 1010 Τυραν-

1044 1018 1163 1052 νουμένης
1175 1015 1201 1043 δ’
1216 1014 1298 1051 αὐτῆς,
1312 1016 1333 1044 εἰ
1346 1017 1423 1044 παντὶ
1437 1015 1524 1053 τρόπῳ
1537 1016 1684 1053 τυραννίδος
1694 1014 1834 1042 κατάλυσιν

1043 1059 1264 1095 πραγματευτέον,
1288 1056 1336 1085 κᾶν
1357 1060 1433 1094 μέλλῃ
1457 1056 1498 1085 διὰ
1517 1058 1594 1085 τοῦτο
1610 1057 1730 1093 περὶτῶν
1742 1054 1834 1090 ὀλωνῆ

1044 1098 1116 1130 πόλις
1133 1098 1312 1132 ›cirdumdatam-
1333 1100 1363 1126 El
1380 1098 1530 1135 εὐλαβητέον
1547 1097 1591 1126 τὸν
1608 1096 1781 1129 καταλύοντα,
1798 1096 1834 1133 μὴ

1045 1139 1121 1171 αὐτὸς
1135 1143 1250 1178 &Temno
1269 1140 1301 1168 Ei
1318 1142 1451 1177 πειρατέον
1465 1138 1567 1178 ἀρήγειν
1580 1140 1611 1176 τῇ
1623 1139 1725 1176 πατρίδι
1738 1150 1831 1176 τνραν-

1044 1183 1150 1219 νοωμένῃ
1164 1183 1245 1219 καιρῷ
1257 1182 1300 1209 καὶ
1313 1181 1380 1219 λόγῳ
1387 1182 1492 1218 μᾶλλον,
1506 1181 1521 1216 ἢ
1534 1183 1651 1218 πολέμῳ;
1665 1180 1697 1208 Εἴ
1706 1178 1834 1208 πολιτικὸν

1043 1222 1073 1251 τὸ
1086 1221 1230 1258 ἡσυχάζειν,
1250 1221 1453 1260 ἇναχωρὴσαντά
1471 1234 1528 1254 ποι,
1550 1223 1593 1257 τῆς
1605 1222 1728 1259 πατρίδος
1739 1232 1832 1258 τνραν-

1043 1267 1175 1302 νουμένηςῑ
1195 1265 1226 1293 Εἰ
1245 1263 1286 1292 διὰ
1304 1263 1400 1296 παντὸς
1415 1264 1482 1292 ἰτέον
1499 1262 1615 1292 κινδύνου
1632 1263 1675 1297 τῆς
1688 1264 1835 1300 ἐλευθερίας

1043 1308 1112 1344 πέρις
1133 1306 1164 1334 Εἰ
1182 1305 1294 1343 πόλεμον
1310 1307 1433 1334 ἐπακτέον
1445 1305 1479 1342 τῇ
1492 1303 1578 1343 χώρᾳ,
1596 1305 1639 1332 καὶ
1655 1306 1835 1342 πολιορκητέον

1043 1346 1138 1382 ταύτην
1154 1349 1369 1386 τνραννοινμὲνηνς
1388 1347 1419 1375 El
1436 1347 1480 1375 καὶ
1495 1345 1530 1384 μὴ
1543 1345 1711 1383 δοκιμάζοντα
1729 1344 1773 1380 τὴν
1791 1343 1834 1372 διὰ

1043 1391 1156 1426 πολέμου
1181 1388 1320 1417 κατάλυσιν
1348 1389 1391 1424 τῆς
1412 1388 1570 1426 τυραννίδος,
1603 1389 1835 1425 σνναπογριιπτὲον

1044 1429 1111 1467 ὅμως
1124 1433 1177 1462 τοῖς
1190 1429 1317 1469 ἆρίστοιςς
1331 1430 1362 1458 Εἰ
1374 1432 1427 1461 τοῖς
1440 1428 1580 1467 οίεργέταις
1589 1430 1631 1457 καὶ
1640 1431 1834 1469 ‘pistore-affir-

1043 1473 1172 1500 ῦυνευτέον
1191 1475 1217 1501 ἐν
1233 1474 1286 1503 τοῖς
1298 1474 1446 1503 πολιτικοῖς,
1471 1469 1519 1499 κᾶν
1531 1469 1566 1507 μὴ
1579 1471 1688 1499 δοκῶσιν
1701 1470 1729 1498 εὖ
1743 1470 1832 1506 βεβου-

1042 1514 1155 1542 λεῦσθαι
1168 1514 1226 1551 περὶ
1238 1514 1288 1541 τῶν
1298 1511 1374 1546 iilum
1397 1513 1428 1541 Ei
1441 1510 1455 1541 ὃ
1468 1511 1568 1550 μεγάλα
1581 1511 1626 1547 τὴν
1639 1512 1750 1549 πατρίδα
1762 1509 1832 1548 εὐερ-

1041 1554 1159 1593 γετήσας,
1173 1554 1204 1582 δι’
1219 1553 1283 1583 αὐτό
1294 1566 1320 1583 τε
1332 1554 1410 1583 τοῦτο
1425 1552 1551 1588 ἀνήκεστα
1563 1552 1662 1581 παθών
1674 1554 1718 1580 καὶ
1726 1555 1832 1588 φθονη-

1042 1597 1113 1629 θεὶς,
1130 1595 1308 1625 κινδυνεύσειεν
1321 1594 1354 1624 ἂν
1366 1594 1502 1630 ἐθελοντὴς
1514 1593 1579 1632 ὑπὲρ
1591 1595 1635 1629 τῆς
1647 1594 1770 1632 πατρίδος
1775 1606 1782 1625 ,·
1803 1593 1835 1621 Εἰ

1042 1640 1144 1674 ἐφετέον
1154 1636 1223 1674 αὐτῷ
1235 1638 1328 1666 ἑαυτοῦ
1336 1648 1400 1665 ποτε
1411 1637 1455 1664 καὶ
1465 1637 1515 1665 τῶν
1525 1634 1686 1664 οἰκειοτάτων
1696 1637 1834 1663 ποιεῖσθαι

1041 1678 1167 1717 πρόνοιαν
1186 1677 1302 1716 ἆφεμένῳ
1318 1677 1365 1709 τὰς
1381 1676 1447 1716 πρὸς
1463 1676 1523 1709 τοὺς
1539 1676 1675 1712 ἰσχύοντας
1698 1675 1741 1704 διὰ
1758 1677 1831 1704 πολ-ι-

1041 1723 1121 1753 τειάς;
1532 1741 1539 1747 .

1095 1763 1120 1788 3.
1133 1761 1161 1787 In
1172 1761 1215 1787 his
1226 1768 1275 1796 ego
1285 1768 1328 1787 me
1338 1758 1581 1786 consultationibus
1591 1766 1727 1788 exercens,
1741 1762 1767 1784 et
1775 1757 1833 1784 dis-

1041 1806 1133 1825 serens
1143 1798 1171 1824 in
1182 1802 1324 1833 utramque
1335 1801 1437 1832 partem
1445 1817 1451 1827 ,
1467 1801 1524 1823 tum
1535 1796 1634 1822 Graece
1643 1815 1649 1826 ,
1662 1800 1718 1822 tum
1728 1795 1831 1823 Latine.

1041 1840 1067 1862 et
1075 1835 1179 1862 abduco
1190 1843 1335 1870 parumper
1345 1834 1466 1861 animum
1477 1832 1637 1863 amolesuis,
1646 1831 1833 1895 εῑπῶνπροῦἕ-

1040 1883 1091 1909 γου
1101 1883 1125 1899 τι
1134 1871 1264 1899 delibero.
1304 1871 1356 1898 Sed
1368 1879 1469 1901 vereor,
1483 1878 1516 1897 ne
1527 1870 1578 1897 tibi
1587 1869 1693 1905 ἄκαιρος
1705 1869 1768 1895 sim.
1823 1869 1832 1894 i

1041 1910 1114 1936 enim
1125 1914 1194 1936 recte
1205 1908 1385 1936 ambulaverit
1394 1909 1426 1939 is,
1440 1909 1489 1943 qui
1500 1907 1568 1934 hanc
1579 1906 1719 1942 epistolam
1726 1905 1832 1937 tulit,in

1041 1947 1131 1982 ipsum
1143 1951 1219 1974 tuum
1229 1946 1302 1973 diem
1313 1945 1418 1972 incidit.

1092 2017 1119 2037 V.
1142 2017 1238 2040 (Fur-miis,
1247 2017 1348 2038 Marcello,
1358 2016 1439 2034 Lentulo
1448 2022 1495 2033 coss.
1507 2015 1562 2036 705.)

1225 2058 1390 2087 CICERO
1418 2057 1586 2085 ATTICO
1614 2057 1642 2084 S.

1098 2099 1121 2124 l.
1142 2092 1237 2124 Natali
1251 2097 1295 2123 die
1310 2102 1356 2123 tuo
1375 2096 1509 2131 scripsisti
1519 2093 1661 2130 epistolam
1671 2093 1705 2120 ad
1717 2101 1759 2120 me
1773 2093 1832 2128 ple-

1040 2144 1102 2162 nam
1117 2135 1239 2165 consilii‚
1260 2141 1437 2168 summaeque
1457 2141 1543 2168 quum
1557 2130 1759 2158 benevolentiae
1774 2135 1830 2156 tum

1040 2173 1120 2199 etiam
1140 2172 1307 2207 prudentiae.
1344 2171 1411 2197 Eam
1430 2170 1500 2196 mihi
1515 2169 1676 2196 Philotimus
1690 2166 1829 2202 postridie,

1039 2218 1121 2244 quam
1132 2218 1147 2235 a
1158 2214 1182 2236 te
1192 2213 1337 2244 acceperat,
1346 2207 1474 2234 reddidit.
1494 2206 1563 2233 Sunt
1573 2207 1623 2232 ista
1634 2205 1753 2240 quidem,
1761 2212 1832 2239 quae

1039 2247 1176 2281 disputas,
1189 2245 1365 2275 difficillima,
1378 2245 1429 2271 iter
1437 2244 1471 2271 ad
1482 2251 1626 2278 superum,
1643 2241 1777 2277 navigatio
1788 2241 1831 2267 in-

1039 2283 1104 2315 sero,
1116 2283 1254 2310 discessus
1260 2283 1402 2317 Arpinum,
1410 2290 1444 2308 ne
1455 2281 1527 2307 hunc
1538 2279 1761 2315 fugisse,mansio
1767 2278 1831 2304 For-

1039 2321 1111 2352 miis,
1124 2329 1157 2347 ne
1168 2320 1299 2347 obtulisse
1311 2328 1358 2346 nos
1368 2318 1539 2355 gratulationi
1549 2316 1703 2347 videamur3
1719 2314 1831 2357 sedmi-

1038 2359 1126 2384 serius
1137 2357 1220 2388 nihil,
1237 2365 1319 2392 quam
1330 2365 1361 2383 ea
1370 2356 1476 2386 videre,
1492 2363 1561 2390 quae
1575 2358 1663 2380 tamen
1679 2353 1746 2378 iam.
1765 2360 1828 2383 iam,

1039 2395 1165 2430 inquam,
1187 2394 1305 2421 videnda
1319 2398 1406 2420 erunt.
1446 2393 1508 2419 Fuit
1521 2389 1594 2426 apud
1613 2398 1655 2416 me
1669 2389 1828 2416 Postumus:

1038 2433 1136 2467 scripsi
1147 2431 1180 2458 ad
1191 2436 1225 2463 te,
1237 2440 1319 2467 quam
1330 2431 1431 2467 gravis.
1452 2429 1531 2456 Venit
1543 2427 1577 2454 ad
1587 2435 1630 2453 me
1641 2427 1720 2452 etiam
1731 2426 1763 2458 Q.
1776 2426 1830 2452 Fu-

1039 2469 1103 2500 fius,
1121 2477 1175 2504 quo
1186 2469 1276 2495 vultu!
1295 2477 1349 2503 quo
1359 2466 1470 2503 spiritu!
1487 2473 1632 2501 properans
1642 2463 1827 2493 Brundisium,

1037 2506 1127 2534 scelus
1137 2515 1266 2533 accusans
1278 2505 1407 2540 Pompeii,
1420 2504 1554 2530 levitatem
1564 2506 1589 2528 et
1599 2500 1740 2527 stultitiam
1751 2508 1830 2526 sena-

1037 2548 1092 2570 ως.
1132 2544 1201 2570 Haec
1221 2544 1271 2578 qui
1286 2543 1314 2569 in
1328 2550 1387 2569 mea
1400 2540 1465 2567 villa
1479 2548 1532 2566 non
1548 2538 1644 2568 feram,
1662 2537 1785 2564 Curtium
1800 2537 1830 2563 in

1037 2581 1115 2607 curia
1122 2585 1214 2615 potero
1225 2579 1311 2606 ferre?
1339 2581 1364 2605 2.
1385 2578 1451 2613 Age,
1465 2576 1536 2612 finge
1546 2583 1589 2602 me
1599 2575 1725 2610 quamvis
1736 2573 1829 2601 εὐστο-

1036 2617 1126 2652 μάχως
1138 2617 1202 2643 haec
1214 2617 1355 2643 serentem:
1367 2614 1435 2650 quid
1445 2613 1500 2644 illa,
1514 2621 1561 2639 nic
1577 2612 1612 2638 M.
1627 2612 1732 2642 Tum-1,
1745 2619 1831 2646 quem

1038 2654 1177 2682 habebunt
1196 2652 1318 2681 exitum?
1343 2652 1377 2679 Et
1394 2651 1488 2679 omitto
1506 2657 1630 2677 caussam
1650 2647 1829 2684 reipublicaes
