1941 3052
791 112 847 137 ⁴37.
880 111 915 136 M.
950 110 980 136 T.

226 115 288 140 ⁴252

221 185 286 211 «lum
298 189 323 210 et
336 184 540 217 inuitatis.quurn
551 181 686 216 loquimur
697 180 729 206 ·t‹·
741 182 866 215 opinion«-
879 180 1012 215 populari,
1034 180 1044 229 i‘

223 222 304 257 idque
319 221 411 247 eodem
430 220 506 246 niodo
519 219 579 244 let-it
592 219 740 244 runnu-tius.
782 218 834 243 Sed
847 218 878 243 ad
893 218 1014 252 proposi-
1042 213 1044 230 2

223 265 277 286 tum
291 263 463 284 revertmnur.
505 258 544 281 36.
569 256 628 281 Erat
641 256 722 288 igitur
733 255 877 284 extribus,
896 264 966 289 quae
982 255 1013 280 ad

221 297 333 330 plurium
349 296 488 329 pertinent,
499 293 547 318 luae
559 293 676 322 tertium,
685 297 710 317 u!
723 302 778 317 rum
789 294 961 318 mlum-utinm·
971 294 1013 317 Ιιυ-

223 344 315 359 mmum
331 336 422 357 hamum-1·
436 333 467 355 ιιΙι
484 334 514 356 iis
529 332 600 361 aliqui
617 332 799 355 imfirma-mur.
841 328 1016 355 Admirantur

223 372 304 403 igitur
315 369 491 395 ‹·oimminit‹·r
504 367 541 393 illi
553 366 663 401 quidem
675 367 778 396 niuniu,
801 374 870 401 quae
883 375 978 400 magna
990 371 1015 391 et
1034 377 1037 390 ε

221 412 324 442 praeter
334 406 486 440 opinionem
500 413 575 429 suam
588 403 847 429 animadverterunt:
871 404 1013 438 separatim

221 450 308 470 nutem
323 445 346 469 iu
360 442 514 475 sitigulis,si
529 441 694 475 perspiciunt
706 441 868 475 necopinata
881 441 1013 475 quat-(lam
1042 441 1044 467 l

221 482 298 507 bona.
341 481 430 514 ltaque
446 488 490 503 eos
508 480 578 504 viros
595 478 747 512 suspiciunt
760 479 940 512 maximisque
952 478 1015 503 effe-

221 523 281 544 runt
302 517 441 546 laudibus,
467 517 491 541 in
513 516 614 550 quibus
634 516 790 541 existimant
809 524 838 541 se
852 515 1014 541 excellentes

219 555 349 590 ‹pias-(lam
362 559 386 580 et
397 553 548 587 singulares
562 553 846 587 virtutvsp‹·rspicore;
860 552 1014 587 despiciunt

219 598 307 618 inritum
320 601 364 617 eos
375 597 399 617 et
410 595 593 619 contemnunt,
608 590 747 624 inquibus
760 590 827 615 nihil
841 591 957 620 virtutis,
972 591 1014 616 ni-

220 630 257 655 ΙιίΙ
269 630 365 658 annui,
385 628 451 654 nihil
465 636 606 654 nervorum
622 632 726 662 putant.
768 628 824 653 Non
837 629 1013 654 enimomnes

218 676 263 693 eos
279 670 466 696 contemnunt,
490 665 522 690 de
537 665 638 698 quibus
655 664 722 690 male
739 665 904 691 existimant.
947 666 1012 691 Nam

218 714 286 738 quos·
300 703 448 738 improbos,
465 702 624 732 maledicos,
643 701 826 728 fraudulentos
839 707 933 737 putant
944 707 969 729 et
980 702 1012 728 ad

220 741 368 767 faciendam
385 741 511 766 iniuriam
528 740 684 770 instructos,
701 748 746 765 eos
761 744 936 766 contemnunt
950 740 1013 775 qui-

218 779 279 804 dem
292 779 461 812 neutiquam;
477 777 522 803 scd
535 777 567 802 de
580 777 613 802 iis
628 776 696 802 male
707 777 872 804 existimant.
912 777 1013 809 Quam-

218 816 319 846 obrem,
334 821 361 842 ut
372 820 431 841 ante
444 815 511 844 dixi,
525 818 732 840 contemnuntur
744 814 771 844 ii.
785 815 832 848 qui
845 824 888 840 rwc
899 817 956 843 sibi,
970 824 1013 841 νινε

217 855 302 882 alteri,
316 858 343 879 ut
354 852 465 884 dicitnr,
485 851 624 886 inquibus
639 851 730 878 nullus
743 851 828 881 labor,
848 851 919 878 nulla
933 851 1013 878 indu-

218 891 291 921 stria,
306 890 378 916 nulla
390 898 452 916 cura
464 894 513 915 est.
537 890 578 914 37.
596 889 778 915 Admiratione
789 894 877 915 autem
889 889 1014 915 afficiun-

219 932 261 954 tur
277 928 308 958 ii,
331 928 378 962 qui
397 927 496 953 anteire
511 927 606 952 ceteris
622 927 718 952 virtute
734 931 874 960 putantur,
892 931 1012 961 etquum

217 965 290 992 omni
302 973 391 991 carere
401 964 543 993 dedecore.
563 968 618 989 tum
631 972 693 989 vero
705 964 738 989 iis
751 965 838 993 vitiis,
855 964 957 999 quibus
967 964 1012 989 alii
1041 975 1043 992 t

218 1011 270 1029 non
284 1002 360 1028 l'acile
373 1006 484 1036 possuut
495 1001 636 1027 obsistere.
653 1001 719 1026 Nam
731 1006 756 1027 et
768 1001 926 1036 voluptates,
937 1001 1013 1027 blan-

217 1039 346 1066 dissimae
362 1039 501 1068 dominae,
523 1039 634 1064 maioris
650 1038 732 1072 partis
749 1039 869 1065 animos·
885 1048 898 1065 a
916 1039 1013 1065 virtute

217 1077 389 1111 detorquent;
403 1081 428 1102 et
439 1075 561 1102 dolorum
573 1084 656 1110 quum
665 1075 927 1105 admoventurl'aceS,
937 1084 1014 1110 prae-

218 1119 256 1140 ter
268 1114 376 1140 modum
389 1113 510 1148 plerique
522 1117 702 1139 exterrentur:
720 1113 782 1143 rita,
797 1121 876 1143 mors,
890 1113 1010 1143 divitiae,

218 1156 359 1186 paupertas
379 1160 472 1176 omnes
502 1150 624 1177 homines
645 1149 882 1176 vehementissime
908 1159 1014 1185 permo-
1041 1156 1043 1186 ἰ

218 1193 289 1215 veut.
330 1188 402 1220 Quae
418 1189 465 1222 qui
483 1188 508 1214 in
526 1193 666 1221 utramque
683 1191 782 1221 partem
799 1187 906 1214 excelso
924 1189 1013 1214 animo
1041 1200 1042 1226 ι

217 1234 368 1261 magnoque
389 1225 555 1259 despiciunt,
573 1232 712 1259 quumque
728 1223 818 1259 aliqua
835 1226 868 1251 iis
883 1225 971 1260 ampla
988 1230 1013 1251 et

217 1263 326 1289 honesta
338 1271 380 1288 res
391 1262 492 1288 obiecta
504 1267 557 1290 est,
576 1266 642 1288 totos
658 1261 690 1287 ad
706 1269 735 1287 se
750 1263 881 1289 convertit
896 1263 1010 1298 etrapit,

217 1305 272 1326 tum
284 1300 346 1334 quis
358 1308 409 1326 non
422 1299 569 1325 admiretur
579 1298 750 1333 splendorem
766 1299 1013 1334 pulchritudinem-
1041 1303 1042 1330 l

215 1346 267 1372 quc
284 1336 408 1363 virtutis?
436 1337 482 1363 Xl.
505 1339 546 1363 38.
569 1337 638 1371 Ergo
650 1341 675 1362 et
688 1336 751 1363 liaec
763 1337 846 1363 animi
858 1337 1013 1372 despicien-

215 1375 250 1401 tia
262 1374 496 1400 admirabilitatem
509 1382 632 1409 magnam
647 1373 722 1400 lacit:
736 1380 762 1400 et
773 1376 890 1401 maxime
900 1376 1009 1406 iustitia,

215 1420 249 1438 ex
263 1420 314 1446 qua
327 1420 379 1437 una
391 1412 489 1437 virtute
498 1414 546 1437 riri
553 1410 794 1445 boniappellantur‚
804 1412 916 1439 mirifica
929 1421 1013 1448 quae-

214 1449 275 1475 dam
293 1449 462 1475 multitudini
479 1448 598 1475 videtur:
622 1457 670 1474 nec
688 1449 796 1476 iniuria.
837 1450 921 1476 Nemo
939 1451 1011 1477 enim

214 1487 302 1512 iustus
312 1495 371 1512 esse
384 1490 482 1521 potest,
500 1487 548 1521 qui
559 1490 681 1516 mortem,
697 1487 744 1521 qui
756 1486 874 1513 dolorem
884 1508 890 1518 ,
905 1489 953 1522 qui
964 1497 1012 1514 ex-

214 1524 317 1554 silium,
330 1524 378 1558 qui
390 1528 534 1559 egestatem
547 1524 631 1554 timet,
648 1528 694 1550 aut
704 1525 751 1559 qui
766 1532 882 1559 ea‚quae
895 1525 937 1551 his
949 1530 1012 1552 sunt

214 1561 643 1596 contraria,aequitatianteponit.
662 1561 832 1596 Maximeque
844 1562 1012 1589 admirantur

213 1599 341 1632 cun1,qui
353 1599 466 1632 pecunia
478 1607 529 1624 non
542 1602 677 1624 movetur:
691 1598 764 1633 quod
783 1600 870 1634 inquo
882 1600 939 1626 viro
951 1608 1012 1635 per-

213 1640 335 1669 spectum
347 1637 390 1666 sit,
406 1635 477 1661 hunc
489 1636 545 1670 igni
557 1640 705 1669 spectatum
717 1636 890 1663 arbitrantur.
920 1638 1011 1672 ltaque
1040 1648 1041 1659 ι

214 1672 259 1698 illa
272 1673 330 1703 tria,
343 1681 412 1707 quae
424 1673 559 1707 proposita
571 1677 634 1699 sunt
645 1673 677 1699 ad
690 1673 817 1709 gloriam,
831 1674 920 1701 omnia
932 1675 1012 1701 iusti-

215 1711 249 1735 tia
259 1709 378 1736 conficit:
392 1715 418 1736 et
429 1709 653 1740 benevolentiam,
662 1710 734 1745 quod
742 1711 868 1745 prodesse
880 1711 938 1738 vult
949 1711 1012 1746 plu-

214 1747 300 1777 rimis,
313 1752 338 1773 et
348 1747 382 1773 ob
393 1747 515 1774 eamdem
527 1756 650 1774 caussam
665 1747 744 1774 iidem
756 1753 781 1775 et
792 1748 1008 1780 admirationem,

213 1784 285 1818 quod
297 1793 341 1810 eas
353 1793 394 1810 res
405 1786 508 1819 spernit
519 1790 544 1811 et
555 1785 682 1821 negligit,
705 1785 738 1811 ad
754 1794 823 1821 quas
834 1785 956 1821 plerique
968 1787 1011 1812 in-

213 1820 341 1848 flammati
353 1821 480 1848 aviditate
491 1823 642 1857 rapiuntur.

268 1860 310 1885 39.
322 1859 359 1885 Ac
371 1867 428 1885 mea
441 1859 552 1894 quidem
563 1859 695 1886 sententia
705 1860 793 1886 omnis
804 1860 870 1886 ratio
881 1861 1011 1895 atquein-

213 1896 316 1922 stitutio
332 1897 402 1922 vitae
418 1896 572 1923 adiumenta
589 1897 730 1923 hominum
742 1896 890 1927 desiderat,
914 1898 941 1923 in
954 1898 1011 1932 pri—

213 1933 330 1967 misque,
347 1938 376 1959 ut
387 1933 495 1964 habeas,
511 1934 677 1968 quibuscum
690 1934 777 1968 possis
790 1933 935 1960 familiares
946 1943 1010 1960 con-

214 1968 282 1995 ferre
293 1978 443 1996 sermones:
466 1970 539 2005 quod
555 1975 595 1996 est
609 1970 735 2001 diflicile,
753 1971 805 1996 nisi
817 1972 934 2005 speciem
947 1980 1009 2006 prae

213 2011 237 2033 te
252 2006 315 2033 boni
329 2007 379 2033 viri
391 2007 469 2034 seras.
510 2008 580 2043 Ergo
594 2009 673 2034 etiam
685 2007 804 2034 solitario
815 2008 918 2034 homini
929 2015 1009 2044 atque

213 2044 241 2070 in
262 2052 326 2079 agro
340 2045 422 2070 vitam
438 2045 526 2080 agenti
543 2046 634 2079 opinio
651 2046 768 2071 iustitiae
789 2047 937 2072 necessaria
953 2051 1006 2078 est3

212 2089 298 2116 eoque
309 2082 388 2108 etiam
401 2083 496 2117 magis,
510 2082 591 2116 quod,
606 2091 663 2108 eam
674 2083 697 2108 si
710 2091 761 2108 non
774 2082 922 2113 habebunt.
937 2084 1010 2110 iniu-

212 2119 246 2144 sti
268 2118 440 2145 habebuntur
459 2125 484 2146 et
500 2119 582 2145 nullis
598 2119 740 2154 praesidiis
756 2121 825 2154 septi
841 2120 934 2146 multis
949 2120 1009 2147 affi—

211 2156 316 2182 cientur
326 2157 444 2182 iniuriis.
485 2158 526 2183 40.
548 2157 634 2191 Atque
647 2158 680 2183 iis
695 2158 790 2187 etiam,
812 2158 860 2192 qui
876 2157 1006 2189 vendunt,

211 2198 317 2224 emunt,
335 2194 502 2224 conducunt,
526 2193 612 2221 locant
627 2194 871 2230 contrahendisque
891 2196 1008 2231 negotiis

212 2230 394 2265 implicantur,
408 2231 508 2258 iustitia
520 2231 553 2257 ad
565 2240 620 2257 rem
631 2231 776 2267 gerendam
789 2233 939 2258 necessaria
951 2237 1004 2259 est:

211 2269 290 2294 cuius
301 2273 370 2295 tanta
384 2269 425 2294 vis
436 2273 488 2299 est,
502 2273 531 2295 ut
542 2277 574 2294 ne
586 2269 626 2295 illi
637 2269 762 2304 quidem,
780 2270 828 2304 qui
839 2269 970 2296 maleficio
982 2275 1008 2296 et

211 2305 310 2332 scelere
321 2311 482 2340 pascuntur,
496 2307 600 2340 possint
610 2307 668 2333 sine
680 2306 734 2332 ulla
746 2307 876 2341 particula
889 2307 1007 2333 iustitiae

211 2342 312 2369 vivere.
353 2344 419 2369 Nam
435 2345 483 2378 qui
499 2352 591 2370 eorum
611 2344 743 2378 cuipiam,
766 2345 815 2378 qui
831 2353 883 2370 una
902 2344 1009 2371 latroci-

212 2385 316 2410 nantur.
331 2379 434 2407 furatur
445 2380 549 2415 aliquid
561 2385 607 2407 aut
617 2382 706 2415 eripit,
715 2382 738 2407 is
749 2381 803 2407 sibi
816 2390 848 2407 ne
859 2382 887 2407 in
900 2381 1008 2408 latroci-

212 2417 255 2442 nio
265 2417 376 2451 quidem
387 2417 516 2453 relinquit
527 2418 629 2445 locum:
648 2418 693 2444 ille
707 2422 810 2449 autem,
828 2419 876 2453 qui
887 2419 1008 2453 archipi-

212 2458 265 2479 rata
276 2454 387 2486 dicitur,
402 2455 454 2481 nisi
465 2455 642 2490 aequabiliter
652 2455 778 2490 praedam
791 2455 944 2490 dispertiat,
961 2461 1008 2483 aut

212 2490 384 2518 interficiatur
399 2501 412 2518 a
423 2493 504 2518 sociis
515 2497 561 2519 aut
572 2492 748 2528 relinquatur.
789 2492 860 2524 Quin
875 2494 954 2519 etiam
968 2493 1007 2519 le-

210 2535 258 2562 ges
270 2527 400 2555 latronum
412 2538 470 2556 esse
482 2530 617 2561 dicuntur,
631 2530 733 2565 quibus
744 2535 865 2564 pareant,
879 2539 947 2565 quas
956 2531 1008 2557 ob-

210 2569 327 2590 servent.
362 2566 450 2600 ltaque
463 2572 569 2601 propter
578 2566 748 2602 aequabilem
760 2567 873 2601 praedae
885 2569 1008 2602 partitio-

211 2608 272 2627 nem
284 2606 309 2627 et
319 2601 440 2638 Bardylis
452 2603 559 2639 Illyrius
572 2604 650 2635 latro,
668 2604 701 2630 de
716 2612 771 2639 quo
784 2609 824 2631 est
835 2605 906 2639 apud
919 2605 1007 2631 Theo-

210 2646 354 2674 pompum,
373 2648 483 2675 magnas
498 2649 563 2676 opes
575 2641 683 2675 habuit,
701 2646 727 2668 et
738 2641 823 2668 multo
833 2644 947 2669 maiores
959 2643 1007 2669 vi-

1041 1237 1043 1257 l
1065 1226 1301 1261 amplificationem
1317 1226 1426 1252 honoris
1436 1231 1461 1251 et
1471 1225 1583 1261 gloriae.

1042 1263 1043 1267 ¹
1065 1273 1116 1290 non
1131 1263 1300 1299 quaerendae
1315 1263 1403 1289 solum
1422 1263 1487 1289 ratio
1503 1267 1556 1293 est.
1573 1271 1668 1289 verum
1685 1263 1765 1289 etiam
1779 1261 1862 1288 collo-

1012 110 1285 136 etet-:noxis

1067 179 1171 206 riatlius
1183 181 1336 209 Lusitanus.
1349 180 1392 205 rui
1409 179 1519 215 quidem
1535 181 1614 207 etiam
1629 182 1763 208 exercitus
1778 183 1860 209 nostri

1042 239 1044 256 ἱ
1068 219 1295 252 imperatorempie
1311 222 1461 246 cesserunt:
1485 226 1565 252 quem
1581 219 1611 245 (Σ,
1625 218 1745 247 Laelius,
1760 220 1796 249 is,
1812 221 1860 254 qui

1042 274 1044 279 ,
1067 256 1175 289 sapit-ns
1188 260 1341 289 usurpatur,
1355 259 1459 289 praetor
1471 254 1549 290 [regit
1559 260 1584 282 et
1594 257 1754 282 comminuit
1766 256 1861 283 tei-oci—

1067 297 1202 326 talemque
1212 293 1271 317 eius
1283 292 1316 317 ita
1330 293 1470 326 repressit.
1493 297 1522 318 ut
1538 292 1614 319 l'acile
1631 293 1731 319 bellum
1748 294 1862 329 reliquis

1067 329 1190 355 traderet.
1231 330 1320 361 Quum
1338 329 1420 363 igitur
1435 333 1505 355 tanta
1523 330 1564 355 vis
1581 331 1698 356 iustitiae
1717 332 1764 360 sit,
1788 336 1816 357 ut
1831 339 1861 357 ea

1066 368 1145 393 etiam
1169 366 1298 392 latronum
1318 375 1382 400 opes
1404 366 1490 392 lirtnct
1505 371 1584 401 atquc
1602 373 1711 400 augeat,
1733 373 1860 402 quantam

1066 405 1125 430 eius
1143 405 1196 430 vim
1216 404 1282 429 inter
1299 403 1371 438 leges
1382 408 1407 429 et
1419 403 1518 429 iudicia
1531 405 1557 430 in
1569 405 1711 430 constituta
1723 405 1861 440 republica

1068 442 1121 468 [οι-ι·
1133 440 1277 476 putamus?
1307 440 1364 466 Xll.
1388 441 1428 466 Η.
1451 441 1516 466 Mihi
1533 441 1643 476 quidem
1661 451 1711 468 non
1723 442 1794 477 apud
1807 443 1863 469 Me-

1042 481 1043 489 *
1066 479 1114 505 «los
1126 478 1227 507 solum,
1247 483 1274 503 ut
1285 479 1321 503 ait
1334 477 1493 506 Herodotus.
1511 478 1558 504 sed
1570 480 1650 505 etiam
1662 479 1733 513 apud
1749 481 1862 506 maiores

1067 521 1169 543 nostros
1186 516 1304 542 iustitiae
1321 515 1449 541 fruendae
1463 524 1557 541 caussa
1575 515 1701 542 videntur
1711 516 1776 542 olim
1793 517 1860 544 bene

1067 554 1159 580 morati
1173 562 1248 587 reges
1259 553 1407 579 constituti.
1434 553 1500 579 Nam
1512 562 1596 588 quum
1609 559 1775 588 premeretur
1786 555 1862 580 initio

1041 591 1043 615 j
1066 590 1299 619 multitudoabiis.
1308 591 1355 624 qui
1369 591 1482 616 maiores
1493 599 1558 625 opes
1570 591 1718 617 habebant:
1731 591 1764 617 ad
1776 599 1861 617 unum

1042 639 1043 647 ι
1065 629 1183 663 aliquem
1196 627 1702 663 confugiebant,virtutepraestantem;
1716 629 1764 663 qui
1775 637 1860 664 quum

1066 666 1220 701 prohiberet
1241 666 1338 691 iniuria
1355 666 1502 695 tenuiores,
1525 666 1657 700 aequitate
1675 665 1860 692 constituenda

1065 712 1186 730 summos
1197 712 1259 729 cum
1273 703 1373 729 intimis
1387 703 1444 737 pari
1458 703 1514 728 iure
1526 703 1665 729 retinebat.
1707 702 1861 738 Eademque

1065 740 1312 768 constituendarum
1327 740 1416 776 legum
1430 739 1479 766 suit
1490 749 1594 770 caussa,
1607 749 1676 775 quae
1688 748 1793 775 regum.
1818 741 1859 766 ⁴2.

1065 780 1108 805 lus
1115 779 1186 804 enim
1194 778 1459 813 semperquaesitum
1471 783 1511 804 est
1521 777 1676 812 aequabile:
1691 786 1778 812 neque
1788 778 1861 804 enim

1065 816 1141 842 aliter
1151 820 1221 842 esset
1234 816 1286 841 ius.
1327 815 1354 841 ld
1370 816 1392 841 si
1409 815 1443 841 ab
1459 823 1512 841 uno
1528 816 1598 841 iusto
1608 820 1634 841 et
1645 815 1714 841 bono
1727 816 1784 841 viro
1797 823 1862 841 con-

1064 853 1257 888 sequebantur,
1272 858 1346 879 erant
1359 861 1390 879 eo
1400 854 1527 878 contenti.
1554 852 1643 884 Quum
1657 852 1682 878 id
1696 853 1786 878 minus
1796 860 1861 878 con-

1041 889 1043 896 '
1066 893 1188 926 tingeret,
1199 890 1270 925 leges
1281 895 1344 916 sunt
1357 891 1488 919 inventae,
1497 898 1566 924 quae
1577 898 1638 915 cum
1650 889 1778 916 omnibus
1789 897 1862 915 sem·

1066 937 1112 963 per
1132 937 1183 954 una
1205 933 1284 962 atque
1305 927 1398 953 eadem
1419 936 1483 953 voce
1503 927 1684 962 loquerentur.
1725 927 1795 962 Ergo
1811 926 1861 953 hoc

1065 965 1176 1000 quidem
1193 965 1366 1000 perspicuum
1387 969 1440 994 est,
1463 973 1507 990 eos
1523 964 1555 990 ad
1573 963 1761 999 imperandum
1776 963 1861 999 deligi

1065 1003 1170 1033 solitos,
1188 1011 1303 1037 quorum
1319 1002 1352 1028 de
1364 1002 1465 1028 iustitia
1478 1010 1573 1036 magna
1586 1002 1757 1036 essetopinio
1770 1001 1862 1027 multi—

1066 1040 1178 1066 tudinis.
1219 1039 1353 1066 Adiuncto
1374 1048 1450 1069 vero,
1473 1044 1502 1065 ut
1518 1039 1600 1065 iidem
1617 1040 1697 1065 etiam
1716 1038 1862 1073 prudentes

1066 1077 1241 1107 haberentur,
1260 1076 1328 1102 nihil
1344 1081 1413 1106 erat,
1431 1076 1502 1111 quod
1520 1076 1642 1102 homines
1658 1077 1692 1102 iis
1706 1075 1862 1102 auctoribus

1042 1112 1043 1119 ¹
1066 1123 1116 1141 non
1130 1123 1208 1149 posse
1219 1115 1348 1149 consequi
1360 1122 1388 1139 se
1400 1114 1601 1140 arbitrarentur.
1632 1113 1712 1139 Omni
1726 1114 1808 1148 igitur
1819 1121 1863 1139 ra-

1065 1153 1135 1178 tione
1147 1151 1258 1178 colenda
1270 1155 1296 1177 et
1307 1151 1444 1177 retinenda
1458 1151 1558 1177 iustitia
1570 1155 1711 1185 est‚quum
1727 1151 1784 1185 ipsa
1800 1159 1862 1185 pro-

1064 1194 1123 1224 pter
1133 1197 1206 1219 sese,
1223 1189 1295 1223 (nam
1306 1188 1383 1214 aliter
1394 1189 1495 1214 iustitia
1508 1196 1559 1214 non
1571 1188 1663 1222 esset.)
1678 1191 1734 1214 tum
1754 1192 1862 1222 propter

1624 1224 1676 1251 Sed
1692 1230 1721 1251 ut
1731 1225 1861 1259 pecuniae

1064 1301 1177 1332 candae,
1194 1310 1263 1336 quae
1275 1306 1418 1336 perpetuos
1429 1305 1555 1335 sumptus
1569 1300 1735 1335 suppeditet,
1754 1308 1803 1326 nec
1817 1307 1862 1326 so-

1066 1339 1120 1365 lum
1143 1339 1321 1368 necessarios,
1342 1338 1390 1364 sed
1411 1338 1491 1364 etiam
1513 1337 1651 1364 liberales:
1673 1338 1714 1363 sic
1733 1336 1818 1372 gloria
1836 1341 1863 1363 et

1064 1377 1216 1412 quaerenda
1227 1381 1252 1403 et
1263 1375 1416 1402 collocanda
1428 1376 1529 1402 ratione
1539 1379 1589 1401 est.
1633 1376 1674 1401 43.
1690 1374 1861 1409 Quamquam

1064 1414 1198 1449 praeclare
1214 1414 1334 1440 Socrates
1350 1415 1415 1439 hanc
1430 1416 1498 1439 viam
1512 1415 1547 1438 ad
1561 1414 1669 1446 yloriam
1680 1415 1828 1445 prozimum
1838 1416 1862 1438 et

1064 1454 1140 1485 quasi
1155 1454 1370 1485 compendiariam
1382 1450 1489 1476 (licebat
1499 1458 1563 1479 esse,
1574 1453 1598 1476 si
1608 1453 1665 1483 quis
1676 1452 1702 1475 id
1713 1453 1811 1482 uyeret,
1823 1453 1859 1479 ul,

1064 1491 1149 1522 qualis
1159 1491 1249 1515 haberi
1260 1490 1340 1517 vellet,
1353 1490 1413 1514 talis
1424 1493 1496 1514 esset.
1527 1486 1604 1519 Quod
1615 1487 1639 1513 si
1649 1487 1698 1522 qui
1709 1485 1862 1512 simulatio-

1064 1535 1096 1552 ne
1111 1531 1137 1553 et
1152 1527 1225 1553 inani
1240 1526 1429 1555 ostentatione.
1453 1530 1478 1551 et
1494 1524 1553 1550 sicto
1568 1533 1620 1551 non
1636 1523 1715 1550 modo
1726 1531 1859 1554 sermone,

1063 1563 1110 1590 sed
1126 1565 1206 1590 etiam
1222 1563 1310 1592 vultu,
1328 1562 1452 1589 stabilem
1469 1570 1498 1588 se
1513 1561 1625 1597 gloriam
1640 1561 1770 1596 consequi
1782 1569 1862 1596 posse

1063 1606 1168 1631 rentur,
1183 1600 1357 1627 vehementer
1367 1604 1465 1626 errant.
1506 1599 1572 1625 Vera
1583 1599 1668 1634 gloria
1680 1599 1783 1625 radices
1794 1599 1858 1634 agit,

1063 1643 1142 1673 atque
1159 1639 1238 1664 etiam
1255 1642 1430 1672 propagatur:
1455 1636 1514 1663 ficta
1532 1637 1622 1662 omnia
1638 1636 1774 1666 celeriter,
1792 1640 1862 1662 tam-

1040 1669 1041 1687 1
1063 1684 1145 1710 quam
1157 1674 1274 1704 flosculi.
1292 1669 1434 1704 decidunt,
1453 1682 1502 1700 nec
1512 1673 1670 1699 simulatum
1682 1677 1769 1707 potest
1778 1672 1861 1708 quid-

1062 1721 1143 1747 quam
1156 1721 1215 1739 esse
1226 1712 1397 1738 diuturnum.
1413 1712 1505 1737 Testes
1515 1715 1577 1736 sunt
1589 1710 1716 1744 permulti
1724 1711 1750 1736 in
1759 1715 1861 1736 utram-

1038 1750 1040 1756 *
1062 1758 1115 1784 que
1140 1755 1257 1784 partem:
1282 1749 1330 1775 sed
1355 1749 1495 1775 brevitatis
1515 1756 1609 1774 caussa
1634 1747 1736 1774 familia
1757 1748 1860 1773 erimus

1062 1787 1178 1813 contenti
1191 1795 1254 1812 una.
1294 1787 1335 1812 Ti.
1349 1787 1420 1812 enim
1433 1785 1586 1815 Gracchus,
1602 1785 1630 1811 P.
1644 1785 1673 1811 F.
1687 1785 1790 1811 tamdiu
1802 1784 1861 1810 lau-

1062 1824 1184 1854 dabitur,
1203 1823 1268 1849 dum
1285 1824 1413 1850 memoria
1428 1831 1518 1849 rerum
1529 1823 1709 1849 Romanarum
1724 1821 1856 1854 manebit3

1062 1866 1087 1887 at
1098 1863 1157 1887 eius
1170 1860 1218 1887 filii
1230 1869 1278 1887 nec
1291 1861 1347 1887 vivi
1359 1860 1542 1895 probabantur
1553 1860 1641 1890 bonis,
1659 1864 1684 1886 et
1696 1860 1793 1886 mortui
1808 1867 1861 1885 nu-

1063 1907 1165 1924 merum
1177 1898 1299 1924 obtinent
1311 1900 1368 1924 iure
1379 1906 1529 1924 caesorum.
1552 1897 1622 1923 Xlll.
1641 1896 1694 1929 Qui
1708 1897 1792 1932 igitur
1801 1896 1861 1922 adi-

1062 1936 1130 1970 pisci
1142 1944 1232 1961 veram
1244 1935 1357 1970 gloriam
1370 1935 1453 1965 volet,
1472 1935 1591 1961 iustitiae
1608 1933 1737 1970 fungatur
1750 1933 1857 1961 officiis.

1061 1974 1096 1999 Ea
1108 1981 1177 2007 quae
1188 1977 1286 2003 essent,
1300 1973 1402 1999 dictum
1414 1973 1493 1998 estin
1508 1971 1577 1998 libro
1588 1973 1737 2006 superiore.

1118 2011 1158 2036 tt.
1180 2010 1245 2040 Sed,
1268 2015 1295 2036 ut
1310 2012 1446 2043 facillime,
1465 2011 1554 2043 quales
1567 2011 1660 2039 simus,
1679 2010 1743 2035 tales
1755 2017 1808 2034 esse
1820 2011 1860 2034 ri*-

1061 2051 1180 2078 (Ieumur,
1197 2048 1247 2073 etsi
1263 2047 1290 2073 in
1307 2055 1338 2073 eo
1354 2048 1414 2082 ipso
1429 2047 1471 2073 vis
1487 2047 1605 2072 maxima
1618 2050 1672 2076 est,
1690 2051 1719 2072 ut
1730 2046 1817 2071 simus
1827 2045 1857 2075 ii,

1060 2086 1108 2120 qui
1125 2085 1219 2111 haberi
1231 2084 1362 2115 velimus,
1376 2089 1464 2110 tamen
1475 2083 1608 2119 quaedam
1621 2087 1760 2118 praecepta
1771 2081 1859 2108 danda

1060 2127 1133 2148 sunt.
1174 2122 1240 2147 Nam
1256 2122 1279 2149 si
1295 2123 1358 2156 quis
1373 2122 1407 2148 ab
1424 2122 1533 2147 ineunte
1547 2125 1631 2146 aetate
1643 2120 1723 2146 habet
1733 2128 1859 2146 caussam

1036 2176 1037 2184 1
1059 2159 1223 2186 celebritatis
1244 2163 1270 2185 et
1285 2160 1416 2188 nominis,
1434 2163 1479 2185 ant
1494 2167 1508 2184 a
1524 2162 1598 2193 patre
1608 2162 1758 2192 acceptam,
1776 2156 1859 2192 (quod

1061 2197 1123 2227 tibi,
1143 2197 1179 2222 mi
1191 2196 1296 2227 Cicero,
1319 2196 1434 2222 arbitror
1448 2195 1615 2231 contigisse‚)
1630 2199 1675 2221 aut
1689 2194 1780 2229 aliquo
1793 2203 1858 2220 casu

1059 2239 1139 2269 atque
1160 2233 1278 2260 fortuna:
1311 2234 1338 2259 in
1354 2233 1426 2259 hunc
1441 2232 1514 2259 oculi
1527 2233 1649 2259 omnium
1665 2232 1855 2262 coniiciuntur,

1059 2277 1138 2306 atque
1151 2271 1177 2297 in
1188 2270 1335 2306 cum,quid
1346 2275 1416 2306 agat,
1429 2269 1658 2305 quemadmodum
1670 2270 1751 2299 vivat,
1766 2269 1858 2303 inqui·-

1059 2309 1139 2334 ritur:
1169 2312 1207 2338 et,
1224 2313 1360 2343 tamquam
1377 2309 1404 2334 in
1425 2308 1575 2334 clarissima
1595 2307 1653 2333 luce
1669 2310 1803 2336 versetur,
1821 2306 1857 2332 ita

1059 2345 1165 2372 nullum
1180 2345 1326 2372 obscurum
1343 2350 1430 2379 potest
1442 2354 1490 2371 nec
1502 2344 1605 2371 dictum
1616 2345 1676 2370 eius
1686 2351 1744 2369 esse
1756 2351 1804 2369 nec
1817 2343 1858 2370 fa-

1058 2388 1141 2409 ctum.
1183 2383 1224 2408 45.
1246 2382 1365 2415 Quorum
1382 2387 1471 2408 autem
1488 2382 1574 2416 prima
1591 2386 1662 2408 aetas
1678 2385 1786 2415 propter
1803 2380 1857 2406 hu-

1059 2419 1199 2446 militatem
1219 2425 1246 2446 et
1265 2420 1458 2446 obscuritatem
1477 2420 1504 2445 in
1527 2419 1667 2445 hominum
1689 2418 1854 2453 ignoratione

1060 2462 1193 2483 versatur:
1220 2458 1240 2483 ii
1254 2457 1335 2483 simul
1346 2465 1376 2482 ac
1387 2457 1500 2483 iuvenes
1511 2464 1570 2482 esse
1583 2459 1740 2490 coeperunt,
1759 2463 1856 2490 magna

1058 2499 1178 2529 spectare
1197 2499 1223 2520 et
1244 2494 1277 2520 ad
1297 2503 1327 2520 ea
1343 2495 1423 2520 rectis
1438 2493 1539 2520 studiis
1559 2492 1658 2518 debent
1678 2492 1852 2518 contendere:

1058 2531 1130 2566 quod
1145 2540 1176 2557 eo
1193 2531 1309 2558 firmiore
1324 2532 1414 2557 auimo
1430 2530 1540 2560 facient,
1557 2530 1620 2564 quia
1636 2537 1687 2555 non
1704 2529 1783 2555 modo
1802 2537 1855 2556 non

1059 2568 1197 2595 invidetur
1209 2568 1249 2595 illi
1260 2569 1348 2598 aetati,
1362 2577 1456 2594 verum
1466 2568 1548 2594 etiam
1560 2566 1674 2592 lavetur.
1715 2566 1803 2592 Prima
1814 2570 1855 2592 est

1059 2606 1142 2641 igitur
1161 2605 1325 2632 adolescenti
1344 2604 1541 2631 commendatio
1560 2603 1594 2629 ad
1611 2603 1739 2639 gloriam,
1761 2604 1785 2630 si
1800 2611 1854 2638 qua

1058 2651 1092 2669 ex
1107 2645 1206 2669 bellicis
1216 2645 1290 2669 rebus
1303 2642 1452 2677 comparari
1463 2645 1562 2676 potest;
1586 2641 1613 2667 in
1625 2649 1679 2676 qua
1690 2640 1769 2667 multi
1781 2639 1854 2676 apud
