1941 3052
699 631 734 660 M.
781 631 979 661 TULLII

996 735 1011 752 Λ

578 811 983 851 MARCUM

785 914 991 964 ORA

1028 632 1351 662 CICERONIS

1036 734 1053 752 Ι)

1059 812 1465 852 BRUTUM

1040 915 1259 965 TOR.

729 1106 944 1134 NOTITIA
983 1106 1320 1133 LITTERARIA.

322 1177 386 1197 Hunc
400 1174 483 1197 librum
499 1174 574 1196 Cicero
588 1176 678 1203 :cripuit
694 1183 755 1197 rinno
771 1184 793 1197 n.
810 1175 848 1197 ch.
860 1177 894 1196 4⁶.
909 1176 975 1203 velp.
986 1175 1088 1198 [Laws.
1102 1176 1123 1196 C.
1135 1175 1177 1196 1111.
1189 1175 1283 1197 Cuemre
1291 1174 1338 1196 ΙΙΙ.
1350 1175 1384 1196 M.
1394 1175 1490 1196 Aemilia
1502 1174 1586 1203 Lepido
1599 1175 1657 1196 Con.
1667 1178 1764 1203 rogae-u
1779 1182 1793 1195 a
1808 1175 1840 1195 n.

215 1213 294 1236 Bruto.
309 1213 370 1233 mim
384 1211 480 1233 arbitrio
495 1219 557 1232 nmm
569 1213 594 1233 de
604 1216 696 1233 oratore
705 1212 842 1233 sententium
858 1213 881 1233 in
891 1213 954 1233 breui
962 1212 1052 1240 epilogo
1064 1215 1094 1239 (c.
1106 1215 1151 1239 Π.)
1162 1212 1285 1233 submittit.

263 1349 279 1369 A
288 1348 339 1370 Ro.
355 1347 433 1369 Cicero
453 1346 493 1368 hoc
507 1346 564 1367 libro
578 1347 601 1367 id
611 1347 664 1372 agit,
675 1350 707 1372 ut,
719 1347 756 1374 qui
768 1348 795 1368 sd
804 1347 901 1375 perfecte
911 1347 1000 1368 dicendi

210 1384 294 1405 laudem
305 1382 468 1411 adspiret,huic
478 1383 505 1403 ol»
515 1382 591 1403 oculos
602 1385 669 1410 punnt
678 1382 794 1408 imaginem
804 1382 897 1410 perfecti
904 1382 1000 1402 orstoris

209 1419 299 1440 nonni-i
310 1421 381 1439 mente
394 1420 528 1444 conceptum.
556 1418 632 1444 ltaque
650 1417 720 1445 primo
736 1425 783 1438 eum
800 1418 865 1445 plane
879 1417 1000 1445 perfectum

209 1461 258 1475 osse
267 1454 338 1478 ducet,
349 1453 387 1480 qui
398 1452 441 1473 trin
450 1452 492 1472 ills
500 1452 588 1473 dicendi
598 1459 678 1478 genera
684 1452 717 1473 its
727 1455 808 1478 tenent,
824 1455 849 1473 ut
862 1459 930 1480 pun-n
941 1459 999 1473 snm-

209 1489 282 1513 misse,
299 1488 384 1509 modic·
399 1490 526 1514 temperate,
541 1493 618 1512 niagno
633 1487 730 1512 graviter
739 1487 812 1508 «licere
822 1487 902 1515 ponit.
914 1487 969 1513 (vitl-
980 1494 999 1508 e.

207 1526 252 1551 ⁴2⁰.)
266 1523 340 1551 posito
357 1525 428 1543 nutem
444 1522 585 1542 fundamento
599 1521 739 1549 eloquentiae
749 1522 906 1550 philosophiae
917 1522 999 1548 studio,

208 1566 226 1579 e.
236 1561 255 1579 3.
270 1561 290 1579 4.
301 1557 359 1578 illud
368 1556 456 1578 (licendi
466 1563 534 1582 genus
544 1556 640 1578 maxime
650 1559 754 1582 sectetur,
769 1558 826 1584 quod
837 1557 885 1578 suis
895 1558 1001 1585 probetur

208 1593 355 1618 auditoribus,
370 1595 396 1613 ut
409 1591 569 1613 Demosthenes
579 1591 685 1617 Atticum,
704 1592 885 1619 probatissimum
896 1591 999 1617 omnium,

207 1632 232 1649 ut
245 1628 303 1655 quod
317 1627 348 1649 sit
361 1627 385 1648 in
398 1626 504 1648 facultate
518 1626 592 1647 omnin
605 1630 656 1654 apte
669 1627 758 1648 ‹licen-li
772 1626 877 1654 positum.
902 1633 920 1647 e.
931 1629 999 1648 5—9.

207 1663 294 1684 Deinde
302 1669 353 1684 vero
364 1662 408 1683 trin
418 1661 502 1683 oratori
510 1661 605 1682 videnda
615 1661 720 1687 ostendit,
731 1661 791 1688 quid,
803 1668 845 1688 quo
855 1660 904 1682 loeo
914 1663 936 1681 et
946 1667 999 1688 quo-

208 1698 270 1718 modo
285 1697 352 1723 (licat,
368 1704 460 1724 quorum
473 1696 566 1724 primurn
580 1696 604 1717 in
617 1696 754 1722 inventione,
765 1696 858 1717 alterum
868 1695 892 1716 in
901 1695 999 1723 disposi-

208 1733 276 1758 tione,
287 1732 376 1753 tertium
386 1732 410 1752 in
420 1731 546 1753 elocutione
553 1734 661 1756 versetur,
672 1739 690 1753 c.
703 1734 728 1753 ¹0
735 1744 759 1747 -
766 1734 797 1753 ¹8.
808 1738 833 1752 sc
842 1737 946 1752 summum
953 1731 999 1751 elo-

208 1766 311 1794 quentiae
319 1767 364 1788 vim
379 1767 402 1787 in
413 1766 539 1788 elocutione
548 1767 642 1794 positum
653 1767 723 1791 docet,
734 1773 790 1793 quse
801 1769 845 1787 turn
853 1765 940 1793 quidem
949 1772 999 1793 per-

209 1802 266 1823 Fecta
275 1802 314 1827 sit,
323 1809 387 1829 quum
396 1802 427 1823 sit
434 1802 461 1822 ad
471 1802 599 1826 docendum,
609 1801 768 1826 delectandum,
775 1801 906 1822 nectendum
915 1807 998 1822 necom-

209 1837 301 1862 modam,
312 1837 333 1857 h.
340 1843 359 1858 e.
370 1844 435 1864 quum
445 1839 520 1857 orator
528 1836 600 1857 tribus
609 1836 658 1858 illis
668 1837 785 1862 generibus
794 1836 906 1857 commode
915 1839 997 1861 utatur,

207 1871 331 1893 cuiusmodi
346 1871 442 1892 elocutio
457 1871 537 1898 quihus
548 1871 612 1899 qussi
626 1871 696 1896 signis
707 1874 839 1896 agnoscatur
849 1874 870 1891 et
880 1871 998 1896 iudicetur,

208 1907 258 1927 fuse
268 1907 407 1933 persequitur
416 1914 434 1927 e.
446 1909 540 1928 19—38.
564 1907 633 1928 Porro
644 1913 699 1933 quac
709 1906 739 1926 sit
748 1906 798 1933 ipsu
809 1906 878 1926 forma
889 1906 998 1927 orationis

207 1940 243 1961 vel
255 1941 368 1962 character
382 1941 487 1968 explicat,
503 1943 524 1961 et
534 1941 561 1961 de
569 1942 684 1962 verborum
695 1941 898 1968 sententiarumque
908 1941 998 1962 lumini-

208 1977 248 1996 lma
259 1983 276 1997 c.
287 1978 320 1997 ³9.
335 1979 377 2001 40.,
389 1976 483 2003 «lenique
493 1976 519 1997 de
529 1975 677 1996 collocatione
686 1977 801 1997 verborum
811 1984 829 1997 e.
841 1980 874 1997 4⁴.
886 1984 933 2003 sqq.
944 1977 998 2002 agit.

207 2011 240 2031 Eo
249 2013 320 2031 nutem
331 2010 435 2036 cernitur,
445 2011 481 2032 vel
490 2018 554 2037 quum
564 2014 661 2031 extremo
675 2018 722 2031 cum
733 2011 810 2038 primis
821 2014 872 2038 apte
881 2012 1000 2032 coh-erent

208 2049 230 2066 et
239 2046 382 2066 enuntiantur
392 2045 533 2066 suavissimis
543 2045 642 2069 vocibus,
651 2045 687 2066 vel
698 2053 762 2072 quum
774 2046 844 2066 forma
852 2045 903 2073 ipsa
909 2046 998 2067 concin-

208 2081 310 2107 uitasque
323 2081 438 2101 verborum
453 2080 542 2101 conficit
552 2081 625 2101 orbem
635 2087 705 2105 suuni,
714 2080 750 2101 vel
761 2081 826 2101 tertio
837 2088 901 2107 quum
912 2081 998 2108 periodi

208 2118 258 2143 apte
275 2122 434 2142 numeroseque
451 2115 539 2136 eadunt.
568 2116 645 2142 ltaque
659 2116 685 2136 nd
700 2119 820 2136 extremum
835 2115 909 2141 agitur
922 2116 949 2136 de
960 2123 998 2136 nu-

207 2157 274 2175 mero,
285 2150 348 2171 cuius
358 2150 420 2175 origo
430 2157 448 2171 c.
461 2153 494 2172 52.
505 2157 584 2171 caussa
593 2157 612 2172 e.
622 2153 654 2172 5³.
665 2153 744 2171 natura
754 2158 772 2171 e.
782 2153 815 2172 53.
827 2158 874 2177 sqq.
885 2153 907 2171 et
915 2158 970 2172 usus
979 2158 998 2172 e.

207 2187 240 2205 ol.
251 2192 298 2211 sqq.
308 2184 455 2206 declarantur.

262 2241 282 2267 1.
300 2242 323 2267 l.
342 2235 444 2267 Utrum
467 2240 606 2267 difficilius
628 2245 674 2268 aut
696 2241 783 2267 maius
801 2245 880 2273 esset,
900 2250 997 2277 negare

208 2277 256 2304 tibi
275 2278 382 2313 saepius
400 2278 471 2304 idem
489 2279 600 2314 roganti,
621 2287 653 2305 an
668 2278 771 2304 efficere
785 2278 821 2309 id.
837 2278 910 2314 quod
923 2287 999 2314 roga-

208 2323 258 2346 res,
274 2314 320 2341 diu
335 2314 514 2350 multumque,
530 2316 618 2347 Brute,
634 2315 765 2342 dubitavi.
781 2316 848 2342 Nam
863 2320 887 2342 et
901 2325 997 2351 negare

208 2352 240 2382 ei,
255 2360 336 2387 quem
351 2353 428 2379 unice
442 2352 581 2388 diligerem
595 2353 693 2388 cuique
707 2361 749 2379 me
758 2353 928 2379 carissimum
939 2361 998 2379 esse

208 2390 341 2420 sentirem,
362 2390 516 2424 praesertim
531 2394 556 2416 et
570 2390 639 2416 iusta
652 2390 751 2424 petenti
765 2394 791 2416 et
804 2390 937 2425 praeclara
950 2399 995 2416 cu-

209 2426 299 2459 pienti,
323 2426 422 2452 durum
443 2426 588 2453 admodum
607 2427 673 2453 mihi
692 2427 846 2459 videbatur;
873 2431 898 2453 et
911 2427 999 2454 susci-

208 2470 269 2496 pere
283 2467 380 2489 tantam
395 2472 459 2495 rem,
471 2468 598 2499 quautam
612 2473 664 2490 non
678 2464 756 2490 modo
768 2463 891 2491 facultate
904 2473 998 2491 conse-

208 2499 254 2533 qui
277 2499 385 2526 difficile
407 2505 485 2532 esset,
509 2501 557 2527 sed
574 2501 653 2527 etiam
671 2501 829 2536 cogitatione
845 2501 994 2536 complecti,

208 2536 255 2562 vix
276 2536 420 2563 arbitrabar
446 2546 504 2564 esse
531 2538 602 2570 eius,
626 2538 674 2573 qui
696 2543 832 2564 vereretur
853 2538 998 2573 reprehen-

208 2573 310 2599 sionem
332 2573 468 2600 doctorum
491 2579 570 2609 atque
584 2575 767 2609 prudentium.
800 2577 825 2602 2.
840 2574 911 2607 Quid
925 2576 996 2602 enim

208 2614 248 2636 est
261 2610 356 2640 maiuS,
373 2619 556 2646 quam,quum
570 2616 640 2638 tanta
654 2612 689 2638 sit
702 2612 770 2638 inter
783 2615 898 2638 oratores
912 2612 996 2639 bonos

208 2646 408 2678 dissimilitudo,
433 2647 557 2679 iudicare,
581 2657 650 2683 quae
670 2649 705 2675 sit
725 2649 825 2684 optima
846 2649 949 2683 species
971 2653 997 2675 et

1051 1348 1128 1383 quasi
1142 1347 1226 1384 figura
1240 1347 1364 1375 dicendi?
1389 1347 1466 1381 Quod
1483 1348 1610 1382 quoniam
1623 1355 1667 1374 me
1678 1348 1787 1382 saepius
1800 1356 1842 1375 ro—

1050 1394 1107 1421 gas,
1123 1385 1270 1421 aggrediar,
1291 1394 1343 1412 non
1356 1390 1410 1412 tam
1427 1384 1581 1420 perficiendi
1595 1393 1650 1420 spe,
1665 1393 1747 1420 quam
1761 1393 1843 1420 exp«.h

1051 1422 1140 1449 riundi
1165 1422 1308 1449 voluntate.
1341 1423 1410 1450 Malo
1428 1423 1509 1453 euim,
1529 1431 1615 1457 quum
1628 1421 1718 1449 studio
1731 1426 1777 1449 tuo
1789 1423 1841 1448 sim

1050 1460 1203 1491 obsecutus,
1223 1460 1368 1486 desiderari
1386 1468 1400 1486 a
1414 1464 1438 1487 te
1451 1459 1619 1495 prudentiam
1637 1468 1733 1490 meam,
1747 1467 1839 1494 quam,

1051 1498 1074 1524 si
1087 1497 1114 1524 id
1128 1506 1181 1524 non
1194 1497 1312 1529 fecerim,
1328 1497 1549 1524 benevolentiam.
1584 1498 1608 1523 3.
1623 1496 1735 1529 Quaeris
1749 1497 1838 1532 igitur,

1051 1535 1132 1570 idque
1150 1535 1202 1561 iam
1220 1535 1338 1569 saepius,
1357 1534 1430 1569 quod
1448 1534 1615 1569 eloquentiae
1631 1542 1718 1570 genus
1732 1533 1841 1568 probem

1051 1573 1166 1598 maxime
1189 1576 1214 1598 et
1231 1571 1311 1607 quale
1328 1572 1395 1598 mihi
1409 1571 1530 1598 videatur
1543 1570 1620 1602 illud,
1639 1571 1684 1597 cui
1697 1570 1764 1597 nihil
1779 1570 1840 1597 addi

1051 1609 1144 1644 possit,
1168 1608 1241 1644 quod
1263 1617 1312 1645 ego
1334 1617 1472 1635 summum
1490 1612 1515 1634 et
1530 1607 1755 1643 perfectissimum
1770 1607 1841 1634 iudi-

1050 1655 1117 1673 cem.
1155 1647 1184 1673 In
1203 1655 1257 1681 quo
1274 1654 1375 1677 vereor,
1399 1654 1441 1677 ne,
1462 1646 1486 1672 si
1503 1645 1543 1677 id,
1568 1645 1640 1680 quod
1654 1645 1709 1676 vis,
1732 1644 1842 1672 effecero

1050 1692 1167 1718 eumque
1180 1687 1318 1715 oratorem,
1333 1691 1415 1718 quem
1429 1683 1544 1718 quaeris,
1560 1690 1723 1717 expressero,
1740 1682 1841 1709 tardem

1050 1721 1139 1747 studia
1152 1720 1307 1752 multorum,
1324 1721 1371 1755 qui
1386 1720 1568 1755 desperatione
1581 1719 1712 1746 debilitati
1726 1720 1841 1754 experiri

1051 1757 1144 1789 nolint,
1168 1757 1241 1793 quod
1261 1766 1291 1784 se
1308 1758 1416 1792 assequi
1430 1765 1507 1792 posse
1521 1756 1652 1783 diffidant.
1688 1757 1711 1783 l.
1727 1756 1780 1783 Sed
1794 1765 1841 1792 par

1050 1799 1091 1822 est
1107 1804 1200 1822 omnes
1217 1795 1306 1822 omnia
1324 1795 1447 1830 experiri,
1467 1794 1514 1829 qui
1528 1803 1570 1821 res
1584 1802 1693 1830 magnas
1706 1798 1732 1820 et
1745 1802 1842 1830 magno

1049 1841 1128 1867 opere
1142 1832 1303 1867 expetendas
1320 1832 1541 1867 concupiverunt.
1574 1830 1650 1864 Quod
1664 1831 1687 1857 si
1700 1839 1782 1866 quem
1795 1835 1842 1857 aut

1050 1874 1143 1896 natura
1161 1878 1210 1896 sua
1227 1874 1273 1896 aut
1290 1869 1336 1896 illa
1353 1869 1511 1904 praestantis
1524 1868 1626 1904 ingenii
1640 1868 1682 1894 vis
1695 1867 1761 1894 forte
1774 1867 1841 1894 defi-

1049 1907 1101 1933 ciet
1119 1911 1165 1933 aut
1182 1907 1272 1933 minus
1290 1907 1438 1933 instructus
1455 1906 1505 1932 erit
1518 1914 1674 1941 magnarum
1688 1906 1785 1932 artium
1798 1905 1841 1932 di-

1050 1944 1181 1979 sciplinis,
1205 1948 1291 1970 teneat
1312 1948 1400 1970 tamen
1418 1952 1480 1970 eum
1498 1951 1618 1973 cursum,
1633 1950 1715 1977 quem
1734 1943 1838 1977 poterit.

1049 1982 1137 2007 Prima
1162 1982 1233 2007 enim
1253 1985 1409 2016 sequentem
1435 1980 1578 2006 honestum
1600 1984 1640 2006 est
1661 1980 1688 2006 in
1714 1979 1840 2006 secundis

1050 2019 1188 2053 tertiisque
1201 2019 1354 2044 consistere,
1378 2018 1445 2044 Nam
1459 2018 1486 2043 in
1501 2017 1586 2052 poetis
1601 2025 1652 2043 non
1665 2017 1778 2043 Homero
1789 2015 1839 2043 soli

1050 2055 1124 2082 locus
1146 2060 1186 2081 est
1203 2055 1242 2091 (ut
1259 2055 1292 2081 de
1311 2055 1418 2082 Graecis
1438 2054 1539 2089 loquar)
1557 2058 1602 2080 aut
1620 2053 1778 2080 Archilocho
1794 2058 1841 2080 aut

1051 2092 1175 2127 Sophocli
1190 2097 1235 2119 aut
1248 2092 1370 2122 Pindaro,
1386 2091 1434 2118 sed
1448 2091 1543 2118 horum
1559 2090 1599 2117 vel
1613 2090 1740 2117 secundis
1750 2090 1791 2117 vel
1801 2095 1840 2117 et-

1050 2130 1102 2156 iam
1117 2129 1184 2156 infra
1198 2129 1339 2156 secundos.
1373 2130 1397 2155 5.
1414 2129 1468 2155 Nec
1482 2137 1544 2155 vero
1556 2127 1724 2154 Aristotelem
1738 2128 1765 2154 in
1778 2127 1840 2163 phi-

1050 2167 1171 2202 losophia
1193 2166 1320 2193 deterruit
1341 2175 1356 2192 a
1377 2165 1518 2192 scribendo
1543 2164 1691 2200 amplitudo
1711 2164 1837 2195 Platonis,

1050 2213 1098 2230 nec
1119 2205 1177 2238 ipse
1198 2203 1352 2230 Aristoteles
1374 2202 1525 2229 admirabili
1547 2201 1662 2237 quadam
1683 2202 1792 2228 scientia
1814 2206 1841 2228 et

1049 2242 1124 2276 copia
1147 2245 1293 2267 ceterorum
1315 2240 1404 2267 studia
1422 2240 1553 2266 restinxit.
1586 2240 1618 2266 11.
1637 2239 1692 2265 Nec
1704 2239 1791 2265 solum
1806 2239 1839 2265 ab

1049 2279 1157 2313 optimis
1170 2277 1268 2304 studiis
1282 2277 1441 2304 excellentes
1455 2278 1505 2303 viri
1519 2276 1636 2303 deterriti
1646 2284 1698 2302 non
1708 2280 1779 2307 sunt,
1791 2275 1838 2302 sed

1049 2324 1082 2342 ne
1103 2314 1211 2350 opifices
1233 2315 1342 2350 quidem
1361 2323 1390 2341 se
1407 2314 1508 2341 artibus
1526 2313 1584 2340 suis
1598 2318 1776 2344 removerunt,
1791 2313 1838 2348 qui

1049 2357 1094 2379 aut
1115 2352 1204 2388 Ialysi,
1228 2361 1309 2387 quem
1323 2352 1409 2378 Rhodi
1424 2351 1551 2381 vidimus,
1571 2358 1623 2376 non
1637 2354 1781 2384 potuerunt
1793 2354 1839 2376 aut

1049 2389 1116 2416 Coae
1129 2389 1239 2416 Veneris
1253 2389 1481 2424 pulchritudinem
1495 2387 1602 2414 imitari.
1628 2387 1682 2413 Nec
1695 2387 1839 2414 simulacro

1048 2427 1118 2453 Iovis
1139 2426 1257 2462 Olympii
1275 2431 1321 2453 aut
1338 2425 1484 2462 Doryphori
1502 2429 1588 2451 statua
1605 2423 1723 2450 deterriti
1741 2424 1836 2459 reliqui

1048 2464 1138 2490 minus
1162 2464 1263 2498 experti
1285 2468 1356 2494 sunt,
1380 2462 1446 2498 quid
1464 2461 1568 2488 efficere
1585 2466 1631 2487 aut
1647 2470 1702 2496 quo
1714 2460 1837 2497 progredi

1048 2505 1170 2535 possent;
1200 2509 1315 2536 quorum
1333 2504 1404 2527 tanta
1422 2498 1566 2525 multitudo
1583 2498 1642 2529 fuit,
1663 2502 1735 2525 tanta
1747 2499 1775 2525 in
1788 2506 1838 2524 suo

1047 2539 1181 2572 cuiusque
1197 2546 1293 2573 genere
1312 2537 1379 2568 laus,
1395 2541 1434 2567 ut,
1449 2544 1535 2571 quum
1549 2544 1655 2562 summa
1668 2535 1835 2566 miraremur,

1048 2574 1171 2601 inferiora
1194 2580 1282 2601 tamen
1299 2574 1482 2609 probaremus.
1515 2574 1540 2599 6.
1559 2573 1589 2599 In
1602 2572 1750 2599 oratoribus
1763 2580 1835 2603 vero,

1048 2611 1156 2638 Graecis
1169 2611 1289 2646 quidem,
1301 2609 1456 2637 admirabile
1467 2614 1515 2640 est,
1527 2614 1658 2644 quantum
1667 2609 1736 2636 inter
1743 2617 1836 2636 omnes

1047 2657 1119 2675 unus
1137 2648 1257 2675 excellat.
1290 2648 1426 2675 Attamen.
1445 2655 1531 2682 quum
1550 2651 1619 2673 esset
1635 2646 1834 2678 Demosthenes,
