1941 3052
1011 441 1050 466 (4.

703 517 735 545 Μ.
783 517 980 546 TULLll

997 610 1015 629 D

541 680 979 719 OPTIMO

1030 517 1050 545 C

1036 610 1053 629 Ε

1069 517 1352 546 lCEflONlS

1067 681 1516 720 GENERE

769 774 1283 824 ORATORUM

930 881 1121 910 LlBER.

731 1032 948 1060 NOTITIA
988 1034 1321 1061 LITTERARIA.

324 1103 398 1124 Cicero
423 1105 533 1125 ronverxis
549 1112 563 1125 ιι
576 1112 597 1126 u
617 1112 627 1125 r
641 1104 726 1125 Graeco
739 1105 761 1125 ιἰι
773 1104 883 1126 Latinum
893 1112 1015 1126 termonem
1027 1105 1142 1126 Aeschini:
1155 1106 1177 1126 ιἰι
1190 1105 1355 1134 Ctesiphontem
1366 1110 1387 1127 ει
1400 1106 1556 1127 Demosthenis
1565 1113 1608 1134 pro
1625 1105 1768 1134 Ctesiphonte
1783 1113 1837 1128 oms

214 1139 313 1160 tionibus
329 1140 351 1160 in
367 1144 478 1161 nnectuee
494 1144 533 1161 mn
545 1144 604 1161 ceree
619 1147 665 1160 nnn
681 1144 734 1160 ‘mle
750 1147 834 1161 munitm
853 1141 877 1161 V.
895 1140 917 1161 C.
931 1143 976 1162 702.
988 1148 1029 1169 qno
1041 1141 1242 1163 Mirumst-mamm
1252 1142 1299 1169 egit
1307 1142 1349 1170 (cs
1357 1143 1375 1170 ξ
1386 1142 1749 1170 10.)pmemisiehocprooemium.
1777 1143 1842 1166 Quod

212 1182 253 1202 quo
273 1176 367 1196 romilio
380 1176 477 1203 fecerit.
493 1184 561 1204 quum
580 1177 626 1204 ipre
645 1176 747 1204 deinceps
763 1176 824 1201 dicit,
842 1179 888 1197 tum
913 1177 1068 1200 Quintiliorum
1079 1177 1135 1198 XII.
1149 1181 1179 1199 Ιο.

258 1306 275 1326 Α
284 1306 334 1325 Ro,
352 1307 398 1326 Huc
412 1306 533 1333 scriptione
543 1305 621 1327 Cicero
636 1306 772 1334 propo-itum
789 1306 866 1327 babuit
880 1314 953 1327 eorum
964 1313 998 1327 re-

211 1341 368 1368 prehensiunen
382 1341 475 1366 diluere,
497 1341 542 1367 qui,
558 1349 599 1367 quo
614 1341 662 1369 ipse
672 1345 771 1362 uteretur
781 1341 867 1362 dicendi
879 1348 964 1367 genere.
976 1342 998 1361 id

210 1375 276 1396 nimiu
297 1376 420 1396 redundans
440 1379 462 1395 et
481 1376 602 1396 Asiaticum
622 1380 687 1403 utque
703 1377 808 1397 vitiu-um
825 1383 874 1397 ense
893 1377 998 1397 dicerent.

210 1410 312 1431 Ostendit
330 1411 399 1435 igitur
418 1410 534 1438 plerosque
549 1410 641 1435 urst-ire,
661 1411 713 1437 quid
725 1411 754 1431 nit
766 1411 839 1431 Attice
849 1411 930 1435 nlicere,
941 1411 999 1438 opti-

209 1452 265 1465 mum
276 1448 346 1466 autem
359 1452 408 1466 esse
422 1452 490 1470 genus
500 1445 588 1466 dicendi
598 1445 702 1470 Atticum.
714 1450 739 1466 ut
748 1446 805 1472 quod
815 1446 891 1466 tenuia
901 1445 998 1470 firmiter,

210 1480 329 1500 mediocria
339 1480 486 1504 mediocriter,
498 1487 580 1500 summa
589 1480 686 1505 grauiter
696 1484 780 1501 tractet,

264 1536 282 1562 1.
304 1537 327 1561 ⁴.
347 1531 494 1562 Oratorum
511 1544 607 1571 genera
622 1544 681 1562 esse
699 1536 838 1569 dicuntur,
862 1542 998 1572 tamquam

209 1577 355 1607 poetarum.
395 1573 425 1599 Id
446 1581 524 1599 secus
550 1578 603 1606 est,
635 1582 696 1600 nam
716 1573 829 1600 alterum
852 1579 892 1601 est
906 1574 999 1601 multi-

208 1610 279 1644 plex.
320 1610 450 1636 Poematis
468 1611 539 1636 enim
558 1611 658 1646 tragici,
683 1611 787 1642 comici,
812 1612 890 1646 epici,
909 1611 998 1638 melici

207 1648 286 1673 etiam
309 1655 338 1673 ac
356 1647 553 1683 dithyrambici,
575 1646 657 1683 [quod
676 1648 766 1674 minus
779 1647 792 1661 ⁸
806 1653 845 1674 est
859 1653 997 1675 tractatum

207 1693 222 1709 a
244 1682 364 1720 Latinis,]
388 1693 468 1710 suum
486 1685 618 1719 cuiusque
635 1688 675 1710 est
691 1685 828 1711 diversum
847 1694 860 1711 a
875 1685 996 1720 reliquis.

208 1721 298 1756 ltaque
322 1725 347 1747 et
368 1722 395 1747 in
420 1721 551 1757 tragoedia
573 1722 706 1748 comicum
728 1722 856 1749 vitiosum
874 1727 914 1749 est
931 1723 997 1749 etin

207 1757 341 1784 comoedia
360 1762 436 1793 turpe
454 1759 597 1793 tragicum,
620 1763 645 1784 et
659 1759 685 1785 in
699 1760 793 1785 ceteris
807 1768 874 1786 suus
887 1764 927 1786 est
940 1760 998 1786 cui-

206 1803 260 1829 que
282 1803 363 1821 sonus
382 1799 407 1821 et
424 1795 553 1830 quaedam
573 1795 784 1831 intelligentibus
803 1801 863 1822 nota
881 1805 942 1823 vox.
969 1798 995 1823 2.

207 1831 346 1858 Oratorum
370 1836 458 1858 autem
481 1833 504 1858 si
522 1832 584 1867 quis
602 1833 636 1858 ita
655 1838 776 1859 numerat
795 1833 871 1868 plura
889 1842 994 1869 genera,

207 1873 237 1895 ut
249 1868 315 1895 alios
328 1869 441 1904 grandes
455 1874 500 1895 aut
511 1877 606 1905 graves
620 1874 665 1896 aut
678 1871 807 1904 copiosos,
824 1870 889 1897 alios
904 1875 996 1897 tenues

207 1910 253 1932 aut
274 1906 387 1932 subtiles
409 1911 454 1932 aut
471 1906 574 1937 breves,
595 1906 660 1933 alios
673 1907 712 1932 eis
727 1907 877 1934 interiectos
891 1912 916 1933 et
930 1912 997 1934 tam-

205 1951 287 1978 quam
311 1942 412 1970 medios
430 1948 517 1978 putet,
544 1943 577 1970 de
590 1943 745 1970 hominibus
759 1944 823 1970 dicit
836 1944 947 1979 aliquid,
963 1945 996 1971 de

206 1988 233 2006 re
247 1988 351 2014 parum.
377 1981 406 2007 In
420 1989 447 2006 re
460 1981 540 2012 enim,
556 1980 628 2015 quod
642 1981 773 2016 optimum
787 1982 830 2013 sit,
843 1982 993 2016 quaeritur,

206 2017 234 2043 in
252 2017 359 2043 homine
377 2017 482 2049 dicitur,
502 2018 574 2052 quod
591 2022 640 2044 est.
680 2018 771 2053 Itaque
790 2017 850 2045 licet
867 2019 954 2045 dicere
971 2023 997 2045 et

206 2053 323 2080 Ennium
337 2063 474 2081 summum
489 2055 595 2089 epicum
609 2059 723 2089 poetam,
735 2055 758 2081 si
772 2056 816 2081 cui
830 2056 864 2082 ita
879 2056 993 2087 videtur,

205 2095 231 2117 et
252 2091 399 2118 Pacuvium
422 2092 550 2127 tragicum
572 2096 597 2118 et
619 2091 763 2119 Caecilium
787 2092 896 2119 sortasse
913 2094 996 2119 comi-

205 2136 277 2154 cum.
320 2130 344 2154 3.
368 2128 502 2155 Oratorem
524 2137 621 2164 genere
643 2137 694 2155 non
717 2129 822 2162 divido,
848 2129 995 2164 perfectum

204 2166 276 2191 enim
290 2174 397 2200 quaero.
424 2166 511 2192 Unum
525 2170 565 2192 est
578 2170 666 2192 autem
680 2174 765 2202 genus
779 2166 898 2201 perfecti,
915 2175 928 2193 a
941 2175 996 2202 quo

204 2202 252 2237 qui
274 2202 380 2234 absunt,
404 2211 456 2229 non
469 2212 564 2239 genere
578 2203 710 2235 differunt,
725 2208 754 2230 ut
768 2204 801 2230 ab
814 2204 885 2230 Attio
898 2204 996 2230 Teren-

204 2240 267 2271 tius,
283 2239 331 2266 sed
344 2241 371 2266 in
385 2240 477 2266 eodem
491 2249 542 2267 non
556 2244 619 2266 sunt
633 2249 718 2275 pares.
740 2240 864 2275 Optimus
874 2245 914 2267 est
923 2241 994 2267 enim

204 2281 297 2308 orator,
321 2278 369 2312 qui
390 2277 503 2304 dicendo
525 2277 627 2304 animos
648 2277 815 2304 audientium
832 2282 858 2304 et
877 2278 953 2304 docet
969 2282 996 2304 et

204 2313 317 2340 delectat
334 2319 359 2340 et
376 2319 521 2349 permovet.
561 2315 657 2340 Docere
671 2314 791 2341 debitum
805 2319 858 2347 est,
880 2314 996 2341 delecta—

205 2359 232 2377 re
255 2351 437 2382 honorarium,
460 2360 614 2386 permovere
641 2353 830 2378 necessarium.
877 2353 902 2378 4.
926 2352 995 2378 Haec

205 2392 234 2414 ut
242 2388 310 2414 alius
320 2388 426 2419 melius,
439 2397 520 2423 quam
531 2388 608 2419 alius,
621 2388 819 2415 concedendum
831 2394 883 2422 est;
900 2397 993 2415 verum

203 2423 232 2450 id
257 2424 286 2451 fit
308 2433 360 2452 non
381 2434 486 2461 genere,
511 2425 559 2452 sed
579 2425 673 2461 gradu.
721 2425 860 2460 Optimum
883 2426 994 2460 quidem

205 2469 288 2488 unum
302 2466 350 2493 est,
366 2467 391 2488 et
404 2463 565 2497 proximum,
578 2462 650 2497 quod
663 2463 686 2489 ei
697 2462 881 2489 simillimum:
896 2472 930 2489 ex
939 2471 994 2497 quo

204 2498 376 2533 perspicuum
398 2503 446 2531 est,
466 2499 538 2534 quod
555 2499 655 2534 optimo
672 2499 885 2526 dissimillimum
902 2501 945 2531 sit,
966 2499 993 2525 id

204 2543 262 2561 esse
280 2535 462 2562 deterrimum.
495 2537 526 2563 11.
542 2537 609 2562 Nam
626 2536 753 2571 quoniam
766 2536 917 2571 eloquentia
930 2545 994 2562 con-

203 2576 255 2598 stat
267 2580 301 2598 ex
313 2572 402 2598 verbis
416 2577 442 2599 et
454 2574 600 2604 sententiis,
617 2573 809 2607 perficiendum
823 2578 871 2604 est,
884 2578 914 2600 ut
926 2581 993 2608 pure

203 2613 229 2634 et
251 2608 388 2635 emendate
416 2609 562 2644 loquentes,
585 2609 659 2645 quod
677 2614 717 2636 est
734 2610 834 2641 Latine,
851 2611 992 2637 verborum

204 2650 335 2679 praeterea
360 2650 386 2672 et
413 2648 579 2681 propriorum
606 2651 631 2673 et
655 2646 808 2673 tralatorum
834 2646 992 2683 elegantiam

204 2690 408 2718 persequamur:
455 2684 483 2710 in
516 2684 643 2719 propriis,
682 2688 711 2710 ut
741 2683 879 2718 aptissima
909 2683 993 2719 eliga-

1051 1317 1125 1341 mus,
1156 1309 1184 1335 in
1202 1308 1314 1339 tralatis,
1339 1314 1369 1336 ut
1386 1309 1591 1336 similitudinem
1609 1310 1693 1336 secuti
1711 1317 1840 1336 verecun-

1050 1345 1084 1372 de
1106 1350 1214 1372 utamur
1230 1345 1334 1372 alienis.
1368 1348 1392 1373 5.
1412 1346 1607 1373 Sententiarum
1625 1351 1712 1373 autem
1731 1346 1839 1373 totidem

1050 1391 1146 1418 genera
1160 1387 1231 1413 sunt,
1247 1387 1312 1418 quot
1324 1383 1444 1410 diximus
1457 1392 1515 1410 esse
1530 1383 1649 1410 laudum.
1687 1383 1755 1410 Sunt
1768 1384 1839 1410 enim

1051 1420 1162 1446 docendi
1185 1424 1288 1451 acutae,
1313 1420 1461 1447 delectandi
1482 1421 1559 1456 quasi
1581 1425 1702 1456 argutae,
1722 1429 1840 1448 commo-

1051 1457 1131 1483 vendi
1152 1465 1256 1492 graves.
1297 1457 1349 1483 Sed
1367 1462 1392 1484 et
1405 1458 1546 1484 verborum
1560 1462 1600 1484 est
1613 1462 1744 1484 structura
1757 1466 1840 1493 quae-

1051 1494 1121 1525 dam,
1145 1494 1213 1520 duas
1230 1502 1272 1520 res
1290 1494 1416 1526 efficiens,
1438 1503 1579 1521 numerum
1597 1499 1623 1521 et
1640 1494 1787 1528 levitatem;
1813 1499 1840 1521 et

1051 1532 1196 1558 sententiae
1216 1540 1292 1558 suam
1315 1533 1532 1567 compositionem
1552 1531 1657 1563 habent,
1681 1536 1707 1558 et
1727 1531 1760 1558 ad
1778 1540 1840 1567 pro-

1051 1568 1164 1594 bandam
1187 1576 1243 1594 rem
1261 1569 1487 1595 accommodatum
1501 1568 1630 1596 ordinem.
1682 1568 1735 1595 Sed
1748 1577 1839 1596 earum

1050 1606 1169 1632 omnium
1194 1613 1291 1636 rerum,
1309 1610 1339 1632 ut
1351 1606 1540 1636 aedificiorum,
1560 1606 1687 1632 memoria
1705 1610 1745 1632 est
1761 1606 1839 1641 quasi

1051 1641 1263 1673 fundamentum,
1292 1642 1382 1669 lumen
1407 1644 1483 1669 actio.
1529 1644 1554 1669 6.
1581 1642 1618 1668 Ea
1643 1643 1726 1678 igitur
1750 1644 1838 1670 omnia

1049 1679 1077 1705 in
1094 1687 1148 1714 quo
1166 1688 1280 1709 summa,
1301 1680 1350 1705 erit
1372 1679 1582 1714 perfectissimus
1603 1684 1701 1712 oraton
1734 1680 1763 1706 in
1784 1688 1839 1715 quo

1049 1716 1144 1747 media,
1158 1716 1312 1742 mediocris:
1328 1717 1355 1742 in
1365 1725 1419 1751 quo
1433 1717 1551 1747 minima.
1559 1716 1732 1749 deterrimus,
1753 1721 1779 1744 et
1791 1725 1839 1752 ap-

1049 1753 1220 1788 pellabuntur
1241 1761 1332 1780 omnes
1351 1758 1474 1784 oratores,
1495 1758 1525 1780 ut
1542 1754 1654 1789 pictores
1672 1753 1839 1789 appellantur

1049 1791 1128 1816 etiam
1151 1790 1223 1821 mali,
1246 1799 1294 1817 nec
1312 1791 1456 1826 generibus
1473 1792 1542 1817 inter
1558 1799 1625 1822 sese,
1645 1791 1693 1818 sed
1707 1790 1839 1818 facultati·

1049 1827 1100 1854 bus
1114 1827 1244 1854 different.
1284 1828 1374 1862 ltaque
1393 1836 1470 1855 nemo
1483 1832 1524 1854 est
1532 1832 1626 1859 orator,
1641 1828 1688 1863 qui
1702 1837 1731 1854 se
1743 1828 1838 1855 Demo-

1048 1864 1136 1891 stheni
1158 1864 1274 1891 similem
1293 1873 1352 1891 esse
1371 1865 1448 1897 nolit3
1470 1870 1496 1891 at
1513 1864 1655 1892 Menander
1672 1865 1777 1892 Homeri
1791 1873 1838 1892 no-

1049 1901 1110 1934 luit;
1141 1910 1227 1938 genus
1245 1902 1317 1928 enim
1338 1906 1393 1928 erat
1413 1901 1495 1929 aliud.
1535 1902 1565 1929 Id
1582 1910 1634 1929 non
1651 1906 1691 1928 est
1708 1903 1736 1928 in
1753 1906 1838 1929 orato-

1048 1939 1137 1971 ribus;
1159 1943 1205 1965 aut
1221 1940 1245 1965 si
1259 1943 1307 1970 est,
1323 1943 1353 1965 ut
1365 1938 1434 1965 alius
1447 1939 1603 1975 gravitatem
1622 1947 1738 1974 sequens
1751 1939 1838 1966 subti-

1049 1975 1148 2002 litatem
1174 1975 1267 2012 fugiat,
1291 1980 1381 2002 contra
1403 1976 1472 2003 alius
1490 1977 1633 2003 acutiorem
1649 1984 1678 2002 se
1695 1984 1777 2011 quam
1794 1984 1838 2003 orb

1048 2013 1175 2039 natiorem
1197 2013 1274 2044 velit,
1294 2013 1398 2040 etiamsi
1415 2018 1456 2040 est
1473 2013 1500 2039 in
1516 2021 1612 2049 genere
1625 2012 1765 2044 tolerabili,
1779 2021 1838 2040 eer-

1048 2055 1072 2076 te
1090 2058 1142 2077 non
1160 2055 1201 2077 est
1217 2051 1246 2077 in
1259 2051 1372 2085 optimo,
1394 2050 1538 2086 siquidem.
1553 2049 1626 2085 quod
1638 2059 1731 2078 omnes
1744 2049 1836 2077 laudoe

1047 2087 1134 2118 babet,
1150 2087 1178 2114 id
1191 2092 1231 2114 est
1243 2088 1384 2122 optimum.

1102 2129 1145 2155 111.
1160 2129 1186 2154 7.
1210 2128 1279 2154 Haec
1296 2128 1352 2154 dixi
1367 2128 1475 2154 brevius
1488 2127 1623 2163 equidem,
1638 2136 1719 2163 quam
1733 2137 1775 2155 res
1788 2137 1836 2164 pe-

1047 2166 1130 2198 tebat;
1161 2165 1208 2192 sed
1225 2165 1258 2191 ad
1275 2164 1312 2196 id,
1332 2165 1405 2200 quod
1423 2165 1537 2201 agimus,
1557 2173 1610 2192 non
1629 2164 1679 2192 fuit
1691 2165 1835 2193 dicendum

1046 2203 1184 2238 pluribus;
1207 2210 1292 2229 unum
1311 2203 1381 2228 enim
1400 2211 1486 2237 quum
1499 2203 1534 2228 sit
1545 2210 1640 2238 genus,
1656 2202 1684 2228 id
1697 2201 1776 2237 quale
1789 2204 1833 2234 sit,

1045 2240 1209 2275 quaerimus.
1249 2239 1297 2265 Est
1318 2244 1406 2266 autem
1428 2239 1488 2270 tale,
1508 2238 1691 2274 quale-floruit
1708 2239 1833 2273 Athenis;

1045 2285 1079 2303 ex
1099 2285 1154 2311 quo
1170 2276 1317 2303 Atticorum
1334 2281 1467 2303 oratorum
1481 2277 1540 2310 ipsa
1553 2276 1595 2302 vis
1607 2276 1697 2311 ignota
1710 2280 1758 2307 est,
1775 2282 1834 2304 nota

1044 2313 1137 2350 gloria.
1178 2314 1244 2339 Nam
1267 2313 1380 2340 alterum
1403 2312 1482 2339 multi
1504 2312 1639 2343 viderunt,
1660 2313 1749 2339 vitiosi
1767 2313 1835 2340 nihil

1045 2350 1117 2385 apud
1130 2359 1183 2381 eOS.
1199 2350 1311 2377 alterum
1325 2351 1412 2385 pauci,
1429 2349 1571 2376 laudabilia
1585 2357 1643 2376 esse
1657 2349 1750 2376 multa.
1787 2350 1835 2377 Est

1044 2388 1115 2414 enim
1141 2388 1268 2414 vitiosum
1291 2388 1320 2413 in
1341 2387 1479 2418 sententia,
1502 2387 1526 2413 si
1543 2386 1610 2421 quid
1628 2386 1776 2413 absurdum
1789 2392 1835 2414 aut

1044 2424 1162 2451 alienum
1187 2429 1233 2450 aut
1255 2432 1307 2450 non
1329 2429 1437 2451 acutum
1455 2428 1501 2450 aut
1517 2423 1705 2450 subinsulsum
1723 2428 1776 2457 est;
1804 2425 1833 2451 in

1045 2462 1143 2492 verbis,
1163 2462 1187 2487 si
1200 2461 1380 2496 inquinatum,
1395 2461 1419 2487 si
1432 2460 1574 2491 abiectum,
1590 2460 1614 2486 si
1629 2469 1682 2487 non
1692 2465 1793 2496 aptum,
1808 2461 1833 2488 si

1044 2498 1152 2530 durum,
1176 2498 1200 2524 si
1219 2498 1295 2534 longe
1313 2498 1435 2532 petitum.
1477 2499 1502 2523 8.
1521 2497 1590 2523 Haec
1607 2497 1758 2524 vitaverunt
1778 2497 1833 2524 fere

1044 2544 1146 2566 omneS,
1166 2535 1214 2570 qui
1232 2539 1278 2561 aut
1295 2534 1373 2561 Attici
1387 2538 1560 2560 numerantur
1573 2539 1618 2560 aut
1631 2534 1724 2560 dicunt
1735 2535 1829 2561 Attice.

1043 2572 1095 2599 Sed
1107 2577 1240 2607 quatenus
1253 2571 1402 2602 valuerunt,
1417 2571 1474 2597 sani
1487 2571 1626 2597 dumtaxat
1638 2575 1664 2597 et
1675 2572 1739 2598 sicci
1750 2571 1832 2598 habe-

1043 2614 1130 2641 antur,
1155 2608 1203 2635 sed
1220 2609 1264 2639 ita,
1284 2613 1314 2635 ut
1331 2607 1485 2643 palaestrice
1497 2608 1606 2642 spatiari
1619 2608 1647 2634 in
1660 2613 1738 2643 xysto
1750 2609 1784 2635 iis
1798 2608 1832 2635 li-

1043 2651 1108 2677 ceat,
1132 2654 1185 2672 non
1197 2645 1230 2671 ab
1247 2644 1380 2680 Olympiis
1393 2653 1515 2671 coronam
1529 2649 1628 2679 petant.
1667 2644 1728 2677 Qui,
1744 2654 1830 2680 quum

1041 2687 1146 2710 careant
1167 2683 1240 2709 omni
1263 2682 1340 2712 vitio,
1367 2690 1419 2708 non
1442 2686 1505 2708 sunt
1529 2682 1644 2708 contenti
1666 2683 1744 2717 quasi
1763 2682 1829 2709 bona
