1941 3052
249 149 309 175 tati

772 147 908 172 eneam.
942 145 976 170 M.
1010 144 1040 171 T.
1072 144 1343 171 Clcsstioxis

246 221 273 253 μὶ
287 219 411 248 [ιιι-01010,
421 227 467 253 pro
482 217 594 243 fortunis
606 217 672 242 meis
683 215 753 250 apud
767 225 812 241 vos
826 215 898 250 loqui
911 224 961 241 non
975 214 1039 241 lice·
1067 214 1070 238 l
1092 216 1205 241 removi:
1224 225 1237 241 a
1249 224 1363 250 quorum
1376 215 1483 250 templis
1495 224 1553 242 meo
1567 216 1686 251 periculo
1698 216 1830 244 runem-m
1843 216 1883 243 [ι-

249 257 304 282 b'u‘!
325 257 413 284 Servi.
436 256 482 289 qui
499 254 530 279 ad
547 254 711 288 supplicium
728 255 798 278 caeni
818 252 975 278 verberibus
988 257 1038 278 tra-

250 294 358 321 liuntur.
371 293 441 327 apud
453 301 497 317 eos
509 300 587 325 saepe
599 291 736 325 disputant
745 311 750 320 .
763 299 830 352 quos
843 298 934 315 necare
948 289 1039 315 voluc-

249 336 322 356 runt:
345 340 393 356 vua»
407 328 555 354 consularis
567 328 636 362 apud
651 336 697 353 vos
709 336 760 353 non
783 336 879 361 oquar.
897 335 965 361 quos
976 335 1039 352 con-

248 369 373 393 servari?
384 366 494 394 'rm-vlu),
508 366 530 391 si
544 374 651 391 nccesse
663 370 715 390 est:
734 365 834 392 tacebo.
849 364 968 399 inquam.
982 364 1039 389 nni-

250 414 292 430 mo
304 404 531 437 aii-‹piu›.qiioniam
545 403 629 428 virtus
643 410 709 431 mea,
726 410 767 427 mc
779 402 951 434 tacente.agit
962 409 1040 426 caus-

249 451 305 467 sam
319 449 414 466 meam.
456 440 520 465 vui.
544 441 582 465 19.
606 440 695 473 ltaque
707 444 795 471 1110μο
807 439 832 464 10
844 440 970 464 0011010111-
983 446 1039 463 mea

250 478 316 505 niliil
330 486 424 512 ponam
437 477 468 502 (le
481 477 561 502 robus
574 477 639 502 mci-1
651 477 747 509 gestis.
766 481 852 501 tamen
870 477 894 501 in
907 476 1004 501 animis
1016 480 1041 501 et

250 515 375 541 mcmorin
389 519 473 540 vestra
487 514 593 548 largiter
605 513 764 548 relinquam.
782 513 824 538 lsti
838 512 915 538 1110110
923 512 1037 540 videant.
1062 535 1064 538 ⁴

249 561 301 586 qua
319 553 418 577 ratione
435 551 501 577 linnc
518 551 629 576 inultum
646 559 730 576 meam
745 550 834 585 sugam
850 549 916 575 l'crre
927 550 1039 583 possint.

251 590 353 615 l-Itenim
366 590 387 614 si
400 597 412 613 a
426 597 476 617 nie.
490 593 517 614 ut
530 589 572 614 isti
584 589 748 617 existimant.
759 587 862 613 Lentuli
877 588 971 612 mortui
985 595 1041 611 sor-

249 627 306 655 des.
320 627 342 651 si
354 626 482 652 Catilinae
495 626 651 651 notissimus
664 625 744 654 furor.
758 626 780 650 si
793 624 906 650 amentia
918 623 1038 657 Cethegi.

249 665 272 689 si
287 663 406 689 luxuries
419 672 448 688 ac
460 668 551 697 stupra
563 662 648 689 Cassii
661 671 759 697 poenas
774 666 910 695 repetunt:
924 659 1040 695 profecto

251 702 308 726 istis
322 700 383 726 liora
396 699 478 729 nulla.
491 699 678 728 ciectoTullio,
690 708 770 725 vacua
784 698 902 733 periculo
913 698 1041 732 11111ρο11-

249 738 303 764 culi
315 738 511 771 exspectatione
524 737 697 771 relinquetur.
729 737 817 770 ltaque
831 735 868 761 illi
883 736 907 761 in
919 735 977 760 dies
990 743 1040 760 non

251 776 317 801 meis
330 774 447 804 insidiis.
461 783 529 809 quae
541 773 629 800 nullae
640 783 653 799 a
667 783 708 800 me
720 778 858 808 parantur.
872 772 918 797 sed
931 780 1040 797 suorum

250 812 382 838 scelerum
394 812 555 837 conscientia
567 812 691 841 cruciati.
714 811 780 836 milii
793 810 896 836 absenti
908 814 932 835 et
943 809 1041 843 populo

251 850 368 875 Romano
385 857 481 883 poenas
493 849 604 875 dabunt.
645 850 686 874 ⁶20.
709 848 780 880 Quas
791 847 825 873 ob
837 855 878 873 res
889 855 938 882 ego
950 847 1042 872 inimi-

250 895 341 912 corum
354 886 484 912 amentiae
495 886 690 920 cupiditatique
703 885 987 920 paucorum.omnium
999 892 1041 909 sa-

252 923 315 950 lutis
326 932 430 954 caussa,
442 923 582 949 decedam:
597 931 682 958 neque
694 931 724 949 eo
735 922 865 948 deducam
878 926 923 947 aut
934 929 1042 955 progre-

223 978 228 985 .
251 960 278 987 di
295 961 392 995 patiar.
416 965 444 987 ut
459 969 537 995 opera
554 968 611 986 mea
630 968 725 986 manus
741 960 809 985 inter
824 967 871 984 vos
886 958 1040 988 conseratis,

251 997 401 1032 caedesque
416 998 518 1023 civium
536 998 604 1024 inter
616 1006 644 1023 se
661 997 717 1023 fiat:
736 996 872 1030 multoque
884 996 972 1030 potius
985 996 1042 1029 ipse

250 1036 334 1069 patria
353 1035 498 1069 liberisque
513 1035 580 1060 meis
595 1034 704 1062 carebo.
721 1043 816 1068 quam.
838 1037 944 1068 propter
959 1040 1042 1058 unum

251 1081 307 1102 me,
320 1080 368 1098 vos
378 1072 411 1098 ‹le
424 1071 538 1098 fortunis
551 1072 645 1098 vestris
658 1072 749 1106 reique
762 1070 884 1105 publicae
896 1070 1041 1095 dimicetis.

251 1109 296 1135 Sic
307 1110 379 1135 enim
391 1109 424 1135 ab
436 1110 512 1135 initio
523 1108 560 1134 fui
573 1109 715 1137 animatus,
730 1113 821 1134 utnon
834 1108 920 1142 magis
932 1115 973 1132 me
986 1115 1043 1132 mea

250 1155 345 1173 caussa
361 1151 481 1181 putarem
498 1154 556 1172 esse
573 1151 677 1175 natum.
698 1153 779 1180 quam
800 1144 964 1179 reipublicae
983 1152 1044 1178 pro—

250 1189 379 1210 creatum.
419 1185 461 1209 21.
483 1183 534 1209 Sed
551 1183 616 1208 illud
638 1191 747 1217 queror.
769 1182 850 1216 (quod
872 1190 923 1208 non
941 1182 993 1207 iam
1010 1180 1043 1206 ad

251 1222 333 1247 unius
345 1221 490 1255 perniciem
499 1240 505 1250 ,
518 1220 564 1245 sed
578 1220 609 1246 ad
623 1221 809 1246 universorum
821 1219 962 1245 instruitur
972 1217 1044 1244 cala-

251 1258 392 1292 mitatem.)
404 1258 545 1292 conqueri.
558 1257 754 1286 commisereri,
768 1256 870 1285 dicere.
884 1263 1042 1291 expurgare,

250 1295 432 1329 suspicionem
445 1294 590 1323 dimovere.
603 1296 704 1320 crimen
716 1294 818 1320 diluere
829 1302 880 1320 non
893 1293 986 1319 licere:
999 1300 1044 1319 ore

250 1340 378 1366 oppresso
407 1333 526 1357 cervices
556 1340 614 1357 esse
645 1331 824 1366 praebendas:
858 1339 927 1365 quae
957 1335 1044 1356 tamen

250 1370 339 1395 onmia
352 1370 404 1395 iam
417 1378 468 1395 non
479 1373 542 1395 sunt
558 1373 610 1395 tam
626 1369 792 1397 calamitosa.
809 1367 882 1403 quod
899 1367 966 1393 mihi
982 1372 1045 1393 sunt
1066 1378 1067 1383 ¹

250 1406 406 1435 subeunda.
428 1414 510 1441 quam
531 1406 692 1440 perniciosa.
715 1405 787 1440 quod
807 1406 833 1431 in
849 1404 1044 1440 rempublicam

250 1448 313 1470 sunt
325 1443 483 1469 introducta.

251 1480 401 1511 decretum.
423 1481 450 1507 in
468 1480 510 1506 his
522 1480 689 1515 temporibus
699 1481 816 1506 civitatis
827 1480 916 1506 omnia
930 1479 1042 1514 perpeti.

250 1526 320 1552 quae
341 1517 412 1544 volet
435 1517 508 1544 furor
529 1517 701 1543 libidinosus.
741 1517 801 1543 Vim
822 1517 916 1543 volunt
935 1515 1046 1542 afferre?

251 1560 357 1589 praesto
371 1563 442 1581 sum.
483 1555 586 1581 Eiicere
602 1554 713 1581 volunt?
732 1563 798 1581 exeo
818 1554 918 1580 indicta
938 1561 1043 1580 caussa.

251 1592 351 1618 Nolunt
362 1591 472 1618 audire?
492 1600 614 1619 caussam
631 1601 681 1618 non
697 1592 766 1618 dico.

251 1628 398 1655 conantur?
417 1634 510 1664 agant:
533 1628 601 1655 niliil
613 1628 688 1660 duri.
711 1629 779 1655 niliil
795 1628 884 1654 acerbi
901 1628 969 1654 1111111
984 1629 1042 1658 erit.

251 1666 323 1701 quod
339 1666 534 1701 rempublicam
551 1666 690 1692 tutabitur.
731 1667 788 1692 Non
805 1666 876 1692 enim
888 1665 944 1692 illis
957 1666 1045 1691 victus

251 1703 325 1734 cedo.
338 1703 385 1729 sed
397 1703 579 1730 incolumibus
591 1703 668 1730 vobis
679 1711 721 1730 me
732 1703 862 1730 condono.
895 1704 937 1729 22.
953 1703 1045 1737 Neque

252 1741 325 1767 enim
340 1749 410 1767 mors
422 1741 573 1767 miseranda
584 1745 638 1771 est.
660 1749 729 1776 quae
744 1740 779 1767 ob
794 1739 990 1774 rempublicam
1001 1748 1047 1765 ca-

252 1778 337 1812 pitur:
355 1786 441 1812 neque
452 1778 579 1804 exsilium
590 1783 676 1813 turpe,
689 1777 762 1813 quod
773 1778 871 1804 virtute
882 1777 1043 1811 suscipitur:

252 1823 337 1849 quum
350 1816 505 1849 praesertim
517 1815 672 1842 nonnullam
685 1815 734 1841 hae
745 1823 846 1849 poenae
858 1814 972 1840 habeant
983 1816 1045 1840 inse

251 1851 470 1878 consolationem.
510 1853 576 1878 Nam
594 1853 676 1879 vitam
687 1853 710 1878 si
722 1852 850 1886 eripiunt,
863 1859 915 1877 non
927 1851 1046 1878 adiment

251 1888 364 1924 gloriam
377 1889 564 1916 immortalem.
604 1890 633 1916 Si
649 1889 746 1916 exsilio
758 1888 926 1915 mulctabunt
936 1897 1042 1923 corpus,

251 1934 304 1952 non
317 1927 437 1952 animum
449 1935 462 1952 a
476 1926 614 1961 republica
627 1926 812 1953 removebunt.
834 1925 1046 1955 Nam,ubicum-

252 1971 306 1997 que
321 1971 378 1993 ero.
400 1963 449 1989 boc
463 1963 599 1998 cogitabo,
621 1963 686 1990 haec
702 1971 808 1997 semper
822 1971 886 1988 cura
901 1970 960 1989 mea
978 1963 1041 1989 erit:

253 2008 350 2034 meque
361 2000 439 2026 vobis
450 2005 581 2034 ereptum,
590 2009 641 2027 non
653 2009 666 2026 a
677 2000 756 2026 vobis
768 1999 936 2034 repudiatum
951 2001 1047 2026 existi-

252 2037 341 2063 mabo.
380 2038 420 2063 23.
443 2036 511 2063 Illud
531 2037 564 2063 ab
585 2038 720 2063 universis
738 2036 841 2071 postulo
856 2040 984 2072 petoque.
1010 2038 1043 2067 si,

252 2073 318 2100 dum
330 2074 356 2100 in
368 2074 475 2100 civitate
486 2082 593 2100 manere
605 2074 709 2101 licitum
720 2079 767 2100 est.
775 2074 877 2100 nemini
888 2074 987 2100 iniuste
999 2082 1046 2108 pe-

253 2110 369 2137 riculum
383 2112 486 2141 creavi.
508 2112 610 2137 nemini
629 2112 763 2138 innocenti
782 2110 821 2137 fui
839 2110 997 2141 calamitati.
1021 2112 1045 2137 si

251 2148 379 2174 omnibus
394 2148 496 2175 auxilio
513 2148 702 2183 praesidioque
717 2157 776 2174 esse
794 2150 936 2179 consuevi.
959 2148 1046 2183 pluri-

252 2194 365 2220 mosque
380 2186 406 2211 in
423 2185 472 2211 hac
487 2187 594 2212 civitate
610 2194 671 2212 sum
687 2190 800 2212 tutatus:
823 2186 862 2212 uti
882 2195 930 2212 vos
946 2185 1045 2212 liberos

252 2231 325 2249 meos
337 2223 364 2249 in
379 2227 495 2249 vestram
506 2222 585 2249 fidem
599 2223 748 2258 recipiatis,
770 2231 870 2258 eosque
883 2222 1043 2253 defendatis.

253 2268 319 2286 neve
331 2260 455 2286 inimicos
469 2268 542 2286 meos
556 2261 583 2286 in
596 2260 726 2286 familiam
737 2265 854 2286 nostram
866 2260 974 2296 longius
984 2269 1046 2295 pro-

251 2296 327 2332 gredi
338 2297 491 2331 patiamini:
506 2298 608 2332 utique,
621 2298 679 2324 sive
690 2297 754 2323 hinc
765 2297 865 2328 abiero,
877 2298 935 2324 sive
945 2306 990 2324 ero
1002 2297 1045 2323 1110

251 2342 406 2369 oppressus.
419 2342 450 2360 ea
461 2339 565 2360 maneat
575 2335 666 2369 opinio
680 2339 706 2361 et
715 2335 892 2365 existimatio.
909 2343 979 2369 quae
991 2335 1046 2360 vir-

252 2376 306 2397 tute
320 2376 403 2406 parta,
411 2380 464 2398 non
475 2380 544 2406 quae
556 2371 709 2398 infelicitate
721 2371 793 2398 illata
804 2376 853 2398 est.
866 2371 902 2398 X.
914 2373 956 2398 ΞΑ».
969 2372 1045 2398 Νο00

251 2416 300 2443 ego
312 2413 345 2438 te.
353 2408 585 2443 luppiterOptime
596 2409 722 2439 Maxime.
735 2409 814 2434 cuius
825 2413 893 2435 nutu
904 2417 933 2434 ac
945 2408 1045 2435 ditione

251 2445 306 2471 sola
318 2450 447 2472 terrarum
457 2446 650 2481 gubernantur.
659 2451 747 2480 teque,
760 2446 894 2480 particeps
904 2446 1043 2476 connubii,

251 2482 323 2508 socia
334 2483 422 2518 regni.
437 2484 528 2518 regina
540 2484 618 2514 Iuno,
631 2488 724 2518 teque,
737 2483 868 2512 Tritonia,
882 2483 1045 2517 armipotens

252 2518 423 2554 Gorgophora
434 2520 520 2546 Pallas
531 2520 659 2551 Minerva,
668 2520 803 2554 ceterique
813 2519 853 2545 dii
862 2519 982 2554 deaeque
993 2521 1046 2546 im-

251 2556 375 2581 mortales
383 2577 389 2586 ,
405 2558 454 2591 qui
467 2557 609 2583 excellenti
620 2556 725 2583 tumulo
735 2557 852 2582 civitatis
863 2556 955 2583 sedem
965 2557 1046 2592 Capi-

251 2591 308 2618 tolii
320 2593 347 2618 in
358 2601 422 2619 saxo
432 2593 549 2620 incolitis
561 2595 746 2624 constitutam.
762 2598 792 2620 ut
807 2602 860 2620 non
874 2594 963 2620 solum
976 2602 1046 2621 000-

250 2633 319 2655 ctam
331 2630 438 2660 intueri,
446 2630 494 2656 sed
500 2631 661 2658 etiamtueri
671 2631 782 2666 possitis
792 2631 943 2657 civitatem:
957 2639 1046 2666 aquo-

251 2674 310 2692 rum
326 2674 375 2702 ego
390 2667 527 2701 quondam
540 2667 670 2695 altaribus
683 2669 796 2703 impiam
811 2676 922 2695 manum
940 2669 1044 2695 civium

519 1443 564 1469 1X.
585 1443 764 1475 Quamobrem
776 1447 905 1469 statutum
915 1446 955 1468 est
965 1446 1044 1476 atque
1066 1446 1067 1453 ¹

806 1591 888 1617 Aliud
903 1591 1043 1626 quippiam
1066 1597 1068 1610 ⁴

1068 339 1071 357 l

1074 2167 1077 2232 ἓ

1074 2233 1077 2275 ι

1091 261 1147 278 cem
1160 253 1260 287 repuli.
1283 261 1314 279 ne
1332 252 1545 279 iiimtrixsimum
1560 254 1634 280 orbis
1646 259 1774 280 terrarum
1787 262 1882 281 monu-

1092 295 1210 315 mentum
1222 298 1283 315 cum
1296 291 1416 324 principe
1426 291 1547 316 omnium
1559 296 1687 317 terrarum
1701 291 1833 317 occideret
1843 292 1883 318 ci-

1093 332 1185 352 vitate:
1205 332 1297 361 teque.
1317 327 1434 362 luppiter
1448 328 1546 355 Stator.
1567 336 1648 362 quem
1666 337 1727 354 vere
1739 328 1883 355 1101011101-

1093 365 1158 398 perii
1170 368 1292 390 statorem
1306 366 1418 390 maiores
1430 366 1511 390 nostri
1525 365 1743 392 nominaverunt:
1765 366 1844 392 cuius
1856 366 1882 392 in

1069 417 1071 435 2
1092 401 1191 435 inrupto
1206 401 1328 427 hostilem
1351 402 1480 436 impetum
1496 402 1625 428 Catilinae
1646 402 1732 436 repuli
1748 411 1762 428 a
1781 404 1881 429 muria:

1070 470 1071 473 Ἴ
1091 439 1169 463 vuius
1186 439 1314 472 templum
1331 447 1344 464 a
1363 438 1474 464 1101111110
1490 440 1569 465 victis
1580 439 1687 465 Sabinis
1699 440 1725 465 in
1737 439 1830 466 Palatii
1841 448 1884 466 n·

1070 494 1071 499 ,
1091 475 1150 500 dice
1160 484 1221 500 cum
1235 475 1348 501 Victoria
1364 481 1403 501 est
1417 476 1588 502 collocatum:
1609 485 1654 502 oro
1669 481 1748 511 atque
1762 476 1882 507 obsecro.

1093 512 1156 538 ferte
1178 521 1255 547 0pem
1282 514 1378 546 pariter
1404 513 1567 547 reipublicae
1591 518 1757 548 cunctaeque
1781 514 1883 540 civitati

1093 550 1213 584 uicisque
1230 549 1355 576 fortunis:
1380 551 1493 576 resistite
1514 550 1658 576 tribunicio
1679 550 1775 576 furori:
1799 550 1884 577 favete

1093 587 1418 615 innocentiae.subvenite
1425 587 1574 616 solitudini.
1583 588 1748 613 miseremini
1760 592 1885 614 senectu-

1070 643 1071 648 .
1093 626 1138 649 us:
1157 624 1237 650 nolite
1249 632 1310 649 eurn
1322 624 1472 658 supplicem
1484 632 1498 650 a
1511 625 1587 650 vobis
1598 624 1744 651 absterrere
1755 625 1885 651 0101010-

1070 675 1071 683 1
1092 661 1167 687 dere.
1183 662 1231 695 qui
1248 662 1273 687 in
1290 670 1339 687 suo
1355 661 1750 694 100μί511311111111051311111οο111
1762 670 1775 687 a
1788 663 1885 688 vesu-is

1093 698 1190 732 repulit
1202 698 1319 732 templis.
1350 700 1392 725 25.
1405 699 1431 724 Si
1443 698 1472 725 C.
1488 699 1570 725 Mario
1580 699 1683 725 auxilio
1694 698 1783 725 fuistis
1793 719 1799 728 .
1811 698 1883 734 quod

1094 736 1118 761 in
1135 735 1205 761 clivo
1217 735 1366 770 Capitolino
1381 735 1564 770 improborum
1580 737 1682 762 civium
1693 735 1801 761 caedem
1815 735 1885 762 feee-

1070 795 1071 802 .
1093 777 1143 798 rat:
1157 774 1180 798 si
1194 773 1221 798 P.
1234 773 1442 808 Scipioni.quod
1456 773 1612 799 Hannibalis
1623 773 1797 799 furibundam
1809 781 1885 799 men-

1070 820 1071 825 *
1093 815 1144 836 tem
1156 818 1169 835 a
1183 810 1277 836 vestris
1290 810 1387 844 repulit
1399 810 1518 845 templis.
1533 811 1556 836 si
1567 810 1882 845 deniqueCn.Pompeio.

1092 846 1163 881 quod
1177 852 1242 873 terra
1256 848 1376 882 marique
1392 847 1480 874 hostes
1492 847 1609 874 reddidit
1619 852 1739 882 pacatos:
1761 847 1801 873 sic
1813 855 1885 874 nunc

1094 885 1119 910 in
1132 885 1198 910 meis
1209 884 1406 910 calamitatibus
1417 884 1536 920 aliquam
1548 884 1611 910 l'erte
1621 893 1699 919 opem
1711 884 1842 915 divinam.
1855 889 1886 910 ut

1071 949 1072 954 ¹
1093 929 1171 956 saepe
1183 921 1326 947 multorum
1339 922 1365 947 in
1380 921 1507 956 periculis
1519 921 1632 953 fecistis.
1646 922 1686 948 sic
1697 930 1768 948 nunc
1780 923 1806 948 in
1817 921 1885 948 mein

1071 957 1072 960 ’
1095 959 1211 984 miseriis
1225 958 1349 984 divinum
1365 958 1473 993 aliquod
1489 958 1622 985 auxilium
1637 963 1663 985 et
1681 967 1780 985 numen
1795 963 1886 985 osten-

1093 995 1158 1021 dite.
1200 995 1244 1022 xi.
1267 997 1308 1022 ⁶26.
1331 996 1430 1022 Deinde
1441 1005 1496 1025 vos.
1509 1004 1624 1031 quorum
1636 1000 1751 1030 potestas
1763 996 1885 1030 proxime

1094 1032 1126 1058 ad
1138 1032 1248 1059 deorum
1262 1033 1452 1059 immortalium
1465 1041 1563 1059 numen
1575 1033 1824 1067 accedit.oroatque
1835 1032 1886 1059 ob-

1094 1078 1181 1100 secro,
1199 1070 1300 1104 quibus
1315 1070 1474 1105 singillatim
1488 1078 1567 1105 saepe
1581 1070 1697 1105 supplex
1708 1069 1740 1095 ad
1753 1069 1835 1104 pedes
1847 1070 1886 1096 ia·

1094 1108 1152 1135 cui.
1170 1112 1199 1133 ut
1213 1115 1289 1137 eum.
1312 1115 1392 1142 quem
1408 1107 1510 1142 singuli
1525 1112 1636 1133 stratum
1652 1112 1730 1142 atque
1751 1107 1885 1133 abiectum

1094 1144 1257 1174 sublevatis,
1280 1152 1351 1170 nunc
1371 1145 1492 1170 universi
1510 1149 1696 1170 conservatum
1717 1143 1816 1170 velitis.
1856 1143 1886 1170 Si

1096 1182 1230 1207 neminem
1243 1189 1371 1216 umquam
1383 1183 1501 1207 vestrum
1514 1181 1588 1211 laesi,
1601 1182 1624 1207 si
1636 1181 1737 1208 nemini
1750 1181 1885 1207 innocenti

1072 1249 1075 1259 Ι
1094 1218 1179 1247 obl'ui,
1188 1219 1211 1244 si
1223 1219 1302 1244 etiam
1313 1227 1327 1244 e
1337 1219 1476 1249 contrario.
1486 1223 1515 1245 ut
1524 1219 1641 1253 quisque
1651 1218 1783 1245 auxilium
1795 1226 1885 1244 meum

1095 1255 1271 1286 desideravit,
1295 1264 1372 1290 opem
1395 1255 1462 1282 ferre
1483 1264 1534 1282 000
1555 1255 1692 1282 dubitavi:
1714 1256 1738 1281 si
1757 1255 1884 1290 denique.

1095 1301 1281 1328 quaecumque
1292 1293 1488 1323 administravi.
1497 1301 1530 1319 ex
1541 1298 1628 1319 vestra
1639 1293 1792 1319 auctoritate
1803 1297 1829 1319 et
1839 1300 1888 1327 pa—

1097 1336 1166 1357 trum
1176 1331 1387 1365 conscriptorum
1401 1330 1535 1357 voluntate
1547 1330 1611 1356 feci:
1627 1331 1650 1356 si
1665 1329 1748 1356 malui
1763 1330 1888 1356 inimieo-

1098 1376 1156 1394 rum
1167 1367 1318 1402 cupiditati,
1327 1376 1408 1402 quam
1419 1367 1584 1402 reipublicae
1595 1372 1620 1394 et
1631 1366 1887 1402 legitimaeauctori-

1096 1406 1141 1432 tati
1153 1413 1252 1440 poenas
1263 1404 1386 1431 sufferre:
1401 1410 1430 1431 ut
1442 1405 1611 1435 existimetis.
1624 1413 1658 1431 ex
1674 1403 1720 1430 1110
1729 1403 1888 1430 crudelissi-

1096 1450 1139 1469 mo
1150 1443 1320 1469 inimicorum
1332 1443 1434 1477 impetu
1444 1446 1578 1476 ereptum,
1600 1442 1627 1468 in
1637 1442 1778 1476 antiquum
1788 1445 1887 1467 statum

1096 1479 1235 1515 dignitatis
1253 1480 1357 1506 restitui
1373 1480 1526 1506 convenire.
1566 1479 1607 1505 27.
1629 1478 1681 1504 Sed
1696 1479 1823 1513 quoniam
1839 1486 1888 1504 ne-

1095 1525 1149 1551 que
1161 1517 1228 1543 mihi
1241 1517 1324 1543 libere
1337 1516 1480 1551 loquendi.
1498 1524 1585 1551 neque
1596 1515 1674 1542 vobis
1684 1515 1829 1541 clementer
1839 1523 1888 1541 au-

1096 1554 1202 1584 diendi.
1220 1562 1308 1589 neque
1318 1554 1427 1580 omnino
1438 1553 1574 1580 iudicandi
1583 1574 1589 1583 .
1605 1561 1751 1588 paucorum
1763 1551 1852 1578 furore
1862 1557 1889 1578 et

1096 1592 1206 1618 30113013
1214 1612 1220 1622 .
1237 1590 1303 1617 iacta
1314 1596 1353 1617 est
1365 1595 1493 1625 potestas:
1507 1590 1555 1616 sed
1565 1598 1692 1625 oppressa
1702 1595 1742 1616 est
1753 1588 1888 1624 respubli-

1096 1637 1125 1654 ca
1137 1629 1228 1658 armis,
1242 1633 1314 1655 metu
1325 1627 1463 1654 debilitata
1474 1627 1576 1659 servili,
1584 1628 1624 1654 uti
1636 1627 1751 1654 liberum
1762 1627 1887 1662 spiritum

1097 1665 1322 1692 ducendinullam
1333 1665 1429 1692 babeat
1439 1670 1608 1700 potestatem:
1622 1664 1715 1691 cedam
1726 1664 1837 1690 inermis
1845 1672 1886 1690 31·-

1097 1704 1184 1733 matis.
1199 1703 1326 1729 innocens
1337 1702 1505 1732 nocentibus,
1513 1703 1634 1737 privatus
1645 1700 1791 1727 furibundo
1801 1701 1888 1736 magi-

1096 1741 1200 1767 stratui.
1241 1741 1334 1775 Neque
1347 1740 1420 1766 enim
1433 1739 1465 1771 Q.
1482 1738 1604 1765 Metellus
1619 1738 1769 1773 quidquam
1785 1737 1819 1764 de
1832 1738 1889 1764 vir-

1098 1782 1152 1803 tute
1167 1785 1215 1803 sua
1230 1777 1359 1807 detraxit.
1381 1776 1455 1811 quod
1468 1777 1550 1802 cessit
1564 1776 1594 1802 1..
1611 1775 1756 1801 Saturnino
1773 1774 1886 1801 furenti:

1096 1822 1184 1849 neque
1194 1814 1224 1841 C.
1235 1815 1318 1845 Cotta,
1333 1813 1406 1848 quod
1416 1813 1448 1845 Q.
1460 1813 1539 1839 Vario
1550 1813 1658 1839 tribuno
1668 1811 1765 1847 plebis.
1778 1811 1889 1838 inferio-

1097 1860 1124 1877 re
1134 1859 1231 1886 genere
1241 1856 1311 1881 orto,
1326 1850 1476 1877 cedendum
1489 1851 1608 1885 putavit:
1631 1857 1718 1884 neque
1733 1849 1760 1876 C.
1771 1849 1886 1878 Marius:

1075 1904 1077 1906 v
1096 1890 1144 1923 qui
1155 1893 1269 1923 quantas
1283 1896 1325 1914 res
1338 1888 1465 1923 gesserit.
1481 1893 1570 1913 vestra
1581 1886 1658 1913 vobis
1669 1886 1778 1913 libertas
1788 1886 1889 1913 indicio

1097 1934 1156 1952 esse
1166 1926 1276 1960 poterit:
1290 1933 1377 1960 neque
1389 1925 1492 1951 veroM.
1500 1924 1607 1950 Tullius
1617 1932 1697 1950 suum
1709 1924 1830 1950 animum
1841 1931 1889 1949 ve-

1097 1967 1149 1989 stra
1169 1962 1331 1989 abalienavit
1345 1966 1485 1997 potestate.
1511 1969 1596 1996 quum
1614 1962 1790 1996 praecipuum
1811 1960 1889 1987 vobis

1075 2015 1077 2018 -
1096 2000 1219 2026 obsidem
1230 2000 1274 2026 sui
1285 2000 1368 2026 animi
1380 2004 1495 2025 vestram
1506 1998 1645 2033 reliquerit
1656 1998 1814 2024 libertatem.
1844 1998 1887 2024 28.

1096 2037 1276 2069 Quamobrem
1296 2041 1377 2063 testor
1390 2036 1454 2062 deos
1469 2036 1587 2070 deasque
1601 2043 1694 2062 omnes
1714 2034 1886 2065 immortaleS,

1076 2083 1077 2104 3
1097 2079 1254 2109 vestrasque
1265 2074 1382 2100 maxime
1393 2078 1505 2103 mentes,
1518 2081 1562 2099 me
1573 2081 1624 2099 non
1635 2073 1704 2098 vitae
1710 2071 1887 2107 turpitudine.

1098 2120 1149 2138 non
1160 2120 1208 2146 pro
1223 2111 1409 2146 magnitudine
1424 2110 1570 2140 scelerum,
1586 2118 1638 2136 non
1651 2114 1759 2144 propter
1770 2108 1888 2144 reliquae

1075 2159 1077 2161 ·
1097 2150 1190 2175 aetatis
1206 2148 1346 2174 infamiam
1364 2156 1463 2182 poenas
1478 2148 1536 2174 iure
1546 2151 1573 2173 et
1583 2146 1642 2182 lege
1652 2146 1818 2181 persolvere:
1839 2145 1887 2172 sed

1096 2191 1204 2221 propter
1214 2186 1322 2212 virtutis
1333 2185 1464 2211 invidiam
1472 2205 1478 2215 ‚
1493 2188 1601 2219 propter
1611 2183 1835 2210 iucundissimam
1844 2183 1889 2209 in-

1096 2224 1171 2259 genii
1191 2222 1297 2249 laudem
1306 2243 1312 2252 ,
1334 2227 1442 2256 propter
1456 2221 1671 2257 magnitudinem
1690 2229 1780 2247 rerum
1799 2225 1889 2256 gesta-

1097 2269 1157 2287 rum
1167 2259 1355 2286 crudelissime
1366 2259 1474 2285 civitate
1484 2259 1595 2294 privari.
1641 2257 1717 2290 Quod
1726 2258 1750 2284 si
1761 2257 1833 2284 idem
1844 2265 1888 2283 ac·

1096 2297 1163 2324 cidit
1171 2297 1203 2329 Q.
1211 2297 1348 2331 Caepioni,
1361 2297 1385 2322 si
1396 2296 1527 2326 Mancino,
1539 2296 1564 2322 si
1573 2294 1687 2327 Rutilio;
1701 2294 1770 2321 011111
1780 2302 1888 2329 quoque

1097 2335 1146 2361 1100
1157 2333 1287 2360 accidisse
1299 2342 1351 2360 non
1363 2341 1460 2368 magno
1469 2341 1549 2368 opere
1559 2333 1610 2359 erit
1619 2331 1772 2358 mirandum
1780 2352 1787 2362 ,
1802 2339 1887 2366 quum

1096 2372 1252 2406 praesertim
1264 2379 1316 2397 non
1329 2371 1436 2406 generis
1446 2370 1617 2405 antiquitate,
1633 2369 1682 2396 sed
1693 2369 1799 2395 virtutis
1809 2376 1888 2395 orna—

1097 2409 1194 2435 mentis
1203 2416 1337 2434 summam
1351 2407 1457 2433 laudem
1468 2408 1521 2433 sim
1531 2411 1700 2433 consecutus.

1151 2445 1210 2472 XII.
1231 2446 1274 2471 29.
1295 2445 1373 2471 Nunc
1382 2453 1432 2480 ego
1442 2452 1499 2475 vos,
1512 2445 1618 2479 equites
1627 2442 1747 2473 Romani,
1759 2441 1886 2472 obtestor,

1095 2491 1212 2517 quorum
1222 2483 1322 2509 virtute
1333 2490 1430 2508 nomen
1436 2482 1584 2508 Romanum
1595 2480 1733 2506 victoriam
1739 2478 1888 2505 cumlaude

1096 2519 1216 2554 possidet
1225 2520 1396 2546 coniunctam
1403 2539 1409 2549 ,
1431 2527 1546 2554 quorum
1557 2517 1633 2544 factis
1643 2516 1791 2552 gloriantur
1801 2517 1885 2547 cives,

1097 2557 1227 2583 laetantur
1237 2557 1317 2587 socii,
1333 2561 1447 2591 gemunt
1459 2556 1562 2582 hostes:
1582 2558 1624 2584 nt,
1641 2554 1666 2579 si
1679 2561 1741 2588 erga
1755 2562 1802 2580 vos
1812 2554 1887 2580 omni

1096 2599 1214 2629 tempore
1225 2594 1325 2628 optime
1336 2593 1376 2619 fui
1387 2593 1534 2623 animatus,
1556 2591 1580 2617 si
1594 2598 1654 2617 mea
1664 2590 1783 2625 pericula
1794 2589 1889 2626 negle-

1096 2631 1133 2661 xi,
1146 2631 1212 2657 dum
1223 2631 1346 2657 timorem
1356 2638 1370 2656 a
1381 2630 1466 2664 patria
1476 2627 1675 2664 propulsarem:
1688 2628 1712 2653 si
1722 2635 1807 2662 aeque
1818 2626 1888 2653 libe-

1096 2669 1132 2694 ris
1143 2668 1241 2695 vestris
1251 2668 1393 2703 prospexi.
1412 2675 1443 2693 30
1452 2675 1500 2692 vos
1511 2664 1667 2700 parentibus
1677 2665 1843 2692 consuestis:
1857 2668 1888 2690 ut
