1941 3052
210 131 272 156 4052
768 128 822 151 tta.
858 125 892 151 M.

208 206 259 227 taut
275 200 314 233 (ut
329 200 364 226 ait
379 196 587 232 Tha-optumus)
604 195 815 230 philosophiam,
835 195 996 228 cognitionis

207 237 352 272 cupiditati·
366 238 509 263 iucensam.
523 233 657 259 excitavit.
676 233 819 266 Praecipue
832 241 894 257 vcro
906 231 997 258 fruen—

208 279 250 301 tur
265 283 308 303 ea,
325 274 371 307 qui
388 279 443 299 tum
460 272 552 300 elium„
573 278 657 304 ιμιιιιιι
674 269 721 295 lias
737 274 819 295 terras
841 268 994 298 'im-olentes.

207 311 364 337 ‹sin-mntmi
376 314 448 335 erant
459 308 677 339 culmina-,tamen
689 306 744 332 acie
757 306 853 332 mentis
864 305 997 340 dispicere

207 348 360 383 cupit-bunt.
404 346 462 371 XX.
486 345 588 370 liti-nim
605 344 627 369 ni
645 352 715 369 num·
731 343 834 378 aliquid
849 343 956 377 assequi
969 352 997 368 ue

208 389 308 420 putant.
317 384 363 418 qui
375 384 473 408 ostium
482 382 554 407 l'onti
569 380 691 406 vich-runt
703 385 727 406 et
738 389 783 406 eas
794 380 941 416 angustias.
950 388 998 414 per

207 431 273 456 quas
286 420 432 455 penetravit
443 428 482 449 va,
496 427 563 453 qum:
576 422 615 443 cst
627 418 760 443 nominata

244 468 318 498 Armi,
330 467 392 499 quia
407 465 498 498 Argivi
512 464 537 490 iu
550 471 589 494 ea,
602 465 692 489 ‹lt-lecti·
702 466 760 493 viri,

243 507 315 533 vecti.
325 504 439 534 petebant
450 504 537 535 pelli-m
550 502 697 527 omui-amm
708 502 812 533 ‹trietis;

207 554 251 575 unt
263 549 289 579 ii¹
303 549 350 583 qui
361 549 458 574 (nonani
472 547 534 574 freta
548 547 591 574 illa
605 546 738 576 viderunt,

245 586 371 619 Europum
385 587 536 618 Libyamque
547 593 632 617 ruptis·
643 585 684 609 ubt'
695 585 786 609 ‹lii-idi!
797 585 879 608 unda:

206 626 277 662 quod
291 627 397 653 tandem
410 626 591 661 spectaculum
605 625 658 651 sore
670 630 809 660 putamus,
821 632 905 659 quum
918 628 997 649 totam

207 669 301 690 terram
313 665 431 690 contueri
445 664 543 691 licebit.
553 664 666 697 eiusque
677 671 762 696 (μιιιιιι
773 663 865 692 situm,
875 661 996 689 formam.

206 702 495 736 1·irvumscriptionem‚
523 705 578 727 tum
604 705 629 725 ct
650 699 810 726 habitabiles
831 699 953 733 regiones
973 702 999 723 et

207 748 314 765 rursum
334 739 407 765 omni
428 738 501 764 cultu
523 742 629 772 propter
645 738 699 763 vim
717 736 823 771 frigoris
839 741 884 762 aut
902 735 998 761 caloris
1027 750 1029 756 ν

207 775 349 802 vacantes‘?
379 777 419 802 46.
442 776 494 802 Nos
511 776 583 801 enim
596 783 627 800 ne
640 783 710 800 nunc
721 774 832 808 quidem
843 773 929 799 oculis
940 781 999 798 cer-

207 815 297 840 nimus
308 822 347 844 ea,
356 822 424 848 quae
436 812 572 839 videmus:
590 820 676 846 neque
687 816 727 837 est.
737 812 808 837 enim
819 810 892 836 ullus
903 818 999 836 sensus
1020 831 1022 839 ,

207 852 234 877 in
246 859 367 885 corpore:
386 850 446 880 sed.
465 854 493 876 ut
505 859 554 876 non
567 849 653 875 solum
667 849 771 884 physici
783 848 891 877 docent,
905 856 998 873 verum

207 889 286 914 etiam
303 887 414 917 medici,
437 887 484 921 qui
504 889 553 914 ista
572 891 660 921 aperta
676 891 701 911 et
718 885 845 920 patefacta
862 884 996 914 viderunt.

207 926 266 951 viae
280 925 357 959 quasi
369 924 500 959 quaedam
513 923 617 950 suntad
629 923 770 952 oculos,ad
782 931 868 952 aures„
878 921 910 947 ad
923 930 999 947 nares

207 972 220 988 a
233 962 296 988 sede
307 963 389 988 animi
402 961 557 996 perforatae.
581 962 669 995 ltaque
683 968 762 994 saepe
774 965 818 986 aut
829 959 996 993 cogitatione.

207 1004 253 1025 aut
263 999 353 1034 aliqua
365 999 391 1025 vi
404 999 489 1025 morbi
502 998 634 1033 impediti,
650 998 749 1032 apertis
760 1002 839 1032 atque
851 997 962 1033 integris
975 1001 1000 1021 et
1022 1002 1029 1019 ὃ

207 1036 293 1063 oculis
304 1041 329 1062 et
341 1036 461 1066 auribus,
471 1044 518 1062 nec
531 1036 654 1062 videmus
667 1043 714 1061 nec
727 1034 867 1061 audimus:
882 1039 911 1060 ut
923 1033 999 1060 facile
1021 1044 1029 1051 ι’

207 1073 322 1109 intelligi
339 1074 436 1108 possit,
455 1074 574 1100 animum
591 1078 616 1099 et
631 1071 721 1099 videre
733 1072 874 1102 etaudirev
892 1080 943 1098 non
955 1080 999 1097 eas

207 1116 309 1146 partes,
331 1119 400 1145 quae
416 1112 493 1145 quasi
511 1110 640 1137 fenestrae
654 1114 716 1136 sunt
731 1110 827 1135 animi:
844 1109 945 1143 quibus
961 1113 1000 1134 ta-

208 1157 269 1174 men
284 1149 382 1174 sentire
397 1147 464 1173 nibil
481 1153 561 1182 queat
582 1156 670 1178 mena,
694 1147 746 1173 nisi
762 1146 789 1172 id
805 1151 865 1181 agat
879 1150 904 1172 et
919 1145 998 1171 adsit.

207 1185 291 1217 Quid.
309 1185 380 1219 quod
395 1185 487 1211 eadem
505 1190 592 1211 mente
608 1193 650 1210 res
666 1183 864 1209 dissimillimas
878 1191 1001 1217 compre-

207 1222 362 1252 hendimus.
376 1226 405 1248 ut
413 1222 536 1251 colorem,
550 1230 681 1256 saporem,
694 1221 818 1251 calorem,
831 1220 948 1250 odorem,
957 1228 1002 1246 so-

208 1258 291 1286 num'?
311 1267 379 1293 quae
398 1268 545 1293 numquam
565 1260 686 1293 quinque
710 1258 813 1284 nuntiis
834 1258 941 1284 animus
956 1265 1001 1283 co—

207 1301 359 1331 gnosceret,
383 1297 435 1322 nisi
453 1296 485 1322 ad
501 1305 563 1322 eum
578 1296 667 1321 omnia
688 1295 861 1325 referrentur,
885 1299 914 1321 ut
928 1295 1000 1321 idem

207 1334 328 1359 omnium
350 1333 432 1359 iudex
451 1333 524 1359 solus
544 1338 623 1360 esset.
663 1333 750 1368 Atque
766 1341 795 1358 ea
811 1331 927 1367 profecto
943 1337 1000 1358 tum

208 1370 292 1397 multo
310 1371 417 1405 puriora
433 1375 458 1397 et
472 1370 631 1397 dilucidiora
649 1374 803 1400 cernentur,
825 1378 924 1404 quum,
947 1377 1001 1404 quo

208 1412 301 1434 natura
313 1407 375 1438 fert,
395 1407 462 1433 liber
473 1409 580 1434 animus
592 1408 753 1442 pervenerit.
787 1408 827 1433 47.
850 1407 916 1433 Nam
929 1415 1001 1433 nunc

208 1444 328 1480 quidem,
337 1453 500 1480 quamquam
514 1444 642 1471 foramina
654 1444 786 1479 illa,quae
797 1449 887 1479 patent
899 1444 931 1471 ad
943 1445 1002 1470 ani-

208 1490 283 1508 mum
295 1491 309 1508 a
319 1491 442 1517 corpore,
459 1481 637 1508 callidissimo
648 1482 759 1508 artificio
769 1487 862 1508 natura
874 1481 1000 1508 fabricata
1030 1479 1031 1484 ¹

208 1524 256 1549 est,
265 1520 471 1546 tamenterrenis
481 1520 665 1554 concretisque
676 1519 834 1554 corporibus
845 1524 908 1545 sunt
920 1520 1002 1545 inter-

209 1561 282 1591 septa
298 1556 505 1591 quodammodo.
545 1556 635 1589 Quum
651 1561 740 1583 autem
757 1556 825 1582 nihil
837 1556 887 1582 erit
898 1560 1002 1591 praeter

209 1595 343 1625 animum,
361 1593 434 1620 nulla
445 1602 487 1620 res
497 1594 601 1620 obiecta
612 1594 754 1628 impediet,
771 1602 824 1628 quo
839 1594 930 1619 minus
940 1601 1003 1628 per-

209 1631 303 1665 cipiat,
325 1631 404 1665 quale
424 1631 546 1666 quidque
565 1631 609 1657 sit.
648 1631 722 1657 xxl.
744 1630 875 1662 Quamvis
895 1631 1002 1665 copiose

210 1667 275 1694 haec
285 1668 447 1699 diceremus,
460 1669 483 1694 si
495 1677 537 1694 res
548 1667 706 1703 postularet,
720 1676 801 1703 quam
813 1667 906 1698 multa,
919 1676 1001 1702 quam

210 1705 296 1735 varia.
314 1710 412 1740 quanta
428 1705 578 1740 spectacula
595 1707 701 1731 animus
717 1706 744 1731 in
761 1705 826 1731 locis
840 1705 1002 1731 caelestibus
1030 1716 1032 1724 ³

210 1747 280 1768 esset
301 1742 452 1768 habiturus.
492 1744 533 1769 48.
555 1742 628 1774 Quae
648 1742 759 1777 quidem
774 1743 908 1778 cogitans,
931 1742 1003 1769 soleo

210 1787 290 1814 saepe
311 1780 402 1806 mirari
422 1779 611 1806 nonnullorum
634 1779 804 1806 insolentiam
828 1779 1004 1814 philosopho-

211 1824 283 1845 rum.
306 1817 352 1851 qui
369 1821 478 1843 naturae
492 1817 672 1852 cognitionem
687 1816 867 1847 admirantur,
890 1817 1003 1851 eiusque

210 1853 344 1880 inventori
355 1858 380 1880 et
391 1854 506 1888 principi
520 1854 619 1889 gratias
632 1853 797 1880 exsultantes
813 1858 909 1889 agunt,
927 1862 1004 1880 eum-

211 1898 264 1924 que
276 1896 449 1920 venerantur,
466 1896 495 1916 ut
510 1891 604 1917 deum:
623 1890 748 1917 liberatos
758 1891 831 1916 enim
843 1899 871 1916 se
882 1899 930 1925 per
940 1899 1002 1917 eum

211 1926 305 1953 dicunt
324 1928 494 1962 gravissimis
515 1928 646 1958 dominis,
678 1932 775 1954 terrore
795 1928 959 1962 sempiterno
978 1933 1003 1954 et

211 1963 308 1990 diurno
323 1973 352 1990 ac
368 1969 496 1991 nocturno
511 1969 583 1990 metu
633 1964 691 1996 Quo
707 1963 822 1991 terrore‘?
843 1973 897 1999 quo
913 1964 1004 1991 metu?

210 2000 284 2032 Quae
300 2006 340 2028 est
354 2009 421 2027 anus
436 2006 489 2027 tam
501 2001 598 2029 delira.
614 2010 682 2036 quae
694 2002 785 2028 timeat
795 2002 857 2032 ista,
875 2011 944 2036 quae
956 2010 1004 2029 vos

212 2037 345 2069 videlicet,
359 2039 382 2064 si
394 2038 506 2074 physica
517 2047 568 2065 non
580 2038 755 2069 didicissetis,
767 2038 914 2066 timeretis?

322 2083 461 2110 Acherusia
473 2086 564 2117 templa
573 2086 627 2110 alla
640 2084 702 2110 Orci
712 2104 718 2110 .
732 2105 738 2110 .

320 2135 357 2140 -—
366 2122 512 2154 ——palli'da
524 2122 577 2147 Leti
590 2136 626 2140 —

321 2159 410 2183 nubila
421 2160 528 2184 tenebris
539 2159 609 2185 loca!

212 2203 268 2229 Non
279 2202 363 2237 pudet
374 2202 565 2237 philosophum
577 2204 604 2229 in
616 2212 646 2230 eo
656 2203 778 2239 gloriari,
791 2204 863 2239 quod
874 2204 940 2231 haec
951 2213 1003 2232 non

211 2241 302 2266 timeat
311 2244 337 2266 et
345 2240 418 2274 quod
431 2239 495 2266 falsa
507 2249 565 2266 esse
577 2241 748 2276 cognoverit?
768 2242 808 2268 Ex
823 2250 877 2276 quo
888 2241 1003 2278 intelligi

211 2281 309 2311 potest,
322 2285 403 2311 quam
415 2278 485 2303 acuti
496 2282 588 2304 natura
599 2279 666 2308 sint,
679 2279 727 2313 qui
738 2278 802 2305 haec
813 2280 871 2305 sine
884 2279 1003 2305 doctrina

212 2313 339 2340 credituri
351 2313 462 2340 fuerint!
495 2315 535 2341 49.
555 2315 723 2342 Praeclarum
734 2320 823 2342 autem
834 2317 925 2343 nescio
936 2316 1003 2351 quid

212 2350 300 2385 adepti
311 2355 382 2381 sunt,
395 2351 466 2386 quod
478 2351 632 2379 didicerunt
641 2361 679 2383 se,
695 2361 780 2387 quum
792 2358 899 2388 tempus
911 2354 1003 2380 mortis

213 2388 342 2418 venisset,
360 2392 426 2414 totos
438 2397 495 2414 esse
508 2390 649 2423 perituros.
689 2389 766 2422 Quod
782 2395 811 2416 ut
819 2391 855 2416 ita
866 2391 910 2421 sit,
922 2390 1002 2425 (nihil

212 2425 284 2450 enim
297 2425 481 2460 pugno)‚quid
494 2426 573 2453 habet
584 2427 633 2453 ista
645 2435 686 2452 res
698 2431 743 2452 aut
754 2426 877 2453 laetabile
888 2432 933 2454 aut
944 2427 1004 2463 glo-

212 2461 330 2487 riosum‘?
342 2463 394 2488 Nec
405 2467 493 2489 tamen
505 2463 571 2489 mihi
583 2472 647 2489 sane
657 2463 807 2498 quidquam
818 2465 942 2495 occurrit,
955 2473 1004 2490 cur

213 2505 264 2523 non
284 2498 446 2534 Pythagorae
467 2500 502 2526 sit
523 2505 549 2526 et
568 2500 684 2526 Platonis
707 2509 769 2526 vera
789 2502 929 2528 sententia.
970 2501 1004 2528 Ut

213 2534 284 2559 enim
296 2535 424 2561 rationem
432 2536 503 2563 Plato
515 2536 617 2563 nullam
627 2537 737 2567 afferret,
745 2537 826 2572 (vide7
836 2538 903 2573 quid
915 2538 1003 2564 homi-

214 2570 241 2596 ni
253 2570 367 2596 tribuam
377 2572 394 2606 z)
406 2573 462 2606 ipsa
474 2575 627 2600 auctoritate
638 2582 680 2600 me
690 2573 834 2610 frangeret.
855 2576 903 2602 Tot
913 2580 1002 2602 autem

213 2607 328 2671 ratiiontes
339 2608 438 2640 attulit,
452 2615 480 2637 ut
491 2610 559 2637 velle
570 2612 678 2642 ceteris,
691 2611 745 2637 sibi
755 2616 825 2638 certe
836 2613 1003 2646 persuasisse

214 2651 241 2669 vi
262 2651 292 2670 ea
305 2653 345 2670 ur.

1029 1353 1031 1375 ὲ
1052 1349 1141 1375 animo
1153 1353 1197 1375 tuo
1207 1349 1343 1384 quidquid
1354 1350 1454 1385 agitur.
1469 1350 1495 1376 id
1507 1351 1596 1386 agitur
1605 1359 1619 1375 a
1631 1356 1665 1376 te.

927 125 956 151 T.
990 125 1264 152 CICERONIS

1105 195 1187 222 xxti.
1210 197 1251 222 50,
1273 195 1324 221 Sed
1337 196 1446 230 plurimi
1461 202 1550 224 contra
1567 199 1702 228 nituntur.
1720 199 1838 225 animos·

1047 241 1113 267 que.
1131 233 1208 266 quasi
1224 234 1310 266 (rapite
1325 233 1478 264 damnatos,
1496 240 1578 261 morte
1591 235 1731 262 mulctant:
1751 244 1838 270 neque

1049 269 1121 295 aliud
1141 275 1181 295 est
1198 270 1362 304 quidquam.
1382 279 1429 297 cur
1445 272 1611 299 incredibilis
1628 273 1670 299 liin
1687 274 1838 299 animorum

1050 306 1172 332 videatur
1187 308 1341 336 aeternitas.
1358 307 1410 333 nisi
1426 308 1497 342 quod
1515 315 1664 343 nequeunt.
1681 310 1770 344 qualis
1781 310 1839 335 ani-

1050 352 1110 369 mus
1122 344 1156 370 sit
1169 352 1265 369 vacans
1275 352 1393 378 corpore.
1403 344 1551 378 intelligere
1562 351 1587 372 et
1597 348 1756 379 cogitatione
1766 355 1840 372 com-

1050 380 1224 415 prehendere.
1259 382 1340 412 Quasi
1354 390 1415 407 vero
1427 382 1585 416 intelle-sant,
1597 378 1686 418 qualis
1697 384 1731 410 sit
1744 385 1769 410 iu
1783 385 1841 418 ipso

1049 426 1171 451 corpore,
1189 426 1258 452 quae
1272 417 1458 448 conformatio,
1476 428 1544 454 quae
1556 420 1724 455 magnitudo.
1742 421 1789 455 qui
1802 421 1841 446 lo-

1049 463 1110 480 cus:
1130 460 1170 484 ιιι,
1185 455 1207 480 si
1221 455 1272 481 iam
1284 460 1391 489 possent
1402 456 1428 481 in
1441 456 1548 483 bomine
1560 458 1621 483 vivo
1633 459 1642 468 “
1654 458 1727 484 cerni
1738 458 1837 487 omnia.

1049 500 1117 526 qua(-
1129 500 1200 517 nun(-
1212 497 1276 518 tecta
1288 498 1514 522 sunt.cai‚urusne
1528 495 1553 520 in
1564 499 1736 529 conspectum
1749 494 1842 520 videa-

1050 534 1092 554 tur
1103 529 1219 559 animus,
1236 539 1267 555 an
1281 534 1350 555 tanta
1362 531 1397 556 sit
1407 530 1466 556 eius
1479 532 1602 558 tenuitas.
1611 537 1639 558 ut
1650 531 1735 566 fugiat
1744 532 1838 558 aciem.

1026 579 1028 604 j
1050 567 1091 592 5¹.
1115 566 1181 591 llaec
1198 571 1321 600 reputent
1337 567 1393 596 isti,
1411 568 1458 602 qui
1475 574 1572 600 negfflnt
1582 570 1772 595 aninuimsine
1782 577 1841 595 cor-

1026 605 1027 634 }
1050 611 1112 637 pore
1131 612 1159 628 se
1178 603 1326 638 intelligere
1342 613 1430 638 posse.

1026 666 1027 669 ,
1049 648 1157 675 corpore
1170 640 1329 674 intelligant.

1472 605 1619 635 Videbunt.
1641 614 1722 640 quem
1740 607 1765 632 in
1783 606 1841 640 ipso

1263 672 1270 675 .
1370 642 1436 668 Mibi
1447 642 1557 676 quidem
1570 648 1689 669 naturam
1704 644 1787 669 animi
1800 643 1842 669 in-

1050 679 1134 704 tuenti
1147 678 1230 703 {nullu
1241 677 1376 704 ‹lilticilior
1385 681 1501 706 occurrit
1510 681 1634 715 cogitatio
1645 680 1782 715 multoque
1792 679 1843 706 ob-

1050 715 1166 744 scurior.
1184 715 1274 749 qualis
1289 716 1396 741 animus
1409 717 1434 742 in
1446 725 1554 751 corpore
1566 718 1614 747 sit.
1629 723 1764 752 tamquam
1776 717 1842 743 alie-

1051 760 1099 778 nae
1113 751 1199 782 domi.
1217 761 1298 787 quam
1314 753 1417 787 qualis.
1435 762 1520 788 quum
1535 755 1632 781 exierit
1646 760 1671 781 et
1687 755 1713 781 in
1727 754 1841 780 liberum

1050 788 1167 819 caelum,
1191 790 1268 824 quasi
1284 789 1393 816 domum
1410 799 1500 822 suam,
1524 794 1636 818 venerit.
1677 792 1734 818 Nisi
1757 791 1840 821 enim.

1050 825 1122 861 quod
1135 835 1282 861 numquam
1295 827 1427 858 vidimus,
1442 828 1468 854 id
1479 829 1558 863 ‹piale
1569 830 1617 859 sit,
1632 828 1779 864 intelligere
1790 837 1842 855 non

1051 872 1209 898 possumus:
1223 869 1292 890 certe
1305 869 1330 890 et
1340 864 1421 891 deum
1435 866 1523 900 ipsum
1538 871 1562 892 et
1574 866 1697 892 divinum
1710 866 1840 896 animum.

1050 909 1158 935 corpore
1176 901 1330 931 liberatum.
1352 903 1510 937 cogitatione
1524 903 1664 938 complecti
1687 911 1841 938 possumus.

1052 938 1228 964 Dicaearchus
1248 939 1359 973 quidem
1380 945 1405 966 et
1425 941 1614 970 Aristoxenus,
1635 942 1699 975 quia
1722 939 1843 966 difficilis

1051 980 1105 1001 erat
1116 976 1208 1005 animi,
1218 975 1284 1010 quid
1295 981 1340 1002 aut
1350 977 1439 1011 qualis
1450 983 1529 1008 esset.
1539 978 1723 1013 intelligentia„
1738 977 1843 1003 nullum

1050 1014 1160 1040 omnino
1171 1013 1290 1040 animum
1302 1022 1360 1040 esse
1373 1014 1508 1041 dixerunt.
1538 1017 1579 1041 52.
1597 1016 1643 1041 Est
1655 1015 1720 1041 illud
1732 1014 1843 1049 quidem

1053 1050 1093 1076 vel
1109 1051 1272 1081 maximum.
1290 1051 1380 1078 animo
1395 1052 1453 1086 ipso
1464 1053 1584 1078 animum
1600 1052 1704 1078 videre:
1726 1057 1751 1077 et
1763 1052 1844 1077 nimi-

1052 1096 1110 1113 rum
1128 1088 1195 1114 hanc
1212 1088 1292 1115 habet
1303 1089 1357 1115 vim
1370 1094 1540 1124 praeceptum
1551 1089 1697 1125 Apollinis„
1717 1097 1772 1124 quo
1787 1097 1844 1115 mo-

1052 1130 1103 1155 net,
1117 1130 1146 1151 ut
1156 1134 1185 1151 se
1196 1126 1312 1160 quisque
1325 1131 1424 1153 noscat.
1466 1128 1521 1153 Non
1533 1129 1615 1156 enim,
1627 1127 1715 1155 credo.
1729 1126 1756 1152 id
1767 1134 1844 1160 prae-

1050 1163 1130 1197 cipit,
1153 1167 1182 1189 ut
1197 1163 1316 1189 membra
1335 1168 1422 1190 nostra
1437 1169 1482 1190 aut
1493 1169 1620 1190 staturam
1636 1164 1783 1199 figuramve
1797 1172 1845 1190 no-

1051 1208 1169 1225 scamus.
1211 1200 1302 1234 Neque
1315 1209 1362 1226 nos
1373 1210 1481 1236 corpora
1493 1210 1602 1228 sumus:
1621 1209 1708 1236 neque
1719 1209 1781 1236 ego.
1794 1200 1844 1227 tibi

1053 1236 1116 1263 haec
1128 1236 1230 1267 dicens,
1243 1238 1347 1272 corpori
1358 1242 1403 1264 tuo
1413 1239 1483 1265 dico.
1523 1238 1612 1271 Quum
1625 1239 1716 1273 igitur,
1729 1246 1802 1263 nosce
1812 1243 1843 1267 te,

1052 1274 1126 1305 dicit.
1136 1274 1185 1300 hoc
1199 1274 1273 1305 dicit,
1282 1283 1360 1301 nosce
1371 1277 1492 1302 animum
1505 1280 1595 1302 tuum:
1609 1284 1669 1302 nam
1680 1275 1845 1310 corpusqui-

1052 1311 1113 1337 dem
1125 1312 1202 1346 quasi
1215 1320 1262 1337 vas
1273 1317 1313 1338 est
1323 1317 1368 1338 aut
1379 1312 1488 1348 aliquod
1495 1312 1797 1347 animireceptaculum:
1811 1312 1845 1338 ab

1706 1350 1782 1376 Hunc
1794 1350 1847 1385 igi-

1053 1391 1095 1412 tur
1111 1394 1188 1412 nosse
1205 1387 1257 1412 nisi
1272 1386 1397 1413 divinum
1413 1392 1496 1417 esset,
1519 1397 1571 1414 non
1587 1392 1657 1414 esset
1674 1387 1722 1413 hoc
1736 1387 1846 1413 acrioris

1052 1423 1194 1450 cuiusdam
1205 1425 1289 1450 animi
1301 1430 1482 1460 praeceptum,
1496 1425 1535 1451 sic
1547 1430 1575 1451 ut
1587 1425 1717 1451 tributum
1729 1424 1779 1450 deo
1790 1425 1834 1450 sit.

1107 1462 1149 1487 53.
1162 1461 1215 1487 Sed
1226 1461 1356 1496 si,qualis
1367 1463 1401 1488 sit
1413 1463 1529 1492 animus,
1542 1463 1599 1497 ipse
1609 1462 1716 1488 animus
1728 1462 1842 1488 nesciat:

1052 1497 1110 1528 dic,
1123 1506 1236 1533 quaeso,
1250 1507 1282 1524 ne
1293 1507 1352 1525 esse
1363 1499 1474 1534 quidem
1485 1508 1514 1525 se
1525 1498 1608 1526 sciet‘?
1628 1496 1660 1525 rie
1672 1500 1773 1525 moveri
1783 1499 1846 1534 qui-

1053 1535 1112 1561 dem
1125 1535 1171 1561 se‘?
1182 1536 1223 1562 Ex
1233 1544 1286 1570 quo
1298 1536 1343 1562 illa
1355 1537 1420 1563 ratio
1431 1541 1489 1563 nata
1502 1542 1542 1563 est
1552 1536 1679 1567 Platonis,
1692 1545 1761 1571 quae
1771 1545 1785 1562 a
1797 1536 1846 1562 So-

1053 1577 1123 1598 crate
1138 1577 1178 1599 est
1194 1574 1220 1599 in
1234 1573 1352 1600 Phaedro
1367 1574 1513 1608 explicata,
1530 1583 1544 1600 a
1556 1582 1598 1600 me
1610 1579 1698 1600 autem
1710 1574 1794 1608 posita
1805 1577 1847 1599 est

1054 1610 1081 1636 in
1100 1615 1175 1636 sexto
1195 1610 1262 1636 libro
1282 1610 1315 1636 de
1330 1611 1478 1645 republica.
1518 1611 1615 1637 xxm.
1640 1612 1732 1643 »Quod
1750 1619 1847 1644 semper

1053 1652 1178 1678 movetur,
1192 1653 1322 1674 ueternum
1332 1653 1382 1674 est:
1396 1650 1463 1682 quod
1473 1654 1556 1675 autem
1568 1653 1659 1674 motum
1669 1650 1745 1681 affert
1755 1649 1844 1676 alicui.

1054 1686 1169 1718 quodque
1179 1687 1261 1718 ipsum
1271 1688 1387 1718 ayitatur
1395 1687 1507 1715 aliunde,
1515 1688 1617 1719 quando
1626 1687 1699 1717 finem
1709 1686 1783 1710 habet
1793 1693 1846 1710 mo·-

1054 1727 1102 1752 lus,
1112 1724 1214 1747 vivendi
1223 1724 1297 1755 finem
1307 1724 1397 1748 habeat
1408 1731 1506 1748 necesse
1516 1728 1561 1749 est.
1583 1722 1670 1749 Solum
1683 1724 1771 1755 iqitur,
1779 1724 1847 1755 quod

1053 1767 1080 1785 se
1090 1762 1172 1792 ipsum
1185 1764 1272 1789 movet,
1279 1762 1341 1792 quia
1351 1768 1489 1793 numquam
1499 1762 1625 1785 deseritur
1634 1768 1650 1785 a
1660 1768 1695 1788 se.
1707 1767 1846 1792 numquam

1054 1804 1084 1822 ne
1095 1798 1190 1822 moueri
1205 1798 1305 1830 quidem
1315 1798 1421 1828 desinit;
1434 1799 1496 1830 quin
1509 1799 1584 1823 etiam
1598 1798 1701 1826 ceteris,
1717 1805 1783 1829 quae
1792 1805 1847 1822 mo—

1054 1838 1156 1863 ventur,
1172 1834 1213 1859 hic
1227 1836 1297 1867 sons,
1312 1835 1358 1859 hoc
1366 1836 1522 1867 principium
1534 1839 1570 1860 ese
1581 1835 1709 1859 mot-endi.-
1722 1836 1847 1866 principii

1053 1875 1138 1896 autem
1152 1872 1225 1896 nulla
1239 1875 1275 1897 est
1290 1874 1371 1904 oriqo.
1411 1872 1453 1897 54.
1476 1871 1541 1897 Nam
1557 1880 1569 1896 e
1582 1872 1710 1904 principio
1727 1873 1847 1896 oriuntur

1053 1909 1152 1933 omnia:
1168 1910 1250 1940 ipsum
1260 1912 1343 1933 autem
1355 1910 1426 1934 nulla
1437 1917 1470 1934 ea*
1482 1917 1509 1933 re
1518 1910 1573 1934 alia
1583 1910 1656 1934 nasci
1665 1912 1754 1940 potest.
1794 1907 1846 1934 Nec

1054 1947 1119 1970 enim
1129 1949 1191 1970 esset
1203 1947 1228 1971 id
1236 1948 1401 1978 principium,
1409 1948 1475 1979 quod
1485 1948 1630 1979 qiyneretur
1640 1946 1753 1970 aliunde.
1774 1944 1848 1976 Quod

1053 1985 1077 2008 si
1090 1991 1227 2015 numquam
1242 1984 1340 2014 oritur,
1358 1985 1490 2009 neoccidit
1501 1985 1600 2016 quidem
1611 1990 1739 2015 umquam.
1779 1982 1847 2008 Nam

1052 2021 1208 2052 principium
1219 2022 1373 2046 exstinctum
1382 2028 1427 2046 nec
1438 2022 1519 2053 ipsum
1530 2021 1562 2046 ab
1572 2021 1625 2046 alio
1635 2023 1791 2050 renascetur,
1802 2028 1847 2046 nec

1055 2066 1071 2082 a
1081 2065 1106 2083 εε
1121 2058 1193 2082 aliud
1205 2058 1312 2087 creabit,
1327 2059 1451 2090 siquidem
1465 2065 1562 2083 necesse
1572 2061 1608 2082 est
1618 2065 1634 2082 a
1643 2059 1772 2089 principio
1781 2058 1847 2082 oriri

1055 2097 1149 2120 onmia.
1170 2094 1210 2120 Ita
1219 2096 1256 2127 fit,
1267 2098 1293 2119 ut
1302 2099 1384 2120 ηιοιυε
1392 2096 1548 2127 principium
1557 2102 1591 2120 ex
1601 2102 1628 2119 eo
1637 2095 1755 2127 sit,quod
1765 2095 1847 2126 ipsum

1054 2140 1070 2157 a
1081 2140 1107 2156 se
1117 2135 1240 2157 movetur.
1279 2131 1310 2157 Id
1324 2136 1408 2157 autem
1423 2139 1467 2157 nec
1482 2134 1554 2157 nasci
1566 2135 1647 2164 potest
1660 2139 1705 2156 nec
1715 2133 1781 2156 mori
1785 2140 1794 2156 :
1806 2131 1846 2156 vel

1055 2170 1171 2194 concidat
1182 2176 1252 2194 omm‘
1262 2169 1372 2198 caelum,
1390 2170 1521 2201 omnisque
1534 2173 1603 2194 terra
1615 2170 1736 2194 consistat
1749 2175 1846 2193 neoesse

1054 2210 1102 2235 est,
1119 2214 1163 2231 nec
1174 2207 1225 2231 rim
1235 2206 1315 2230 ullam
1326 2207 1506 2236 nanciscatur,
1518 2213 1570 2239 qua
1578 2207 1663 2238 primo
1673 2205 1781 2237 impulsa
1791 2212 1846 2229 mo-

1054 2247 1150 2268 veatur.
1192 2242 1274 2274 Quum
1283 2247 1369 2275 pateat
1381 2245 1472 2276 ι’ςίιιιν,
1487 2247 1617 2268 ueternum
1628 2244 1655 2267 id
1664 2250 1728 2272 esse,
1743 2243 1846 2274 quodse

1054 2282 1137 2312 ipsum
1150 2284 1260 2309 mot-eut,
1279 2282 1337 2312 quis
1351 2284 1400 2309 est,
1417 2282 1462 2313 qui
1475 2281 1542 2305 hanc
1554 2283 1676 2305 naturam
1687 2280 1781 2304 animis
1793 2285 1846 2304 esse

1055 2318 1177 2342 tributum
1191 2315 1279 2349 neqet‘?
1298 2317 1443 2342 Inanimum
1458 2321 1494 2342 est
1509 2319 1575 2342 enim
1589 2324 1672 2345 omne,
1688 2316 1755 2348 quod
1767 2315 1846 2347 pulsu

1053 2356 1170 2387 aqitatur
1179 2358 1294 2379 emer-no.
1335 2353 1408 2385 Quod
1417 2358 1500 2379 autem
1511 2358 1547 2378 est
1557 2353 1663 2381 animal,
1677 2353 1704 2376 id
1714 2356 1781 2377 motu
1793 2353 1845 2377 cie-

1055 2395 1097 2416 tur
1108 2393 1228 2417 inter-iore
1237 2395 1260 2416 et
1269 2399 1325 2416 suo.
1350 2391 1417 2416 Nam
1427 2391 1488 2416 haec
1498 2394 1534 2415 est
1542 2390 1650 2422 propria
1659 2392 1755 2414 natura
1763 2389 1846 2414 animi

1053 2432 1129 2461 atque
1148 2430 1197 2454 eis.
1239 2427 1310 2458 Quae
1323 2430 1347 2454 ει·
1361 2431 1397 2453 εει
1411 2435 1463 2453 una
1477 2435 1512 2453 ea:
1521 2427 1647 2454 omnibus,
1668 2433 1734 2458 quae
1746 2433 1773 2450 se
1787 2427 1845 2458 ipsa

1053 2473 1150 2497 semper
1159 2469 1266 2495 moveat,
1278 2473 1357 2498 neque
1367 2469 1429 2490 nuta
1439 2468 1505 2490 certe
1515 2467 1550 2489 est
1559 2467 1582 2488 ee
1591 2466 1696 2487 aeterna
1705 2466 1751 2487 est.
1759 2472 1771 2486 α
1799 2463 1842 2488 55.

1054 2501 1127 2528 Licet
1142 2506 1300 2528 concurrant
1314 2501 1414 2536 plebeii
1424 2508 1517 2527 omnes
1528 2498 1695 2534 philosophi.
1713 2498 1761 2531 (sic
1770 2499 1844 2524 enim

1054 2539 1086 2569 ii,
1104 2539 1152 2573 qui
1167 2547 1182 2564 a
1197 2537 1304 2564 Platone
1315 2542 1342 2564 et
1351 2538 1457 2564 Socrate
1467 2541 1493 2563 et
1502 2536 1535 2562 ab
1546 2544 1576 2562 ea
1587 2535 1686 2561 familia
1699 2535 1840 2566 dissident,

1054 2575 1207 2610 appellandi
1224 2575 1371 2609 videntur,)
1385 2583 1438 2600 uon
1457 2573 1535 2600 modo
1554 2572 1623 2599 nihil
1643 2581 1771 2607 umquam
1789 2577 1842 2598 tam

1053 2612 1189 2648 eleganter
1208 2611 1395 2646 explicabunt,
1415 2610 1464 2636 sed
1483 2618 1516 2636 ne
1539 2610 1589 2636 hoc
1609 2609 1720 2644 quidem
1740 2610 1841 2644 ipsum,

1053 2657 1136 2684 quam
1146 2648 1282 2676 subtiliter
1291 2647 1449 2675 conclusum
1459 2647 1503 2678 sit,
1516 2646 1676 2682 intelligent.
1694 2646 1780 2673 Sentit
1790 2647 1843 2682 igi-
