1941 3052
271 190 302 215 utt
848 192 871 214 fi.
907 190 941 215 M.
976 190 1005 215 Τ.

269 261 315 295 qui
331 260 404 286 alia-r
424 260 470 286 lim·
485 260 516 285 dt·
531 269 625 293 gent-rt·
644 269 673 284 ῐιι·
687 260 719 284 ιΙι·
733 260 803 285 oiuni
819 260 967 285 conia-“tura
983 269 1057 294 prat·-

269 298 421 332 ripivmtmn
438 303 538 331 putant.
569 298 662 322 (lunius
676 298 746 322 enim
762 297 856 322 uult-m
871 306 902 322 cx
919 297 981 322 locis
995 306 1057 323 con-

270 336 366 361 iectura
381 335 509 360 stiunt—uda
524 340 572 360 est.
605 335 668 359 Nam
683 339 708 359 vt
721 335 787 363 viu-⁴,
804 334 850 367 qui
864 335 888 359 in
903 334 1057 368 ‹mat-„tione

269 372 371 406 aliquid
395 372 500 401 dixu-rit,
513 377 537 397 ct
560 372 626 400 cius,
648 372 694 405 qui
715 372 740 396 iu
757 371 914 399 testimonio.
931 376 955 396 ct
971 371 1056 405 ipsius

270 410 383 435 rumoris
405 418 496 434 caussa
520 413 544 434 ct
569 409 662 433 von-itm
678 416 709 433 c<
730 408 823 433 ii-dvm
839 408 1055 433 attt'ilmtiouilms

270 447 422 480 repa-rietur.
457 447 534 471 (ltttni
555 450 640 470 aun-m
662 445 686 469 iu
705 453 798 470 caussa
814 454 873 479 pars
887 450 1055 477 argumento<

270 492 327 509 rum
347 488 385 508 est
404 483 524 508 adiuncta
545 483 567 508 ci
587 490 694 506 entismo·
708 481 804 511 solum,
821 491 890 516 «piac
904 483 1014 511 (licetur,
1031 487 1056 508 ct

268 520 301 545 ab
321 521 376 554 ipsa
397 521 428 545 itu
444 520 530 548 ducta,
549 524 576 544 ut
590 519 623 544 ab
637 528 665 543 ea
680 520 820 552 separatim
839 520 863 544 iu
878 528 969 544 omncs
983 520 1056 544 cius-

269 557 328 583 dem
353 558 457 590 generis
479 565 587 581 caussas
610 555 743 581 transferri
769 566 818 582 non
842 558 904 582 satis
919 556 1055 582 commode

269 595 364 628 possit,
394 603 452 627 pars
471 598 558 619 autem
577 598 616 618 cst
635 595 798 628 pervagatior
817 598 841 619 et
859 598 904 619 aut
923 595 948 619 iu
963 603 1055 619 omrws

268 631 386 656 ciusdem
406 631 511 662 pencris
530 635 575 656 aut
593 631 618 656 in
634 630 773 665 plerasque
786 640 894 656 caussas
908 640 1056 656 act-ouum»-

267 669 335 693 data.
372 668 427 693 XV.
446 669 484 693 «2³.
502 668 568 693 llas-c
583 677 644 701 crgo
658 673 821 700 argnnwnta,
838 678 905 703 (ittae
921 668 1054 695 transferri

268 706 292 731 iu
313 704 408 730 inultas
422 714 530 730 caussas
546 710 665 739 possunt,
683 705 751 731 loco-2
765 715 920 731 communes
936 706 1055 732 nornine—

267 751 336 768 mus.
373 743 436 767 Nam
454 742 525 767 locus
539 743 689 769 ‹·oiuinunis
703 748 748 768 aut
761 748 846 769 certae
861 744 896 768 rei
911 743 1053 777 quamdam

266 779 380 805 continet
398 779 643 814 ainplilicationtuu⁴,
673 786 700 806 ut
714 781 736 806 si
751 781 813 815 quis
829 781 876 806 boc
892 781 953 806 vclit
967 786 1055 807 osten-

265 816 335 847 dere,
356 825 426 847 vum,
451 817 497 851 qui
518 822 651 852 part-utem
671 819 775 848 necarit,
793 818 908 844 maximo
922 818 1055 852 supplicio

265 862 323 878 essa·
346 854 472 889 dignum,
500 864 554 889 quo
578 856 641 885 loco,
667 856 716 881 nisi
741 860 857 889 perorata
879 854 918 890 [et
935 854 1052 891 probata]

265 900 367 921 caussa,
389 901 439 917 non
459 897 497 917 est
513 893 654 923 tumulum,
683 897 728 918 aut
741 893 847 923 dubiae,
863 901 931 927 quac
946 902 978 919 cx
992 902 1054 919 con-

266 928 344 954 trario
366 937 473 963 quoque
497 930 590 955 liabent
615 929 763 963 probabiles
782 930 894 955 rationes
913 940 1055 966 argumen-

266 965 351 997 tandi3
381 970 416 995 ut,
441 967 641 1001 suspicionibus
663 967 732 993 cri-di
755 971 882 1002 oportere,
908 973 931 994 ct
954 973 1051 999 contra,

264 1003 464 1037 suspicionibus
482 1004 552 1030 credi
573 1014 622 1030 uon
641 1010 769 1037 oportere.
805 1005 839 1030 Ac
859 1013 917 1039 pars
938 1005 1053 1031 locorum

264 1041 447 1066 communium
468 1050 514 1076 pcr
532 1042 738 1074 indigimtioucm
759 1046 803 1068 aut
823 1050 868 1076 per
885 1044 1054 1077 conquestio-

265 1085 324 1102 nem
339 1077 482 1110 inducitur,
503 1079 535 1104 de
549 1080 649 1113 quibus
664 1084 722 1105 ante
736 1079 837 1106 «lictum
852 1085 903 1112 est,
934 1089 994 1114 pars
1009 1089 1054 1114 per

264 1114 380 1149 aliquam
400 1116 562 1149 probabilem
579 1121 689 1151 utraque
703 1125 737 1142 cx
757 1122 828 1152 parte
843 1118 979 1143 rationem.
1012 1119 1051 1144 150.

264 1152 441 1187 Distinguitur
459 1158 545 1179 autem
564 1154 645 1179 oratio
664 1159 742 1188 atque
761 1154 908 1181 illustratur
927 1155 1050 1185 maxime,

263 1198 320 1215 raro
343 1190 500 1216 inducendis
524 1191 586 1217 locis
609 1192 806 1222 communibus,
832 1196 857 1217 ct
879 1192 968 1226 aliquo
988 1192 1050 1221 loco.

262 1227 314 1252 iam
334 1228 490 1254 certioribus
510 1228 563 1253 illis
577 1229 741 1263 argumentis
755 1228 926 1255 confirmatis.
949 1230 1012 1255 Nam
1029 1234 1053 1255 ct

263 1268 319 1290 tum
334 1265 486 1291 conceditur
499 1274 640 1291 commune
654 1266 782 1300 quiddam
801 1266 896 1297 dicere,
913 1275 997 1301 quum
1012 1267 1053 1293 di-
1082 1285 1083 1292 η

264 1301 374 1336 ligentcr
392 1302 490 1337 aliquis
509 1303 631 1337 proprius
649 1311 759 1329 caussae
775 1303 847 1329 locus
863 1308 987 1330 tractatus
1002 1309 1050 1335 est,
1074 1318 1075 1325 κ

262 1343 287 1364 ct
300 1339 428 1365 auditoris
442 1340 547 1366 animus
563 1345 607 1366 aut
622 1345 763 1366 renovatur
776 1341 808 1366 ad
818 1350 932 1375 ea,quae
943 1346 1049 1372 restant,

262 1380 306 1402 aut
328 1377 452 1402 omnibus
475 1377 527 1403 iam
550 1377 628 1404 dictis
651 1378 838 1404 exsuscitatur.
871 1378 966 1404 Omnia
980 1379 1051 1405 enim

261 1418 412 1440 ornamenta
427 1414 592 1445 elocutionis,
610 1415 635 1441 in
650 1415 750 1450 quibus
765 1420 790 1442 et
803 1416 943 1441 suavitatis
957 1421 982 1442 et
992 1424 1052 1451 gra-

261 1451 349 1477 vitatis
369 1451 515 1486 plurimum
533 1453 662 1483 consistit,
683 1457 708 1478 et
721 1453 818 1484 onmia,
834 1461 903 1487 quae
917 1454 943 1479 in
958 1453 1053 1479 iuven·
1074 1465 1075 1470 ¹

261 1488 330 1515 tione
345 1489 486 1515 verborum
501 1494 526 1516 et
539 1491 729 1516 sententiarum
743 1490 845 1525 aliquid
857 1490 953 1516 habent
963 1490 1052 1526 digni-
1074 1490 1075 1517 i

260 1526 329 1557 tatis,
346 1526 372 1552 in
387 1535 541 1553 communes
557 1526 626 1553 locos
636 1526 817 1553 conferuntur.
839 1529 880 1553 50.
893 1528 978 1559 Quare
989 1536 1049 1559 uon,
1074 1559 1075 1562 Ἴ

259 1567 288 1589 ut
306 1572 469 1595 caussarum,
490 1565 529 1590 sic
548 1569 680 1591 oratorum
698 1573 806 1599 quoque
820 1564 965 1591 multorum
979 1574 1052 1591 com-

259 1608 354 1627 munes
371 1600 418 1627 loci
433 1605 506 1627 sunt.
529 1602 594 1628 Nam
610 1602 661 1628 nisi
676 1602 709 1628 ab
722 1602 821 1636 iis,qui
836 1601 919 1628 multa
933 1603 960 1628 in
975 1611 1051 1629 exer-

257 1638 380 1664 citatione
399 1647 522 1674 magnam
537 1639 588 1665 sibi
603 1639 745 1665 verborum
763 1644 789 1665 et
802 1639 992 1665 sententiarum
1006 1648 1051 1666 co-

258 1675 329 1709 piam
348 1676 567 1710 comparaverint,
589 1677 692 1702 tractari
711 1685 762 1702 non
781 1680 905 1711 poterunt
921 1681 1012 1703 ornate
1025 1681 1050 1703 et

258 1713 383 1747 graviter,
407 1713 634 1747 quemadmodum
658 1717 749 1740 natura
768 1714 887 1748 ipsorum
905 1713 1047 1740 desiderat.

258 1749 344 1784 Atque
365 1749 414 1776 hoc
427 1750 463 1776 sit
476 1750 553 1776 nobis
566 1750 668 1776 dictum
681 1751 858 1777 communiter
870 1750 903 1777 de
916 1752 989 1777 omni
1002 1760 1050 1787 ge-

258 1794 320 1812 nere
334 1786 451 1813 locorum
465 1788 659 1814 communium.
697 1788 765 1814 xvi.
782 1788 858 1815 Nunc
872 1796 1046 1823 exponemus,

257 1824 284 1850 in
303 1823 507 1850 coniecturalem
525 1825 740 1851 constitutionem
757 1825 805 1860 qui
826 1825 874 1852 loci
893 1834 1048 1852 communes

257 1861 374 1887 incidere
388 1860 501 1888 soleant:
524 1862 725 1896 suspicionibus
738 1862 810 1888 credi
824 1867 944 1898 oportere
957 1867 982 1889 et
996 1872 1047 1889 non

257 1903 390 1933 oportere3
413 1899 567 1925 rumoribus
585 1899 656 1925 credi
674 1903 794 1934 oportere
808 1904 833 1926 et
846 1909 899 1927 non
911 1904 1045 1935 oportere3

258 1936 371 1962 testibus
389 1935 460 1962 credi
477 1940 597 1970 oportere
615 1941 641 1963 ct
654 1945 706 1963 non
723 1941 856 1971 oportere;
884 1937 1049 1972 quaestioni-

257 1972 308 1999 bus
322 1972 393 1999 credi
406 1978 527 2007 oportere
540 1978 565 1999 et
580 1982 631 2000 non
644 1978 778 2008 oportere;
795 1975 876 2000 vitam
890 1979 950 2000 ante
963 1979 1047 2001 actam

257 2011 370 2045 spectari
383 2015 503 2044 oportere
517 2015 542 2036 et
556 2019 607 2037 uon
620 2016 753 2046 oportere3
776 2011 897 2038 eiusdem
915 2020 983 2043 esse,
999 2013 1046 2047 qui

258 2048 284 2074 in
306 2047 352 2074 illa
375 2056 402 2073 re
420 2048 542 2082 peccarit,
563 2053 588 2074 et
604 2048 653 2075 hoc
666 2056 775 2083 quoque
788 2049 938 2079 admisisse,
956 2054 981 2075 et
995 2058 1046 2076 non

257 2093 315 2111 esse
329 2084 464 2117 eiusden13
492 2085 608 2111 maxime
625 2086 739 2120 spectari
753 2094 875 2112 caussam
888 2091 1008 2121 oportere
1022 2091 1047 2113 et
1069 2103 1071 2109 κ

257 2130 308 2149 non
330 2126 460 2156 oportere.
493 2122 580 2157 Atque
602 2123 630 2149 hi
647 2123 757 2158 quidem
776 2129 801 2149 et
815 2124 899 2158 siqui
913 2124 1046 2150 eiusmodi

257 2167 290 2186 ex
312 2159 418 2194 proprio
435 2164 591 2195 argumento
608 2168 765 2186 communes
785 2160 834 2187 loci
854 2165 1003 2192 nascentur,
1020 2162 1047 2188 in

255 2197 400 2223 contrarias
418 2201 505 2230 partes
523 2196 698 2223 deducentur.

256 2242 304 2260 cus
318 2238 357 2260 est
371 2234 540 2264 accusatoris,
550 2242 596 2268 per
609 2243 690 2269 quem
704 2239 783 2270 auget
798 2234 858 2261 sacti
873 2236 1044 2267 atrocitatem,

256 2275 281 2297 et
295 2271 367 2302 alter,
384 2279 431 2305 per
444 2280 525 2306 quem
540 2276 617 2307 negat
631 2271 762 2298 malorum
777 2273 897 2298 misereri
910 2277 1044 2307 oportere:

255 2307 411 2339 defensoris,
430 2316 477 2342 per
489 2317 570 2343 quem
584 2308 717 2335 calumnia
731 2314 915 2336 accusatorum
929 2318 990 2336 cum
1005 2311 1048 2336 in-

256 2345 408 2381 dignatione
420 2345 570 2372 ostenditur
587 2350 612 2372 et
626 2354 673 2380 per
685 2354 766 2381 quem
780 2355 842 2373 cum
855 2347 1047 2382 conquestione

256 2382 437 2409 misericordia
454 2387 583 2417 captatur.
617 2383 649 2409 Hi
672 2388 697 2409 et
710 2384 789 2410 ceteri
804 2383 854 2410 loci
867 2392 960 2410 omnes
973 2393 1047 2411 com-

256 2427 350 2445 munes
369 2428 402 2446 ex
418 2419 514 2446 iisdem
529 2421 677 2454 praeceptis
691 2425 844 2452 sumuntur,
861 2421 963 2456 quibus
976 2426 1047 2448 cete—

255 2464 298 2482 rae
312 2457 567 2491 argumentationes3
587 2458 635 2484 sed
649 2457 710 2483 illae
728 2459 836 2484 tenuius
855 2463 880 2484 et
897 2459 1003 2485 acutius
1021 2462 1047 2484 et

256 2493 383 2519 subtilius
395 2498 550 2526 tractantur,
579 2494 606 2521 hi
621 2499 709 2521 autem
727 2496 837 2530 gravius
851 2500 876 2522 et
888 2496 1008 2522 ornatius
1020 2500 1047 2522 et

255 2538 341 2564 quum
356 2531 443 2556 verbis
458 2535 515 2557 tum
528 2532 608 2558 etiam
621 2533 760 2558 sententiis
774 2532 978 2559 excellentibus.
1016 2533 1046 2559 ln

254 2566 309 2592 illis
331 2568 402 2593 enim
425 2567 485 2594 linis
507 2573 556 2599 est,
580 2574 610 2595 ut
632 2569 660 2595 id
682 2569 754 2604 quod
768 2569 866 2596 dicitur
879 2578 974 2596 verum
987 2577 1046 2596 esse

256 2603 389 2636 videatur3
418 2604 445 2630 in
461 2604 511 2635 his,
528 2606 632 2632 tametsi
648 2606 697 2632 hoc
710 2614 819 2641 quoque
833 2606 918 2633 videri
931 2611 1043 2641 oportet,

255 2645 342 2666 tamen
361 2641 421 2667 finis
439 2646 479 2667 est
492 2641 650 2676 amplitudo.
686 2643 763 2669 Nune
776 2643 809 2670 ad
822 2643 902 2670 aliam
915 2644 1046 2670 constitu—

254 2678 352 2704 tionem
368 2683 542 2705 transeamus.

310 2715 391 2742 xvu.
407 2716 448 2742 52.
471 2714 561 2747 Quum
584 2721 625 2743 est
642 2717 759 2743 nominis
777 2717 964 2748 controversia,
981 2717 1044 2752 quia
1068 2727 1069 2741 1

1041 190 1314 217 ‹zitttittoxts

1086 260 1087 264 ’
1111 261 1150 286 xia
1166 260 1286 286 vocabuli
1306 260 1455 287 delinienda
1472 262 1558 288 verbis
1572 268 1620 294 est,
1635 265 1790 292 mustitutio
1803 265 1899 292 defini-

1081 1373 1083 1391 ³
1105 1381 1156 1403 tate
1169 1381 1215 1403 aut
1229 1377 1406 1412 amplitudine
1419 1385 1464 1405 aut
1478 1384 1606 1414 potestate
1620 1378 1713 1414 populi
1727 1384 1772 1406 aut
1790 1388 1891 1411 eorum,

1081 1439 1083 1450 Υ,
1103 1414 1204 1448 quibus
1227 1414 1345 1448 populus
1368 1420 1524 1450 potestatem
1543 1416 1624 1447 dedit,
1640 1416 1743 1451 aliquid
1757 1416 1892 1453 derogare.

1079 1660 1081 1662 .
1102 1646 1192 1669 nuere,
1204 1637 1298 1664 docere
1320 1638 1502 1666 adversarium
1525 1640 1690 1666 maiestatem
1714 1640 1845 1667 minuisse
1868 1645 1894 1668 et

1078 1678 1080 1683 ’
1102 1674 1174 1700 hunc
1196 1674 1284 1701 locum
1307 1679 1391 1702 totum
1413 1677 1549 1703 communi
1572 1675 1628 1703 loco
1653 1676 1819 1709 confirmare,
1845 1685 1894 1713 per

1078 1762 1079 1785 3
1100 1748 1180 1784 culpa
1203 1758 1264 1776 cum
1287 1749 1469 1785 indignatione
1491 1755 1628 1787 augeatur.
1662 1751 1724 1778 Post
1745 1752 1796 1779 erit
1818 1752 1893 1779 infir-

1070 1795 1072 1798 *
1100 1786 1196 1812 manda
1214 1786 1427 1814 adversariorum
1444 1788 1598 1823 descriptio.

1078 1831 1079 1835 ¹
1101 1823 1259 1855 firmabitur,
1275 1825 1298 1850 si
1314 1823 1380 1850 salsa
1393 1824 1629 1852 demonstrabitur.
1655 1825 1709 1853 Hoc
1722 1835 1757 1853 ex
1767 1827 1893 1862 opinione

1076 1895 1079 1930 J
1099 1897 1127 1924 in
1144 1898 1226 1924 rebus
1245 1898 1365 1925 homines
1382 1899 1410 1926 in
1423 1899 1618 1927 consuetudine
1630 1900 1765 1927 scribendi
1777 1905 1824 1928 aut
1835 1909 1893 1928 ser-

1069 2017 1071 2032 t
1098 2009 1157 2036 eius
1170 2010 1358 2045 descriptionis
1371 2012 1535 2047 approbatio,
1554 2016 1580 2039 et
1593 2013 1626 2044 si,
1641 2020 1710 2047 quae
1722 2012 1891 2040 incommoda

1076 2123 1077 2128 ¹
1099 2122 1151 2149 bus
1173 2122 1202 2148 in
1224 2121 1422 2149 deliberationis
1445 2124 1595 2158 praeceptis
1608 2132 1784 2158 exponemus.
1819 2124 1890 2151 Etsi

733 2199 774 2223 5¹.
796 2198 890 2224 Certus
905 2202 994 2224 autem
1010 2198 1047 2225 lo-
1070 2217 1071 2224 η

1070 2231 1071 2242 ³
1098 2233 1354 2266 demonstrabimus,
1376 2233 1484 2261 illorum
1509 2239 1609 2261 contra.

1110 299 1161 322 tiva
1176 298 1282 323 dicitur.
1317 298 1382 324 liius
1404 299 1509 333 generis
1528 301 1650 336 exemplo
1669 302 1745 328 nobis
1764 303 1849 337 posita
1863 303 1898 330 sit

1110 335 1172 360 lun-c
1185 343 1292 360 causum:
1320 336 1348 361 (z.
1369 335 1516 362 Flaminius
1531 337 1562 368 iu,
1581 339 1628 373 qui
1642 339 1735 365 cusnsul
1751 340 1898 375 rempubli-

1108 381 1164 397 cam
1184 371 1252 397 int-le
1269 373 1351 405 gessit
1371 372 1440 398 bello
1459 373 1558 400 Punico
1571 376 1697 407 secundo,
1712 385 1798 411 quum
1813 377 1899 403 tribu-

1110 417 1159 434 nus«
1175 408 1260 443 plebis
1274 415 1353 439 esset,
1375 410 1458 436 invito
1476 416 1568 438 senatu
1587 417 1612 438 et
1625 414 1734 439 ommno
1747 419 1836 440 contra
1853 423 1899 441 vo-

1109 445 1236 472 luntatem
1254 447 1375 472 oninium
1393 448 1552 481 optimatum
1571 457 1618 484 per
1632 450 1789 477 seditionem
1804 451 1836 477 ad
1851 460 1898 486 po-

1109 482 1202 517 pulum
1219 483 1303 516 legem
1319 484 1447 516 agrariam
1463 484 1571 512 serebat.
1587 486 1662 513 llunc
1677 493 1749 521 pater
1759 497 1826 514 suus
1835 497 1899 515 con-

1107 520 1199 546 cilium
1215 520 1300 554 plebis
1316 521 1455 547 habentem
1474 521 1506 547 de
1521 523 1620 557 templo
1634 524 1758 555 deduxit,
1787 526 1898 552 arcessi—

1108 562 1150 583 tur
1173 558 1326 583 inan-statis.
1363 559 1474 584 intentio
1495 564 1548 585 cst:
1579 561 1741 588 Maiestatem
1765 563 1896 593 minuisti,

1106 594 1178 629 quod
1194 595 1330 621 tribumnn
1347 596 1432 630 plebis
1447 596 1479 621 dc
1494 597 1593 632 templo
1603 598 1749 625 deduxisti.
1772 599 1898 634 Depulsio

1107 636 1159 657 est:
1183 632 1239 658 Nun
1255 633 1339 659 minui
1355 633 1528 660 imit-statem.
1562 636 1687 666 Quaestio
1701 641 1754 662 ost:
1776 636 1898 663 Maiesta-

1107 673 1194 695 teum·-
1209 670 1343 696 minucrit.
1379 671 1466 696 ltatiu:
1495 671 1520 697 in
1536 671 1621 698 silium
1635 673 1706 699 enim
1721 682 1802 708 quam
1816 673 1898 700 habe-

1108 705 1167 731 bam
1187 711 1351 740 intestatem,
1372 716 1401 733 ea
1419 716 1480 733 sum
1496 717 1572 735 usus.
1608 710 1725 736 Rationis
1739 711 1893 737 infirmatio:

1107 747 1131 768 at
1153 744 1234 774 cuim,
1257 745 1304 778 qui
1321 745 1402 778 {nitria
1418 750 1554 779 potestate,
1581 747 1628 773 boc
1655 752 1694 773 est
1718 748 1820 782 privata
1830 756 1897 783 qua-

1106 780 1176 811 dam,
1193 781 1362 808 tribuniciam
1378 784 1600 816 potestate-mmm
1610 789 1658 815 est,
1675 784 1767 819 populi
1782 790 1896 819 potesta-

1107 822 1168 848 tem,
1182 818 1305 849 intirmat,
1331 820 1427 846 minuit
1450 820 1473 846 is
1491 822 1665 847 maiestatem.
1700 822 1827 848 iudicatio
1841 827 1894 849 est:

1107 855 1242 881 minuatne
1262 856 1284 881 is
1303 857 1476 887 maiestatem,
1492 859 1538 892 qui
1554 859 1580 884 in
1596 858 1765 885 tribuniciam
1781 864 1897 894 {mesta-

1107 897 1158 918 tem
1182 893 1264 927 patria
1288 897 1415 927 potestate
1439 895 1546 921 utatur-⁴?
1572 895 1611 921 Ad
1626 896 1692 922 hanc
1707 896 1894 923 iudicationem

1106 931 1348 964 argumentationes
1361 939 1454 957 omnes
1468 932 1553 958 afferri
1567 933 1708 967 oportebit.

1161 968 1202 992 53.
1216 967 1252 992 Ac
1267 976 1298 993 ne
1309 968 1371 1001 quis
1387 967 1451 995 [orte
1464 969 1606 996 arbitretur
1621 979 1668 997 nos
1682 979 1733 996 non
1748 969 1896 1006 intelligere

1105 1003 1183 1030 aliam
1202 1012 1309 1039 quoque
1329 1005 1444 1032 incidere
1461 1007 1677 1034 constitutionem
1697 1008 1723 1033 in
1739 1007 1805 1033 bane
1818 1017 1896 1034 caus-

1105 1050 1172 1072 sam,
1187 1050 1244 1067 eam
1261 1050 1307 1067 nos
1322 1047 1422 1076 partem
1437 1043 1520 1070 solmn
1534 1045 1678 1075 sumimus,
1691 1045 1717 1070 in
1727 1053 1809 1079 quam
1820 1053 1895 1079 prae-

1105 1083 1179 1113 cepta
1203 1079 1279 1104 nobis
1301 1078 1387 1105 danda
1410 1086 1482 1107 sunt.
1516 1081 1649 1107 Omnibus
1672 1086 1760 1107 autem
1775 1082 1895 1116 partibus

1106 1117 1155 1142 hoc
1173 1116 1200 1142 in
1220 1115 1286 1142 libro
1301 1117 1450 1151 explicatis,
1466 1118 1557 1153 quivis
1571 1119 1642 1145 omni
1656 1119 1684 1145 in
1698 1128 1800 1150 caussa,
1817 1120 1840 1145 si
1854 1119 1895 1145 di-

1106 1153 1218 1189 ligenter
1231 1154 1356 1184 attendet,
1375 1164 1468 1181 omnes
1483 1155 1584 1182 videbit
1597 1157 1800 1182 constitutiones
1813 1161 1839 1182 et
1851 1165 1895 1182 ea-

1105 1200 1163 1216 rum
1184 1195 1271 1225 partes
1290 1196 1315 1217 et
1332 1193 1534 1224 controversias,
1554 1194 1576 1219 si
1591 1202 1660 1228 quae
1675 1193 1740 1219 sorte
1754 1194 1781 1219 in
1795 1202 1840 1220 eas
1854 1194 1896 1220 in—

1104 1228 1202 1254 cident.
1219 1229 1284 1253 Nam
1299 1228 1331 1254 de
1343 1230 1471 1256 omnibus
1485 1231 1692 1264 perscribemus.
1714 1231 1819 1257 Primus
1833 1239 1894 1266 ergo

1104 1265 1264 1291 accusatoris
1279 1265 1353 1292 locus
1367 1271 1406 1293 est
1419 1268 1478 1294 eius
1493 1268 1617 1299 nominis,
1633 1268 1711 1294 cuius
1725 1267 1757 1294 de
1771 1269 1798 1294 vi
1812 1277 1894 1303 quae-

1105 1303 1179 1333 ritur,
1200 1302 1289 1328 brevis
1307 1308 1333 1330 et
1351 1309 1439 1339 aperta
1453 1310 1478 1331 et
1491 1314 1525 1331 ex
1539 1305 1677 1331 bominum
1690 1305 1815 1339 opinione
1829 1305 1895 1332 defi-

1105 1340 1178 1370 nitio,
1196 1339 1245 1366 hoc
1259 1340 1351 1367 modo:
1379 1341 1541 1368 Maiestatem
1556 1342 1676 1368 minuere
1690 1347 1729 1368 est
1754 1342 1787 1368 de
1805 1342 1894 1378 digni-

1104 1451 1157 1477 }loc
1171 1452 1193 1478 si
1208 1451 1324 1478 breviter
1337 1454 1498 1487 expositum,
1519 1453 1644 1488 pluribus
1658 1454 1747 1480 verbis
1760 1459 1800 1480 est
1813 1459 1839 1481 et
1851 1463 1895 1481 ra-

1104 1489 1222 1515 tionibus
1244 1488 1455 1516 confirmandum
1477 1495 1510 1522 et,
1534 1491 1569 1517 ita
1582 1499 1649 1522 esse,
1665 1495 1695 1517 ut
1708 1491 1891 1526 descripseris,

1103 1525 1308 1552 ostendendum.
1344 1527 1438 1554 Postea
1451 1527 1482 1554 ad
1496 1528 1533 1559 id,
1548 1527 1621 1563 quod
1635 1527 1778 1560 definieris,
1794 1528 1893 1555 sactum

1103 1563 1171 1594 eius,
1195 1563 1242 1598 qui
1257 1564 1434 1596 accusabitur,
1459 1565 1604 1601 adiungere
1621 1566 1753 1600 oportebit
1767 1570 1792 1592 et
1805 1574 1839 1593 ex
1851 1575 1891 1598 eo,

1102 1600 1175 1635 quod
1191 1600 1340 1627 ostenderis
1358 1609 1430 1633 esse,
1455 1602 1530 1629 verbi
1543 1611 1638 1628 caussa
1663 1603 1827 1629 maiestatem
1842 1604 1895 1630 mi-

1100 1720 1182 1746 quem
1197 1712 1284 1746 ipsius
1298 1711 1358 1739 facti
1373 1715 1495 1740 atrocitas
1508 1718 1554 1740 aut
1567 1713 1713 1750 indignitas
1726 1719 1772 1741 aut
1783 1716 1893 1742 omnino

1631 1789 1673 1815 54.
1692 1788 1730 1815 Ea
1748 1793 1837 1816 autem
1850 1790 1893 1816 in-

1100 1860 1240 1887 hominum
1254 1866 1384 1894 sumetur,
1399 1870 1495 1897 quum,
1510 1862 1739 1898 quemadmodum
1752 1868 1778 1890 et
1790 1864 1893 1899 quibus

1099 1935 1250 1962 mocinandi
1264 1944 1294 1962 eo
1308 1936 1389 1963 verbo
1403 1938 1443 1964 uti
1455 1937 1567 1969 soleant,
1581 1937 1804 1965 considerabitur.
1825 1939 1892 1966 Item

1098 1971 1286 2004 infirmabitur,
1310 1974 1334 2000 si
1355 1975 1442 2010 turpis
1464 1979 1509 2001 aut
1531 1974 1636 2002 inutilis
1660 1983 1720 2001 esse
1736 1975 1892 2003 ostendetur

1098 2052 1273 2074 consecutura
1293 2049 1347 2075 sint
1360 2057 1390 2075 eo
1403 2057 1538 2081 concesso,
1565 2049 1733 2082 ostendetur;
1759 2049 1789 2076 id
1801 2055 1891 2077 autem

1098 2093 1133 2111 ex
1150 2085 1296 2111 honestatis
1314 2090 1340 2112 et
1358 2085 1482 2112 utilitatis
1499 2086 1622 2121 partibus
1635 2091 1766 2118 sumetur,
1781 2086 1815 2113 de
1827 2088 1891 2122 qui-
1906 2119 1908 2122 .

1097 2168 1160 2186 cum
1182 2159 1336 2186 definitione
1361 2164 1450 2186 nostra
1471 2160 1684 2187 adversariorum
1708 2160 1890 2188 definitionem

1098 2195 1266 2223 conferemus
1279 2201 1304 2223 et
1318 2201 1435 2224 nostram
1448 2206 1547 2229 veram,
1559 2197 1707 2229 honestam,
1722 2197 1817 2225 utilem
1829 2207 1906 2226 esse.

1655 2236 1697 2262 55.
1723 2234 1902 2268 Quaeremus

1097 2275 1187 2298 autem
1201 2279 1243 2297 res
1257 2275 1302 2297 aut
1315 2271 1414 2298 maiore
1426 2276 1472 2298 aut
1485 2273 1587 2299 minore
1600 2276 1646 2299 aut
1662 2272 1719 2307 pari
1737 2272 1766 2298 in
1782 2273 1906 2311 negotio:

1097 2307 1214 2339 similes,
1246 2315 1281 2334 ex
1308 2308 1410 2343 quibus
1440 2308 1587 2336 affirmetur
1616 2314 1704 2336 nostra
1733 2308 1887 2345 descriptio.
1901 2325 1906 2336 ·

1097 2345 1190 2372 XVIII.
1214 2345 1268 2371 Iam
1291 2345 1315 2371 si
1338 2354 1380 2372 res
1398 2345 1490 2380 plures
1507 2350 1586 2373 erunt
1610 2345 1789 2373 definiendae:
1816 2351 1847 2374 ut
1863 2338 1905 2374 δί’(

1096 2386 1254 2418 quaeratur:
1269 2382 1324 2408 Fur
1336 2383 1371 2409 sit
1384 2391 1417 2409 an
1430 2383 1586 2419 sacrilegus,
1598 2383 1647 2418 qui
1661 2391 1724 2410 vasa
1737 2391 1772 2410 ex
1783 2384 1894 2418 privato·

1096 2428 1170 2446 sacra
1183 2420 1357 2453 surripuerit;
1379 2421 1429 2447 erit
1443 2420 1573 2447 utendum
1587 2419 1712 2455 pluribus
1725 2420 1844 2448 definitio
1865 2421 1872 2427 “

1097 2457 1162 2490 bus,
1190 2456 1286 2483 deinde
1299 2457 1383 2484 simili
1396 2458 1497 2484 ratione
1509 2465 1604 2484 caussa
1618 2457 1762 2484 tractanda.
1799 2458 1852 2485 boc
1904 2483 1905 2486 ,

1097 2498 1186 2520 autem
1208 2495 1359 2520 communis
1381 2495 1410 2521 in
1431 2495 1490 2521 eius
1511 2493 1650 2526 malitiam,
1675 2495 1724 2530 qui
1741 2503 1794 2521 non
1807 2494 1902 2528 modo!

1097 2539 1196 2562 rerum,
1216 2539 1311 2558 verum
1327 2531 1408 2558 etiam
1422 2531 1565 2558 verborum
1578 2536 1735 2566 potestatem
1747 2531 1801 2559 sibi
1814 2530 1899 2560 ann-t

1095 2577 1158 2604 gare
1171 2572 1289 2600 conetur,
1304 2573 1335 2595 ut
1347 2572 1374 2594 et
1386 2567 1464 2595 faciat
1476 2568 1550 2603 quod
1563 2568 1636 2599 velit,
1651 2573 1677 2594 et
1689 2568 1718 2595 id
1729 2568 1804 2604 quod
1816 2562 1901 2602 seeo-i,

1096 2606 1130 2631 rit
1142 2614 1197 2640 quo
1211 2605 1275 2632 velit
1288 2605 1396 2632 nomine
1407 2605 1533 2640 appellet.
1555 2605 1656 2632 Deinde
1669 2605 1817 2633 defensoris
1829 2606 1886 2641 pri-

1095 2651 1157 2668 mus
1180 2642 1255 2669 loc-us
1277 2647 1318 2669 est
1338 2643 1403 2669 item
1424 2643 1541 2669 nominis
1562 2642 1652 2669 brevis
1668 2647 1695 2669 et
1711 2647 1801 2677 aperta
1812 2647 1887 2671 etex

1094 2679 1220 2714 opinione
1232 2679 1373 2706 hominum
1386 2678 1537 2714 descriptio,
1550 2679 1600 2706 hoe
1613 2679 1705 2706 modo:
1720 2680 1898 2711 Maiestatem}

1095 2717 1216 2743 minuere
1233 2722 1273 2743 est
1290 2716 1393 2752 aliquid
1409 2716 1443 2743 de
1460 2716 1606 2751 republica,
1628 2725 1714 2752 quum
1727 2715 1898 2761 potestatemf,
