1941 3052
418 151 602 179 ORATIO
635 151 724 179 PRO
756 152 785 178 P.
820 150 1006 178 SESTIO.

60 232 141 260 quam
161 222 266 250 illorum
294 227 411 250 veterum
420 244 426 255 ‚
449 224 496 258 qui
512 223 653 258 populares
676 223 850 254 habebantur,

61 262 147 288 ullum
158 269 288 296 umquam
298 261 326 287 in
336 261 462 287 concione
468 260 594 287 habuisse
601 259 781 286 conductum?
800 260 852 285 Ne-

60 307 103 325 mo
124 298 225 324 habuit,

58 336 139 371 positi
153 336 211 361 sine
221 335 341 361 mercede
352 335 406 361 ulla
418 334 778 361 multitudinemconcitabat.
802 335 852 360 lta-

59 381 112 408 que
123 372 288 407 temporibus
300 372 362 403 illis,
379 373 426 407 qui
437 372 579 407 populares
591 377 672 402 erant,
684 371 852 398 offendebant

59 410 99 436 illi
114 409 224 444 quidem
239 409 310 444 apud
325 418 419 445 graves
431 414 456 435 et
468 409 591 435 honestos
603 409 733 439 homines,
746 408 793 434 sed
804 417 852 442 po-

58 447 115 482 puli
128 446 235 473 iudiciis
246 451 325 481 atque
339 447 411 473 omni
422 446 614 482 significatione
629 445 764 472 florebant.
804 446 850 471 His

58 485 86 510 in
101 484 202 510 theatro
218 483 408 518 plaudebatur:
431 484 458 509 hi
470 484 614 519 suffragiis,
626 483 698 518 quod
709 482 851 509 contende-

59 526 125 552 rant,
138 521 384 556 consequebantur:
397 521 493 547 horum
504 520 625 547 homines
637 529 742 551 nomen,
756 520 851 546 oratio-

58 567 128 589 nem,
146 558 261 589 vultum,
275 558 409 584 incessum
421 558 554 584 amabant.
594 557 645 590 Qui
657 561 745 583 autem
757 557 851 583 adver-

58 595 185 622 sabantur
195 595 219 621 ei
230 596 329 629 generi,
337 603 432 631 graves
446 599 471 621 et
482 595 572 630 magni
583 594 704 621 homines
716 594 851 620 habeban—

57 637 115 659 tur:
138 632 185 658 sed
197 632 320 659 valebant
330 633 357 659 in
368 636 462 658 senatu
474 632 599 663 multum,
608 631 679 666 apud
690 632 772 658 bonos
780 631 850 657 viros

58 669 220 705 plurimum:
244 669 411 696 multitudini
430 669 541 696 iucundi
558 678 609 695 non
620 673 702 700 erant,
716 668 850 703 suffragiis

57 707 239 733 offendebatur
263 715 341 741 saepe
361 715 452 733 eorum
472 706 609 732 voluntas:
641 706 766 740 plausum
788 714 851 731 vero

58 745 163 771 etiamsi
178 745 239 779 quis
255 752 345 770 eorum
356 743 500 778 aliquando
511 748 654 778 acceperat,
668 751 700 769 ne
711 743 777 778 quid
789 752 851 777 pec-

57 786 151 813 casset,
168 781 378 815 pertimescebat.
400 781 531 811 Attamen,
540 781 563 806 si
574 789 689 815 quaeres
696 781 847 810 eratmaior,

57 819 128 845 idem
149 818 194 844 ille
213 818 330 853 populus
367 818 462 844 horum
478 819 631 844 auctoritate
646 818 762 844 maxime
777 826 850 843 com-

57 855 222 883 movebatur.

112 893 141 919 L.
155 894 211 918 106.
227 893 311 923 Nunc,
326 892 431 918 nisime
443 891 519 923 fallit,
534 892 560 918 in
572 900 602 918 eo
613 896 682 918 statu
694 891 788 918 civitas
800 895 848 923 est,

56 934 94 961 ut,
117 930 140 956 si
155 937 248 964 operas
264 929 454 956 conductorum
466 929 619 961 removeris,
632 937 724 956 omnes
736 929 806 955 idem
818 929 851 955 de

56 966 193 1002 republica
204 967 310 993 sensuri
320 975 378 993 esse
390 967 539 993 videantur.
570 967 675 993 Etenim
688 966 773 993 tribus
786 966 850 992 locis

55 1004 200 1040 significari
216 1004 332 1030 maxime
346 1004 438 1039 populi
449 1004 560 1030 Romani
572 1004 702 1030 iudicium
714 1012 743 1029 ac
755 1003 851 1030 volun-

56 1046 95 1068 tas
114 1045 208 1076 potest‚
231 1042 365 1072 concione,
383 1042 507 1072 comitiis,
522 1040 646 1068 ludorum
657 1040 850 1077 gladiatorum-

55 1087 108 1114 que
127 1087 265 1105 consessu.
305 1078 378 1111 Quae
392 1079 483 1105 concio
494 1078 545 1105 fuit
558 1087 606 1113 per
617 1078 664 1104 hos
677 1087 768 1109 annos,
781 1086 850 1113 quae

55 1115 165 1151 quidem
180 1120 250 1142 esset
265 1124 317 1142 non
331 1116 474 1146 conducta,
493 1116 540 1142 sed
555 1124 625 1147 vera,
643 1116 670 1142 in
688 1124 741 1150 qua
758 1115 850 1150 populi

55 1153 166 1180 Romani
182 1162 329 1179 consensus
345 1154 460 1188 perspici
477 1162 528 1179 non
541 1152 648 1188 posset?
667 1153 775 1179 Habitae
788 1157 851 1179 sunt

56 1190 155 1217 multae
166 1190 199 1217 de
210 1199 253 1217 me
263 1199 277 1216 a
288 1190 432 1226 gladiatore
438 1190 651 1221 sceleratissimo,
660 1190 692 1216 ad
699 1199 765 1225 quas
773 1199 851 1216 nemo

55 1227 144 1254 adibat
155 1228 334 1262 incorruptus,
348 1237 425 1254 nemo
436 1228 551 1264 integer:
564 1236 642 1254 nemo
654 1227 731 1254 illum
743 1227 850 1254 foedum

56 1264 162 1292 vultum
182 1266 309 1299 aspicere,
327 1274 404 1291 nemo
420 1265 542 1291 furialem
555 1274 646 1292 vocem
658 1265 745 1291 bonus
756 1265 848 1291 audire

55 1306 166 1337 poterat.
205 1302 294 1334 Erant,
312 1307 385 1329 erant
400 1302 461 1329 illae
476 1303 615 1329 conciones
627 1302 791 1337 perditorum
803 1302 851 1328 bo—

56 1340 160 1366 minum
175 1340 323 1366 necessario
334 1339 512 1366 turbulentae.
536 1341 593 1366 107.
606 1340 704 1366 Habuit
715 1340 748 1366 de
757 1339 849 1366 eodem

56 1385 99 1403 me
114 1377 143 1403 P.
160 1376 290 1403 Lentulus
301 1376 394 1404 consul
405 1378 572 1404 concionem:
595 1386 742 1404 concursus
752 1381 792 1403 est
803 1385 851 1412 po—

57 1414 114 1449 puli
134 1414 245 1440 Romani
260 1413 359 1441 sactus:
391 1423 483 1441 omnes
497 1414 613 1445 ordines,
627 1419 678 1441 tota
689 1415 716 1440 in
728 1414 773 1440 illa
787 1423 850 1440 con-

53 1452 131 1478 cione
142 1451 214 1477 Italia
225 1452 352 1478 constitit.
392 1452 454 1487 Egit
464 1460 586 1478 caussam
600 1460 705 1478 summa
716 1460 778 1478 cum
789 1460 850 1487 gra-

53 1488 137 1515 vitate
152 1488 283 1523 copiaque
297 1488 412 1520 dicendi,
426 1493 496 1515 tanto
507 1489 623 1520 silentio,
638 1493 708 1515 tanta
719 1489 851 1524 approba-

56 1526 126 1552 tione
140 1526 272 1556 omnium,
289 1526 357 1552 nihil
370 1531 398 1552 ut
410 1535 538 1561 umquam
553 1526 689 1553 videretur
700 1530 752 1552 tam
765 1534 851 1561 popu-

56 1563 109 1589 lare
121 1562 153 1589 ad
165 1562 257 1598 populi
268 1563 377 1590 Romani
389 1572 466 1590 aures
478 1563 615 1590 accidisse.
651 1563 799 1590 Productus
811 1568 851 1590 est

55 1600 89 1626 ab
100 1608 130 1626 eo
140 1600 188 1627 Cn.
201 1600 354 1635 Pompeius,
367 1601 414 1635 qui
425 1609 454 1627 se
466 1609 517 1627 non
531 1600 618 1627 solum
631 1605 764 1627 auctorem
776 1609 850 1627 meae

55 1636 159 1668 salutis,
173 1637 220 1664 sed
232 1638 310 1664 etiam
323 1637 473 1673 supplicem
486 1638 848 1673 populoRomanoexliibuit.

55 1675 141 1701 Huius
160 1675 242 1701 oratio
262 1679 287 1701 et
307 1676 445 1711 pergravis
460 1680 486 1701 et
500 1680 572 1711 grata
588 1676 708 1702 concioni
725 1675 788 1702 suit:
811 1676 850 1702 sic

54 1711 192 1743 contendo,
215 1720 365 1747 numquam
386 1721 473 1747 neque
487 1713 645 1739 sententiam
662 1713 720 1739 cius
736 1713 850 1739 auctori—

55 1753 120 1781 tate,
143 1757 229 1784 neque
250 1749 429 1784 eloquentiam
450 1749 615 1777 iucunditate
636 1750 722 1777 fuisse
740 1751 848 1776 maiore.

57 1788 114 1813 108.
136 1786 194 1819 Quo
209 1786 316 1814 silentio
334 1791 397 1814 sunt
417 1787 500 1814 auditi
518 1787 551 1814 de
567 1796 609 1814 me
624 1788 703 1814 ceteri
716 1788 850 1822 principes

55 1823 183 1850 civitatisl
215 1832 283 1859 quos
297 1824 396 1851 idcirco
411 1833 463 1851 non
479 1824 585 1860 appello
601 1825 649 1852 hoc
666 1825 730 1856 loco,
748 1834 780 1851 ne
792 1833 850 1851 mea

55 1861 145 1893 oratio,
163 1861 187 1888 si
203 1861 293 1888 minus
308 1861 341 1888 de
352 1861 443 1897 aliquo
453 1861 554 1894 dixero,
568 1863 684 1898 ingrata;
707 1862 729 1888 si
741 1863 805 1889 satis
817 1862 850 1888 de

54 1898 190 1929 omnibus,
207 1898 310 1925 infinita
322 1907 381 1926 esse
392 1899 523 1925 videatur.
564 1899 635 1926 Cedo
646 1908 717 1926 nunc
728 1899 849 1926 eiusdem

54 1935 130 1962 illius
150 1935 251 1962 inimici
263 1936 316 1962 mei
330 1936 362 1962 de
373 1944 416 1963 me
426 1936 518 1963 eodem
530 1936 563 1963 ad
574 1945 667 1963 verum
680 1937 810 1972 populum
822 1937 849 1962 in

54 1981 148 2008 campo
159 1972 251 1999 Martio
262 1973 428 2000 concioneml
450 1973 517 2006 Quis
529 1982 580 2000 11011
593 1974 670 2001 modo
681 1974 847 2009 approbavit,

54 2009 102 2036 sed
117 2018 169 2036 non
180 2009 400 2045 indignissimum
415 2010 518 2037 facinus
530 2011 640 2045 putavit³
651 2011 798 2043 illum,non
809 2011 851 2037 di-

54 2055 112 2074 cam
138 2046 221 2082 loqui,
238 2046 285 2073 scd
302 2048 390 2073 vivere
405 2056 435 2074 ac
450 2047 569 2082 spirare‘.>
588 2047 654 2080 Quis
667 2047 725 2080 fuit,
739 2048 785 2083 qui
798 2057 849 2074 non

55 2085 115 2111 eius
127 2092 190 2111 voce
204 2083 331 2111 maculari
343 2084 545 2119 rempublicam.
559 2093 651 2120 seque,
665 2086 688 2112 si
699 2094 761 2112 eum
773 2085 851 2112 audi-

55 2125 103 2154 ret,
125 2120 224 2148 scelere
240 2121 351 2157 astringi
367 2121 555 2149 arbitraretur?
588 2123 630 2149 LI.
650 2124 706 2148 ⁴09.
724 2122 806 2149 Venio
817 2122 850 2149 ad

55 2159 170 2189 comitia,
183 2159 240 2185 sive
252 2159 456 2194 magistratuum
469 2159 562 2194 placet,
575 2160 632 2186 sive
645 2159 743 2195 legum.
767 2160 850 2195 Leges

56 2195 180 2223 videmus
192 2204 270 2231 saepe
282 2195 343 2222 lei-ri
356 2196 462 2222 multas.
503 2196 602 2223 Omitto
613 2205 666 2229 eas,
680 2205 748 2232 quae
761 2197 851 2224 ferun-

56 2237 99 2260 tur
110 2233 153 2265 ita,
168 2234 213 2260 vix
225 2237 254 2260 ut
264 2233 350 2268 quini,
366 2238 392 2260 et
404 2233 430 2260 111
442 2242 474 2260 ex
484 2233 535 2260 alia
547 2234 626 2265 tribu,
639 2234 850 2270 quisull‘ragium

56 2269 149 2302 serant,
172 2271 346 2306 reperiantur.
386 2271 422 2297 De
443 2279 498 2302 mo,
516 2279 596 2306 quem
613 2276 622 2298 t
643 2280 755 2298 rannum
771 2276 850 2307 atque

57 2311 204 2343 ereptorem
226 2307 354 2334 libertatis
370 2317 428 2334 esse
444 2308 557 2339 dicebat,
575 2309 601 2335 111
616 2280 661 2335 illu
673 2310 748 2335 ruina
761 2310 850 2344 reipu—

57 2344 142 2372 blicae
157 2345 222 2372 dicit
232 2354 261 2372 se
273 2345 358 2381 legem
371 2345 474 2372 tulisse.
514 2345 580 2377 Quis
592 2350 640 2378 est,
653 2347 699 2381 qui
711 2354 749 2377 so,
765 2355 850 2381 quum

58 2386 147 2409 contra
167 2391 209 2409 me
234 2382 375 2414 serebatur,
399 2383 481 2409 inisse
502 2382 659 2418 suffragium
679 2383 852 2409 confiteatur?

58 2427 143 2454 quum
154 2424 241 2446 autem
249 2419 281 2447 de
293 2429 335 2447 me
345 2420 478 2447 eodemex
487 2419 727 2450 senatusconsulto.
735 2420 851 2446 comitiis

58 2457 219 2489 centuriatis,
243 2457 385 2489 ferebatur,
402 2457 463 2492 quis
475 2461 522 2488 cst,
536 2457 583 2492 qui
596 2466 646 2484 nou
659 2457 812 2492 profiteatur
823 2466 851 2483 so

58 2492 178 2520 adfuisse
188 2498 214 2521 et
223 2494 380 2530 suffragium
392 2495 424 2521 de
436 2494 521 2521 saluto
533 2503 590 2520 mea
602 2493 715 2521 tulisse?
729 2494 788 2520 Utra
801 2494 851 2529 igi-

60 2534 102 2557 tur
121 2539 215 2558 caussa
231 2532 368 2566 popularis
386 2531 579 2558 debetvitleri‘?
599 2532 624 2558 in
636 2540 688 2566 qua
700 2540 792 2557 omnes
804 2531 851 2557 110-

60 2571 174 2595 nestates
188 2569 313 2602 civitatis,
334 2578 427 2596 omnes
448 2574 554 2599 aetates.
572 2578 664 2595 omnes
680 2568 786 2594 ordines
799 2577 850 2594 una
874 2579 875 2584 ¹

60 2605 241 2632 consentiunt:
273 2615 314 2638 an,
333 2607 360 2633 in
375 2616 428 2642 qua
445 2606 528 2633 suriae
543 2607 695 2636 concitatae,
715 2610 850 2640 tamquam

60 2641 93 2668 ad
104 2641 186 2669 sunus
197 2643 366 2678 reipublicae,
379 2643 537 2671 convolant?
559 2645 614 2670 110.
628 2643 677 2674 An,
691 2643 776 2669 sicubi
789 2642 851 2669 ade.-

61 2678 94 2705 rit
113 2678 227 2712 Gellius,
245 2680 323 2708 homo
337 2686 362 2708 et
374 2681 451 2709 fratre
467 2681 604 2717 indiguus,
623 2681 679 2707 viro
690 2679 847 2707 clarissimo.

265 298 325 332 Ipsa
341 298 411 324 enim
428 297 531 333 largitio
541 302 566 324 et
577 306 638 332 spes
649 297 781 324 commodi
791 305 852 332 pro-
872 330 874 335 .

1057 150 1075 177 C
1090 150 1110 176 Α
1126 150 1153 176 Ρ.
1189 151 1220 176 46
1241 165 1276 169 -—-
1296 151 1337 176 53.
1644 150 1692 175 5⁴3

872 224 875 233 “
903 226 982 256 atque
1002 222 1102 256 optimo
1123 220 1241 252 consule,
1259 225 1284 246 et
1299 220 1391 247 ordine
1406 219 1537 254 equestri,
1555 219 1634 244 cuius
1650 219 1695 245 ille

903 259 1003 284 ordinis
1025 267 1121 284 nomen
1142 259 1249 288 retinet,
1271 262 1423 284 ornamenta
1443 255 1568 288 confecit3
1600 256 1627 282 id
1647 257 1696 282 erit

903 295 1048 330 populare?
1076 296 1123 321 Est
1138 296 1209 321 enim
1226 295 1304 321 homo
1318 296 1367 321 iste
1383 293 1481 329 populo
1491 294 1609 319 Romano
1619 292 1696 319 dedi-

903 338 954 359 tus.
996 332 1069 358 Nihil
1086 332 1141 358 vidi
1157 333 1256 368 magis:
1279 332 1335 366 qui,
1348 340 1433 367 quum
1449 331 1507 357 eius
1519 330 1694 356 adolescentia

903 371 929 395 in
945 369 1121 404 amplissimis
1138 369 1285 395 honoribus
1296 369 1395 395 summi
1408 369 1467 399 viri,
1481 368 1511 394 L.
1524 367 1642 402 Philippi
1654 368 1695 393 vi-

902 408 969 438 trici,
981 407 1072 433 florere
1087 408 1225 442 potuisset,
1243 415 1329 441 usque
1343 415 1373 432 eo
1384 405 1496 432 nonfuit
1507 404 1653 439 popularis,
1667 409 1695 430 ut

902 445 970 471 bona
982 444 1055 471 solus
1066 448 1209 470 comesset:
1228 443 1324 469 deinde
1335 452 1367 469 ex
1378 444 1484 478 impuro
1495 442 1660 468 adolescente
1670 446 1696 468 et

902 481 1046 516 petulante,
1055 486 1229 516 posteaquam
1241 489 1297 506 rem
1308 486 1444 515 paternam
1455 480 1488 506 ab
1500 479 1642 506 idiotarum
1654 478 1696 505 di-

903 519 974 545 vitiis
987 518 1020 544 ad
1032 518 1252 553 philosophorum
1264 518 1383 553 regulam
1390 517 1524 552 perduxit,
1534 516 1695 543 Graeculum

902 564 930 582 se
951 560 1030 590 atque
1045 556 1160 581 otiosum
1181 556 1268 589 putari
1284 555 1382 585 voluit,
1400 555 1489 581 studio
1506 553 1651 580 litterarum
1667 561 1696 579 se

901 593 991 619 subito
1013 592 1125 619 dedidit.
1174 592 1248 618 Nihil
1264 592 1392 618 iuvabant
1407 596 1579 627 anagnostae:
1612 590 1696 616 libelli

901 631 980 656 etiam
1002 639 1049 664 pro
1064 630 1127 656 vino
1137 637 1216 664 saepe
1227 629 1480 664 oppignerabantur.
1522 628 1644 654 Manebat
1654 628 1696 653 in-

901 666 1045 693 saturabile
1056 667 1196 697 abdomen,
1212 667 1304 701 copiae
1315 666 1482 692 deficiebant.
1523 666 1613 700 Itaque
1624 673 1696 691 sem-

902 713 948 739 per
968 704 1123 730 versabatur
1143 704 1170 729 in
1186 712 1233 738 spe
1249 712 1337 729 rerum
1353 712 1496 729 novarum:
1519 703 1572 728 otio
1585 707 1610 728 et
1625 707 1696 728 tran-

901 741 1033 776 quillitate
1045 740 1206 775 reipublicae
1213 740 1425 767 consenescebat.
1447 741 1498 766 LII.
1512 739 1696 774 Ecquaesedi-

901 780 937 805 tio
956 787 1087 813 umquam
1103 778 1161 809 suit,
1175 779 1202 804 in
1218 786 1270 813 qua
1283 786 1334 804 non
1346 777 1390 803 ille
1403 776 1545 812 princeps?
1564 777 1641 811 ecqui
1653 784 1697 802 se-

901 816 1029 846 ditiosus,
1052 816 1095 841 cui
1116 815 1161 841 ille
1177 824 1229 841 non
1243 814 1401 841 familiaris?
1430 822 1528 849 ecquae
1544 813 1696 839 turbulenta

901 854 1001 884 concio,
1019 853 1097 879 cuius
1110 852 1154 878 ille
1166 861 1218 879 non
1229 851 1389 879 concitator?
1418 852 1467 878 Cui
1479 852 1546 877 bene
1557 851 1625 877 dixit
1636 859 1696 876 um—

901 899 982 925 quam
1003 889 1090 916 bono‘?
1110 890 1178 916 bene
1197 889 1283 916 dixit‘?
1303 890 1393 920 immo,
1411 897 1492 923 quem
1509 888 1602 914 fortem
1614 892 1639 913 et
1650 888 1697 913 bo-

902 937 967 954 num
982 928 1068 954 civem
1081 936 1133 953 non
1146 927 1359 962 petulantissime
1371 930 1410 952 est
1422 924 1584 952 insectatus?
1597 925 1654 960 qui,
1668 930 1697 951 ut

901 965 988 996 credo,
1002 974 1054 991 non
1067 964 1188 991 libidinis
1199 973 1301 995 caussa,
1310 964 1357 990 sed
1369 968 1398 990 ut
1410 962 1538 998 plebicola
1551 962 1694 991 videretur,

903 1002 1053 1029 libertinam
1074 1002 1152 1028 duxit
1172 1010 1292 1028 uxorem.
1326 1003 1382 1027 111.
1399 1002 1423 1027 Is
1438 1001 1471 1027 de
1485 1009 1528 1026 me
1539 999 1696 1035 suffragium

903 1040 972 1071 tulit,
994 1041 1017 1066 is
1037 1039 1131 1071 adsuit,
1149 1040 1172 1066 is
1192 1038 1313 1065 interfuit
1329 1038 1417 1074 epulis
1433 1043 1458 1064 et
1472 1037 1696 1074 gratulationibus

902 1077 1104 1112 parricidarum.
1145 1077 1174 1103 In
1194 1085 1249 1112 quo
1269 1081 1357 1103 tamen
1373 1080 1413 1102 est
1428 1084 1469 1102 me
1482 1075 1564 1105 ultus,
1577 1083 1639 1101 cum
1651 1074 1698 1101 illo

902 1123 946 1141 ore
967 1115 1090 1141 inimicos
1114 1119 1154 1140 est
1175 1123 1248 1140 meos
1269 1114 1417 1140 suaviatus.
1457 1112 1518 1145 Qui,
1541 1113 1618 1147 quasi
1640 1120 1697 1138 mea

902 1152 981 1187 culpa
1001 1152 1069 1178 bona
1085 1151 1239 1186 perdiderit,
1258 1152 1292 1178 ita
1307 1151 1341 1177 ob
1356 1159 1413 1177 eam
1425 1151 1512 1185 ipsam
1524 1158 1647 1176 caussam
1659 1154 1697 1175 cst

903 1190 970 1216 mihi
981 1189 1189 1224 inimicus,quia
1202 1188 1267 1215 nihil
1283 1189 1370 1215 habet.
1392 1188 1486 1214 Utrum
1498 1196 1546 1223 ego
1558 1187 1605 1213 tibi
1617 1187 1699 1221 patri-

903 1227 1023 1253 monium
1035 1227 1131 1261 eripui⁷
1146 1226 1224 1257 Gelli,
1238 1235 1271 1252 an
1283 1230 1311 1252 tu
1322 1225 1480 1252 comedisti?
1497 1224 1586 1257 Quid?
1600 1229 1628 1250 tu
1640 1233 1698 1250 meo

903 1264 1030 1299 periculo,
1043 1273 1142 1300 gurges
1154 1273 1184 1290 ac
1194 1272 1293 1299 vorago
1303 1263 1465 1298 patrimonii,
1474 1261 1641 1288 helluabare:
1659 1267 1695 1288 ut.

903 1302 926 1328 si
947 1310 996 1337 ego
1010 1301 1104 1328 consul
1120 1300 1315 1336 rempublicam
1331 1305 1420 1327 contra
1435 1305 1459 1326 te
1471 1305 1496 1326 et
1505 1298 1626 1334 gregales
1639 1303 1698 1325 tuos

903 1339 1091 1370 defendissem,
1105 1339 1133 1365 in
1145 1339 1250 1365 civitate
1262 1346 1320 1364 esse
1332 1346 1374 1364 me
1384 1336 1488 1364 nolles‘?
1508 1337 1544 1363 Te
1555 1341 1699 1362 nemotuo-

903 1385 962 1403 rum
974 1376 1064 1402 videre
1076 1375 1148 1402 vult:
1171 1384 1264 1402 omnes
1275 1375 1387 1405 aditum,
1400 1382 1559 1404 sermonem.
1573 1382 1698 1408 congres-

902 1422 962 1440 sum
976 1418 1053 1440 tuum
1066 1413 1187 1449 fugiunt:
1210 1417 1234 1439 te
1246 1413 1343 1439 sororis
1355 1411 1427 1438 [ilius
1439 1410 1698 1441 Postumius,ad01e-

902 1459 979 1477 scens
998 1451 1098 1486 gravis,
1114 1449 1193 1476 senili
1209 1449 1318 1481 iudicio,
1336 1450 1445 1479 notavit,
1463 1457 1546 1483 quum
1563 1449 1590 1474 in
1602 1456 1698 1483 magno

903 1496 1013 1515 numero
1025 1492 1137 1514 tutorem
1151 1487 1242 1513 liberis
1256 1495 1307 1513 non
1320 1487 1444 1513 instituit.
1467 1485 1519 1512 Sed
1530 1485 1615 1511 elatus
1626 1485 1695 1514 odio.

902 1530 927 1552 et
938 1534 1006 1556 meo,
1019 1530 1045 1552 et
1056 1524 1218 1560 reipublicae
1230 1525 1345 1556 nomine,
1354 1532 1468 1558 quorum
1481 1523 1525 1548 ille
1537 1523 1588 1548 utri
1601 1523 1635 1548 sit
1646 1522 1700 1548 ini-

902 1563 1008 1593 micior,
1027 1563 1129 1594 nescio,
1148 1561 1224 1597 plura
1244 1561 1315 1592 dixi,
1333 1570 1413 1596 quani
1429 1559 1572 1587 dicendum
1590 1559 1652 1590 suit,
1671 1560 1699 1586 in

903 1599 1112 1627 furiosissimum
1133 1604 1212 1634 atque
1235 1599 1439 1634 egentissimum
1459 1606 1614 1633 ganeonem.
1640 1598 1696 1622 112.

902 1637 968 1664 llluc
983 1642 1113 1663 revertor:
1135 1641 1224 1663 contra
1237 1645 1278 1662 me
1289 1644 1373 1670 quum
1386 1636 1420 1661 sit
1431 1640 1529 1664 actum,
1542 1639 1617 1669 capta
1629 1634 1698 1660 Urbe

902 1679 981 1710 atque
992 1683 1128 1709 oppressa,
1138 1673 1266 1705 Gellium,
1280 1672 1449 1703 Firmidium,
1458 1672 1568 1703 Titium,
1577 1671 1698 1698 eiusdem

903 1712 974 1739 modi
987 1711 1077 1743 furias,
1091 1711 1146 1738 illis
1158 1711 1328 1737 mercenariis
1338 1710 1467 1746 gregibus
1478 1709 1560 1736 duces
1573 1713 1597 1735 et
1609 1713 1698 1735 aucto-

903 1758 944 1776 res
965 1749 1063 1780 suisse,
1080 1757 1166 1784 quum
1183 1749 1240 1782 ipse
1258 1748 1322 1774 lator
1338 1747 1404 1774 nihil
1421 1747 1454 1773 ab
1470 1746 1566 1773 horum
1582 1747 1699 1781 turpitu-

902 1787 974 1818 dine,
997 1787 1116 1817 audacia,
1139 1786 1265 1813 sordibus
1289 1785 1450 1812 abhorreret.
1491 1785 1536 1815 At,
1559 1792 1644 1818 quum
1666 1783 1699 1809 de

902 1824 1030 1860 dignitate
1042 1832 1100 1850 mea
1112 1823 1254 1854 serebatur,
1267 1831 1344 1849 nemo
1355 1822 1406 1848 sibi
1420 1830 1467 1848 nec
1479 1821 1640 1848 valetudinis
1653 1829 1699 1847 ex·-

902 1862 1076 1892 cusationem,
1095 1870 1142 1887 nec
1157 1861 1312 1891 senectutis,
1326 1860 1390 1886 satis
1402 1860 1500 1886 iustam
1511 1859 1629 1894 putavit:
1653 1866 1699 1884 ne-

903 1908 945 1925 mo
961 1898 1019 1930 suit,
1037 1899 1084 1934 qui
1100 1907 1128 1925 se
1143 1907 1194 1925 non
1207 1897 1400 1933 rempublicam
1412 1905 1517 1923 mecum
1529 1895 1611 1922 simul
1623 1904 1699 1922 revo-

902 1945 960 1963 care
982 1937 1008 1962 in
1020 1945 1083 1962 suas
1097 1935 1174 1962 sedes
1186 1935 1366 1962 arbitraretur.
1399 1935 1464 1961 Llll.
1482 1935 1538 1960 113.
1554 1933 1698 1960 Videamus

903 1982 974 2000 nunc
993 1974 1099 2000 comitia
1120 1973 1336 2009 magistratuum.
1377 1972 1439 1998 Fuit
1454 1971 1596 2007 collegium
1614 1979 1698 2005 nuper

903 2011 1086 2041 tribunicium,
1099 2011 1126 2037 in
1138 2019 1192 2046 quo
1204 2015 1255 2036 tres
1267 2010 1387 2040 minime,
1403 2009 1457 2036 duo
1468 2008 1638 2035 vehementer
1652 2016 1699 2042 po—

904 2048 1010 2083 pulares
1030 2048 1262 2074 existimabantur.
1303 2047 1343 2073 Ex
1360 2047 1411 2077 his,
1429 2046 1476 2081 qui
1493 2045 1635 2080 populares
1647 2054 1698 2071 non

904 2085 1078 2116 habebantur,
1100 2085 1202 2120 quibus
1219 2085 1246 2111 111
1262 2084 1307 2111 1110
1322 2092 1419 2120 genere
1433 2083 1624 2110 conductarum
1635 2091 1699 2108 con-

902 2123 1009 2149 cionum
1031 2122 1194 2149 consistendi
1216 2126 1331 2157 potestas
1348 2130 1399 2148 non
1415 2125 1483 2151 erat,
1500 2120 1554 2146 ‹luo
1570 2129 1583 2146 a
1599 2119 1699 2154 populo

903 2161 1020 2186 Romano
1032 2164 1165 2195 praetores
1176 2159 1255 2185 video
1265 2167 1324 2185 esse
1336 2158 1430 2184 factos:
1453 2162 1487 2187 et,
1500 2161 1630 2193 quantum
1643 2166 1698 2182 scr-

902 2197 1027 2224 monibus
1049 2196 1124 2232 vulgi
1140 2201 1166 2223 et
1180 2196 1315 2231 suffragiis
1332 2195 1480 2230 intelligere
1497 2195 1580 2229 potui,
1598 2202 1660 2229 prae
1670 2203 1698 2218 si·

904 2234 1020 2269 populus
1037 2234 1172 2260 Romanus
1185 2233 1293 2263 serebat,
1307 2233 1359 2258 sibi
1372 2232 1447 2258 illum
1461 2232 1487 2258 in
1500 2231 1636 2258 tribunatu
1648 2231 1695 2256 Cn.

904 2272 1010 2298 Domitii
1031 2271 1150 2297 animum
1166 2274 1331 2296 constantem
1347 2274 1372 2296 et
1387 2269 1540 2305 egregium,
1556 2273 1580 2294 ct
1595 2268 1626 2300 Q.
1645 2268 1698 2293 An-

902 2308 985 2334 clmrii
1008 2308 1086 2334 fidem
1103 2317 1132 2333 ac
1148 2307 1341 2337 fortitudinem,
1359 2306 1462 2332 etiamsi
1480 2305 1546 2332 1111111
1563 2314 1638 2340 agere
1652 2313 1698 2339 po-

903 2346 1026 2376 tuissent,
1041 2349 1127 2371 tamen
1141 2344 1275 2370 voluntate
1287 2344 1344 2378 ipsa
1355 2348 1460 2379 gratum
1474 2342 1566 2369 fuisse.
1599 2343 1651 2368 lam
1666 2341 1698 2367 d«-

903 2383 931 2409 Ο.
956 2382 1054 2409 Fannio
1071 2390 1139 2416 quae
1153 2382 1187 2407 sit
1199 2381 1369 2411 existimatio,
1384 2380 1521 2406 videmus:
1544 2378 1616 2414 quod
1628 2379 1698 2405 iudi-

902 2421 974 2446 cium
997 2419 1088 2453 populi
1106 2418 1215 2445 Romani
1232 2419 1259 2444 in
1278 2417 1423 2444 honoribus
1438 2418 1496 2443 eius
1514 2416 1634 2442 futurum
1653 2417 1695 2442 sit.

904 2457 1004 2483 nemini
1015 2456 1130 2482 dubium
1142 2464 1200 2481 esse
1212 2455 1300 2481 debet.
1326 2455 1380 2480 tit.
1395 2453 1485 2486 Quid?
1505 2453 1646 2488 populares
1658 2453 1696 2479 illi

902 2494 956 2520 ‹luo
976 2493 1042 2528 quid
1062 2493 1192 2529 egerunt?
1212 2491 1285 2522 111101,
1308 2491 1354 2527 qui
1375 2496 1462 2517 111111οη
1478 2500 1506 2517 se
1521 2491 1695 2519 continuerat.

904 2531 998 2557 tulerat
1011 2530 1086 2561 nihil,
1095 2534 1214 2556 senserat
1226 2534 1327 2556 tantum
1340 2528 1372 2555 de
1385 2528 1520 2563 republica
1527 2528 1609 2558 uliud.
1618 2532 1696 2563 utque

903 2568 1025 2595 110111111οε
1046 2567 1243 2602 exspectabant,
1262 2567 1302 2593 vir
1317 2571 1343 2592 et
1358 2566 1454 2596 bonus,
1471 2570 1496 2592 ct
1513 2566 1653 2593 innocens.
1671 2571 1694 2591 01

903 2605 979 2631 bonis
992 2605 1055 2631 viris
1066 2613 1171 2640 semper
1183 2604 1318 2639 probatus,
1331 2603 1403 2638 quod
1416 2611 1508 2638 parum
1521 2602 1643 2629 xidelicot
1655 2603 1695 2628 in—

903 2642 1004 2668 tellexit
1020 2643 1046 2668 111
1063 2642 1208 2671 tribunatu,
1226 2641 1293 2676 quid
1311 2649 1372 2666 vero
1383 2639 1482 2676 populo
1494 2640 1656 2675 probaretur.
1671 2645 1695 2665 01

902 2679 974 2714 quod
999 2679 1074 2706 illum
1090 2688 1149 2706 esse
1161 2679 1290 2714 populum
1303 2678 1460 2708 Romanum,
1473 2679 1520 2712 qui
1532 2678 1695 2704 inconcione

1459 2727 1491 2751 6⁵
