<?xml version="1.0" encoding="UTF-8"?>
<!DOCTYPE html PUBLIC "-//W3C//DTD XHTML 1.0 Transitional//EN"
    "http://www.w3.org/TR/xhtml1/DTD/xhtml1-transitional.dtd">
<html xmlns="http://www.w3.org/1999/xhtml" xml:lang="en" lang="en">
 <head>
  <title>
</title>
<meta http-equiv="Content-Type" content="text/html;charset=utf-8" />
  <meta name='ocr-system' content='tesseract 3.04.00' />
  <meta name='ocr-capabilities' content='ocr_page ocr_carea ocr_par ocr_line ocrx_word'/>
</head>
<body>
  <div class='ocr_page' id='page_1' title='image "./operaomniaunovol00ciceuoft/operaomniaunovol00ciceuoft_0874.png"; bbox 0 0 1941 3052; ppageno 0'>
   <div class='ocr_carea' id='block_1_1' title="bbox 190 142 806 168">
    <p class='ocr_par' dir='ltr' id='par_1_1' title="bbox 190 142 806 168">
     <span class='ocr_line' id='line_1_1' title="bbox 190 142 806 168; baseline 0 -1"><span class='ocrx_word' id='word_1_1' title='bbox 190 144 238 168; x_wconf 69' lang='lat'>850</span> <span class='ocrx_word' id='word_1_2' title='bbox 766 143 780 166; x_wconf 77' lang='grc'><strong>9</strong></span> <span class='ocrx_word' id='word_1_3' title='bbox 787 142 795 167; x_wconf 64' lang='lat'>5</span> <span class='ocrx_word' id='word_1_4' title='bbox 802 162 806 167; x_wconf 83' lang='lat'>.</span> 
     </span>
    </p>
   </div>
   <div class='ocr_carea' id='block_1_2' title="bbox 190 208 980 266">
    <p class='ocr_par' dir='ltr' id='par_1_2' title="bbox 190 208 980 266">
     <span class='ocr_line' id='line_1_2' title="bbox 190 208 980 236; baseline -0.003 -5"><span class='ocrx_word' id='word_1_5' title='bbox 190 211 236 231; x_wconf 81' lang='lat' dir='ltr'>un·</span> <span class='ocrx_word' id='word_1_6' title='bbox 252 218 291 232; x_wconf 74' lang='lat' dir='ltr'>nu·</span> <span class='ocrx_word' id='word_1_7' title='bbox 309 213 370 231; x_wconf 64' lang='lat' dir='ltr'>XVII.</span> <span class='ocrx_word' id='word_1_8' title='bbox 388 216 443 236; x_wconf 69' lang='lat' dir='ltr'>qun</span> <span class='ocrx_word' id='word_1_9' title='bbox 452 210 478 230; x_wconf 74' lang='lat' dir='ltr'>ule</span> <span class='ocrx_word' id='word_1_10' title='bbox 488 208 632 229; x_wconf 65' lang='lat' dir='ltr'>sin-mnum-</span> <span class='ocrx_word' id='word_1_11' title='bbox 645 208 698 229; x_wconf 74' lang='lat' dir='ltr'>nlil-</span> <span class='ocrx_word' id='word_1_12' title='bbox 712 212 775 229; x_wconf 65' lang='grc' dir='ltr'>ΜιἸΙ.</span> <span class='ocrx_word' id='word_1_13' title='bbox 788 212 863 229; x_wconf 62' lang='lat' dir='ltr'>awti.</span> <span class='ocrx_word' id='word_1_14' title='bbox 875 209 901 228; x_wconf 74' lang='lat' dir='ltr'>ule</span> <span class='ocrx_word' id='word_1_15' title='bbox 912 209 980 229; x_wconf 69' lang='lat' dir='ltr'>”tutu</span> 
     </span>
     <span class='ocr_line' id='line_1_3' title="bbox 194 243 728 266; baseline -0.006 0"><span class='ocrx_word' id='word_1_16' title='bbox 194 249 248 266; x_wconf 52' lang='lat' dir='ltr'>&amp;Vll</span> <span class='ocrx_word' id='word_1_17' title='bbox 270 249 289 265; x_wconf 65' lang='lat' dir='ltr'>u«</span> <span class='ocrx_word' id='word_1_18' title='bbox 304 248 379 266; x_wconf 70' lang='lat' dir='ltr'>xvm.</span> <span class='ocrx_word' id='word_1_19' title='bbox 391 248 411 264; x_wconf 76' lang='lat' dir='ltr'>et</span> <span class='ocrx_word' id='word_1_20' title='bbox 422 245 448 263; x_wconf 67' lang='lat' dir='ltr'>ut·-</span> <span class='ocrx_word' id='word_1_21' title='bbox 459 243 534 264; x_wconf 66' lang='lat' dir='ltr'>(snitu</span> <span class='ocrx_word' id='word_1_22' title='bbox 550 247 562 263; x_wconf 66' lang='lat' dir='ltr'>x</span> <span class='ocrx_word' id='word_1_23' title='bbox 573 247 606 263; x_wconf 66' lang='lat' dir='ltr'>xl.</span> <span class='ocrx_word' id='word_1_24' title='bbox 618 247 728 263; x_wconf 60' lang='lat' dir='ltr'>unientur-t.</span> 
     </span>
    </p>
   </div>
   <div class='ocr_carea' id='block_1_3' title="bbox 500 313 801 332">
    <p class='ocr_par' dir='ltr' id='par_1_3' title="bbox 500 313 801 332">
     <span class='ocr_line' id='line_1_4' title="bbox 500 313 801 332; baseline -0.003 -3"><span class='ocrx_word' id='word_1_25' title='bbox 500 313 606 332; x_wconf 59' lang='lat' dir='ltr'>Nlmtmnn,</span> <span class='ocrx_word' id='word_1_26' title='bbox 618 313 673 331; x_wconf 69' lang='grc' dir='ltr'>Ιίιιῐυ.</span> <span class='ocrx_word' id='word_1_27' title='bbox 686 314 742 330; x_wconf 68' lang='lat' dir='ltr'>Huc·</span> <span class='ocrx_word' id='word_1_28' title='bbox 751 313 776 330; x_wconf 77' lang='lat' dir='ltr'>lln</span> <span class='ocrx_word' id='word_1_29' title='bbox 786 320 801 328; x_wconf 74' lang='lat' dir='ltr'><strong><em>u</em></strong></span> 
     </span>
    </p>
   </div>
   <div class='ocr_carea' id='block_1_4' title="bbox 569 355 794 382">
    <p class='ocr_par' dir='ltr' id='par_1_4' title="bbox 569 355 794 382">
     <span class='ocr_line' id='line_1_5' title="bbox 569 355 794 382; baseline 0 -1"><span class='ocrx_word' id='word_1_30' title='bbox 569 355 737 381; x_wconf 73' lang='lat' dir='ltr'>ATTICO</span> <span class='ocrx_word' id='word_1_31' title='bbox 766 355 794 382; x_wconf 89' lang='lat' dir='ltr'>S.</span> 
     </span>
    </p>
   </div>
   <div class='ocr_carea' id='block_1_5' title="bbox 248 313 898 335">
    <p class='ocr_par' dir='ltr' id='par_1_5' title="bbox 248 313 898 335">
     <span class='ocr_line' id='line_1_6' title="bbox 248 313 898 335; baseline -0.022 -2"><span class='ocrx_word' id='word_1_32' title='bbox 248 313 254 333; x_wconf 95' lang='grc' dir='ltr'>Ι</span> <span class='ocrx_word' id='word_1_33' title='bbox 288 316 399 335; x_wconf 57' lang='lat' dir='ltr'>(tunm-1„</span> <span class='ocrx_word' id='word_1_34' title='bbox 413 316 484 330; x_wconf 54' lang='lat' dir='ltr'>nunu...</span> <span class='ocrx_word' id='word_1_35' title='bbox 802 320 831 329; x_wconf 63' lang='lat' dir='ltr'>a...</span> <span class='ocrx_word' id='word_1_36' title='bbox 844 314 898 334; x_wconf 64' lang='lat'>703.)</span> 
     </span>
    </p>
   </div>
   <div class='ocr_carea' id='block_1_6' title="bbox 373 354 540 381">
    <p class='ocr_par' dir='ltr' id='par_1_6' title="bbox 373 354 540 381">
     <span class='ocr_line' id='line_1_7' title="bbox 373 354 540 381; baseline 0 -2"><span class='ocrx_word' id='word_1_37' title='bbox 373 354 540 381; x_wconf 78' lang='lat' dir='ltr'><strong>CICERO</strong></span> 
     </span>
    </p>
   </div>
   <div class='ocr_carea' id='block_1_7' title="bbox 838 141 1240 168">
    <p class='ocr_par' dir='ltr' id='par_1_7' title="bbox 838 141 1240 168">
     <span class='ocr_line' id='line_1_8' title="bbox 838 141 1240 168; baseline 0 -2"><span class='ocrx_word' id='word_1_38' title='bbox 838 141 1240 168; x_wconf 56' lang='lat' dir='ltr'>M.·r.‹:1‹:131‹1›.x&#39;1.s·</span> 
     </span>
    </p>
   </div>
   <div class='ocr_carea' id='block_1_8' title="bbox 1031 211 1820 393">
    <p class='ocr_par' dir='ltr' id='par_1_8' title="bbox 1031 211 1820 393">
     <span class='ocr_line' id='line_1_9' title="bbox 1031 211 1820 247; baseline 0.005 -11"><span class='ocrx_word' id='word_1_39' title='bbox 1031 211 1171 241; x_wconf 76' lang='lat' dir='ltr'>mandavi,</span> <span class='ocrx_word' id='word_1_40' title='bbox 1192 211 1258 237; x_wconf 85' lang='lat' dir='ltr'>illud</span> <span class='ocrx_word' id='word_1_41' title='bbox 1271 212 1391 246; x_wconf 73' lang='lat' dir='ltr'>proprie.</span> <span class='ocrx_word' id='word_1_42' title='bbox 1405 219 1437 238; x_wconf 88' lang='lat' dir='ltr'>ne</span> <span class='ocrx_word' id='word_1_43' title='bbox 1449 217 1594 246; x_wconf 52' lang='lat' dir='ltr'>sisteretur.</span> <span class='ocrx_word' id='word_1_44' title='bbox 1607 217 1738 247; x_wconf 81' lang='lat' dir='ltr'>quantum</span> <span class='ocrx_word' id='word_1_45' title='bbox 1750 219 1820 240; x_wconf 74' lang='lat' dir='ltr'>esset</span> 
     </span>
     <span class='ocr_line' id='line_1_10' title="bbox 1033 248 1818 284; baseline 0.005 -12"><span class='ocrx_word' id='word_1_46' title='bbox 1033 249 1057 273; x_wconf 85' lang='lat' dir='ltr'>in</span> <span class='ocrx_word' id='word_1_47' title='bbox 1076 249 1146 281; x_wconf 73' lang='lat' dir='ltr'>ipso.</span> <span class='ocrx_word' id='word_1_48' title='bbox 1165 249 1299 283; x_wconf 71' lang='lat' dir='ltr'>prorogari</span> <span class='ocrx_word' id='word_1_49' title='bbox 1316 248 1392 274; x_wconf 69' lang='lat' dir='ltr'>nobis</span> <span class='ocrx_word' id='word_1_50' title='bbox 1408 250 1569 283; x_wconf 66' lang='lat' dir='ltr'>provincias.</span> <span class='ocrx_word' id='word_1_51' title='bbox 1609 250 1636 276; x_wconf 91' lang='lat' dir='ltr'>ln</span> <span class='ocrx_word' id='word_1_52' title='bbox 1653 258 1707 284; x_wconf 85' lang='lat' dir='ltr'>quo</span> <span class='ocrx_word' id='word_1_53' title='bbox 1718 259 1779 275; x_wconf 75' lang='lat' dir='ltr'>eum</span> <span class='ocrx_word' id='word_1_54' title='bbox 1791 255 1818 277; x_wconf 88' lang='lat' dir='ltr'>tu</span> 
     </span>
     <span class='ocr_line' id='line_1_11' title="bbox 1033 285 1820 322; baseline 0.004 -13"><span class='ocrx_word' id='word_1_55' title='bbox 1033 285 1112 310; x_wconf 75' lang='lat' dir='ltr'>velim</span> <span class='ocrx_word' id='word_1_56' title='bbox 1123 286 1264 310; x_wconf 69' lang='lat' dir='ltr'>confirmes</span> <span class='ocrx_word' id='word_1_57' title='bbox 1273 306 1278 314; x_wconf 95' lang='grc'>,</span> <span class='ocrx_word' id='word_1_58' title='bbox 1291 289 1450 320; x_wconf 59' lang='lat' dir='ltr'>gratumque</span> <span class='ocrx_word' id='word_1_59' title='bbox 1462 286 1528 312; x_wconf 86' lang='lat' dir='ltr'>mihi</span> <span class='ocrx_word' id='word_1_60' title='bbox 1541 286 1634 312; x_wconf 61' lang='lat' dir='ltr'>[wisse</span> <span class='ocrx_word' id='word_1_61' title='bbox 1646 286 1733 314; x_wconf 68' lang='lat' dir='ltr'>dicas,</span> <span class='ocrx_word' id='word_1_62' title='bbox 1747 286 1820 322; x_wconf 85' lang='lat' dir='ltr'>quod</span> 
     </span>
     <span class='ocr_line' id='line_1_12' title="bbox 1031 321 1819 358; baseline 0.004 -11"><span class='ocrx_word' id='word_1_63' title='bbox 1031 327 1056 347; x_wconf 77' lang='lat' dir='ltr'>vt</span> <span class='ocrx_word' id='word_1_64' title='bbox 1069 323 1170 347; x_wconf 83' lang='lat' dir='ltr'>venerit</span> <span class='ocrx_word' id='word_1_65' title='bbox 1185 321 1216 347; x_wconf 80' lang='lat' dir='ltr'>ad</span> <span class='ocrx_word' id='word_1_66' title='bbox 1234 331 1289 350; x_wconf 83' lang='lat' dir='ltr'>me.</span> <span class='ocrx_word' id='word_1_67' title='bbox 1307 327 1332 347; x_wconf 73' lang='lat' dir='ltr'>vt</span> <span class='ocrx_word' id='word_1_68' title='bbox 1348 321 1397 347; x_wconf 81' lang='lat' dir='ltr'>hoc</span> <span class='ocrx_word' id='word_1_69' title='bbox 1413 322 1494 352; x_wconf 81' lang='lat' dir='ltr'>mibi,</span> <span class='ocrx_word' id='word_1_70' title='bbox 1513 329 1701 358; x_wconf 78' lang='lat' dir='ltr'>praetereaque</span> <span class='ocrx_word' id='word_1_71' title='bbox 1716 325 1738 350; x_wconf 63' lang='lat' dir='ltr'>ni</span> <span class='ocrx_word' id='word_1_72' title='bbox 1753 323 1819 358; x_wconf 79' lang='lat' dir='ltr'>quid</span> 
     </span>
     <span class='ocr_line' id='line_1_13' title="bbox 1031 359 1819 393; baseline 0.004 -10"><span class='ocrx_word' id='word_1_73' title='bbox 1031 367 1099 392; x_wconf 81' lang='lat' dir='ltr'>opus</span> <span class='ocrx_word' id='word_1_74' title='bbox 1110 363 1179 384; x_wconf 83' lang='lat' dir='ltr'>esset</span> <span class='ocrx_word' id='word_1_75' title='bbox 1188 379 1193 387; x_wconf 87' lang='lat'>,</span> <span class='ocrx_word' id='word_1_76' title='bbox 1211 359 1371 393; x_wconf 76' lang='lat' dir='ltr'>promiserit.</span> <span class='ocrx_word' id='word_1_77' title='bbox 1412 359 1572 385; x_wconf 65' lang='lat' dir='ltr'>Continuus</span> <span class='ocrx_word' id='word_1_78' title='bbox 1584 360 1616 385; x_wconf 77' lang='lat' dir='ltr'>ad</span> <span class='ocrx_word' id='word_1_79' title='bbox 1627 369 1685 386; x_wconf 83' lang='lat' dir='ltr'>eam</span> <span class='ocrx_word' id='word_1_80' title='bbox 1697 369 1819 386; x_wconf 62' lang='lat' dir='ltr'>caussam</span> 
     </span>
    </p>
   </div>
   <div class='ocr_carea' id='block_1_9' title="bbox 249 388 1820 430">
    <p class='ocr_par' dir='ltr' id='par_1_9' title="bbox 249 388 1820 430">
     <span class='ocr_line' id='line_1_14' title="bbox 249 388 1820 430; baseline 0.004 -13"><span class='ocrx_word' id='word_1_81' title='bbox 249 396 270 418; x_wconf 84' lang='lat' dir='ltr'>t.</span> <span class='ocrx_word' id='word_1_82' title='bbox 293 388 352 427; x_wconf 77' lang='lat' dir='ltr'>Ego</span> <span class='ocrx_word' id='word_1_83' title='bbox 365 401 426 418; x_wconf 79' lang='lat' dir='ltr'>voro</span> <span class='ocrx_word' id='word_1_84' title='bbox 440 396 465 418; x_wconf 79' lang='lat' dir='ltr'>et</span> <span class='ocrx_word' id='word_1_85' title='bbox 476 396 550 418; x_wconf 91' lang='lat' dir='ltr'>tuum</span> <span class='ocrx_word' id='word_1_86' title='bbox 564 393 590 418; x_wconf 95' lang='lat' dir='ltr'>in</span> <span class='ocrx_word' id='word_1_87' title='bbox 602 391 723 418; x_wconf 73' lang='lat' dir='ltr'>discessu</span> <span class='ocrx_word' id='word_1_88' title='bbox 737 392 792 418; x_wconf 90' lang='lat' dir='ltr'>vidi</span> <span class='ocrx_word' id='word_1_89' title='bbox 804 393 938 422; x_wconf 81' lang='lat' dir='ltr'>animum.</span> <span class='ocrx_word' id='word_1_90' title='bbox 955 397 981 418; x_wconf 86' lang='lat' dir='ltr'>et</span> <span class='ocrx_word' id='word_1_91' title='bbox 1009 413 1011 425; x_wconf 77' lang='lat'>,</span> <span class='ocrx_word' id='word_1_92' title='bbox 1032 396 1111 421; x_wconf 64' lang='lat' dir='ltr'>etiam</span> <span class='ocrx_word' id='word_1_93' title='bbox 1125 396 1253 422; x_wconf 79' lang='lat' dir='ltr'>Furnium</span> <span class='ocrx_word' id='word_1_94' title='bbox 1271 401 1403 427; x_wconf 62' lang='lat' dir='ltr'>nostrum,</span> <span class='ocrx_word' id='word_1_95' title='bbox 1421 404 1502 430; x_wconf 81' lang='lat' dir='ltr'>quem</span> <span class='ocrx_word' id='word_1_96' title='bbox 1518 396 1551 422; x_wconf 77' lang='lat' dir='ltr'>ad</span> <span class='ocrx_word' id='word_1_97' title='bbox 1566 405 1665 423; x_wconf 73' lang='lat' dir='ltr'>annum</span> <span class='ocrx_word' id='word_1_98' title='bbox 1681 398 1820 424; x_wconf 76' lang='lat' dir='ltr'>tribunum</span> 
     </span>
    </p>
   </div>
   <div class='ocr_carea' id='block_1_10' title="bbox 184 429 981 2357">
    <p class='ocr_par' dir='ltr' id='par_1_10' title="bbox 184 429 981 2357">
     <span class='ocr_line' id='line_1_15' title="bbox 191 429 977 464; baseline -0.003 -7"><span class='ocrx_word' id='word_1_99' title='bbox 191 439 250 457; x_wconf 89' lang='lat' dir='ltr'>mco</span> <span class='ocrx_word' id='word_1_100' title='bbox 260 438 320 455; x_wconf 84' lang='lat' dir='ltr'>sum</span> <span class='ocrx_word' id='word_1_101' title='bbox 334 430 390 463; x_wconf 68' lang='lat' dir='ltr'>ipse</span> <span class='ocrx_word' id='word_1_102' title='bbox 403 429 487 455; x_wconf 79' lang='lat' dir='ltr'>testis.</span> <span class='ocrx_word' id='word_1_103' title='bbox 527 429 585 461; x_wconf 89' lang='lat' dir='ltr'>Ouo</span> <span class='ocrx_word' id='word_1_104' title='bbox 600 430 685 464; x_wconf 71' lang='lat' dir='ltr'>magis</span> <span class='ocrx_word' id='word_1_105' title='bbox 699 430 750 456; x_wconf 90' lang='lat' dir='ltr'>erit</span> <span class='ocrx_word' id='word_1_106' title='bbox 761 430 809 456; x_wconf 85' lang='lat' dir='ltr'>tibi</span> <span class='ocrx_word' id='word_1_107' title='bbox 822 429 977 458; x_wconf 82' lang='lat' dir='ltr'>videndum,</span> 
     </span>
     <span class='ocr_line' id='line_1_16' title="bbox 191 465 978 501; baseline -0.003 -7"><span class='ocrx_word' id='word_1_108' title='bbox 191 476 222 494; x_wconf 87' lang='lat' dir='ltr'>nc</span> <span class='ocrx_word' id='word_1_109' title='bbox 235 466 300 501; x_wconf 85' lang='lat' dir='ltr'>quid</span> <span class='ocrx_word' id='word_1_110' title='bbox 313 466 374 492; x_wconf 86' lang='lat' dir='ltr'>novi</span> <span class='ocrx_word' id='word_1_111' title='bbox 385 466 554 498; x_wconf 63' lang='lat' dir='ltr'>decernaturg</span> <span class='ocrx_word' id='word_1_112' title='bbox 573 470 601 492; x_wconf 93' lang='lat' dir='ltr'>ut</span> <span class='ocrx_word' id='word_1_113' title='bbox 617 466 665 493; x_wconf 86' lang='lat' dir='ltr'>hoc</span> <span class='ocrx_word' id='word_1_114' title='bbox 681 471 800 493; x_wconf 81' lang='lat' dir='ltr'>nostrum</span> <span class='ocrx_word' id='word_1_115' title='bbox 814 465 978 492; x_wconf 82' lang='lat' dir='ltr'>desiderium</span> 
     </span>
     <span class='ocr_line' id='line_1_17' title="bbox 192 503 979 538; baseline -0.001 -8"><span class='ocrx_word' id='word_1_116' title='bbox 192 513 223 530; x_wconf 89' lang='lat' dir='ltr'>ne</span> <span class='ocrx_word' id='word_1_117' title='bbox 236 503 296 538; x_wconf 84' lang='lat' dir='ltr'>plus</span> <span class='ocrx_word' id='word_1_118' title='bbox 311 504 346 529; x_wconf 77' lang='lat' dir='ltr'>sit</span> <span class='ocrx_word' id='word_1_119' title='bbox 361 511 491 529; x_wconf 88' lang='lat' dir='ltr'>annuum.</span> <span class='ocrx_word' id='word_1_120' title='bbox 531 505 556 529; x_wconf 78' lang='lat'>2.</span> <span class='ocrx_word' id='word_1_121' title='bbox 579 504 614 529; x_wconf 86' lang='lat' dir='ltr'>Do</span> <span class='ocrx_word' id='word_1_122' title='bbox 625 504 712 530; x_wconf 75' lang='lat' dir='ltr'>Annio</span> <span class='ocrx_word' id='word_1_123' title='bbox 723 504 866 530; x_wconf 78' lang='lat' dir='ltr'>Saturnino</span> <span class='ocrx_word' id='word_1_124' title='bbox 881 504 979 529; x_wconf 84' lang='lat' dir='ltr'>curasti</span> 
     </span>
     <span class='ocr_line' id='line_1_18' title="bbox 191 539 980 576; baseline -0.001 -9"><span class='ocrx_word' id='word_1_125' title='bbox 191 540 283 576; x_wconf 86' lang='lat' dir='ltr'>probe.</span> <span class='ocrx_word' id='word_1_126' title='bbox 324 541 358 566; x_wconf 84' lang='lat' dir='ltr'>De</span> <span class='ocrx_word' id='word_1_127' title='bbox 369 539 523 567; x_wconf 81' lang='lat' dir='ltr'>satisdando</span> <span class='ocrx_word' id='word_1_128' title='bbox 538 549 614 571; x_wconf 85' lang='lat' dir='ltr'>vero,</span> <span class='ocrx_word' id='word_1_129' title='bbox 632 545 655 567; x_wconf 89' lang='lat' dir='ltr'>te</span> <span class='ocrx_word' id='word_1_130' title='bbox 672 549 747 575; x_wconf 74' lang='lat' dir='ltr'>rogo,</span> <span class='ocrx_word' id='word_1_131' title='bbox 765 540 852 575; x_wconf 85' lang='lat' dir='ltr'>quoad</span> <span class='ocrx_word' id='word_1_132' title='bbox 864 541 917 566; x_wconf 84' lang='lat' dir='ltr'>eris</span> <span class='ocrx_word' id='word_1_133' title='bbox 930 541 980 566; x_wconf 77' lang='lat' dir='ltr'>Ito-</span> 
     </span>
     <span class='ocr_line' id='line_1_19' title="bbox 191 577 981 613; baseline -0.001 -9"><span class='ocrx_word' id='word_1_134' title='bbox 191 586 258 608; x_wconf 86' lang='lat' dir='ltr'>mae,</span> <span class='ocrx_word' id='word_1_135' title='bbox 272 582 299 604; x_wconf 90' lang='lat' dir='ltr'>tu</span> <span class='ocrx_word' id='word_1_136' title='bbox 312 582 340 603; x_wconf 94' lang='lat' dir='ltr'>ut</span> <span class='ocrx_word' id='word_1_137' title='bbox 351 577 474 604; x_wconf 82' lang='lat' dir='ltr'>satisdes.</span> <span class='ocrx_word' id='word_1_138' title='bbox 513 578 546 604; x_wconf 88' lang='lat' dir='ltr'>Et</span> <span class='ocrx_word' id='word_1_139' title='bbox 557 582 619 604; x_wconf 88' lang='lat' dir='ltr'>sunt</span> <span class='ocrx_word' id='word_1_140' title='bbox 630 577 731 613; x_wconf 83' lang='lat' dir='ltr'>aliquot</span> <span class='ocrx_word' id='word_1_141' title='bbox 741 578 927 604; x_wconf 75' lang='lat' dir='ltr'>satisdationes</span> <span class='ocrx_word' id='word_1_142' title='bbox 937 587 981 603; x_wconf 79' lang='lat' dir='ltr'>se-</span> 
     </span>
     <span class='ocr_line' id='line_1_20' title="bbox 190 614 981 649; baseline -0.001 -8"><span class='ocrx_word' id='word_1_143' title='bbox 190 614 308 641; x_wconf 74' lang='lat' dir='ltr'>cundum</span> <span class='ocrx_word' id='word_1_144' title='bbox 325 615 505 649; x_wconf 81' lang='lat' dir='ltr'>mancipium,</span> <span class='ocrx_word' id='word_1_145' title='bbox 524 615 606 642; x_wconf 79' lang='lat' dir='ltr'>veluti</span> <span class='ocrx_word' id='word_1_146' title='bbox 619 615 839 641; x_wconf 87' lang='lat' dir='ltr'>Memmianorum</span> <span class='ocrx_word' id='word_1_147' title='bbox 857 614 981 649; x_wconf 83' lang='lat' dir='ltr'>praedio-</span> 
     </span>
     <span class='ocr_line' id='line_1_21' title="bbox 192 651 981 687; baseline -0.001 -9"><span class='ocrx_word' id='word_1_148' title='bbox 192 661 264 682; x_wconf 84' lang='lat' dir='ltr'>rum,</span> <span class='ocrx_word' id='word_1_149' title='bbox 279 651 320 677; x_wconf 80' lang='lat' dir='ltr'>vel</span> <span class='ocrx_word' id='word_1_150' title='bbox 333 651 529 678; x_wconf 80' lang='lat' dir='ltr'>Attilianorum.</span> <span class='ocrx_word' id='word_1_151' title='bbox 570 652 605 678; x_wconf 83' lang='lat' dir='ltr'>De</span> <span class='ocrx_word' id='word_1_152' title='bbox 616 653 716 687; x_wconf 82' lang='lat' dir='ltr'>Oppio,</span> <span class='ocrx_word' id='word_1_153' title='bbox 734 652 832 679; x_wconf 82' lang='lat' dir='ltr'>Iactum</span> <span class='ocrx_word' id='word_1_154' title='bbox 843 656 922 678; x_wconf 84' lang='lat' dir='ltr'>estut</span> <span class='ocrx_word' id='word_1_155' title='bbox 934 660 981 677; x_wconf 90' lang='lat' dir='ltr'>vo—</span> 
     </span>
     <span class='ocr_line' id='line_1_22' title="bbox 192 688 981 725; baseline -0.001 -10"><span class='ocrx_word' id='word_1_156' title='bbox 192 689 238 719; x_wconf 84' lang='lat' dir='ltr'>lui.</span> <span class='ocrx_word' id='word_1_157' title='bbox 247 693 273 715; x_wconf 88' lang='lat' dir='ltr'>et</span> <span class='ocrx_word' id='word_1_158' title='bbox 283 689 408 720; x_wconf 82' lang='lat' dir='ltr'>maxime,</span> <span class='ocrx_word' id='word_1_159' title='bbox 417 688 488 724; x_wconf 92' lang='lat' dir='ltr'>quod</span> <span class='ocrx_word' id='word_1_160' title='bbox 497 697 562 714; x_wconf 71' lang='lat' dir='ltr'>prce</span> <span class='ocrx_word' id='word_1_161' title='bbox 573 690 716 724; x_wconf 77' lang='lat' dir='ltr'>aperuisti:</span> <span class='ocrx_word' id='word_1_162' title='bbox 729 698 798 725; x_wconf 89' lang='lat' dir='ltr'>quae</span> <span class='ocrx_word' id='word_1_163' title='bbox 809 689 919 725; x_wconf 86' lang='lat' dir='ltr'>quidem</span> <span class='ocrx_word' id='word_1_164' title='bbox 931 697 981 723; x_wconf 74' lang='lat' dir='ltr'>ego</span> 
     </span>
     <span class='ocr_line' id='line_1_23' title="bbox 191 725 981 760; baseline 0 -8"><span class='ocrx_word' id='word_1_165' title='bbox 191 727 284 760; x_wconf 87' lang='lat' dir='ltr'>utique</span> <span class='ocrx_word' id='word_1_166' title='bbox 291 725 332 752; x_wconf 91' lang='lat' dir='ltr'>vel</span> <span class='ocrx_word' id='word_1_167' title='bbox 345 734 453 752; x_wconf 86' lang='lat' dir='ltr'>versura</span> <span class='ocrx_word' id='word_1_168' title='bbox 466 725 531 752; x_wconf 77' lang='lat' dir='ltr'>facta</span> <span class='ocrx_word' id='word_1_169' title='bbox 542 726 690 759; x_wconf 82' lang='lat' dir='ltr'>solvivolo;</span> <span class='ocrx_word' id='word_1_170' title='bbox 705 735 737 753; x_wconf 89' lang='lat' dir='ltr'>nc</span> <span class='ocrx_word' id='word_1_171' title='bbox 749 731 866 753; x_wconf 75' lang='lat' dir='ltr'>extrema</span> <span class='ocrx_word' id='word_1_172' title='bbox 877 727 981 753; x_wconf 82' lang='lat' dir='ltr'>exactio</span> 
     </span>
     <span class='ocr_line' id='line_1_24' title="bbox 192 763 979 798; baseline -0.001 -9"><span class='ocrx_word' id='word_1_173' title='bbox 192 767 340 790; x_wconf 86' lang='lat' dir='ltr'>nostrorum</span> <span class='ocrx_word' id='word_1_174' title='bbox 352 764 490 789; x_wconf 86' lang='lat' dir='ltr'>nominum</span> <span class='ocrx_word' id='word_1_175' title='bbox 502 768 680 798; x_wconf 82' lang='lat' dir='ltr'>exspectetur.</span> <span class='ocrx_word' id='word_1_176' title='bbox 720 766 744 790; x_wconf 84' lang='lat'>3.</span> <span class='ocrx_word' id='word_1_177' title='bbox 767 765 844 791; x_wconf 86' lang='lat' dir='ltr'>Nunc</span> <span class='ocrx_word' id='word_1_178' title='bbox 855 764 934 790; x_wconf 91' lang='lat' dir='ltr'>venio</span> <span class='ocrx_word' id='word_1_179' title='bbox 947 763 979 789; x_wconf 89' lang='lat' dir='ltr'>ad</span> 
     </span>
     <span class='ocr_line' id='line_1_25' title="bbox 191 800 981 836; baseline 0 -10"><span class='ocrx_word' id='word_1_180' title='bbox 191 805 373 826; x_wconf 82' lang='lat' dir='ltr'>transversum</span> <span class='ocrx_word' id='word_1_181' title='bbox 390 800 466 826; x_wconf 90' lang='lat' dir='ltr'>illum</span> <span class='ocrx_word' id='word_1_182' title='bbox 481 805 614 827; x_wconf 75' lang='lat' dir='ltr'>extremae</span> <span class='ocrx_word' id='word_1_183' title='bbox 632 801 759 836; x_wconf 78' lang='lat' dir='ltr'>epistolae</span> <span class='ocrx_word' id='word_1_184' title='bbox 780 806 840 828; x_wconf 84' lang='lat' dir='ltr'>tuae</span> <span class='ocrx_word' id='word_1_185' title='bbox 860 801 981 827; x_wconf 78' lang='lat' dir='ltr'>versicu-</span> 
     </span>
     <span class='ocr_line' id='line_1_26' title="bbox 192 837 981 872; baseline 0 -9"><span class='ocrx_word' id='word_1_186' title='bbox 192 837 246 863; x_wconf 85' lang='lat' dir='ltr'>lum</span> <span class='ocrx_word' id='word_1_187' title='bbox 255 858 261 868; x_wconf 89' lang='lat'>,</span> <span class='ocrx_word' id='word_1_188' title='bbox 279 838 306 864; x_wconf 93' lang='lat' dir='ltr'>in</span> <span class='ocrx_word' id='word_1_189' title='bbox 322 846 375 872; x_wconf 89' lang='lat' dir='ltr'>quo</span> <span class='ocrx_word' id='word_1_190' title='bbox 390 846 432 864; x_wconf 85' lang='lat' dir='ltr'>mo</span> <span class='ocrx_word' id='word_1_191' title='bbox 447 837 574 864; x_wconf 80' lang='lat' dir='ltr'>admones</span> <span class='ocrx_word' id='word_1_192' title='bbox 585 838 617 864; x_wconf 89' lang='lat' dir='ltr'>de</span> <span class='ocrx_word' id='word_1_193' title='bbox 628 847 727 865; x_wconf 59' lang='lat' dir='ltr'>sorore.</span> <span class='ocrx_word' id='word_1_194' title='bbox 765 838 838 870; x_wconf 85' lang='lat' dir='ltr'>Quae</span> <span class='ocrx_word' id='word_1_195' title='bbox 850 847 891 864; x_wconf 86' lang='lat' dir='ltr'>res</span> <span class='ocrx_word' id='word_1_196' title='bbox 902 847 930 864; x_wconf 80' lang='lat' dir='ltr'>se</span> <span class='ocrx_word' id='word_1_197' title='bbox 941 838 981 863; x_wconf 79' lang='lat' dir='ltr'>sic</span> 
     </span>
     <span class='ocr_line' id='line_1_27' title="bbox 191 874 981 910; baseline -0.001 -9"><span class='ocrx_word' id='word_1_198' title='bbox 191 874 280 901; x_wconf 83' lang='lat' dir='ltr'>habet.</span> <span class='ocrx_word' id='word_1_199' title='bbox 315 874 348 901; x_wconf 90' lang='lat' dir='ltr'>Ut</span> <span class='ocrx_word' id='word_1_200' title='bbox 359 875 420 901; x_wconf 85' lang='lat' dir='ltr'>veni</span> <span class='ocrx_word' id='word_1_201' title='bbox 432 876 458 901; x_wconf 93' lang='lat' dir='ltr'>in</span> <span class='ocrx_word' id='word_1_202' title='bbox 470 875 593 910; x_wconf 78' lang='lat' dir='ltr'>Arpinas,</span> <span class='ocrx_word' id='word_1_203' title='bbox 606 884 690 910; x_wconf 87' lang='lat' dir='ltr'>quum</span> <span class='ocrx_word' id='word_1_204' title='bbox 702 875 735 902; x_wconf 89' lang='lat' dir='ltr'>ad</span> <span class='ocrx_word' id='word_1_205' title='bbox 746 884 788 902; x_wconf 91' lang='lat' dir='ltr'>me</span> <span class='ocrx_word' id='word_1_206' title='bbox 800 875 879 902; x_wconf 83' lang='lat' dir='ltr'>l&#39;rater</span> <span class='ocrx_word' id='word_1_207' title='bbox 890 876 981 901; x_wconf 77' lang='lat' dir='ltr'>venis-</span> 
     </span>
     <span class='ocr_line' id='line_1_28' title="bbox 190 912 978 947; baseline 0 -9"><span class='ocrx_word' id='word_1_208' title='bbox 190 916 242 942; x_wconf 91' lang='lat' dir='ltr'>set,</span> <span class='ocrx_word' id='word_1_209' title='bbox 262 912 288 938; x_wconf 93' lang='lat' dir='ltr'>in</span> <span class='ocrx_word' id='word_1_210' title='bbox 303 913 398 946; x_wconf 89' lang='lat' dir='ltr'>primis</span> <span class='ocrx_word' id='word_1_211' title='bbox 410 912 486 938; x_wconf 86' lang='lat' dir='ltr'>nobis</span> <span class='ocrx_word' id='word_1_212' title='bbox 499 921 599 943; x_wconf 86' lang='lat' dir='ltr'>sermo,</span> <span class='ocrx_word' id='word_1_213' title='bbox 617 913 694 947; x_wconf 86' lang='lat' dir='ltr'>isque</span> <span class='ocrx_word' id='word_1_214' title='bbox 706 913 820 943; x_wconf 79' lang='lat' dir='ltr'>multus,</span> <span class='ocrx_word' id='word_1_215' title='bbox 833 913 866 939; x_wconf 87' lang='lat' dir='ltr'>de</span> <span class='ocrx_word' id='word_1_216' title='bbox 878 917 902 938; x_wconf 88' lang='lat' dir='ltr'>te</span> <span class='ocrx_word' id='word_1_217' title='bbox 915 912 978 938; x_wconf 83' lang='lat' dir='ltr'>suit:</span> 
     </span>
     <span class='ocr_line' id='line_1_29' title="bbox 190 949 980 985; baseline -0.001 -10"><span class='ocrx_word' id='word_1_218' title='bbox 190 957 224 981; x_wconf 77' lang='lat' dir='ltr'>ex</span> <span class='ocrx_word' id='word_1_219' title='bbox 234 957 288 984; x_wconf 89' lang='lat' dir='ltr'>quo</span> <span class='ocrx_word' id='word_1_220' title='bbox 300 950 361 975; x_wconf 81' lang='lat' dir='ltr'>veni</span> <span class='ocrx_word' id='word_1_221' title='bbox 373 949 405 975; x_wconf 90' lang='lat' dir='ltr'>ad</span> <span class='ocrx_word' id='word_1_222' title='bbox 417 957 460 979; x_wconf 84' lang='lat' dir='ltr'>ea.</span> <span class='ocrx_word' id='word_1_223' title='bbox 478 958 547 984; x_wconf 88' lang='lat' dir='ltr'>quae</span> <span class='ocrx_word' id='word_1_224' title='bbox 565 949 702 976; x_wconf 83' lang='lat' dir='ltr'>fueramus</span> <span class='ocrx_word' id='word_1_225' title='bbox 716 958 765 985; x_wconf 79' lang='lat' dir='ltr'>ego</span> <span class='ocrx_word' id='word_1_226' title='bbox 778 955 804 976; x_wconf 91' lang='lat' dir='ltr'>et</span> <span class='ocrx_word' id='word_1_227' title='bbox 815 955 842 976; x_wconf 89' lang='lat' dir='ltr'>tu</span> <span class='ocrx_word' id='word_1_228' title='bbox 854 951 921 976; x_wconf 93' lang='lat' dir='ltr'>inter</span> <span class='ocrx_word' id='word_1_229' title='bbox 933 958 980 975; x_wconf 87' lang='lat' dir='ltr'>nos</span> 
     </span>
     <span class='ocr_line' id='line_1_30' title="bbox 190 985 978 1017; baseline 0.001 -5"><span class='ocrx_word' id='word_1_230' title='bbox 190 985 223 1012; x_wconf 90' lang='lat' dir='ltr'>de</span> <span class='ocrx_word' id='word_1_231' title='bbox 239 994 326 1012; x_wconf 88' lang='lat' dir='ltr'>sorore</span> <span class='ocrx_word' id='word_1_232' title='bbox 343 986 369 1012; x_wconf 93' lang='lat' dir='ltr'>in</span> <span class='ocrx_word' id='word_1_233' title='bbox 382 986 533 1013; x_wconf 88' lang='lat' dir='ltr'>Tusculano</span> <span class='ocrx_word' id='word_1_234' title='bbox 549 986 639 1013; x_wconf 90' lang='lat' dir='ltr'>locuti.</span> <span class='ocrx_word' id='word_1_235' title='bbox 680 987 752 1013; x_wconf 89' lang='lat' dir='ltr'>Nihil</span> <span class='ocrx_word' id='word_1_236' title='bbox 770 992 821 1014; x_wconf 89' lang='lat' dir='ltr'>tam</span> <span class='ocrx_word' id='word_1_237' title='bbox 834 987 890 1013; x_wconf 89' lang='lat' dir='ltr'>vidi</span> <span class='ocrx_word' id='word_1_238' title='bbox 906 987 978 1017; x_wconf 81' lang='lat' dir='ltr'>mite,</span> 
     </span>
     <span class='ocr_line' id='line_1_31' title="bbox 191 1022 981 1059; baseline 0.001 -10"><span class='ocrx_word' id='word_1_239' title='bbox 191 1023 258 1049; x_wconf 91' lang='lat' dir='ltr'>nihil</span> <span class='ocrx_word' id='word_1_240' title='bbox 271 1028 323 1049; x_wconf 86' lang='lat' dir='ltr'>tam</span> <span class='ocrx_word' id='word_1_241' title='bbox 335 1022 478 1058; x_wconf 91' lang='lat' dir='ltr'>placatum,</span> <span class='ocrx_word' id='word_1_242' title='bbox 494 1032 575 1059; x_wconf 83' lang='lat' dir='ltr'>quani</span> <span class='ocrx_word' id='word_1_243' title='bbox 588 1029 643 1051; x_wconf 90' lang='lat' dir='ltr'>tum</span> <span class='ocrx_word' id='word_1_244' title='bbox 656 1033 731 1051; x_wconf 85' lang='lat' dir='ltr'>meus</span> <span class='ocrx_word' id='word_1_245' title='bbox 744 1024 822 1051; x_wconf 80' lang='lat' dir='ltr'>frater</span> <span class='ocrx_word' id='word_1_246' title='bbox 832 1030 887 1051; x_wconf 87' lang='lat' dir='ltr'>erat</span> <span class='ocrx_word' id='word_1_247' title='bbox 899 1026 925 1051; x_wconf 94' lang='lat' dir='ltr'>in</span> <span class='ocrx_word' id='word_1_248' title='bbox 938 1033 981 1050; x_wconf 84' lang='lat' dir='ltr'>so-</span> 
     </span>
     <span class='ocr_line' id='line_1_32' title="bbox 190 1061 981 1096; baseline 0.001 -10"><span class='ocrx_word' id='word_1_249' title='bbox 190 1069 276 1086; x_wconf 81' lang='lat' dir='ltr'>rorem</span> <span class='ocrx_word' id='word_1_250' title='bbox 289 1065 374 1092; x_wconf 70' lang='lat' dir='ltr'>tuam,</span> <span class='ocrx_word' id='word_1_251' title='bbox 393 1066 422 1087; x_wconf 86' lang='lat' dir='ltr'>ut</span> <span class='ocrx_word' id='word_1_252' title='bbox 432 1061 526 1092; x_wconf 90' lang='lat' dir='ltr'>etiam,</span> <span class='ocrx_word' id='word_1_253' title='bbox 544 1062 566 1087; x_wconf 91' lang='lat' dir='ltr'>si</span> <span class='ocrx_word' id='word_1_254' title='bbox 582 1070 634 1096; x_wconf 90' lang='lat' dir='ltr'>qua</span> <span class='ocrx_word' id='word_1_255' title='bbox 652 1061 737 1088; x_wconf 81' lang='lat' dir='ltr'>suerat</span> <span class='ocrx_word' id='word_1_256' title='bbox 750 1071 783 1089; x_wconf 80' lang='lat' dir='ltr'>ex</span> <span class='ocrx_word' id='word_1_257' title='bbox 795 1063 894 1088; x_wconf 90' lang='lat' dir='ltr'>ratione</span> <span class='ocrx_word' id='word_1_258' title='bbox 906 1070 981 1087; x_wconf 90' lang='lat' dir='ltr'>sum-</span> 
     </span>
     <span class='ocr_line' id='line_1_33' title="bbox 190 1097 980 1133; baseline 0.003 -10"><span class='ocrx_word' id='word_1_259' title='bbox 190 1102 252 1132; x_wconf 85' lang='lat' dir='ltr'>ptus</span> <span class='ocrx_word' id='word_1_260' title='bbox 264 1097 383 1128; x_wconf 80' lang='lat' dir='ltr'>offensio.</span> <span class='ocrx_word' id='word_1_261' title='bbox 397 1107 448 1124; x_wconf 92' lang='lat' dir='ltr'>non</span> <span class='ocrx_word' id='word_1_262' title='bbox 460 1103 607 1133; x_wconf 77' lang='lat' dir='ltr'>appareret.</span> <span class='ocrx_word' id='word_1_263' title='bbox 648 1099 695 1125; x_wconf 92' lang='lat' dir='ltr'>Illo</span> <span class='ocrx_word' id='word_1_264' title='bbox 706 1100 744 1125; x_wconf 88' lang='lat' dir='ltr'>sic</span> <span class='ocrx_word' id='word_1_265' title='bbox 756 1099 810 1125; x_wconf 91' lang='lat' dir='ltr'>die.</span> <span class='ocrx_word' id='word_1_266' title='bbox 850 1098 980 1125; x_wconf 74' lang='lat' dir='ltr'>Postridie</span> 
     </span>
     <span class='ocr_line' id='line_1_34' title="bbox 189 1135 981 1170; baseline 0.003 -10"><span class='ocrx_word' id='word_1_267' title='bbox 189 1143 223 1160; x_wconf 83' lang='lat' dir='ltr'>ex</span> <span class='ocrx_word' id='word_1_268' title='bbox 238 1135 359 1169; x_wconf 78' lang='lat' dir='ltr'>Arpinati</span> <span class='ocrx_word' id='word_1_269' title='bbox 378 1135 488 1170; x_wconf 81' lang='lat' dir='ltr'>proiecti</span> <span class='ocrx_word' id='word_1_270' title='bbox 509 1144 613 1162; x_wconf 78' lang='lat' dir='ltr'>sumuS.</span> <span class='ocrx_word' id='word_1_271' title='bbox 654 1136 686 1162; x_wconf 92' lang='lat' dir='ltr'>Ut</span> <span class='ocrx_word' id='word_1_272' title='bbox 701 1137 727 1162; x_wconf 90' lang='lat' dir='ltr'>in</span> <span class='ocrx_word' id='word_1_273' title='bbox 742 1137 845 1162; x_wconf 83' lang='lat' dir='ltr'>Arcano</span> <span class='ocrx_word' id='word_1_274' title='bbox 865 1136 981 1168; x_wconf 86' lang='lat' dir='ltr'>Quintus</span> 
     </span>
     <span class='ocr_line' id='line_1_35' title="bbox 191 1172 981 1208; baseline 0.003 -11"><span class='ocrx_word' id='word_1_275' title='bbox 191 1172 383 1202; x_wconf 85' lang='lat' dir='ltr'>maneret,‹lies</span> <span class='ocrx_word' id='word_1_276' title='bbox 396 1172 470 1203; x_wconf 81' lang='lat' dir='ltr'>fecit,</span> <span class='ocrx_word' id='word_1_277' title='bbox 484 1173 652 1208; x_wconf 69' lang='lat' dir='ltr'>egoAquini,</span> <span class='ocrx_word' id='word_1_278' title='bbox 669 1173 716 1199; x_wconf 87' lang='lat' dir='ltr'>sed</span> <span class='ocrx_word' id='word_1_279' title='bbox 728 1173 886 1207; x_wconf 87' lang='lat' dir='ltr'>prandimus</span> <span class='ocrx_word' id='word_1_280' title='bbox 899 1173 981 1199; x_wconf 76' lang='lat' dir='ltr'>inAr—</span> 
     </span>
     <span class='ocr_line' id='line_1_36' title="bbox 189 1209 981 1242; baseline 0.001 -7"><span class='ocrx_word' id='word_1_281' title='bbox 189 1217 265 1235; x_wconf 85' lang='lat' dir='ltr'>cano.</span> <span class='ocrx_word' id='word_1_282' title='bbox 306 1209 381 1235; x_wconf 91' lang='lat' dir='ltr'>Nosti</span> <span class='ocrx_word' id='word_1_283' title='bbox 398 1209 469 1236; x_wconf 93' lang='lat' dir='ltr'>hunc</span> <span class='ocrx_word' id='word_1_284' title='bbox 485 1209 610 1236; x_wconf 81' lang='lat' dir='ltr'>fundum.</span> <span class='ocrx_word' id='word_1_285' title='bbox 650 1209 708 1242; x_wconf 89' lang='lat' dir='ltr'>Quo</span> <span class='ocrx_word' id='word_1_286' title='bbox 724 1215 753 1237; x_wconf 88' lang='lat' dir='ltr'>ut</span> <span class='ocrx_word' id='word_1_287' title='bbox 768 1211 905 1241; x_wconf 84' lang='lat' dir='ltr'>venimus,</span> <span class='ocrx_word' id='word_1_288' title='bbox 929 1209 981 1236; x_wconf 90' lang='lat' dir='ltr'>hu-</span> 
     </span>
     <span class='ocr_line' id='line_1_37' title="bbox 190 1246 980 1282; baseline 0.003 -11"><span class='ocrx_word' id='word_1_289' title='bbox 190 1246 346 1272; x_wconf 83' lang='lat' dir='ltr'>manissime</span> <span class='ocrx_word' id='word_1_290' title='bbox 357 1246 485 1278; x_wconf 76' lang='lat' dir='ltr'>Quintus,</span> <span class='ocrx_word' id='word_1_291' title='bbox 498 1247 656 1281; x_wconf 89' lang='lat' dir='ltr'>Pomponia,</span> <span class='ocrx_word' id='word_1_292' title='bbox 670 1247 771 1282; x_wconf 86' lang='lat' dir='ltr'>inquit,</span> <span class='ocrx_word' id='word_1_293' title='bbox 785 1252 812 1274; x_wconf 87' lang='lat' dir='ltr'>tu</span> <span class='ocrx_word' id='word_1_294' title='bbox 826 1248 908 1274; x_wconf 89' lang='lat' dir='ltr'>invita</span> <span class='ocrx_word' id='word_1_295' title='bbox 919 1255 980 1273; x_wconf 90' lang='lat' dir='ltr'>mu-</span> 
     </span>
     <span class='ocr_line' id='line_1_38' title="bbox 191 1282 979 1319; baseline 0.001 -10"><span class='ocrx_word' id='word_1_296' title='bbox 191 1282 278 1313; x_wconf 90' lang='lat' dir='ltr'>lieres,</span> <span class='ocrx_word' id='word_1_297' title='bbox 296 1291 345 1319; x_wconf 82' lang='lat' dir='ltr'>ego</span> <span class='ocrx_word' id='word_1_298' title='bbox 357 1291 418 1309; x_wconf 83' lang='lat' dir='ltr'>vero</span> <span class='ocrx_word' id='word_1_299' title='bbox 430 1284 551 1310; x_wconf 84' lang='lat' dir='ltr'>accivero</span> <span class='ocrx_word' id='word_1_300' title='bbox 562 1292 668 1318; x_wconf 90' lang='lat' dir='ltr'>pueros.</span> <span class='ocrx_word' id='word_1_301' title='bbox 709 1284 782 1310; x_wconf 89' lang='lat' dir='ltr'>Nihil</span> <span class='ocrx_word' id='word_1_302' title='bbox 794 1285 894 1319; x_wconf 87' lang='lat' dir='ltr'>potuit,</span> <span class='ocrx_word' id='word_1_303' title='bbox 912 1283 979 1310; x_wconf 89' lang='lat' dir='ltr'>mihi</span> 
     </span>
     <span class='ocr_line' id='line_1_39' title="bbox 189 1320 978 1356; baseline 0.001 -10"><span class='ocrx_word' id='word_1_304' title='bbox 189 1320 300 1355; x_wconf 90' lang='lat' dir='ltr'>quidem</span> <span class='ocrx_word' id='word_1_305' title='bbox 316 1324 345 1346; x_wconf 87' lang='lat' dir='ltr'>ut</span> <span class='ocrx_word' id='word_1_306' title='bbox 360 1321 450 1346; x_wconf 89' lang='lat' dir='ltr'>visum</span> <span class='ocrx_word' id='word_1_307' title='bbox 465 1325 518 1351; x_wconf 89' lang='lat' dir='ltr'>est,</span> <span class='ocrx_word' id='word_1_308' title='bbox 536 1320 657 1352; x_wconf 86' lang='lat' dir='ltr'>dulcius,</span> <span class='ocrx_word' id='word_1_309' title='bbox 679 1321 761 1356; x_wconf 88' lang='lat' dir='ltr'>idque</span> <span class='ocrx_word' id='word_1_310' title='bbox 775 1330 861 1356; x_wconf 90' lang='lat' dir='ltr'>quum</span> <span class='ocrx_word' id='word_1_311' title='bbox 877 1321 978 1352; x_wconf 80' lang='lat' dir='ltr'>verbis,</span> 
     </span>
     <span class='ocr_line' id='line_1_40' title="bbox 189 1357 981 1389; baseline 0.003 -6"><span class='ocrx_word' id='word_1_312' title='bbox 189 1362 245 1383; x_wconf 84' lang='lat' dir='ltr'>tuni</span> <span class='ocrx_word' id='word_1_313' title='bbox 261 1357 342 1383; x_wconf 88' lang='lat' dir='ltr'>etiam</span> <span class='ocrx_word' id='word_1_314' title='bbox 357 1358 446 1384; x_wconf 92' lang='lat' dir='ltr'>animo</span> <span class='ocrx_word' id='word_1_315' title='bbox 457 1366 487 1383; x_wconf 88' lang='lat' dir='ltr'>ac</span> <span class='ocrx_word' id='word_1_316' title='bbox 498 1357 585 1384; x_wconf 88' lang='lat' dir='ltr'>vultu.</span> <span class='ocrx_word' id='word_1_317' title='bbox 625 1358 658 1384; x_wconf 79' lang='lat' dir='ltr'>At</span> <span class='ocrx_word' id='word_1_318' title='bbox 668 1357 727 1389; x_wconf 88' lang='lat' dir='ltr'>illa,</span> <span class='ocrx_word' id='word_1_319' title='bbox 746 1358 919 1385; x_wconf 87' lang='lat' dir='ltr'>audientibus</span> <span class='ocrx_word' id='word_1_320' title='bbox 933 1367 981 1385; x_wconf 92' lang='lat' dir='ltr'>no-</span> 
     </span>
     <span class='ocr_line' id='line_1_41' title="bbox 189 1394 981 1430; baseline 0.003 -10"><span class='ocrx_word' id='word_1_321' title='bbox 189 1394 240 1425; x_wconf 80' lang='lat' dir='ltr'>his,</span> <span class='ocrx_word' id='word_1_322' title='bbox 253 1402 303 1429; x_wconf 81' lang='lat' dir='ltr'>ego</span> <span class='ocrx_word' id='word_1_323' title='bbox 313 1402 384 1425; x_wconf 91' lang='lat' dir='ltr'>sum,</span> <span class='ocrx_word' id='word_1_324' title='bbox 398 1395 495 1429; x_wconf 90' lang='lat' dir='ltr'>inquit,</span> <span class='ocrx_word' id='word_1_325' title='bbox 509 1394 553 1420; x_wconf 90' lang='lat' dir='ltr'>hic</span> <span class='ocrx_word' id='word_1_326' title='bbox 565 1394 680 1430; x_wconf 74' lang='lat' dir='ltr'>hospita.</span> <span class='ocrx_word' id='word_1_327' title='bbox 714 1395 742 1422; x_wconf 90' lang='lat' dir='ltr'>Id</span> <span class='ocrx_word' id='word_1_328' title='bbox 753 1400 842 1422; x_wconf 86' lang='lat' dir='ltr'>autem</span> <span class='ocrx_word' id='word_1_329' title='bbox 854 1404 887 1422; x_wconf 80' lang='lat' dir='ltr'>ex</span> <span class='ocrx_word' id='word_1_330' title='bbox 898 1404 937 1426; x_wconf 95' lang='lat' dir='ltr'>eo,</span> <span class='ocrx_word' id='word_1_331' title='bbox 951 1400 981 1422; x_wconf 89' lang='lat' dir='ltr'>ut</span> 
     </span>
     <span class='ocr_line' id='line_1_42' title="bbox 187 1430 980 1467; baseline 0.001 -9"><span class='ocrx_word' id='word_1_332' title='bbox 187 1432 291 1466; x_wconf 83' lang='lat' dir='ltr'>opinor,</span> <span class='ocrx_word' id='word_1_333' title='bbox 305 1430 377 1467; x_wconf 91' lang='lat' dir='ltr'>quod</span> <span class='ocrx_word' id='word_1_334' title='bbox 391 1436 567 1458; x_wconf 85' lang='lat' dir='ltr'>antecesserat</span> <span class='ocrx_word' id='word_1_335' title='bbox 578 1432 692 1463; x_wconf 80' lang='lat' dir='ltr'>Statius,</span> <span class='ocrx_word' id='word_1_336' title='bbox 706 1437 736 1459; x_wconf 89' lang='lat' dir='ltr'>ut</span> <span class='ocrx_word' id='word_1_337' title='bbox 746 1432 890 1467; x_wconf 89' lang='lat' dir='ltr'>prandium</span> <span class='ocrx_word' id='word_1_338' title='bbox 902 1433 980 1459; x_wconf 88' lang='lat' dir='ltr'>nobis</span> 
     </span>
     <span class='ocr_line' id='line_1_43' title="bbox 188 1468 981 1506; baseline 0.003 -12"><span class='ocrx_word' id='word_1_339' title='bbox 188 1468 300 1495; x_wconf 78' lang='lat' dir='ltr'>videret.</span> <span class='ocrx_word' id='word_1_340' title='bbox 332 1469 400 1495; x_wconf 91' lang='lat' dir='ltr'>Tum</span> <span class='ocrx_word' id='word_1_341' title='bbox 411 1468 536 1500; x_wconf 82' lang='lat' dir='ltr'>Quintus,</span> <span class='ocrx_word' id='word_1_342' title='bbox 550 1477 592 1500; x_wconf 88' lang='lat' dir='ltr'>en,</span> <span class='ocrx_word' id='word_1_343' title='bbox 607 1470 696 1504; x_wconf 90' lang='lat' dir='ltr'>inquit</span> <span class='ocrx_word' id='word_1_344' title='bbox 706 1470 783 1502; x_wconf 92' lang='lat' dir='ltr'>mihi,</span> <span class='ocrx_word' id='word_1_345' title='bbox 797 1470 863 1496; x_wconf 89' lang='lat' dir='ltr'>haec</span> <span class='ocrx_word' id='word_1_346' title='bbox 873 1478 922 1506; x_wconf 83' lang='lat' dir='ltr'>ego</span> <span class='ocrx_word' id='word_1_347' title='bbox 933 1478 981 1505; x_wconf 92' lang='lat' dir='ltr'>pa—</span> 
     </span>
     <span class='ocr_line' id='line_1_44' title="bbox 188 1505 981 1542; baseline -0.001 -9"><span class='ocrx_word' id='word_1_348' title='bbox 188 1506 238 1533; x_wconf 85' lang='lat' dir='ltr'>tior</span> <span class='ocrx_word' id='word_1_349' title='bbox 252 1505 383 1541; x_wconf 85' lang='lat' dir='ltr'>quotidie.</span> <span class='ocrx_word' id='word_1_350' title='bbox 423 1507 448 1532; x_wconf 76' lang='lat'>4.</span> <span class='ocrx_word' id='word_1_351' title='bbox 469 1506 559 1537; x_wconf 84' lang='lat' dir='ltr'>Dices,</span> <span class='ocrx_word' id='word_1_352' title='bbox 582 1506 648 1542; x_wconf 91' lang='lat' dir='ltr'>quid</span> <span class='ocrx_word' id='word_1_353' title='bbox 657 1527 663 1538; x_wconf 88' lang='lat'>,</span> <span class='ocrx_word' id='word_1_354' title='bbox 685 1515 800 1542; x_wconf 86' lang='lat' dir='ltr'>quaeso,</span> <span class='ocrx_word' id='word_1_355' title='bbox 823 1508 893 1534; x_wconf 90' lang='lat' dir='ltr'>istuc</span> <span class='ocrx_word' id='word_1_356' title='bbox 908 1506 981 1534; x_wconf 69' lang='lat' dir='ltr'>erat?</span> 
     </span>
     <span class='ocr_line' id='line_1_45' title="bbox 187 1543 980 1579; baseline 0.003 -10"><span class='ocrx_word' id='word_1_357' title='bbox 187 1543 327 1579; x_wconf 82' lang='lat' dir='ltr'>Magnum:</span> <span class='ocrx_word' id='word_1_358' title='bbox 345 1543 434 1577; x_wconf 90' lang='lat' dir='ltr'>itaque</span> <span class='ocrx_word' id='word_1_359' title='bbox 445 1552 488 1569; x_wconf 90' lang='lat' dir='ltr'>me</span> <span class='ocrx_word' id='word_1_360' title='bbox 500 1543 589 1578; x_wconf 87' lang='lat' dir='ltr'>ipsum</span> <span class='ocrx_word' id='word_1_361' title='bbox 600 1548 795 1571; x_wconf 84' lang='lat' dir='ltr'>commoverat:</span> <span class='ocrx_word' id='word_1_362' title='bbox 813 1545 853 1570; x_wconf 90' lang='lat' dir='ltr'>sic</span> <span class='ocrx_word' id='word_1_363' title='bbox 863 1544 980 1571; x_wconf 86' lang='lat' dir='ltr'>absurde</span> 
     </span>
     <span class='ocr_line' id='line_1_46' title="bbox 187 1580 980 1616; baseline 0.003 -10"><span class='ocrx_word' id='word_1_364' title='bbox 187 1585 213 1606; x_wconf 89' lang='lat' dir='ltr'>et</span> <span class='ocrx_word' id='word_1_365' title='bbox 223 1588 316 1615; x_wconf 85' lang='lat' dir='ltr'>aspere</span> <span class='ocrx_word' id='word_1_366' title='bbox 328 1580 418 1606; x_wconf 91' lang='lat' dir='ltr'>verbis</span> <span class='ocrx_word' id='word_1_367' title='bbox 432 1580 565 1615; x_wconf 87' lang='lat' dir='ltr'>vultuque</span> <span class='ocrx_word' id='word_1_368' title='bbox 580 1581 763 1616; x_wconf 83' lang='lat' dir='ltr'>responderat.</span> <span class='ocrx_word' id='word_1_369' title='bbox 804 1581 980 1608; x_wconf 89' lang='lat' dir='ltr'>Dissimulavi</span> 
     </span>
     <span class='ocr_line' id='line_1_47' title="bbox 187 1616 981 1653; baseline 0.003 -10"><span class='ocrx_word' id='word_1_370' title='bbox 187 1616 291 1644; x_wconf 90' lang='lat' dir='ltr'>dolens.</span> <span class='ocrx_word' id='word_1_371' title='bbox 330 1617 524 1644; x_wconf 88' lang='lat' dir='ltr'>Discubuimus</span> <span class='ocrx_word' id='word_1_372' title='bbox 538 1626 631 1645; x_wconf 90' lang='lat' dir='ltr'>omnes</span> <span class='ocrx_word' id='word_1_373' title='bbox 647 1623 751 1653; x_wconf 84' lang='lat' dir='ltr'>praeter</span> <span class='ocrx_word' id='word_1_374' title='bbox 766 1618 853 1650; x_wconf 84' lang='lat' dir='ltr'>illam;</span> <span class='ocrx_word' id='word_1_375' title='bbox 876 1619 921 1645; x_wconf 88' lang='lat' dir='ltr'>cui</span> <span class='ocrx_word' id='word_1_376' title='bbox 941 1624 981 1646; x_wconf 91' lang='lat' dir='ltr'>ta-</span> 
     </span>
     <span class='ocr_line' id='line_1_48' title="bbox 187 1654 980 1688; baseline 0.001 -7"><span class='ocrx_word' id='word_1_377' title='bbox 187 1662 249 1681; x_wconf 89' lang='lat' dir='ltr'>men</span> <span class='ocrx_word' id='word_1_378' title='bbox 260 1654 377 1686; x_wconf 90' lang='lat' dir='ltr'>Quintus</span> <span class='ocrx_word' id='word_1_379' title='bbox 387 1654 420 1681; x_wconf 90' lang='lat' dir='ltr'>de</span> <span class='ocrx_word' id='word_1_380' title='bbox 432 1663 523 1681; x_wconf 89' lang='lat' dir='ltr'>mensa</span> <span class='ocrx_word' id='word_1_381' title='bbox 535 1656 621 1688; x_wconf 71' lang='lat' dir='ltr'>misit,</span> <span class='ocrx_word' id='word_1_382' title='bbox 636 1655 682 1682; x_wconf 90' lang='lat' dir='ltr'>illa</span> <span class='ocrx_word' id='word_1_383' title='bbox 694 1656 795 1682; x_wconf 93' lang='lat' dir='ltr'>reiecit.</span> <span class='ocrx_word' id='word_1_384' title='bbox 826 1656 897 1688; x_wconf 91' lang='lat' dir='ltr'>Quid</span> <span class='ocrx_word' id='word_1_385' title='bbox 908 1655 980 1682; x_wconf 90' lang='lat' dir='ltr'>mul-</span> 
     </span>
     <span class='ocr_line' id='line_1_49' title="bbox 188 1691 980 1728; baseline 0.001 -10"><span class='ocrx_word' id='word_1_386' title='bbox 188 1691 230 1718; x_wconf 78' lang='lat' dir='ltr'>ta‘?</span> <span class='ocrx_word' id='word_1_387' title='bbox 245 1691 319 1718; x_wconf 89' lang='lat' dir='ltr'>Nihil</span> <span class='ocrx_word' id='word_1_388' title='bbox 335 1700 394 1718; x_wconf 92' lang='lat' dir='ltr'>meo</span> <span class='ocrx_word' id='word_1_389' title='bbox 410 1691 489 1719; x_wconf 82' lang='lat' dir='ltr'>fratre</span> <span class='ocrx_word' id='word_1_390' title='bbox 504 1692 604 1723; x_wconf 86' lang='lat' dir='ltr'>lenius,</span> <span class='ocrx_word' id='word_1_391' title='bbox 621 1692 689 1719; x_wconf 89' lang='lat' dir='ltr'>nihil</span> <span class='ocrx_word' id='word_1_392' title='bbox 701 1693 824 1728; x_wconf 90' lang='lat' dir='ltr'>asperius</span> <span class='ocrx_word' id='word_1_393' title='bbox 836 1698 879 1720; x_wconf 92' lang='lat' dir='ltr'>tua</span> <span class='ocrx_word' id='word_1_394' title='bbox 890 1701 980 1720; x_wconf 90' lang='lat' dir='ltr'>sorore</span> 
     </span>
     <span class='ocr_line' id='line_1_50' title="bbox 187 1728 980 1765; baseline 0.004 -11"><span class='ocrx_word' id='word_1_395' title='bbox 187 1728 256 1755; x_wconf 88' lang='lat' dir='ltr'>mihi</span> <span class='ocrx_word' id='word_1_396' title='bbox 272 1730 362 1755; x_wconf 78' lang='lat' dir='ltr'>visum</span> <span class='ocrx_word' id='word_1_397' title='bbox 377 1733 429 1755; x_wconf 91' lang='lat' dir='ltr'>est:</span> <span class='ocrx_word' id='word_1_398' title='bbox 450 1734 475 1755; x_wconf 88' lang='lat' dir='ltr'>et</span> <span class='ocrx_word' id='word_1_399' title='bbox 489 1729 572 1756; x_wconf 88' lang='lat' dir='ltr'>multa</span> <span class='ocrx_word' id='word_1_400' title='bbox 588 1734 737 1764; x_wconf 86' lang='lat' dir='ltr'>praetereo,</span> <span class='ocrx_word' id='word_1_401' title='bbox 754 1738 824 1765; x_wconf 88' lang='lat' dir='ltr'>quae</span> <span class='ocrx_word' id='word_1_402' title='bbox 838 1735 895 1756; x_wconf 91' lang='lat' dir='ltr'>tum</span> <span class='ocrx_word' id='word_1_403' title='bbox 911 1730 980 1757; x_wconf 91' lang='lat' dir='ltr'>mihi</span> 
     </span>
     <span class='ocr_line' id='line_1_51' title="bbox 187 1766 980 1803; baseline 0.001 -11"><span class='ocrx_word' id='word_1_404' title='bbox 187 1766 282 1792; x_wconf 91' lang='lat' dir='ltr'>maiori</span> <span class='ocrx_word' id='word_1_405' title='bbox 297 1766 447 1797; x_wconf 84' lang='lat' dir='ltr'>stomacho,</span> <span class='ocrx_word' id='word_1_406' title='bbox 464 1775 546 1801; x_wconf 89' lang='lat' dir='ltr'>quam</span> <span class='ocrx_word' id='word_1_407' title='bbox 561 1767 615 1801; x_wconf 89' lang='lat' dir='ltr'>ipsi</span> <span class='ocrx_word' id='word_1_408' title='bbox 630 1767 743 1799; x_wconf 87' lang='lat' dir='ltr'>Quinto,</span> <span class='ocrx_word' id='word_1_409' title='bbox 766 1767 883 1794; x_wconf 85' lang='lat' dir='ltr'>fuerunt.</span> <span class='ocrx_word' id='word_1_410' title='bbox 923 1767 980 1803; x_wconf 82' lang='lat' dir='ltr'>Ego</span> 
     </span>
     <span class='ocr_line' id='line_1_52' title="bbox 187 1802 980 1839; baseline 0.003 -11"><span class='ocrx_word' id='word_1_411' title='bbox 187 1802 250 1829; x_wconf 90' lang='lat' dir='ltr'>inde</span> <span class='ocrx_word' id='word_1_412' title='bbox 260 1803 412 1838; x_wconf 74' lang='lat' dir='ltr'>Aquinum3</span> <span class='ocrx_word' id='word_1_413' title='bbox 430 1802 546 1835; x_wconf 87' lang='lat' dir='ltr'>Quintus</span> <span class='ocrx_word' id='word_1_414' title='bbox 558 1804 585 1830; x_wconf 93' lang='lat' dir='ltr'>in</span> <span class='ocrx_word' id='word_1_415' title='bbox 596 1804 699 1830; x_wconf 79' lang='lat' dir='ltr'>Arcano</span> <span class='ocrx_word' id='word_1_416' title='bbox 709 1805 846 1835; x_wconf 86' lang='lat' dir='ltr'>remansit,</span> <span class='ocrx_word' id='word_1_417' title='bbox 859 1809 884 1831; x_wconf 85' lang='lat' dir='ltr'>et</span> <span class='ocrx_word' id='word_1_418' title='bbox 894 1804 980 1839; x_wconf 81' lang='lat' dir='ltr'>Aqui-</span> 
     </span>
     <span class='ocr_line' id='line_1_53' title="bbox 188 1840 976 1876; baseline 0.003 -11"><span class='ocrx_word' id='word_1_419' title='bbox 188 1848 252 1866; x_wconf 89' lang='lat' dir='ltr'>num</span> <span class='ocrx_word' id='word_1_420' title='bbox 264 1840 297 1866; x_wconf 90' lang='lat' dir='ltr'>ad</span> <span class='ocrx_word' id='word_1_421' title='bbox 312 1848 354 1866; x_wconf 89' lang='lat' dir='ltr'>me</span> <span class='ocrx_word' id='word_1_422' title='bbox 369 1840 498 1875; x_wconf 87' lang='lat' dir='ltr'>postridie</span> <span class='ocrx_word' id='word_1_423' title='bbox 513 1849 591 1867; x_wconf 83' lang='lat' dir='ltr'>mane</span> <span class='ocrx_word' id='word_1_424' title='bbox 606 1841 693 1872; x_wconf 82' lang='lat' dir='ltr'>venit,</span> <span class='ocrx_word' id='word_1_425' title='bbox 712 1841 835 1876; x_wconf 82' lang='lat' dir='ltr'>mihique</span> <span class='ocrx_word' id='word_1_426' title='bbox 851 1842 976 1871; x_wconf 86' lang='lat' dir='ltr'>narravit,</span> 
     </span>
     <span class='ocr_line' id='line_1_54' title="bbox 188 1877 979 1913; baseline 0.003 -11"><span class='ocrx_word' id='word_1_427' title='bbox 188 1884 236 1903; x_wconf 87' lang='lat' dir='ltr'>nee</span> <span class='ocrx_word' id='word_1_428' title='bbox 247 1885 339 1903; x_wconf 87' lang='lat' dir='ltr'>secum</span> <span class='ocrx_word' id='word_1_429' title='bbox 353 1877 427 1903; x_wconf 89' lang='lat' dir='ltr'>illam</span> <span class='ocrx_word' id='word_1_430' title='bbox 439 1877 555 1904; x_wconf 85' lang='lat' dir='ltr'>dormire</span> <span class='ocrx_word' id='word_1_431' title='bbox 569 1877 701 1904; x_wconf 86' lang='lat' dir='ltr'>voluisse:</span> <span class='ocrx_word' id='word_1_432' title='bbox 719 1883 757 1909; x_wconf 92' lang='lat' dir='ltr'>et,</span> <span class='ocrx_word' id='word_1_433' title='bbox 774 1886 860 1913; x_wconf 89' lang='lat' dir='ltr'>quum</span> <span class='ocrx_word' id='word_1_434' title='bbox 876 1878 979 1904; x_wconf 91' lang='lat' dir='ltr'>disces-</span> 
     </span>
     <span class='ocr_line' id='line_1_55' title="bbox 186 1913 977 1950; baseline 0.003 -11"><span class='ocrx_word' id='word_1_435' title='bbox 186 1921 248 1939; x_wconf 89' lang='lat' dir='ltr'>sura</span> <span class='ocrx_word' id='word_1_436' title='bbox 265 1918 348 1944; x_wconf 85' lang='lat' dir='ltr'>esset,</span> <span class='ocrx_word' id='word_1_437' title='bbox 369 1913 454 1940; x_wconf 83' lang='lat' dir='ltr'>fuisse</span> <span class='ocrx_word' id='word_1_438' title='bbox 469 1914 617 1945; x_wconf 88' lang='lat' dir='ltr'>eiusmodi,</span> <span class='ocrx_word' id='word_1_439' title='bbox 637 1914 745 1949; x_wconf 88' lang='lat' dir='ltr'>qualem</span> <span class='ocrx_word' id='word_1_440' title='bbox 765 1923 814 1950; x_wconf 79' lang='lat' dir='ltr'>ego</span> <span class='ocrx_word' id='word_1_441' title='bbox 835 1915 977 1942; x_wconf 87' lang='lat' dir='ltr'>vidissem.</span> 
     </span>
     <span class='ocr_line' id='line_1_56' title="bbox 186 1949 977 1986; baseline 0.004 -10"><span class='ocrx_word' id='word_1_442' title='bbox 186 1949 257 1983; x_wconf 90' lang='lat' dir='ltr'>Quid</span> <span class='ocrx_word' id='word_1_443' title='bbox 274 1950 400 1986; x_wconf 78' lang='lat' dir='ltr'>quaeris‘?</span> <span class='ocrx_word' id='word_1_444' title='bbox 415 1950 457 1977; x_wconf 92' lang='lat' dir='ltr'>vel</span> <span class='ocrx_word' id='word_1_445' title='bbox 473 1951 526 1986; x_wconf 90' lang='lat' dir='ltr'>ipsi</span> <span class='ocrx_word' id='word_1_446' title='bbox 541 1951 591 1978; x_wconf 92' lang='lat' dir='ltr'>hoc</span> <span class='ocrx_word' id='word_1_447' title='bbox 605 1951 680 1978; x_wconf 89' lang='lat' dir='ltr'>dicas</span> <span class='ocrx_word' id='word_1_448' title='bbox 692 1951 765 1983; x_wconf 87' lang='lat' dir='ltr'>licet,</span> <span class='ocrx_word' id='word_1_449' title='bbox 785 1952 977 1979; x_wconf 83' lang='lat' dir='ltr'>humanitatem</span> 
     </span>
     <span class='ocr_line' id='line_1_57' title="bbox 186 1987 978 2025; baseline 0.003 -11"><span class='ocrx_word' id='word_1_450' title='bbox 186 1988 221 2018; x_wconf 92' lang='lat' dir='ltr'>ei,</span> <span class='ocrx_word' id='word_1_451' title='bbox 235 1995 293 2014; x_wconf 89' lang='lat' dir='ltr'>meo</span> <span class='ocrx_word' id='word_1_452' title='bbox 305 1987 419 2019; x_wconf 89' lang='lat' dir='ltr'>iudicio,</span> <span class='ocrx_word' id='word_1_453' title='bbox 437 1987 483 2014; x_wconf 90' lang='lat' dir='ltr'>illo</span> <span class='ocrx_word' id='word_1_454' title='bbox 495 1988 540 2014; x_wconf 85' lang='lat' dir='ltr'>die</span> <span class='ocrx_word' id='word_1_455' title='bbox 551 1988 680 2015; x_wconf 78' lang='lat' dir='ltr'>defuisse.</span> <span class='ocrx_word' id='word_1_456' title='bbox 720 1989 790 2015; x_wconf 83' lang='lat' dir='ltr'>Ilaec</span> <span class='ocrx_word' id='word_1_457' title='bbox 799 1989 832 2015; x_wconf 92' lang='lat' dir='ltr'>ad</span> <span class='ocrx_word' id='word_1_458' title='bbox 845 1994 869 2016; x_wconf 90' lang='lat' dir='ltr'>te</span> <span class='ocrx_word' id='word_1_459' title='bbox 880 1990 978 2025; x_wconf 83' lang='lat' dir='ltr'>scripsi</span> 
     </span>
     <span class='ocr_line' id='line_1_58' title="bbox 186 2023 978 2060; baseline 0.004 -10"><span class='ocrx_word' id='word_1_460' title='bbox 186 2023 297 2051; x_wconf 83' lang='lat' dir='ltr'>fortasse</span> <span class='ocrx_word' id='word_1_461' title='bbox 309 2024 442 2059; x_wconf 81' lang='lat' dir='ltr'>pluribus,</span> <span class='ocrx_word' id='word_1_462' title='bbox 456 2033 537 2060; x_wconf 89' lang='lat' dir='ltr'>quam</span> <span class='ocrx_word' id='word_1_463' title='bbox 548 2034 657 2052; x_wconf 90' lang='lat' dir='ltr'>necesse</span> <span class='ocrx_word' id='word_1_464' title='bbox 668 2025 732 2057; x_wconf 81' lang='lat' dir='ltr'>fuit,</span> <span class='ocrx_word' id='word_1_465' title='bbox 745 2031 775 2053; x_wconf 92' lang='lat' dir='ltr'>ut</span> <span class='ocrx_word' id='word_1_466' title='bbox 785 2026 905 2058; x_wconf 85' lang='lat' dir='ltr'>videres,</span> <span class='ocrx_word' id='word_1_467' title='bbox 918 2031 978 2053; x_wconf 87' lang='lat' dir='ltr'>tuas</span> 
     </span>
     <span class='ocr_line' id='line_1_59' title="bbox 185 2062 979 2097; baseline 0.004 -10"><span class='ocrx_word' id='word_1_468' title='bbox 185 2070 294 2097; x_wconf 88' lang='lat' dir='ltr'>quoque</span> <span class='ocrx_word' id='word_1_469' title='bbox 308 2070 367 2088; x_wconf 90' lang='lat' dir='ltr'>esse</span> <span class='ocrx_word' id='word_1_470' title='bbox 378 2066 465 2097; x_wconf 88' lang='lat' dir='ltr'>partes</span> <span class='ocrx_word' id='word_1_471' title='bbox 477 2062 635 2089; x_wconf 86' lang='lat' dir='ltr'>instituendi</span> <span class='ocrx_word' id='word_1_472' title='bbox 646 2068 672 2089; x_wconf 89' lang='lat' dir='ltr'>et</span> <span class='ocrx_word' id='word_1_473' title='bbox 682 2063 818 2090; x_wconf 90' lang='lat' dir='ltr'>monendi.</span> <span class='ocrx_word' id='word_1_474' title='bbox 858 2065 884 2090; x_wconf 84' lang='lat'>5.</span> <span class='ocrx_word' id='word_1_475' title='bbox 905 2063 979 2090; x_wconf 82' lang='lat' dir='ltr'>Reli—</span> 
     </span>
     <span class='ocr_line' id='line_1_60' title="bbox 185 2099 978 2134; baseline 0.004 -9"><span class='ocrx_word' id='word_1_476' title='bbox 185 2106 271 2134; x_wconf 88' lang='lat' dir='ltr'>quum</span> <span class='ocrx_word' id='word_1_477' title='bbox 285 2103 333 2130; x_wconf 88' lang='lat' dir='ltr'>est,</span> <span class='ocrx_word' id='word_1_478' title='bbox 347 2103 377 2125; x_wconf 90' lang='lat' dir='ltr'>ut</span> <span class='ocrx_word' id='word_1_479' title='bbox 387 2104 455 2130; x_wconf 84' lang='lat' dir='ltr'>ante,</span> <span class='ocrx_word' id='word_1_480' title='bbox 471 2107 553 2134; x_wconf 89' lang='lat' dir='ltr'>quam</span> <span class='ocrx_word' id='word_1_481' title='bbox 564 2099 742 2134; x_wconf 78' lang='lat' dir='ltr'>proficiscare,</span> <span class='ocrx_word' id='word_1_482' title='bbox 754 2100 877 2128; x_wconf 85' lang='lat' dir='ltr'>mandata</span> <span class='ocrx_word' id='word_1_483' title='bbox 889 2106 978 2128; x_wconf 88' lang='lat' dir='ltr'>nostra</span> 
     </span>
     <span class='ocr_line' id='line_1_61' title="bbox 185 2135 979 2172; baseline 0.005 -11"><span class='ocrx_word' id='word_1_484' title='bbox 185 2135 329 2162; x_wconf 77' lang='lat' dir='ltr'>exhaurias</span> <span class='ocrx_word' id='word_1_485' title='bbox 337 2156 343 2167; x_wconf 92' lang='lat'>,</span> <span class='ocrx_word' id='word_1_486' title='bbox 361 2136 463 2162; x_wconf 84' lang='lat' dir='ltr'>scribas</span> <span class='ocrx_word' id='word_1_487' title='bbox 474 2135 508 2163; x_wconf 87' lang='lat' dir='ltr'>ad</span> <span class='ocrx_word' id='word_1_488' title='bbox 519 2145 561 2163; x_wconf 89' lang='lat' dir='ltr'>me</span> <span class='ocrx_word' id='word_1_489' title='bbox 571 2137 660 2164; x_wconf 91' lang='lat' dir='ltr'>omnia</span> <span class='ocrx_word' id='word_1_490' title='bbox 669 2157 675 2168; x_wconf 87' lang='lat'>,</span> <span class='ocrx_word' id='word_1_491' title='bbox 692 2138 874 2172; x_wconf 83' lang='lat' dir='ltr'>Pomptinium</span> <span class='ocrx_word' id='word_1_492' title='bbox 886 2143 979 2165; x_wconf 81' lang='lat' dir='ltr'>extru-</span> 
     </span>
     <span class='ocr_line' id='line_1_62' title="bbox 185 2172 979 2208; baseline 0.004 -9"><span class='ocrx_word' id='word_1_493' title='bbox 185 2172 246 2204; x_wconf 85' lang='lat' dir='ltr'>das,</span> <span class='ocrx_word' id='word_1_494' title='bbox 263 2181 349 2208; x_wconf 87' lang='lat' dir='ltr'>quum</span> <span class='ocrx_word' id='word_1_495' title='bbox 360 2172 495 2208; x_wconf 78' lang='lat' dir='ltr'>profectus</span> <span class='ocrx_word' id='word_1_496' title='bbox 505 2174 572 2205; x_wconf 84' lang='lat' dir='ltr'>eris,</span> <span class='ocrx_word' id='word_1_497' title='bbox 589 2182 681 2205; x_wconf 91' lang='lat' dir='ltr'>cures,</span> <span class='ocrx_word' id='word_1_498' title='bbox 699 2179 729 2202; x_wconf 93' lang='lat' dir='ltr'>ut</span> <span class='ocrx_word' id='word_1_499' title='bbox 738 2175 833 2202; x_wconf 87' lang='lat' dir='ltr'>sciam.</span> <span class='ocrx_word' id='word_1_500' title='bbox 873 2175 918 2202; x_wconf 88' lang='lat' dir='ltr'>Sic</span> <span class='ocrx_word' id='word_1_501' title='bbox 929 2175 979 2202; x_wconf 91' lang='lat' dir='ltr'>ha-</span> 
     </span>
     <span class='ocr_line' id='line_1_63' title="bbox 184 2209 978 2243; baseline 0.004 -7"><span class='ocrx_word' id='word_1_502' title='bbox 184 2210 263 2241; x_wconf 86' lang='lat' dir='ltr'>beas,</span> <span class='ocrx_word' id='word_1_503' title='bbox 284 2209 352 2236; x_wconf 90' lang='lat' dir='ltr'>nihil</span> <span class='ocrx_word' id='word_1_504' title='bbox 370 2210 523 2237; x_wconf 91' lang='lat' dir='ltr'>mehercule</span> <span class='ocrx_word' id='word_1_505' title='bbox 538 2215 564 2238; x_wconf 85' lang='lat' dir='ltr'>te</span> <span class='ocrx_word' id='word_1_506' title='bbox 582 2211 650 2237; x_wconf 93' lang='lat' dir='ltr'>mihi</span> <span class='ocrx_word' id='word_1_507' title='bbox 665 2219 714 2238; x_wconf 89' lang='lat' dir='ltr'>nec</span> <span class='ocrx_word' id='word_1_508' title='bbox 729 2213 819 2238; x_wconf 87' lang='lat' dir='ltr'>carius</span> <span class='ocrx_word' id='word_1_509' title='bbox 834 2220 907 2243; x_wconf 88' lang='lat' dir='ltr'>esse,</span> <span class='ocrx_word' id='word_1_510' title='bbox 928 2221 978 2239; x_wconf 88' lang='lat' dir='ltr'>nec</span> 
     </span>
     <span class='ocr_line' id='line_1_64' title="bbox 184 2247 978 2282; baseline 0.004 -9"><span class='ocrx_word' id='word_1_511' title='bbox 184 2248 307 2274; x_wconf 88' lang='lat' dir='ltr'>suavius.</span> <span class='ocrx_word' id='word_1_512' title='bbox 347 2247 379 2274; x_wconf 82' lang='grc' dir='ltr'>Α.</span> <span class='ocrx_word' id='word_1_513' title='bbox 395 2248 558 2282; x_wconf 88' lang='lat' dir='ltr'>Torquatum</span> <span class='ocrx_word' id='word_1_514' title='bbox 569 2249 752 2276; x_wconf 86' lang='lat' dir='ltr'>amantissime</span> <span class='ocrx_word' id='word_1_515' title='bbox 763 2249 978 2276; x_wconf 81' lang='lat' dir='ltr'>dimisiMintur-</span> 
     </span>
     <span class='ocr_line' id='line_1_65' title="bbox 185 2284 975 2322; baseline 0.005 -12"><span class='ocrx_word' id='word_1_516' title='bbox 185 2284 236 2315; x_wconf 86' lang='lat' dir='ltr'>nis,</span> <span class='ocrx_word' id='word_1_517' title='bbox 245 2285 377 2319; x_wconf 91' lang='lat' dir='ltr'>optimum</span> <span class='ocrx_word' id='word_1_518' title='bbox 389 2285 492 2311; x_wconf 90' lang='lat' dir='ltr'>virum:</span> <span class='ocrx_word' id='word_1_519' title='bbox 507 2286 560 2316; x_wconf 88' lang='lat' dir='ltr'>cui,</span> <span class='ocrx_word' id='word_1_520' title='bbox 574 2294 616 2312; x_wconf 91' lang='lat' dir='ltr'>me</span> <span class='ocrx_word' id='word_1_521' title='bbox 627 2285 661 2312; x_wconf 88' lang='lat' dir='ltr'>ad</span> <span class='ocrx_word' id='word_1_522' title='bbox 672 2290 697 2313; x_wconf 91' lang='lat' dir='ltr'>te</span> <span class='ocrx_word' id='word_1_523' title='bbox 707 2287 850 2321; x_wconf 84' lang='lat' dir='ltr'>scripsisse</span> <span class='ocrx_word' id='word_1_524' title='bbox 861 2286 975 2322; x_wconf 88' lang='lat' dir='ltr'>aliquid,</span> 
     </span>
     <span class='ocr_line' id='line_1_66' title="bbox 184 2321 598 2357; baseline 0.005 -10"><span class='ocrx_word' id='word_1_525' title='bbox 184 2322 212 2347; x_wconf 90' lang='lat' dir='ltr'>in</span> <span class='ocrx_word' id='word_1_526' title='bbox 223 2329 346 2348; x_wconf 85' lang='lat' dir='ltr'>sermone</span> <span class='ocrx_word' id='word_1_527' title='bbox 356 2321 494 2357; x_wconf 82' lang='lat' dir='ltr'>significes</span> <span class='ocrx_word' id='word_1_528' title='bbox 505 2321 598 2349; x_wconf 84' lang='lat' dir='ltr'>velim.</span> 
     </span>
    </p>
   </div>
   <div class='ocr_carea' id='block_1_11' title="bbox 235 2390 739 2416">
    <p class='ocr_par' dir='ltr' id='par_1_11' title="bbox 235 2390 739 2416">
     <span class='ocr_line' id='line_1_67' title="bbox 235 2390 739 2416; baseline 0.004 -6"><span class='ocrx_word' id='word_1_529' title='bbox 235 2390 264 2411; x_wconf 78' lang='grc' dir='ltr'>ΙΙ.</span> <span class='ocrx_word' id='word_1_530' title='bbox 288 2392 316 2415; x_wconf 63' lang='lat' dir='ltr'>&lt;Iu</span> <span class='ocrx_word' id='word_1_531' title='bbox 326 2392 448 2416; x_wconf 75' lang='lat' dir='ltr'>Pompeiano,</span> <span class='ocrx_word' id='word_1_532' title='bbox 458 2393 516 2414; x_wconf 77' lang='lat' dir='ltr'>Ruso,</span> <span class='ocrx_word' id='word_1_533' title='bbox 526 2394 617 2412; x_wconf 69' lang='lat' dir='ltr'>Muteno</span> <span class='ocrx_word' id='word_1_534' title='bbox 627 2400 673 2411; x_wconf 66' lang='lat' dir='ltr'>coss.</span> <span class='ocrx_word' id='word_1_535' title='bbox 685 2395 739 2416; x_wconf 79' lang='lat'>703.)</span> 
     </span>
    </p>
   </div>
   <div class='ocr_carea' id='block_1_12' title="bbox 183 2435 977 2695">
    <p class='ocr_par' dir='ltr' id='par_1_12' title="bbox 365 2435 784 2464">
     <span class='ocr_line' id='line_1_68' title="bbox 365 2435 784 2464; baseline 0.005 -2"><span class='ocrx_word' id='word_1_536' title='bbox 365 2435 533 2463; x_wconf 88' lang='lat' dir='ltr'><strong>CICERO</strong></span> <span class='ocrx_word' id='word_1_537' title='bbox 562 2436 730 2463; x_wconf 80' lang='lat' dir='ltr'>ATTICO</span> <span class='ocrx_word' id='word_1_538' title='bbox 759 2437 784 2464; x_wconf 93' lang='lat' dir='ltr'>S.</span> 
     </span>
    </p>

    <p class='ocr_par' dir='ltr' id='par_1_13' title="bbox 183 2470 977 2695">
     <span class='ocr_line' id='line_1_69' title="bbox 240 2470 975 2512; baseline 0.008 -13"><span class='ocrx_word' id='word_1_539' title='bbox 240 2477 263 2500; x_wconf 81' lang='lat' dir='ltr'>t.</span> <span class='ocrx_word' id='word_1_540' title='bbox 275 2470 312 2501; x_wconf 74' lang='lat' dir='ltr'>A.</span> <span class='ocrx_word' id='word_1_541' title='bbox 325 2475 352 2502; x_wconf 93' lang='lat' dir='ltr'>d.</span> <span class='ocrx_word' id='word_1_542' title='bbox 366 2484 402 2502; x_wconf 67' lang='lat' dir='ltr'>V1.</span> <span class='ocrx_word' id='word_1_543' title='bbox 414 2476 454 2503; x_wconf 87' lang='lat' dir='ltr'>Id.</span> <span class='ocrx_word' id='word_1_544' title='bbox 466 2477 540 2508; x_wconf 85' lang='lat' dir='ltr'>Mai.‚</span> <span class='ocrx_word' id='word_1_545' title='bbox 551 2485 637 2512; x_wconf 90' lang='lat' dir='ltr'>quum</span> <span class='ocrx_word' id='word_1_546' title='bbox 648 2476 697 2503; x_wconf 90' lang='lat' dir='ltr'>has</span> <span class='ocrx_word' id='word_1_547' title='bbox 708 2476 805 2504; x_wconf 89' lang='lat' dir='ltr'>dabam</span> <span class='ocrx_word' id='word_1_548' title='bbox 817 2477 927 2509; x_wconf 82' lang='lat' dir='ltr'>litteras,</span> <span class='ocrx_word' id='word_1_549' title='bbox 941 2485 975 2505; x_wconf 87' lang='lat' dir='ltr'>ex</span> 
     </span>
     <span class='ocr_line' id='line_1_70' title="bbox 184 2510 977 2547; baseline 0.008 -12"><span class='ocrx_word' id='word_1_550' title='bbox 184 2510 344 2545; x_wconf 88' lang='lat' dir='ltr'>Pompeiano</span> <span class='ocrx_word' id='word_1_551' title='bbox 355 2513 558 2547; x_wconf 81' lang='lat' dir='ltr'>proficiscebar,</span> <span class='ocrx_word' id='word_1_552' title='bbox 575 2519 605 2541; x_wconf 93' lang='lat' dir='ltr'>ut</span> <span class='ocrx_word' id='word_1_553' title='bbox 619 2522 650 2540; x_wconf 91' lang='lat' dir='ltr'>eo</span> <span class='ocrx_word' id='word_1_554' title='bbox 665 2513 709 2539; x_wconf 89' lang='lat' dir='ltr'>die</span> <span class='ocrx_word' id='word_1_555' title='bbox 725 2522 862 2541; x_wconf 90' lang='lat' dir='ltr'>manerem</span> <span class='ocrx_word' id='word_1_556' title='bbox 873 2515 901 2542; x_wconf 91' lang='lat' dir='ltr'>in</span> <span class='ocrx_word' id='word_1_557' title='bbox 911 2515 977 2541; x_wconf 85' lang='lat' dir='ltr'>Tre-</span> 
     </span>
     <span class='ocr_line' id='line_1_71' title="bbox 184 2546 976 2586; baseline 0.009 -15"><span class='ocrx_word' id='word_1_558' title='bbox 184 2546 284 2574; x_wconf 88' lang='lat' dir='ltr'>bulano</span> <span class='ocrx_word' id='word_1_559' title='bbox 299 2549 370 2583; x_wconf 87' lang='lat' dir='ltr'>apud</span> <span class='ocrx_word' id='word_1_560' title='bbox 386 2551 521 2577; x_wconf 87' lang='lat' dir='ltr'>Pontium.</span> <span class='ocrx_word' id='word_1_561' title='bbox 560 2550 661 2577; x_wconf 86' lang='lat' dir='ltr'>Deinde</span> <span class='ocrx_word' id='word_1_562' title='bbox 676 2551 826 2586; x_wconf 82' lang='lat' dir='ltr'>cogitabam</span> <span class='ocrx_word' id='word_1_563' title='bbox 841 2552 900 2578; x_wconf 90' lang='lat' dir='ltr'>sine</span> <span class='ocrx_word' id='word_1_564' title='bbox 920 2551 976 2578; x_wconf 84' lang='lat' dir='ltr'>ulla</span> 
     </span>
     <span class='ocr_line' id='line_1_72' title="bbox 184 2584 973 2623; baseline 0.009 -15"><span class='ocrx_word' id='word_1_565' title='bbox 184 2591 257 2610; x_wconf 86' lang='lat' dir='ltr'>mora</span> <span class='ocrx_word' id='word_1_566' title='bbox 274 2584 342 2611; x_wconf 84' lang='lat' dir='ltr'>iusta</span> <span class='ocrx_word' id='word_1_567' title='bbox 358 2586 452 2614; x_wconf 88' lang='lat' dir='ltr'>itinera</span> <span class='ocrx_word' id='word_1_568' title='bbox 467 2587 563 2614; x_wconf 80' lang='lat' dir='ltr'>facere.</span> <span class='ocrx_word' id='word_1_569' title='bbox 602 2588 631 2614; x_wconf 91' lang='lat' dir='ltr'>In</span> <span class='ocrx_word' id='word_1_570' title='bbox 643 2587 762 2614; x_wconf 89' lang='lat' dir='ltr'>Cumano</span> <span class='ocrx_word' id='word_1_571' title='bbox 777 2597 863 2623; x_wconf 91' lang='lat' dir='ltr'>quum</span> <span class='ocrx_word' id='word_1_572' title='bbox 876 2597 973 2620; x_wconf 89' lang='lat' dir='ltr'>essem,</span> 
     </span>
     <span class='ocr_line' id='line_1_73' title="bbox 183 2620 977 2661; baseline 0.009 -16"><span class='ocrx_word' id='word_1_573' title='bbox 183 2620 259 2661; x_wconf 78' lang='lat' dir='ltr'>venit</span> <span class='ocrx_word' id='word_1_574' title='bbox 268 2620 301 2646; x_wconf 90' lang='lat' dir='ltr'>ad</span> <span class='ocrx_word' id='word_1_575' title='bbox 312 2630 363 2652; x_wconf 76' lang='lat' dir='ltr'>me,</span> <span class='ocrx_word' id='word_1_576' title='bbox 371 2624 443 2657; x_wconf 87' lang='lat' dir='ltr'>quod</span> <span class='ocrx_word' id='word_1_577' title='bbox 454 2625 527 2651; x_wconf 57' lang='lat' dir='ltr'>mihi.</span> <span class='ocrx_word' id='word_1_578' title='bbox 533 2629 686 2661; x_wconf 83' lang='lat' dir='ltr'>pergratum</span> <span class='ocrx_word' id='word_1_579' title='bbox 698 2624 758 2656; x_wconf 81' lang='lat' dir='ltr'>fuit,</span> <span class='ocrx_word' id='word_1_580' title='bbox 765 2630 855 2652; x_wconf 85' lang='lat' dir='ltr'>noster</span> <span class='ocrx_word' id='word_1_581' title='bbox 864 2626 977 2652; x_wconf 82' lang='lat' dir='ltr'>Horten—</span> 
     </span>
     <span class='ocr_line' id='line_1_74' title="bbox 184 2658 976 2695; baseline 0.009 -13"><span class='ocrx_word' id='word_1_582' title='bbox 184 2664 255 2683; x_wconf 83' lang='lat' dir='ltr'>sius:</span> <span class='ocrx_word' id='word_1_583' title='bbox 274 2658 332 2689; x_wconf 81' lang='lat' dir='ltr'>cui,</span> <span class='ocrx_word' id='word_1_584' title='bbox 349 2659 504 2695; x_wconf 86' lang='lat' dir='ltr'>deposcenti</span> <span class='ocrx_word' id='word_1_585' title='bbox 519 2670 580 2689; x_wconf 86' lang='lat' dir='ltr'>mea</span> <span class='ocrx_word' id='word_1_586' title='bbox 591 2661 728 2692; x_wconf 81' lang='lat' dir='ltr'>mandata,</span> <span class='ocrx_word' id='word_1_587' title='bbox 747 2666 833 2689; x_wconf 84' lang='lat' dir='ltr'>cetera</span> <span class='ocrx_word' id='word_1_588' title='bbox 848 2663 976 2690; x_wconf 84' lang='lat' dir='ltr'>universe</span> 
     </span>
    </p>
   </div>
   <div class='ocr_carea' id='block_1_13' title="bbox 1008 569 1011 693">
    <p class='ocr_par' dir='ltr' id='par_1_14' title="bbox 1008 569 1011 693">
     <span class='ocr_line' id='line_1_75' title="bbox 1008 569 1011 616; baseline 0 0"><span class='ocrx_word' id='word_1_589' title='bbox 1008 569 1011 616; x_wconf 66' lang='lat' dir='ltr'>i</span> 
     </span>
     <span class='ocr_line' id='line_1_76' title="bbox 1008 617 1011 693; baseline 0 0"><span class='ocrx_word' id='word_1_590' title='bbox 1008 617 1011 693; x_wconf 85' lang='grc' dir='ltr'>Ι</span> 
     </span>
    </p>
   </div>
   <div class='ocr_carea' id='block_1_14' title="bbox 1006 864 1012 2245">
    <p class='ocr_par' dir='ltr' id='par_1_15' title="bbox 1006 864 1012 2245">
     <span class='ocr_line' id='line_1_77' title="bbox 1006 864 1012 2245; baseline 0 0"><span class='ocrx_word' id='word_1_591' title='bbox 1006 864 1012 2245; x_wconf 95' lang='lat' dir='ltr'> </span> 
     </span>
    </p>
   </div>
   <div class='ocr_carea' id='block_1_15' title="bbox 1031 432 1823 1360">
    <p class='ocr_par' dir='ltr' id='par_1_16' title="bbox 1031 432 1823 1360">
     <span class='ocr_line' id='line_1_78' title="bbox 1033 432 1820 469; baseline 0.004 -12"><span class='ocrx_word' id='word_1_592' title='bbox 1033 432 1120 467; x_wconf 80' lang='lat' dir='ltr'>plebis</span> <span class='ocrx_word' id='word_1_593' title='bbox 1133 432 1256 458; x_wconf 83' lang='lat' dir='ltr'>videbam</span> <span class='ocrx_word' id='word_1_594' title='bbox 1269 432 1333 458; x_wconf 73' lang='grc' dir='ltr'>[οι-ο.</span> <span class='ocrx_word' id='word_1_595' title='bbox 1373 434 1398 459; x_wconf 74' lang='grc' dir='ltr'>Ξ.</span> <span class='ocrx_word' id='word_1_596' title='bbox 1414 433 1563 459; x_wconf 73' lang='lat' dir='ltr'>Habuimus</span> <span class='ocrx_word' id='word_1_597' title='bbox 1576 434 1601 459; x_wconf 90' lang='lat' dir='ltr'>in</span> <span class='ocrx_word' id='word_1_598' title='bbox 1612 434 1732 460; x_wconf 78' lang='lat' dir='ltr'>Cumano</span> <span class='ocrx_word' id='word_1_599' title='bbox 1741 436 1820 469; x_wconf 74' lang='lat' dir='ltr'>quasi</span> 
     </span>
     <span class='ocr_line' id='line_1_79' title="bbox 1032 469 1819 504; baseline 0.004 -9"><span class='ocrx_word' id='word_1_600' title='bbox 1032 469 1159 504; x_wconf 79' lang='lat' dir='ltr'>pusillam</span> <span class='ocrx_word' id='word_1_601' title='bbox 1177 470 1299 496; x_wconf 73' lang='lat' dir='ltr'>Romam:</span> <span class='ocrx_word' id='word_1_602' title='bbox 1322 474 1391 496; x_wconf 77' lang='lat' dir='ltr'>tanta</span> <span class='ocrx_word' id='word_1_603' title='bbox 1412 475 1466 496; x_wconf 84' lang='lat' dir='ltr'>erat</span> <span class='ocrx_word' id='word_1_604' title='bbox 1482 471 1509 496; x_wconf 90' lang='lat' dir='ltr'>in</span> <span class='ocrx_word' id='word_1_605' title='bbox 1526 469 1569 496; x_wconf 79' lang='lat' dir='ltr'>his</span> <span class='ocrx_word' id='word_1_606' title='bbox 1585 470 1649 497; x_wconf 83' lang='lat' dir='ltr'>locis</span> <span class='ocrx_word' id='word_1_607' title='bbox 1665 471 1819 500; x_wconf 78' lang='lat' dir='ltr'>multitudo,</span> 
     </span>
     <span class='ocr_line' id='line_1_80' title="bbox 1031 506 1820 541; baseline 0.004 -10"><span class='ocrx_word' id='word_1_608' title='bbox 1031 515 1115 541; x_wconf 87' lang='lat' dir='ltr'>quum</span> <span class='ocrx_word' id='word_1_609' title='bbox 1129 507 1234 533; x_wconf 88' lang='lat' dir='ltr'>interim</span> <span class='ocrx_word' id='word_1_610' title='bbox 1248 507 1322 532; x_wconf 78' lang='lat' dir='ltr'>llutio</span> <span class='ocrx_word' id='word_1_611' title='bbox 1334 512 1435 537; x_wconf 76' lang='lat' dir='ltr'>noster,</span> <span class='ocrx_word' id='word_1_612' title='bbox 1451 506 1523 541; x_wconf 86' lang='lat' dir='ltr'>quod</span> <span class='ocrx_word' id='word_1_613' title='bbox 1535 515 1563 533; x_wconf 79' lang='lat' dir='ltr'>sc</span> <span class='ocrx_word' id='word_1_614' title='bbox 1574 515 1588 532; x_wconf 79' lang='lat' dir='ltr'>a</span> <span class='ocrx_word' id='word_1_615' title='bbox 1601 507 1718 534; x_wconf 78' lang='lat' dir='ltr'>Vestorio</span> <span class='ocrx_word' id='word_1_616' title='bbox 1727 508 1820 534; x_wconf 71' lang='lat' dir='ltr'>obser-</span> 
     </span>
     <span class='ocr_line' id='line_1_81' title="bbox 1032 543 1819 579; baseline 0.004 -10"><span class='ocrx_word' id='word_1_617' title='bbox 1032 545 1087 569; x_wconf 85' lang='lat' dir='ltr'>vari</span> <span class='ocrx_word' id='word_1_618' title='bbox 1101 544 1218 575; x_wconf 71' lang='lat' dir='ltr'>videbat,</span> <span class='ocrx_word' id='word_1_619' title='bbox 1231 549 1416 579; x_wconf 76' lang='lat' dir='ltr'>strategemate</span> <span class='ocrx_word' id='word_1_620' title='bbox 1431 543 1566 570; x_wconf 92' lang='lat' dir='ltr'>hominem</span> <span class='ocrx_word' id='word_1_621' title='bbox 1578 546 1720 579; x_wconf 75' lang='lat' dir='ltr'>percussit.</span> <span class='ocrx_word' id='word_1_622' title='bbox 1754 546 1819 572; x_wconf 76' lang='lat' dir='ltr'>Nam</span> 
     </span>
     <span class='ocr_line' id='line_1_82' title="bbox 1031 580 1823 616; baseline 0.003 -10"><span class='ocrx_word' id='word_1_623' title='bbox 1031 581 1064 606; x_wconf 87' lang='lat' dir='ltr'>ad</span> <span class='ocrx_word' id='word_1_624' title='bbox 1077 590 1117 607; x_wconf 81' lang='lat' dir='ltr'>me</span> <span class='ocrx_word' id='word_1_625' title='bbox 1130 590 1181 607; x_wconf 91' lang='lat' dir='ltr'>non</span> <span class='ocrx_word' id='word_1_626' title='bbox 1193 582 1314 607; x_wconf 78' lang='lat' dir='ltr'>accessit.</span> <span class='ocrx_word' id='word_1_627' title='bbox 1354 580 1443 607; x_wconf 76' lang='lat' dir='ltr'>ltane?</span> <span class='ocrx_word' id='word_1_628' title='bbox 1456 589 1541 616; x_wconf 85' lang='lat' dir='ltr'>quum</span> <span class='ocrx_word' id='word_1_629' title='bbox 1554 582 1708 608; x_wconf 78' lang='lat' dir='ltr'>Hortensius</span> <span class='ocrx_word' id='word_1_630' title='bbox 1720 583 1823 609; x_wconf 81' lang='lat' dir='ltr'>veniret</span> 
     </span>
     <span class='ocr_line' id='line_1_83' title="bbox 1031 618 1821 654; baseline 0.001 -10"><span class='ocrx_word' id='word_1_631' title='bbox 1031 623 1056 644; x_wconf 83' lang='lat' dir='ltr'>ct</span> <span class='ocrx_word' id='word_1_632' title='bbox 1068 618 1191 644; x_wconf 77' lang='lat' dir='ltr'>infirmus</span> <span class='ocrx_word' id='word_1_633' title='bbox 1201 623 1289 644; x_wconf 87' lang='lat' dir='ltr'>ettam</span> <span class='ocrx_word' id='word_1_634' title='bbox 1303 618 1380 654; x_wconf 71' lang='lat' dir='ltr'>longe</span> <span class='ocrx_word' id='word_1_635' title='bbox 1391 623 1416 645; x_wconf 86' lang='lat' dir='ltr'>et</span> <span class='ocrx_word' id='word_1_636' title='bbox 1427 618 1592 648; x_wconf 76' lang='lat' dir='ltr'>Hortensius,</span> <span class='ocrx_word' id='word_1_637' title='bbox 1607 627 1692 653; x_wconf 89' lang='lat' dir='ltr'>quum</span> <span class='ocrx_word' id='word_1_638' title='bbox 1704 620 1821 646; x_wconf 77' lang='lat' dir='ltr'>maxima</span> 
     </span>
     <span class='ocr_line' id='line_1_84' title="bbox 1032 655 1820 691; baseline 0.003 -11"><span class='ocrx_word' id='word_1_639' title='bbox 1032 660 1164 690; x_wconf 83' lang='lat' dir='ltr'>praeterea</span> <span class='ocrx_word' id='word_1_640' title='bbox 1182 655 1338 686; x_wconf 89' lang='lat' dir='ltr'>multitudo,</span> <span class='ocrx_word' id='word_1_641' title='bbox 1362 655 1406 681; x_wconf 89' lang='lat' dir='ltr'>illc</span> <span class='ocrx_word' id='word_1_642' title='bbox 1422 664 1473 682; x_wconf 90' lang='lat' dir='ltr'>non</span> <span class='ocrx_word' id='word_1_643' title='bbox 1495 655 1586 682; x_wconf 76' lang='lat' dir='ltr'>venit?</span> <span class='ocrx_word' id='word_1_644' title='bbox 1606 656 1676 686; x_wconf 79' lang='lat' dir='ltr'>Non,</span> <span class='ocrx_word' id='word_1_645' title='bbox 1699 657 1820 691; x_wconf 79' lang='lat' dir='ltr'>inquam.</span> 
     </span>
     <span class='ocr_line' id='line_1_85' title="bbox 1032 692 1821 728; baseline 0.003 -10"><span class='ocrx_word' id='word_1_646' title='bbox 1032 693 1087 718; x_wconf 80' lang='lat' dir='ltr'>Non</span> <span class='ocrx_word' id='word_1_647' title='bbox 1101 693 1192 719; x_wconf 79' lang='lat' dir='ltr'>vidisti</span> <span class='ocrx_word' id='word_1_648' title='bbox 1205 694 1287 727; x_wconf 76' lang='lat' dir='ltr'>igitur</span> <span class='ocrx_word' id='word_1_649' title='bbox 1301 693 1451 722; x_wconf 88' lang='lat' dir='ltr'>hominem,</span> <span class='ocrx_word' id='word_1_650' title='bbox 1470 692 1595 727; x_wconf 72' lang='lat' dir='ltr'>inquies?</span> <span class='ocrx_word' id='word_1_651' title='bbox 1611 693 1664 725; x_wconf 86' lang='lat' dir='ltr'>Qui</span> <span class='ocrx_word' id='word_1_652' title='bbox 1680 694 1753 728; x_wconf 88' lang='lat' dir='ltr'>potui</span> <span class='ocrx_word' id='word_1_653' title='bbox 1769 701 1821 720; x_wconf 80' lang='lat' dir='ltr'>oon</span> 
     </span>
     <span class='ocr_line' id='line_1_86' title="bbox 1032 729 1821 765; baseline 0.001 -10"><span class='ocrx_word' id='word_1_654' title='bbox 1032 729 1135 759; x_wconf 80' lang='lat' dir='ltr'>videre,</span> <span class='ocrx_word' id='word_1_655' title='bbox 1152 738 1237 765; x_wconf 61' lang='lat' dir='ltr'>quum</span> <span class='ocrx_word' id='word_1_656' title='bbox 1254 738 1301 764; x_wconf 83' lang='lat' dir='ltr'>per</span> <span class='ocrx_word' id='word_1_657' title='bbox 1313 730 1464 764; x_wconf 86' lang='lat' dir='ltr'>emporium</span> <span class='ocrx_word' id='word_1_658' title='bbox 1477 729 1679 756; x_wconf 77' lang='lat' dir='ltr'>Puteolanorum</span> <span class='ocrx_word' id='word_1_659' title='bbox 1692 731 1741 756; x_wconf 83' lang='lat' dir='ltr'>iter</span> <span class='ocrx_word' id='word_1_660' title='bbox 1751 729 1821 757; x_wconf 75' lang='lat' dir='ltr'>Iace-</span> 
     </span>
     <span class='ocr_line' id='line_1_87' title="bbox 1032 766 1817 802; baseline 0.001 -10"><span class='ocrx_word' id='word_1_661' title='bbox 1032 766 1106 792; x_wconf 72' lang='lat' dir='ltr'>rem‘?</span> <span class='ocrx_word' id='word_1_662' title='bbox 1118 768 1143 793; x_wconf 93' lang='lat' dir='ltr'>in</span> <span class='ocrx_word' id='word_1_663' title='bbox 1155 775 1209 802; x_wconf 85' lang='lat' dir='ltr'>quo</span> <span class='ocrx_word' id='word_1_664' title='bbox 1220 767 1311 798; x_wconf 86' lang='lat' dir='ltr'>illum,</span> <span class='ocrx_word' id='word_1_665' title='bbox 1325 772 1447 802; x_wconf 81' lang='lat' dir='ltr'>agentem</span> <span class='ocrx_word' id='word_1_666' title='bbox 1459 766 1576 801; x_wconf 84' lang='lat' dir='ltr'>aliquid,</span> <span class='ocrx_word' id='word_1_667' title='bbox 1589 766 1676 797; x_wconf 87' lang='lat' dir='ltr'>credo,</span> <span class='ocrx_word' id='word_1_668' title='bbox 1690 766 1817 799; x_wconf 73' lang='lat' dir='ltr'>salutavi3</span> 
     </span>
     <span class='ocr_line' id='line_1_88' title="bbox 1031 803 1820 839; baseline 0 -9"><span class='ocrx_word' id='word_1_669' title='bbox 1031 809 1091 839; x_wconf 84' lang='lat' dir='ltr'>post</span> <span class='ocrx_word' id='word_1_670' title='bbox 1101 805 1180 830; x_wconf 85' lang='lat' dir='ltr'>etiam</span> <span class='ocrx_word' id='word_1_671' title='bbox 1193 805 1260 830; x_wconf 86' lang='lat' dir='ltr'>iussi</span> <span class='ocrx_word' id='word_1_672' title='bbox 1273 804 1370 834; x_wconf 81' lang='lat' dir='ltr'>valere,</span> <span class='ocrx_word' id='word_1_673' title='bbox 1382 812 1467 839; x_wconf 89' lang='lat' dir='ltr'>quum</span> <span class='ocrx_word' id='word_1_674' title='bbox 1480 812 1522 830; x_wconf 88' lang='lat' dir='ltr'>me</span> <span class='ocrx_word' id='word_1_675' title='bbox 1533 812 1650 839; x_wconf 83' lang='lat' dir='ltr'>expense</span> <span class='ocrx_word' id='word_1_676' title='bbox 1660 812 1674 830; x_wconf 88' lang='lat' dir='ltr'>e</span> <span class='ocrx_word' id='word_1_677' title='bbox 1686 812 1733 830; x_wconf 77' lang='lat' dir='ltr'>sua</span> <span class='ocrx_word' id='word_1_678' title='bbox 1745 803 1820 834; x_wconf 83' lang='lat' dir='ltr'>villa.</span> 
     </span>
     <span class='ocr_line' id='line_1_89' title="bbox 1032 841 1821 877; baseline 0 -10"><span class='ocrx_word' id='word_1_679' title='bbox 1032 841 1165 876; x_wconf 91' lang='lat' dir='ltr'>numquid</span> <span class='ocrx_word' id='word_1_680' title='bbox 1180 841 1291 871; x_wconf 88' lang='lat' dir='ltr'>vellem,</span> <span class='ocrx_word' id='word_1_681' title='bbox 1315 846 1442 877; x_wconf 75' lang='lat' dir='ltr'>rogasset.</span> <span class='ocrx_word' id='word_1_682' title='bbox 1483 841 1558 867; x_wconf 88' lang='lat' dir='ltr'>llunc</span> <span class='ocrx_word' id='word_1_683' title='bbox 1574 841 1710 867; x_wconf 86' lang='lat' dir='ltr'>hominem</span> <span class='ocrx_word' id='word_1_684' title='bbox 1726 849 1821 876; x_wconf 76' lang='lat' dir='ltr'>parum</span> 
     </span>
     <span class='ocr_line' id='line_1_90' title="bbox 1031 878 1822 913; baseline 0 -9"><span class='ocrx_word' id='word_1_685' title='bbox 1031 883 1135 913; x_wconf 79' lang='lat' dir='ltr'>gratum</span> <span class='ocrx_word' id='word_1_686' title='bbox 1151 879 1296 913; x_wconf 83' lang='lat' dir='ltr'>quisquam</span> <span class='ocrx_word' id='word_1_687' title='bbox 1312 878 1404 913; x_wconf 82' lang='lat' dir='ltr'>putet‘?</span> <span class='ocrx_word' id='word_1_688' title='bbox 1423 883 1469 904; x_wconf 91' lang='lat' dir='ltr'>aut</span> <span class='ocrx_word' id='word_1_689' title='bbox 1484 886 1536 905; x_wconf 91' lang='lat' dir='ltr'>non</span> <span class='ocrx_word' id='word_1_690' title='bbox 1551 879 1578 904; x_wconf 94' lang='lat' dir='ltr'>in</span> <span class='ocrx_word' id='word_1_691' title='bbox 1594 887 1625 904; x_wconf 90' lang='lat' dir='ltr'>eo</span> <span class='ocrx_word' id='word_1_692' title='bbox 1640 879 1699 913; x_wconf 89' lang='lat' dir='ltr'>ipso</span> <span class='ocrx_word' id='word_1_693' title='bbox 1710 878 1822 905; x_wconf 79' lang='lat' dir='ltr'>laudan-</span> 
     </span>
     <span class='ocr_line' id='line_1_91' title="bbox 1031 914 1822 951; baseline 0.001 -10"><span class='ocrx_word' id='word_1_694' title='bbox 1031 916 1110 947; x_wconf 86' lang='lat' dir='ltr'>dum,</span> <span class='ocrx_word' id='word_1_695' title='bbox 1123 916 1194 951; x_wconf 90' lang='lat' dir='ltr'>quod</span> <span class='ocrx_word' id='word_1_696' title='bbox 1207 916 1294 942; x_wconf 84' lang='lat' dir='ltr'>audiri</span> <span class='ocrx_word' id='word_1_697' title='bbox 1307 924 1358 942; x_wconf 91' lang='lat' dir='ltr'>non</span> <span class='ocrx_word' id='word_1_698' title='bbox 1371 914 1515 942; x_wconf 71' lang='lat' dir='ltr'>laborarit?</span> <span class='ocrx_word' id='word_1_699' title='bbox 1543 917 1568 941; x_wconf 83' lang='lat'>3.</span> <span class='ocrx_word' id='word_1_700' title='bbox 1590 915 1643 941; x_wconf 84' lang='lat' dir='ltr'>Sed</span> <span class='ocrx_word' id='word_1_701' title='bbox 1655 915 1733 942; x_wconf 87' lang='lat' dir='ltr'>redeo</span> <span class='ocrx_word' id='word_1_702' title='bbox 1743 915 1775 942; x_wconf 81' lang='lat' dir='ltr'>ad</span> <span class='ocrx_word' id='word_1_703' title='bbox 1788 915 1822 942; x_wconf 89' lang='lat' dir='ltr'>il-</span> 
     </span>
     <span class='ocr_line' id='line_1_92' title="bbox 1033 952 1822 987; baseline 0 -8"><span class='ocrx_word' id='word_1_704' title='bbox 1033 952 1088 979; x_wconf 91' lang='lat' dir='ltr'>lud.</span> <span class='ocrx_word' id='word_1_705' title='bbox 1129 953 1188 979; x_wconf 79' lang='lat' dir='ltr'>Noli</span> <span class='ocrx_word' id='word_1_706' title='bbox 1204 958 1296 987; x_wconf 78' lang='lat' dir='ltr'>putare</span> <span class='ocrx_word' id='word_1_707' title='bbox 1312 952 1379 979; x_wconf 87' lang='lat' dir='ltr'>mihi</span> <span class='ocrx_word' id='word_1_708' title='bbox 1390 952 1470 979; x_wconf 82' lang='lat' dir='ltr'>aliam</span> <span class='ocrx_word' id='word_1_709' title='bbox 1481 952 1688 979; x_wconf 76' lang='lat' dir='ltr'>consolationem</span> <span class='ocrx_word' id='word_1_710' title='bbox 1700 961 1759 979; x_wconf 78' lang='lat' dir='ltr'>esse</span> <span class='ocrx_word' id='word_1_711' title='bbox 1771 952 1822 979; x_wconf 84' lang='lat' dir='ltr'>bu-</span> 
     </span>
     <span class='ocr_line' id='line_1_93' title="bbox 1032 989 1821 1027; baseline -0.001 -10"><span class='ocrx_word' id='word_1_712' title='bbox 1032 991 1074 1017; x_wconf 90' lang='lat' dir='ltr'>ius</span> <span class='ocrx_word' id='word_1_713' title='bbox 1086 990 1202 1027; x_wconf 79' lang='lat' dir='ltr'>ingentis</span> <span class='ocrx_word' id='word_1_714' title='bbox 1215 990 1360 1021; x_wconf 82' lang='lat' dir='ltr'>molestiae,</span> <span class='ocrx_word' id='word_1_715' title='bbox 1373 991 1426 1017; x_wconf 82' lang='lat' dir='ltr'>nisi</span> <span class='ocrx_word' id='word_1_716' title='bbox 1437 989 1509 1025; x_wconf 86' lang='lat' dir='ltr'>quod</span> <span class='ocrx_word' id='word_1_717' title='bbox 1521 998 1599 1024; x_wconf 87' lang='lat' dir='ltr'>spero</span> <span class='ocrx_word' id='word_1_718' title='bbox 1610 998 1661 1016; x_wconf 87' lang='lat' dir='ltr'>non</span> <span class='ocrx_word' id='word_1_719' title='bbox 1674 989 1821 1025; x_wconf 79' lang='lat' dir='ltr'>longiorem</span> 
     </span>
     <span class='ocr_line' id='line_1_94' title="bbox 1031 1027 1822 1057; baseline -0.001 -3"><span class='ocrx_word' id='word_1_720' title='bbox 1031 1037 1118 1054; x_wconf 85' lang='lat' dir='ltr'>annua</span> <span class='ocrx_word' id='word_1_721' title='bbox 1135 1028 1198 1054; x_wconf 80' lang='lat' dir='ltr'>sore.</span> <span class='ocrx_word' id='word_1_722' title='bbox 1239 1028 1292 1054; x_wconf 84' lang='lat' dir='ltr'>lloc</span> <span class='ocrx_word' id='word_1_723' title='bbox 1307 1036 1350 1054; x_wconf 87' lang='lat' dir='ltr'>me</span> <span class='ocrx_word' id='word_1_724' title='bbox 1366 1029 1400 1054; x_wconf 84' lang='lat' dir='ltr'>ita</span> <span class='ocrx_word' id='word_1_725' title='bbox 1413 1027 1481 1053; x_wconf 87' lang='lat' dir='ltr'>velle</span> <span class='ocrx_word' id='word_1_726' title='bbox 1493 1027 1571 1054; x_wconf 88' lang='lat' dir='ltr'>multi</span> <span class='ocrx_word' id='word_1_727' title='bbox 1583 1035 1634 1053; x_wconf 92' lang='lat' dir='ltr'>non</span> <span class='ocrx_word' id='word_1_728' title='bbox 1645 1027 1771 1057; x_wconf 86' lang='lat' dir='ltr'>credunt,</span> <span class='ocrx_word' id='word_1_729' title='bbox 1787 1035 1822 1053; x_wconf 83' lang='lat' dir='ltr'>ex</span> 
     </span>
     <span class='ocr_line' id='line_1_95' title="bbox 1031 1064 1822 1099; baseline -0.001 -8"><span class='ocrx_word' id='word_1_730' title='bbox 1031 1065 1226 1092; x_wconf 88' lang='lat' dir='ltr'>consuetudine</span> <span class='ocrx_word' id='word_1_731' title='bbox 1237 1065 1361 1091; x_wconf 81' lang='lat' dir='ltr'>aliorum.</span> <span class='ocrx_word' id='word_1_732' title='bbox 1387 1065 1436 1095; x_wconf 86' lang='lat' dir='ltr'>Tu.</span> <span class='ocrx_word' id='word_1_733' title='bbox 1449 1065 1496 1099; x_wconf 89' lang='lat' dir='ltr'>qui</span> <span class='ocrx_word' id='word_1_734' title='bbox 1508 1064 1571 1094; x_wconf 83' lang='lat' dir='ltr'>scis,</span> <span class='ocrx_word' id='word_1_735' title='bbox 1586 1072 1692 1091; x_wconf 87' lang='lat' dir='ltr'>omnem</span> <span class='ocrx_word' id='word_1_736' title='bbox 1704 1064 1822 1099; x_wconf 78' lang='lat' dir='ltr'>diligen-</span> 
     </span>
     <span class='ocr_line' id='line_1_96' title="bbox 1032 1101 1820 1137; baseline -0.001 -9"><span class='ocrx_word' id='word_1_737' title='bbox 1032 1103 1095 1128; x_wconf 87' lang='lat' dir='ltr'>tiam</span> <span class='ocrx_word' id='word_1_738' title='bbox 1111 1102 1269 1132; x_wconf 83' lang='lat' dir='ltr'>adhibebis,</span> <span class='ocrx_word' id='word_1_739' title='bbox 1287 1107 1344 1128; x_wconf 88' lang='lat' dir='ltr'>tum</span> <span class='ocrx_word' id='word_1_740' title='bbox 1359 1101 1475 1132; x_wconf 76' lang='lat' dir='ltr'>scilicet.</span> <span class='ocrx_word' id='word_1_741' title='bbox 1497 1110 1582 1137; x_wconf 89' lang='lat' dir='ltr'>quum</span> <span class='ocrx_word' id='word_1_742' title='bbox 1600 1101 1626 1127; x_wconf 94' lang='lat' dir='ltr'>id</span> <span class='ocrx_word' id='word_1_743' title='bbox 1642 1102 1686 1137; x_wconf 81' lang='lat' dir='ltr'>agi</span> <span class='ocrx_word' id='word_1_744' title='bbox 1700 1101 1820 1127; x_wconf 84' lang='lat' dir='ltr'>debebit.</span> 
     </span>
     <span class='ocr_line' id='line_1_97' title="bbox 1031 1138 1822 1174; baseline -0.003 -8"><span class='ocrx_word' id='word_1_745' title='bbox 1031 1140 1120 1171; x_wconf 89' lang='lat' dir='ltr'>Quum</span> <span class='ocrx_word' id='word_1_746' title='bbox 1136 1148 1170 1166; x_wconf 76' lang='lat' dir='ltr'>ex</span> <span class='ocrx_word' id='word_1_747' title='bbox 1180 1140 1262 1174; x_wconf 85' lang='lat' dir='ltr'>Epiro</span> <span class='ocrx_word' id='word_1_748' title='bbox 1277 1139 1404 1169; x_wconf 82' lang='lat' dir='ltr'>redieris.</span> <span class='ocrx_word' id='word_1_749' title='bbox 1421 1138 1455 1165; x_wconf 87' lang='lat' dir='ltr'>de</span> <span class='ocrx_word' id='word_1_750' title='bbox 1469 1138 1606 1173; x_wconf 78' lang='lat' dir='ltr'>republica</span> <span class='ocrx_word' id='word_1_751' title='bbox 1621 1139 1724 1165; x_wconf 84' lang='lat' dir='ltr'>scribas</span> <span class='ocrx_word' id='word_1_752' title='bbox 1734 1138 1767 1164; x_wconf 81' lang='lat' dir='ltr'>ad</span> <span class='ocrx_word' id='word_1_753' title='bbox 1779 1146 1822 1164; x_wconf 81' lang='lat' dir='ltr'>me</span> 
     </span>
     <span class='ocr_line' id='line_1_98' title="bbox 1032 1175 1822 1211; baseline -0.001 -9"><span class='ocrx_word' id='word_1_754' title='bbox 1032 1176 1123 1207; x_wconf 75' lang='lat' dir='ltr'>velim,</span> <span class='ocrx_word' id='word_1_755' title='bbox 1137 1176 1238 1211; x_wconf 91' lang='lat' dir='ltr'>siquid</span> <span class='ocrx_word' id='word_1_756' title='bbox 1250 1177 1308 1206; x_wconf 90' lang='lat' dir='ltr'>erit,</span> <span class='ocrx_word' id='word_1_757' title='bbox 1321 1176 1394 1211; x_wconf 90' lang='lat' dir='ltr'>quod</span> <span class='ocrx_word' id='word_1_758' title='bbox 1404 1175 1524 1202; x_wconf 89' lang='lat' dir='ltr'>odorere.</span> <span class='ocrx_word' id='word_1_759' title='bbox 1559 1175 1683 1202; x_wconf 82' lang='lat' dir='ltr'>Nondum</span> <span class='ocrx_word' id='word_1_760' title='bbox 1695 1176 1766 1202; x_wconf 90' lang='lat' dir='ltr'>enim</span> <span class='ocrx_word' id='word_1_761' title='bbox 1778 1184 1822 1201; x_wconf 75' lang='lat' dir='ltr'>sa-</span> 
     </span>
     <span class='ocr_line' id='line_1_99' title="bbox 1032 1211 1822 1248; baseline -0.003 -8"><span class='ocrx_word' id='word_1_762' title='bbox 1032 1214 1066 1240; x_wconf 89' lang='lat' dir='ltr'>tis</span> <span class='ocrx_word' id='word_1_763' title='bbox 1077 1213 1130 1240; x_wconf 92' lang='lat' dir='ltr'>huc</span> <span class='ocrx_word' id='word_1_764' title='bbox 1141 1219 1196 1240; x_wconf 88' lang='lat' dir='ltr'>erat</span> <span class='ocrx_word' id='word_1_765' title='bbox 1207 1213 1330 1243; x_wconf 86' lang='lat' dir='ltr'>allatum,</span> <span class='ocrx_word' id='word_1_766' title='bbox 1347 1212 1482 1248; x_wconf 85' lang='lat' dir='ltr'>quomodo</span> <span class='ocrx_word' id='word_1_767' title='bbox 1491 1212 1588 1239; x_wconf 86' lang='lat' dir='ltr'>Caesar</span> <span class='ocrx_word' id='word_1_768' title='bbox 1598 1211 1677 1239; x_wconf 78' lang='lat' dir='ltr'>ferret</span> <span class='ocrx_word' id='word_1_769' title='bbox 1686 1213 1720 1238; x_wconf 89' lang='lat' dir='ltr'>de</span> <span class='ocrx_word' id='word_1_770' title='bbox 1731 1218 1822 1239; x_wconf 83' lang='lat' dir='ltr'>aucto-</span> 
     </span>
     <span class='ocr_line' id='line_1_100' title="bbox 1031 1249 1822 1286; baseline -0.003 -9"><span class='ocrx_word' id='word_1_771' title='bbox 1031 1252 1107 1277; x_wconf 87' lang='lat' dir='ltr'>ritate</span> <span class='ocrx_word' id='word_1_772' title='bbox 1117 1252 1279 1286; x_wconf 84' lang='lat' dir='ltr'>perscripta:</span> <span class='ocrx_word' id='word_1_773' title='bbox 1291 1255 1401 1285; x_wconf 87' lang='lat' dir='ltr'>eratque</span> <span class='ocrx_word' id='word_1_774' title='bbox 1412 1258 1503 1276; x_wconf 90' lang='lat' dir='ltr'>rumor</span> <span class='ocrx_word' id='word_1_775' title='bbox 1512 1249 1546 1276; x_wconf 89' lang='lat' dir='ltr'>de</span> <span class='ocrx_word' id='word_1_776' title='bbox 1557 1249 1764 1284; x_wconf 79' lang='lat' dir='ltr'>Transpadanis,</span> <span class='ocrx_word' id='word_1_777' title='bbox 1776 1257 1822 1276; x_wconf 85' lang='lat' dir='ltr'>eos</span> 
     </span>
     <span class='ocr_line' id='line_1_101' title="bbox 1031 1286 1822 1323; baseline -0.001 -9"><span class='ocrx_word' id='word_1_778' title='bbox 1031 1288 1120 1314; x_wconf 88' lang='lat' dir='ltr'>iussos</span> <span class='ocrx_word' id='word_1_779' title='bbox 1131 1289 1228 1315; x_wconf 84' lang='lat' dir='ltr'>ivviros</span> <span class='ocrx_word' id='word_1_780' title='bbox 1241 1296 1341 1314; x_wconf 82' lang='lat' dir='ltr'>creare.</span> <span class='ocrx_word' id='word_1_781' title='bbox 1380 1286 1457 1319; x_wconf 91' lang='lat' dir='ltr'>Quod</span> <span class='ocrx_word' id='word_1_782' title='bbox 1468 1287 1492 1313; x_wconf 90' lang='lat' dir='ltr'>si</span> <span class='ocrx_word' id='word_1_783' title='bbox 1503 1287 1538 1313; x_wconf 88' lang='lat' dir='ltr'>ita</span> <span class='ocrx_word' id='word_1_784' title='bbox 1549 1291 1599 1317; x_wconf 90' lang='lat' dir='ltr'>est,</span> <span class='ocrx_word' id='word_1_785' title='bbox 1612 1295 1723 1323; x_wconf 80' lang='lat' dir='ltr'>magnos</span> <span class='ocrx_word' id='word_1_786' title='bbox 1734 1292 1822 1314; x_wconf 78' lang='lat' dir='ltr'>motus</span> 
     </span>
     <span class='ocr_line' id='line_1_102' title="bbox 1031 1324 1617 1360; baseline -0.003 -8"><span class='ocrx_word' id='word_1_787' title='bbox 1031 1325 1122 1352; x_wconf 89' lang='lat' dir='ltr'>timeo.</span> <span class='ocrx_word' id='word_1_788' title='bbox 1162 1325 1215 1352; x_wconf 90' lang='lat' dir='ltr'>Sed</span> <span class='ocrx_word' id='word_1_789' title='bbox 1226 1324 1331 1360; x_wconf 89' lang='lat' dir='ltr'>aliquid</span> <span class='ocrx_word' id='word_1_790' title='bbox 1342 1333 1376 1351; x_wconf 86' lang='lat' dir='ltr'>ex</span> <span class='ocrx_word' id='word_1_791' title='bbox 1387 1324 1513 1359; x_wconf 86' lang='lat' dir='ltr'>Pompeio</span> <span class='ocrx_word' id='word_1_792' title='bbox 1523 1325 1617 1351; x_wconf 89' lang='lat' dir='ltr'>sciam.</span> 
     </span>
    </p>
   </div>
   <div class='ocr_carea' id='block_1_16' title="bbox 1083 1394 1597 1419">
    <p class='ocr_par' dir='ltr' id='par_1_17' title="bbox 1083 1394 1597 1419">
     <span class='ocr_line' id='line_1_103' title="bbox 1083 1394 1597 1419; baseline -0.004 -4"><span class='ocrx_word' id='word_1_793' title='bbox 1083 1394 1123 1415; x_wconf 77' lang='grc' dir='ltr'><strong>[ΙΙ.</strong></span> <span class='ocrx_word' id='word_1_794' title='bbox 1150 1396 1179 1419; x_wconf 78' lang='lat' dir='ltr'>(Iu</span> <span class='ocrx_word' id='word_1_795' title='bbox 1189 1395 1306 1417; x_wconf 68' lang='lat' dir='ltr'>Trebulano,</span> <span class='ocrx_word' id='word_1_796' title='bbox 1316 1397 1374 1417; x_wconf 74' lang='lat' dir='ltr'>Ruso.</span> <span class='ocrx_word' id='word_1_797' title='bbox 1384 1397 1474 1415; x_wconf 65' lang='lat' dir='ltr'>Mna-cetto</span> <span class='ocrx_word' id='word_1_798' title='bbox 1485 1402 1531 1413; x_wconf 77' lang='lat' dir='ltr'>unu.</span> <span class='ocrx_word' id='word_1_799' title='bbox 1542 1397 1597 1416; x_wconf 79' lang='lat'>70³.)</span> 
     </span>
    </p>
   </div>
   <div class='ocr_carea' id='block_1_17' title="bbox 1028 1428 1823 2201">
    <p class='ocr_par' dir='ltr' id='par_1_18' title="bbox 1214 1428 1636 1458">
     <span class='ocr_line' id='line_1_104' title="bbox 1214 1428 1636 1458; baseline -0.002 -1"><span class='ocrx_word' id='word_1_800' title='bbox 1214 1429 1383 1458; x_wconf 88' lang='lat' dir='ltr'><strong>CICERO</strong></span> <span class='ocrx_word' id='word_1_801' title='bbox 1411 1429 1580 1458; x_wconf 85' lang='lat' dir='ltr'>ATTICO</span> <span class='ocrx_word' id='word_1_802' title='bbox 1608 1428 1636 1456; x_wconf 93' lang='lat' dir='ltr'>S.</span> 
     </span>
    </p>

    <p class='ocr_par' dir='ltr' id='par_1_19' title="bbox 1028 1463 1823 2201">
     <span class='ocr_line' id='line_1_105' title="bbox 1088 1463 1823 1494; baseline -0.001 0"><span class='ocrx_word' id='word_1_803' title='bbox 1088 1469 1112 1494; x_wconf 74' lang='lat' dir='ltr'>t.</span> <span class='ocrx_word' id='word_1_804' title='bbox 1122 1463 1161 1494; x_wconf 87' lang='lat' dir='ltr'>A.</span> <span class='ocrx_word' id='word_1_805' title='bbox 1173 1467 1201 1494; x_wconf 87' lang='lat' dir='ltr'>d.</span> <span class='ocrx_word' id='word_1_806' title='bbox 1215 1476 1250 1494; x_wconf 78' lang='lat' dir='ltr'>vi.</span> <span class='ocrx_word' id='word_1_807' title='bbox 1262 1467 1302 1494; x_wconf 93' lang='lat' dir='ltr'>Id.</span> <span class='ocrx_word' id='word_1_808' title='bbox 1314 1467 1377 1494; x_wconf 82' lang='lat' dir='ltr'>Mai.</span> <span class='ocrx_word' id='word_1_809' title='bbox 1389 1468 1452 1494; x_wconf 90' lang='lat' dir='ltr'>veni</span> <span class='ocrx_word' id='word_1_810' title='bbox 1469 1468 1495 1494; x_wconf 93' lang='lat' dir='ltr'>in</span> <span class='ocrx_word' id='word_1_811' title='bbox 1507 1466 1690 1493; x_wconf 84' lang='lat' dir='ltr'>Trebulanum</span> <span class='ocrx_word' id='word_1_812' title='bbox 1704 1465 1739 1493; x_wconf 83' lang='lat' dir='ltr'>ad</span> <span class='ocrx_word' id='word_1_813' title='bbox 1753 1465 1823 1493; x_wconf 74' lang='lat' dir='ltr'>Pon·</span> 
     </span>
     <span class='ocr_line' id='line_1_106' title="bbox 1031 1503 1823 1532; baseline -0.003 0"><span class='ocrx_word' id='word_1_814' title='bbox 1031 1506 1110 1532; x_wconf 89' lang='lat' dir='ltr'>tium.</span> <span class='ocrx_word' id='word_1_815' title='bbox 1139 1505 1179 1532; x_wconf 91' lang='lat' dir='ltr'>lbi</span> <span class='ocrx_word' id='word_1_816' title='bbox 1191 1505 1258 1532; x_wconf 87' lang='lat' dir='ltr'>mihi</span> <span class='ocrx_word' id='word_1_817' title='bbox 1269 1509 1330 1532; x_wconf 85' lang='lat' dir='ltr'>tuae</span> <span class='ocrx_word' id='word_1_818' title='bbox 1342 1504 1442 1531; x_wconf 88' lang='lat' dir='ltr'>litterae</span> <span class='ocrx_word' id='word_1_819' title='bbox 1454 1505 1532 1531; x_wconf 90' lang='lat' dir='ltr'>binae</span> <span class='ocrx_word' id='word_1_820' title='bbox 1543 1503 1662 1531; x_wconf 83' lang='lat' dir='ltr'>redditae</span> <span class='ocrx_word' id='word_1_821' title='bbox 1672 1508 1736 1530; x_wconf 90' lang='lat' dir='ltr'>sunt</span> <span class='ocrx_word' id='word_1_822' title='bbox 1747 1503 1823 1530; x_wconf 87' lang='lat' dir='ltr'>tertio</span> 
     </span>
     <span class='ocr_line' id='line_1_107' title="bbox 1030 1540 1823 1578; baseline -0.004 -9"><span class='ocrx_word' id='word_1_823' title='bbox 1030 1543 1079 1569; x_wconf 87' lang='lat' dir='ltr'>abs</span> <span class='ocrx_word' id='word_1_824' title='bbox 1090 1547 1114 1569; x_wconf 92' lang='lat' dir='ltr'>te</span> <span class='ocrx_word' id='word_1_825' title='bbox 1125 1542 1183 1569; x_wconf 91' lang='lat' dir='ltr'>die:</span> <span class='ocrx_word' id='word_1_826' title='bbox 1197 1542 1291 1569; x_wconf 84' lang='lat' dir='ltr'>eodem</span> <span class='ocrx_word' id='word_1_827' title='bbox 1302 1546 1400 1572; x_wconf 88' lang='lat' dir='ltr'>autem,</span> <span class='ocrx_word' id='word_1_828' title='bbox 1413 1550 1447 1569; x_wconf 85' lang='lat' dir='ltr'>ex</span> <span class='ocrx_word' id='word_1_829' title='bbox 1454 1540 1574 1578; x_wconf 79' lang='lat' dir='ltr'>[Pansae]</span> <span class='ocrx_word' id='word_1_830' title='bbox 1587 1541 1748 1576; x_wconf 84' lang='lat' dir='ltr'>Pompeiano</span> <span class='ocrx_word' id='word_1_831' title='bbox 1758 1540 1823 1567; x_wconf 83' lang='lat' dir='ltr'>Phi-</span> 
     </span>
     <span class='ocr_line' id='line_1_108' title="bbox 1031 1578 1822 1607; baseline -0.003 -1"><span class='ocrx_word' id='word_1_832' title='bbox 1031 1580 1123 1607; x_wconf 88' lang='lat' dir='ltr'>lotimo</span> <span class='ocrx_word' id='word_1_833' title='bbox 1142 1579 1269 1606; x_wconf 89' lang='lat' dir='ltr'>dederam</span> <span class='ocrx_word' id='word_1_834' title='bbox 1289 1579 1322 1606; x_wconf 88' lang='lat' dir='ltr'>ad</span> <span class='ocrx_word' id='word_1_835' title='bbox 1343 1583 1367 1606; x_wconf 89' lang='lat' dir='ltr'>te</span> <span class='ocrx_word' id='word_1_836' title='bbox 1384 1578 1495 1606; x_wconf 88' lang='lat' dir='ltr'>litteras.</span> <span class='ocrx_word' id='word_1_837' title='bbox 1535 1579 1589 1605; x_wconf 89' lang='lat' dir='ltr'>Nec</span> <span class='ocrx_word' id='word_1_838' title='bbox 1605 1586 1668 1604; x_wconf 90' lang='lat' dir='ltr'>vero</span> <span class='ocrx_word' id='word_1_839' title='bbox 1681 1586 1752 1605; x_wconf 92' lang='lat' dir='ltr'>nunc</span> <span class='ocrx_word' id='word_1_840' title='bbox 1767 1582 1822 1604; x_wconf 86' lang='lat' dir='ltr'>erat</span> 
     </span>
     <span class='ocr_line' id='line_1_109' title="bbox 1031 1614 1820 1652; baseline -0.003 -9"><span class='ocrx_word' id='word_1_841' title='bbox 1031 1625 1108 1648; x_wconf 86' lang='lat' dir='ltr'>sane,</span> <span class='ocrx_word' id='word_1_842' title='bbox 1135 1617 1202 1652; x_wconf 90' lang='lat' dir='ltr'>quid</span> <span class='ocrx_word' id='word_1_843' title='bbox 1226 1616 1384 1644; x_wconf 83' lang='lat' dir='ltr'>scriberem.</span> <span class='ocrx_word' id='word_1_844' title='bbox 1423 1616 1476 1649; x_wconf 86' lang='lat' dir='ltr'>Qui</span> <span class='ocrx_word' id='word_1_845' title='bbox 1491 1615 1525 1642; x_wconf 88' lang='lat' dir='ltr'>de</span> <span class='ocrx_word' id='word_1_846' title='bbox 1540 1614 1678 1650; x_wconf 78' lang='lat' dir='ltr'>republica</span> <span class='ocrx_word' id='word_1_847' title='bbox 1688 1622 1820 1645; x_wconf 82' lang='lat' dir='ltr'>rumores.</span> 
     </span>
     <span class='ocr_line' id='line_1_110' title="bbox 1030 1651 1822 1689; baseline -0.003 -9"><span class='ocrx_word' id='word_1_848' title='bbox 1030 1654 1118 1680; x_wconf 82' lang='lat' dir='ltr'>scribe</span> <span class='ocrx_word' id='word_1_849' title='bbox 1132 1662 1242 1689; x_wconf 84' lang='lat' dir='ltr'>quaeso.</span> <span class='ocrx_word' id='word_1_850' title='bbox 1282 1654 1312 1680; x_wconf 89' lang='lat' dir='ltr'>In</span> <span class='ocrx_word' id='word_1_851' title='bbox 1326 1653 1435 1688; x_wconf 87' lang='lat' dir='ltr'>oppidis</span> <span class='ocrx_word' id='word_1_852' title='bbox 1449 1653 1522 1680; x_wconf 90' lang='lat' dir='ltr'>enim</span> <span class='ocrx_word' id='word_1_853' title='bbox 1539 1661 1677 1679; x_wconf 82' lang='lat' dir='ltr'>summum</span> <span class='ocrx_word' id='word_1_854' title='bbox 1693 1651 1773 1678; x_wconf 74' lang='lat' dir='ltr'>video</span> <span class='ocrx_word' id='word_1_855' title='bbox 1787 1652 1822 1678; x_wconf 85' lang='lat' dir='ltr'>ti·</span> 
     </span>
     <span class='ocr_line' id='line_1_111' title="bbox 1031 1689 1823 1725; baseline -0.003 -8"><span class='ocrx_word' id='word_1_856' title='bbox 1031 1699 1146 1723; x_wconf 78' lang='lat' dir='ltr'>morem3</span> <span class='ocrx_word' id='word_1_857' title='bbox 1167 1691 1215 1718; x_wconf 90' lang='lat' dir='ltr'>sed</span> <span class='ocrx_word' id='word_1_858' title='bbox 1229 1690 1313 1717; x_wconf 87' lang='lat' dir='ltr'>multa</span> <span class='ocrx_word' id='word_1_859' title='bbox 1328 1691 1428 1717; x_wconf 87' lang='lat' dir='ltr'>inania.</span> <span class='ocrx_word' id='word_1_860' title='bbox 1468 1689 1540 1723; x_wconf 90' lang='lat' dir='ltr'>Quid</span> <span class='ocrx_word' id='word_1_861' title='bbox 1558 1689 1591 1716; x_wconf 89' lang='lat' dir='ltr'>de</span> <span class='ocrx_word' id='word_1_862' title='bbox 1606 1689 1650 1716; x_wconf 85' lang='lat' dir='ltr'>bis</span> <span class='ocrx_word' id='word_1_863' title='bbox 1663 1690 1778 1725; x_wconf 78' lang='lat' dir='ltr'>cogites,</span> <span class='ocrx_word' id='word_1_864' title='bbox 1796 1693 1823 1715; x_wconf 83' lang='lat' dir='ltr'>et</span> 
     </span>
     <span class='ocr_line' id='line_1_112' title="bbox 1030 1725 1822 1763; baseline -0.003 -9"><span class='ocrx_word' id='word_1_865' title='bbox 1030 1728 1146 1763; x_wconf 88' lang='lat' dir='ltr'>quando,</span> <span class='ocrx_word' id='word_1_866' title='bbox 1160 1729 1229 1755; x_wconf 88' lang='lat' dir='ltr'>scire</span> <span class='ocrx_word' id='word_1_867' title='bbox 1240 1727 1332 1754; x_wconf 85' lang='lat' dir='ltr'>velim.</span> <span class='ocrx_word' id='word_1_868' title='bbox 1366 1729 1391 1754; x_wconf 79' lang='lat'>2.</span> <span class='ocrx_word' id='word_1_869' title='bbox 1407 1727 1448 1753; x_wconf 85' lang='lat' dir='ltr'>Ad</span> <span class='ocrx_word' id='word_1_870' title='bbox 1458 1735 1526 1762; x_wconf 90' lang='lat' dir='ltr'>quas</span> <span class='ocrx_word' id='word_1_871' title='bbox 1538 1726 1638 1754; x_wconf 79' lang='lat' dir='ltr'>litteras</span> <span class='ocrx_word' id='word_1_872' title='bbox 1648 1726 1699 1753; x_wconf 88' lang='lat' dir='ltr'>tibi</span> <span class='ocrx_word' id='word_1_873' title='bbox 1709 1725 1822 1753; x_wconf 86' lang='lat' dir='ltr'>rescribi</span> 
     </span>
     <span class='ocr_line' id='line_1_113' title="bbox 1031 1764 1822 1798; baseline -0.003 -7"><span class='ocrx_word' id='word_1_874' title='bbox 1031 1765 1108 1796; x_wconf 84' lang='lat' dir='ltr'>velis,</span> <span class='ocrx_word' id='word_1_875' title='bbox 1122 1766 1222 1791; x_wconf 91' lang='lat' dir='ltr'>nescio.</span> <span class='ocrx_word' id='word_1_876' title='bbox 1253 1764 1348 1791; x_wconf 86' lang='lat' dir='ltr'>Nullas</span> <span class='ocrx_word' id='word_1_877' title='bbox 1358 1764 1430 1790; x_wconf 91' lang='lat' dir='ltr'>enim</span> <span class='ocrx_word' id='word_1_878' title='bbox 1442 1764 1530 1790; x_wconf 86' lang='lat' dir='ltr'>adhuc</span> <span class='ocrx_word' id='word_1_879' title='bbox 1541 1771 1704 1798; x_wconf 80' lang='lat' dir='ltr'>acceperam,</span> <span class='ocrx_word' id='word_1_880' title='bbox 1718 1768 1822 1798; x_wconf 86' lang='lat' dir='ltr'>praeter</span> 
     </span>
     <span class='ocr_line' id='line_1_114' title="bbox 1030 1800 1818 1837; baseline -0.003 -9"><span class='ocrx_word' id='word_1_881' title='bbox 1030 1810 1098 1837; x_wconf 91' lang='lat' dir='ltr'>quae</span> <span class='ocrx_word' id='word_1_882' title='bbox 1119 1802 1186 1828; x_wconf 91' lang='lat' dir='ltr'>mihi</span> <span class='ocrx_word' id='word_1_883' title='bbox 1207 1802 1286 1828; x_wconf 88' lang='lat' dir='ltr'>binae</span> <span class='ocrx_word' id='word_1_884' title='bbox 1301 1801 1383 1827; x_wconf 90' lang='lat' dir='ltr'>simul</span> <span class='ocrx_word' id='word_1_885' title='bbox 1401 1802 1428 1827; x_wconf 95' lang='lat' dir='ltr'>in</span> <span class='ocrx_word' id='word_1_886' title='bbox 1443 1800 1594 1827; x_wconf 86' lang='lat' dir='ltr'>Trebulano</span> <span class='ocrx_word' id='word_1_887' title='bbox 1609 1800 1727 1827; x_wconf 83' lang='lat' dir='ltr'>redditae</span> <span class='ocrx_word' id='word_1_888' title='bbox 1741 1805 1818 1827; x_wconf 90' lang='lat' dir='ltr'>sunt:</span> 
     </span>
     <span class='ocr_line' id='line_1_115' title="bbox 1029 1837 1822 1874; baseline -0.003 -9"><span class='ocrx_word' id='word_1_889' title='bbox 1029 1847 1144 1874; x_wconf 91' lang='lat' dir='ltr'>quarum</span> <span class='ocrx_word' id='word_1_890' title='bbox 1163 1839 1260 1866; x_wconf 87' lang='lat' dir='ltr'>alterae.</span> <span class='ocrx_word' id='word_1_891' title='bbox 1275 1838 1392 1865; x_wconf 88' lang='lat' dir='ltr'>edictum</span> <span class='ocrx_word' id='word_1_892' title='bbox 1409 1839 1438 1864; x_wconf 89' lang='lat' dir='ltr'>P.</span> <span class='ocrx_word' id='word_1_893' title='bbox 1455 1838 1553 1865; x_wconf 90' lang='lat' dir='ltr'>Licinii</span> <span class='ocrx_word' id='word_1_894' title='bbox 1567 1837 1715 1868; x_wconf 78' lang='lat' dir='ltr'>habebant,</span> <span class='ocrx_word' id='word_1_895' title='bbox 1737 1838 1822 1872; x_wconf 83' lang='lat' dir='ltr'>(erant</span> 
     </span>
     <span class='ocr_line' id='line_1_116' title="bbox 1029 1874 1821 1910; baseline -0.003 -7"><span class='ocrx_word' id='word_1_896' title='bbox 1029 1881 1118 1903; x_wconf 84' lang='lat' dir='ltr'>autem</span> <span class='ocrx_word' id='word_1_897' title='bbox 1135 1877 1203 1903; x_wconf 82' lang='lat' dir='ltr'>Non.</span> <span class='ocrx_word' id='word_1_898' title='bbox 1220 1877 1283 1903; x_wconf 80' lang='lat' dir='ltr'>Mai.</span> <span class='ocrx_word' id='word_1_899' title='bbox 1299 1875 1396 1910; x_wconf 77' lang='lat' dir='ltr'>datae.)</span> <span class='ocrx_word' id='word_1_900' title='bbox 1412 1875 1509 1902; x_wconf 80' lang='lat' dir='ltr'>alterae</span> <span class='ocrx_word' id='word_1_901' title='bbox 1529 1876 1674 1909; x_wconf 86' lang='lat' dir='ltr'>rescriptae</span> <span class='ocrx_word' id='word_1_902' title='bbox 1694 1874 1727 1901; x_wconf 88' lang='lat' dir='ltr'>ad</span> <span class='ocrx_word' id='word_1_903' title='bbox 1747 1882 1821 1901; x_wconf 89' lang='lat' dir='ltr'>meas</span> 
     </span>
     <span class='ocr_line' id='line_1_117' title="bbox 1030 1911 1820 1947; baseline -0.003 -7"><span class='ocrx_word' id='word_1_904' title='bbox 1030 1914 1238 1940; x_wconf 85' lang='lat' dir='ltr'>Minturnenses.</span> <span class='ocrx_word' id='word_1_905' title='bbox 1277 1912 1363 1945; x_wconf 87' lang='lat' dir='ltr'>Quam</span> <span class='ocrx_word' id='word_1_906' title='bbox 1380 1921 1485 1944; x_wconf 84' lang='lat' dir='ltr'>vereor,</span> <span class='ocrx_word' id='word_1_907' title='bbox 1505 1921 1539 1939; x_wconf 82' lang='lat' dir='ltr'>ne</span> <span class='ocrx_word' id='word_1_908' title='bbox 1554 1911 1622 1947; x_wconf 91' lang='lat' dir='ltr'>quid</span> <span class='ocrx_word' id='word_1_909' title='bbox 1636 1911 1718 1939; x_wconf 79' lang='lat' dir='ltr'>fuerit</span> <span class='ocrx_word' id='word_1_910' title='bbox 1736 1921 1820 1939; x_wconf 80' lang='grc' dir='ltr'>σπου-</span> 
     </span>
     <span class='ocr_line' id='line_1_118' title="bbox 1029 1948 1818 1986; baseline -0.001 -10"><span class='ocrx_word' id='word_1_911' title='bbox 1029 1950 1164 1986; x_wconf 75' lang='grc' dir='ltr'>δαιότερον</span> <span class='ocrx_word' id='word_1_912' title='bbox 1175 1951 1202 1977; x_wconf 86' lang='lat' dir='ltr'>in</span> <span class='ocrx_word' id='word_1_913' title='bbox 1215 1951 1258 1980; x_wconf 82' lang='lat' dir='ltr'>iis.</span> <span class='ocrx_word' id='word_1_914' title='bbox 1274 1958 1342 1985; x_wconf 88' lang='lat' dir='ltr'>quas</span> <span class='ocrx_word' id='word_1_915' title='bbox 1354 1958 1406 1976; x_wconf 90' lang='lat' dir='ltr'>non</span> <span class='ocrx_word' id='word_1_916' title='bbox 1417 1950 1518 1985; x_wconf 87' lang='lat' dir='ltr'>accepi,</span> <span class='ocrx_word' id='word_1_917' title='bbox 1529 1949 1632 1984; x_wconf 87' lang='lat' dir='ltr'>quibus</span> <span class='ocrx_word' id='word_1_918' title='bbox 1643 1948 1756 1976; x_wconf 86' lang='lat' dir='ltr'>rescribi</span> <span class='ocrx_word' id='word_1_919' title='bbox 1767 1949 1818 1975; x_wconf 85' lang='lat' dir='ltr'>vis.</span> 
     </span>
     <span class='ocr_line' id='line_1_119' title="bbox 1029 1986 1820 2023; baseline -0.003 -9"><span class='ocrx_word' id='word_1_920' title='bbox 1029 1989 1054 2014; x_wconf 88' lang='grc'>3.</span> <span class='ocrx_word' id='word_1_921' title='bbox 1076 1987 1155 2022; x_wconf 76' lang='lat' dir='ltr'>Apud</span> <span class='ocrx_word' id='word_1_922' title='bbox 1171 1987 1315 2014; x_wconf 87' lang='lat' dir='ltr'>Lentulum</span> <span class='ocrx_word' id='word_1_923' title='bbox 1330 1995 1428 2022; x_wconf 89' lang='lat' dir='ltr'>ponam</span> <span class='ocrx_word' id='word_1_924' title='bbox 1439 1992 1464 2014; x_wconf 88' lang='lat' dir='ltr'>te</span> <span class='ocrx_word' id='word_1_925' title='bbox 1475 1988 1502 2014; x_wconf 92' lang='lat' dir='ltr'>in</span> <span class='ocrx_word' id='word_1_926' title='bbox 1513 1987 1636 2023; x_wconf 81' lang='lat' dir='ltr'>gratiam.</span> <span class='ocrx_word' id='word_1_927' title='bbox 1675 1986 1820 2021; x_wconf 75' lang='lat' dir='ltr'>Dionysius</span> 
     </span>
     <span class='ocr_line' id='line_1_120' title="bbox 1030 2023 1734 2059; baseline -0.003 -7"><span class='ocrx_word' id='word_1_928' title='bbox 1030 2025 1108 2052; x_wconf 86' lang='lat' dir='ltr'>nobis</span> <span class='ocrx_word' id='word_1_929' title='bbox 1118 2025 1192 2052; x_wconf 86' lang='lat' dir='ltr'>oordi</span> <span class='ocrx_word' id='word_1_930' title='bbox 1204 2029 1253 2051; x_wconf 87' lang='lat' dir='ltr'>est.</span> <span class='ocrx_word' id='word_1_931' title='bbox 1291 2025 1407 2051; x_wconf 86' lang='lat' dir='ltr'>Nicanor</span> <span class='ocrx_word' id='word_1_932' title='bbox 1418 2029 1480 2050; x_wconf 91' lang='lat' dir='ltr'>tuus</span> <span class='ocrx_word' id='word_1_933' title='bbox 1490 2032 1599 2059; x_wconf 85' lang='lat' dir='ltr'>operam</span> <span class='ocrx_word' id='word_1_934' title='bbox 1610 2023 1679 2050; x_wconf 90' lang='lat' dir='ltr'>mihi</span> <span class='ocrx_word' id='word_1_935' title='bbox 1688 2023 1734 2050; x_wconf 89' lang='lat' dir='ltr'>dat</span> 
     </span>
     <span class='ocr_line' id='line_1_121' title="bbox 1029 2060 1820 2097; baseline -0.004 -8"><span class='ocrx_word' id='word_1_936' title='bbox 1029 2063 1112 2097; x_wconf 83' lang='lat' dir='ltr'>giam.</span> <span class='ocrx_word' id='word_1_937' title='bbox 1144 2063 1200 2089; x_wconf 87' lang='lat' dir='ltr'>Iam</span> <span class='ocrx_word' id='word_1_938' title='bbox 1210 2061 1294 2093; x_wconf 81' lang='lat' dir='ltr'>deest,</span> <span class='ocrx_word' id='word_1_939' title='bbox 1307 2061 1380 2096; x_wconf 88' lang='lat' dir='ltr'>quod</span> <span class='ocrx_word' id='word_1_940' title='bbox 1390 2061 1520 2094; x_wconf 72' lang='lat' dir='ltr'>scribam3</span> <span class='ocrx_word' id='word_1_941' title='bbox 1536 2065 1563 2088; x_wconf 88' lang='lat' dir='ltr'>et</span> <span class='ocrx_word' id='word_1_942' title='bbox 1572 2060 1652 2088; x_wconf 80' lang='lat' dir='ltr'>lucet.</span> <span class='ocrx_word' id='word_1_943' title='bbox 1682 2061 1820 2087; x_wconf 78' lang='lat' dir='ltr'>Beneven-</span> 
     </span>
     <span class='ocr_line' id='line_1_122' title="bbox 1029 2094 1820 2136; baseline -0.004 -10"><span class='ocrx_word' id='word_1_944' title='bbox 1029 2105 1086 2127; x_wconf 88' lang='lat' dir='ltr'>tum</span> <span class='ocrx_word' id='word_1_945' title='bbox 1105 2101 1115 2112; x_wconf 82' lang='grc'><em>“</em></span> <span class='ocrx_word' id='word_1_946' title='bbox 1130 2099 1283 2136; x_wconf 82' lang='lat' dir='ltr'>cogitabam</span> <span class='ocrx_word' id='word_1_947' title='bbox 1301 2098 1391 2125; x_wconf 86' lang='lat' dir='ltr'>hodie.</span> <span class='ocrx_word' id='word_1_948' title='bbox 1430 2099 1525 2126; x_wconf 86' lang='lat' dir='ltr'>Nostra</span> <span class='ocrx_word' id='word_1_949' title='bbox 1539 2094 1702 2125; x_wconf 70' lang='lat' dir='ltr'>coutinentia</span> <span class='ocrx_word' id='word_1_950' title='bbox 1716 2101 1742 2124; x_wconf 87' lang='lat' dir='ltr'>et</span> <span class='ocrx_word' id='word_1_951' title='bbox 1755 2095 1820 2123; x_wconf 91' lang='lat' dir='ltr'>dili-</span> 
     </span>
     <span class='ocr_line' id='line_1_123' title="bbox 1028 2133 1820 2173; baseline -0.005 -9"><span class='ocrx_word' id='word_1_952' title='bbox 1028 2137 1118 2173; x_wconf 82' lang='lat' dir='ltr'>gentia</span> <span class='ocrx_word' id='word_1_953' title='bbox 1129 2145 1188 2163; x_wconf 86' lang='lat' dir='ltr'>esse</span> <span class='ocrx_word' id='word_1_954' title='bbox 1198 2135 1323 2163; x_wconf 74' lang='lat' dir='ltr'>satis—⁶?</span> <span class='ocrx_word' id='word_1_955' title='bbox 1334 2135 1464 2163; x_wconf 80' lang='lat' dir='ltr'>faciemus</span> <span class='ocrx_word' id='word_1_956' title='bbox 1473 2136 1549 2163; x_wconf 86' lang='lat' dir='ltr'>satis.</span> <span class='ocrx_word' id='word_1_957' title='bbox 1570 2135 1592 2162; x_wconf 82' lang='grc' dir='ltr'><strong>Α</strong></span> <span class='ocrx_word' id='word_1_958' title='bbox 1603 2135 1704 2166; x_wconf 82' lang='lat' dir='ltr'>Pontio.</span> <span class='ocrx_word' id='word_1_959' title='bbox 1715 2133 1820 2162; x_wconf 83' lang='lat' dir='ltr'>exTre-</span> 
     </span>
     <span class='ocr_line' id='line_1_124' title="bbox 1029 2173 1368 2201; baseline -0.006 0"><span class='ocrx_word' id='word_1_960' title='bbox 1029 2173 1128 2201; x_wconf 85' lang='lat' dir='ltr'>bulano</span> <span class='ocrx_word' id='word_1_961' title='bbox 1138 2183 1162 2201; x_wconf 88' lang='lat' dir='ltr'>a.</span> <span class='ocrx_word' id='word_1_962' title='bbox 1174 2173 1202 2200; x_wconf 95' lang='lat' dir='ltr'>d.</span> <span class='ocrx_word' id='word_1_963' title='bbox 1215 2182 1241 2200; x_wconf 90' lang='lat' dir='ltr'>v.</span> <span class='ocrx_word' id='word_1_964' title='bbox 1254 2173 1293 2200; x_wconf 90' lang='lat' dir='ltr'>Id.</span> <span class='ocrx_word' id='word_1_965' title='bbox 1305 2173 1368 2199; x_wconf 87' lang='lat' dir='ltr'>Mai.</span> 
     </span>
    </p>
   </div>
   <div class='ocr_carea' id='block_1_18' title="bbox 1081 2243 1559 2267">
    <p class='ocr_par' dir='ltr' id='par_1_20' title="bbox 1081 2243 1559 2267">
     <span class='ocr_line' id='line_1_125' title="bbox 1081 2243 1559 2267; baseline -0.008 -3"><span class='ocrx_word' id='word_1_966' title='bbox 1081 2243 1120 2264; x_wconf 72' lang='lat' dir='ltr'>[V.</span> <span class='ocrx_word' id='word_1_967' title='bbox 1148 2244 1269 2267; x_wconf 69' lang='lat' dir='ltr'>(Beneventi,</span> <span class='ocrx_word' id='word_1_968' title='bbox 1279 2245 1337 2264; x_wconf 74' lang='lat' dir='ltr'>Ruso,</span> <span class='ocrx_word' id='word_1_969' title='bbox 1346 2244 1438 2262; x_wconf 59' lang='lat' dir='ltr'>Mart-&lt;110</span> <span class='ocrx_word' id='word_1_970' title='bbox 1447 2250 1493 2260; x_wconf 72' lang='lat' dir='ltr'>eou-</span> <span class='ocrx_word' id='word_1_971' title='bbox 1505 2245 1559 2264; x_wconf 61' lang='lat' dir='ltr'>toa.)</span> 
     </span>
    </p>
   </div>
   <div class='ocr_carea' id='block_1_19' title="bbox 1028 2285 1819 2437">
    <p class='ocr_par' dir='ltr' id='par_1_21' title="bbox 1028 2285 1819 2437">
     <span class='ocr_line' id='line_1_126' title="bbox 1209 2285 1632 2315; baseline -0.007 0"><span class='ocrx_word' id='word_1_972' title='bbox 1209 2286 1376 2315; x_wconf 88' lang='lat' dir='ltr'><strong>CICERO</strong></span> <span class='ocrx_word' id='word_1_973' title='bbox 1407 2285 1576 2313; x_wconf 85' lang='lat' dir='ltr'>ATTICO</span> <span class='ocrx_word' id='word_1_974' title='bbox 1603 2285 1632 2312; x_wconf 83' lang='lat' dir='ltr'>S.</span> 
     </span>
     <span class='ocr_line' id='line_1_127' title="bbox 1085 2323 1819 2366; baseline -0.007 -11"><span class='ocrx_word' id='word_1_975' title='bbox 1085 2331 1109 2355; x_wconf 72' lang='lat'>⁴.</span> <span class='ocrx_word' id='word_1_976' title='bbox 1130 2323 1319 2355; x_wconf 87' lang='lat' dir='ltr'>Beneventum</span> <span class='ocrx_word' id='word_1_977' title='bbox 1337 2328 1397 2354; x_wconf 78' lang='lat' dir='ltr'>veui</span> <span class='ocrx_word' id='word_1_978' title='bbox 1413 2336 1437 2353; x_wconf 89' lang='lat' dir='ltr'>a.</span> <span class='ocrx_word' id='word_1_979' title='bbox 1451 2326 1480 2353; x_wconf 94' lang='lat' dir='ltr'>d.</span> <span class='ocrx_word' id='word_1_980' title='bbox 1496 2335 1523 2353; x_wconf 73' lang='grc' dir='ltr'>τ.</span> <span class='ocrx_word' id='word_1_981' title='bbox 1539 2326 1579 2353; x_wconf 91' lang='lat' dir='ltr'>Id.</span> <span class='ocrx_word' id='word_1_982' title='bbox 1590 2325 1652 2352; x_wconf 79' lang='lat' dir='ltr'>Mai.</span> <span class='ocrx_word' id='word_1_983' title='bbox 1675 2323 1716 2366; x_wconf 77' lang='lat' dir='ltr'>Ibi</span> <span class='ocrx_word' id='word_1_984' title='bbox 1726 2326 1819 2359; x_wconf 83' lang='lat' dir='ltr'>accepi</span> 
     </span>
     <span class='ocr_line' id='line_1_128' title="bbox 1028 2360 1818 2401; baseline -0.006 -9"><span class='ocrx_word' id='word_1_985' title='bbox 1028 2374 1073 2392; x_wconf 91' lang='lat' dir='ltr'>eas</span> <span class='ocrx_word' id='word_1_986' title='bbox 1085 2365 1198 2397; x_wconf 85' lang='lat' dir='ltr'>litteras,</span> <span class='ocrx_word' id='word_1_987' title='bbox 1214 2374 1283 2401; x_wconf 86' lang='lat' dir='ltr'>quas</span> <span class='ocrx_word' id='word_1_988' title='bbox 1297 2370 1326 2392; x_wconf 88' lang='lat' dir='ltr'>tu</span> <span class='ocrx_word' id='word_1_989' title='bbox 1339 2363 1526 2399; x_wconf 89' lang='lat' dir='ltr'>superioribus</span> <span class='ocrx_word' id='word_1_990' title='bbox 1540 2363 1634 2389; x_wconf 86' lang='lat' dir='ltr'>litteris</span> <span class='ocrx_word' id='word_1_991' title='bbox 1645 2360 1818 2397; x_wconf 49' lang='lat' dir='ltr'>significavi.»</span> 
     </span>
     <span class='ocr_line' id='line_1_129' title="bbox 1028 2397 1818 2437; baseline -0.008 -7"><span class='ocrx_word' id='word_1_992' title='bbox 1028 2411 1070 2429; x_wconf 89' lang='lat' dir='ltr'>ras</span> <span class='ocrx_word' id='word_1_993' title='bbox 1086 2408 1111 2430; x_wconf 85' lang='lat' dir='ltr'>te</span> <span class='ocrx_word' id='word_1_994' title='bbox 1127 2403 1250 2430; x_wconf 86' lang='lat' dir='ltr'>dedisse:</span> <span class='ocrx_word' id='word_1_995' title='bbox 1272 2402 1306 2429; x_wconf 90' lang='lat' dir='ltr'>ad</span> <span class='ocrx_word' id='word_1_996' title='bbox 1320 2410 1389 2437; x_wconf 86' lang='lat' dir='ltr'>quas</span> <span class='ocrx_word' id='word_1_997' title='bbox 1404 2409 1453 2437; x_wconf 83' lang='lat' dir='ltr'>ego</span> <span class='ocrx_word' id='word_1_998' title='bbox 1469 2401 1528 2435; x_wconf 88' lang='lat' dir='ltr'>ipso</span> <span class='ocrx_word' id='word_1_999' title='bbox 1541 2407 1573 2426; x_wconf 89' lang='lat' dir='ltr'>eo</span> <span class='ocrx_word' id='word_1_1000' title='bbox 1587 2399 1631 2425; x_wconf 89' lang='lat' dir='ltr'>die</span> <span class='ocrx_word' id='word_1_1001' title='bbox 1646 2397 1772 2424; x_wconf 90' lang='lat' dir='ltr'>dederam</span> <span class='ocrx_word' id='word_1_1002' title='bbox 1783 2406 1818 2425; x_wconf 84' lang='lat' dir='ltr'>ex</span> 
     </span>
    </p>
   </div>
   <div class='ocr_carea' id='block_1_20' title="bbox 1027 2435 1818 2513">
    <p class='ocr_par' dir='ltr' id='par_1_22' title="bbox 1027 2435 1818 2513">
     <span class='ocr_line' id='line_1_130' title="bbox 1027 2435 1818 2472; baseline -0.008 -5"><span class='ocrx_word' id='word_1_1003' title='bbox 1027 2440 1178 2467; x_wconf 89' lang='lat' dir='ltr'>Trebulano</span> <span class='ocrx_word' id='word_1_1004' title='bbox 1189 2449 1203 2466; x_wconf 92' lang='lat' dir='ltr'>a</span> <span class='ocrx_word' id='word_1_1005' title='bbox 1214 2440 1316 2467; x_wconf 87' lang='lat' dir='ltr'>Pontio.</span> <span class='ocrx_word' id='word_1_1006' title='bbox 1345 2439 1383 2465; x_wconf 81' lang='lat' dir='ltr'>Ac</span> <span class='ocrx_word' id='word_1_1007' title='bbox 1394 2438 1471 2465; x_wconf 85' lang='lat' dir='ltr'>binas</span> <span class='ocrx_word' id='word_1_1008' title='bbox 1481 2437 1591 2472; x_wconf 88' lang='lat' dir='ltr'>quidem</span> <span class='ocrx_word' id='word_1_1009' title='bbox 1603 2441 1662 2462; x_wconf 83' lang='lat' dir='ltr'>tuas</span> <span class='ocrx_word' id='word_1_1010' title='bbox 1671 2435 1818 2462; x_wconf 83' lang='lat' dir='ltr'>Beneventi</span> 
     </span>
     <span class='ocr_line' id='line_1_131' title="bbox 1027 2472 1818 2513; baseline -0.008 -9"><span class='ocrx_word' id='word_1_1011' title='bbox 1027 2478 1128 2513; x_wconf 85' lang='lat' dir='ltr'>accepi.</span> <span class='ocrx_word' id='word_1_1012' title='bbox 1172 2477 1292 2509; x_wconf 88' lang='lat' dir='ltr'>Quarum</span> <span class='ocrx_word' id='word_1_1013' title='bbox 1316 2475 1412 2502; x_wconf 88' lang='lat' dir='ltr'>alteras</span> <span class='ocrx_word' id='word_1_1014' title='bbox 1431 2473 1614 2501; x_wconf 80' lang='lat' dir='ltr'>Funisulanus</span> <span class='ocrx_word' id='word_1_1015' title='bbox 1633 2472 1718 2499; x_wconf 73' lang='lat' dir='ltr'>multo</span> <span class='ocrx_word' id='word_1_1016' title='bbox 1738 2480 1818 2499; x_wconf 84' lang='lat' dir='ltr'>mane</span> 
     </span>
    </p>
   </div>
   <div class='ocr_carea' id='block_1_21' title="bbox 1025 2510 1818 2695">
    <p class='ocr_par' dir='ltr' id='par_1_23' title="bbox 1025 2510 1818 2695">
     <span class='ocr_line' id='line_1_132' title="bbox 1026 2510 1818 2545; baseline -0.008 -4"><span class='ocrx_word' id='word_1_1017' title='bbox 1026 2515 1096 2541; x_wconf 88' lang='lat' dir='ltr'>mihi</span> <span class='ocrx_word' id='word_1_1018' title='bbox 1110 2514 1198 2545; x_wconf 89' lang='lat' dir='ltr'>dedit,</span> <span class='ocrx_word' id='word_1_1019' title='bbox 1220 2514 1316 2541; x_wconf 86' lang='lat' dir='ltr'>alteras</span> <span class='ocrx_word' id='word_1_1020' title='bbox 1335 2512 1424 2539; x_wconf 87' lang='lat' dir='ltr'>scriba</span> <span class='ocrx_word' id='word_1_1021' title='bbox 1442 2510 1558 2538; x_wconf 87' lang='lat' dir='ltr'>Tullius.</span> <span class='ocrx_word' id='word_1_1022' title='bbox 1597 2510 1757 2537; x_wconf 87' lang='lat' dir='ltr'>Gratissima</span> <span class='ocrx_word' id='word_1_1023' title='bbox 1776 2513 1818 2536; x_wconf 57' lang='lat' dir='ltr'>est</span> 
     </span>
     <span class='ocr_line' id='line_1_133' title="bbox 1027 2546 1815 2583; baseline -0.008 -5"><span class='ocrx_word' id='word_1_1024' title='bbox 1027 2551 1096 2578; x_wconf 89' lang='lat' dir='ltr'>mihi</span> <span class='ocrx_word' id='word_1_1025' title='bbox 1110 2556 1155 2578; x_wconf 89' lang='lat' dir='ltr'>tua</span> <span class='ocrx_word' id='word_1_1026' title='bbox 1170 2559 1235 2578; x_wconf 88' lang='lat' dir='ltr'>cura</span> <span class='ocrx_word' id='word_1_1027' title='bbox 1245 2550 1278 2577; x_wconf 88' lang='lat' dir='ltr'>de</span> <span class='ocrx_word' id='word_1_1028' title='bbox 1289 2549 1335 2576; x_wconf 89' lang='lat' dir='ltr'>illo</span> <span class='ocrx_word' id='word_1_1029' title='bbox 1346 2557 1405 2575; x_wconf 90' lang='lat' dir='ltr'>meo</span> <span class='ocrx_word' id='word_1_1030' title='bbox 1415 2549 1502 2583; x_wconf 89' lang='lat' dir='ltr'>primo</span> <span class='ocrx_word' id='word_1_1031' title='bbox 1514 2553 1541 2574; x_wconf 91' lang='lat' dir='ltr'>et</span> <span class='ocrx_word' id='word_1_1032' title='bbox 1551 2548 1669 2574; x_wconf 89' lang='lat' dir='ltr'>maximo</span> <span class='ocrx_word' id='word_1_1033' title='bbox 1679 2546 1815 2573; x_wconf 85' lang='lat' dir='ltr'>mandato.</span> 
     </span>
     <span class='ocr_line' id='line_1_134' title="bbox 1027 2582 1814 2623; baseline -0.008 -8"><span class='ocrx_word' id='word_1_1034' title='bbox 1027 2588 1080 2615; x_wconf 86' lang='lat' dir='ltr'>Sed</span> <span class='ocrx_word' id='word_1_1035' title='bbox 1094 2593 1139 2615; x_wconf 89' lang='lat' dir='ltr'>tua</span> <span class='ocrx_word' id='word_1_1036' title='bbox 1154 2587 1282 2623; x_wconf 82' lang='lat' dir='ltr'>profectio</span> <span class='ocrx_word' id='word_1_1037' title='bbox 1296 2594 1373 2622; x_wconf 89' lang='lat' dir='ltr'>spem</span> <span class='ocrx_word' id='word_1_1038' title='bbox 1387 2593 1474 2611; x_wconf 84' lang='lat' dir='ltr'>meam</span> <span class='ocrx_word' id='word_1_1039' title='bbox 1489 2584 1621 2611; x_wconf 79' lang='lat' dir='ltr'>debilitat.</span> <span class='ocrx_word' id='word_1_1040' title='bbox 1660 2584 1699 2610; x_wconf 86' lang='lat' dir='ltr'>Ac</span> <span class='ocrx_word' id='word_1_1041' title='bbox 1709 2592 1743 2610; x_wconf 89' lang='lat' dir='ltr'>ne</span> <span class='ocrx_word' id='word_1_1042' title='bbox 1753 2582 1814 2610; x_wconf 91' lang='lat' dir='ltr'>ille:</span> 
     </span>
     <span class='ocr_line' id='line_1_135' title="bbox 1026 2621 1816 2660; baseline -0.006 -9"><span class='ocrx_word' id='word_1_1043' title='bbox 1026 2625 1092 2651; x_wconf 90' lang='lat' dir='ltr'>illuc</span> <span class='ocrx_word' id='word_1_1044' title='bbox 1107 2625 1218 2660; x_wconf 88' lang='lat' dir='ltr'>quidem</span> <span class='ocrx_word' id='word_1_1045' title='bbox 1233 2624 1320 2654; x_wconf 82' lang='lat' dir='ltr'>labar,</span> <span class='ocrx_word' id='word_1_1046' title='bbox 1336 2631 1389 2649; x_wconf 85' lang='lat' dir='ltr'>non</span> <span class='ocrx_word' id='word_1_1047' title='bbox 1400 2630 1467 2657; x_wconf 84' lang='lat' dir='ltr'>qu03</span> <span class='ocrx_word' id='word_1_1048' title='bbox 1485 2621 1533 2648; x_wconf 88' lang='lat' dir='ltr'>sed</span> <span class='ocrx_word' id='word_1_1049' title='bbox 1547 2622 1637 2656; x_wconf 91' lang='lat' dir='ltr'>inopia</span> <span class='ocrx_word' id='word_1_1050' title='bbox 1652 2621 1775 2656; x_wconf 82' lang='lat' dir='ltr'>cogimur</span> <span class='ocrx_word' id='word_1_1051' title='bbox 1784 2628 1816 2646; x_wconf 90' lang='lat' dir='ltr'>eo</span> 
     </span>
     <span class='ocr_line' id='line_1_136' title="bbox 1025 2657 1816 2695; baseline -0.008 -5"><span class='ocrx_word' id='word_1_1052' title='bbox 1025 2662 1144 2690; x_wconf 86' lang='lat' dir='ltr'>contenti</span> <span class='ocrx_word' id='word_1_1053' title='bbox 1153 2670 1223 2689; x_wconf 87' lang='lat' dir='ltr'>esse.</span> <span class='ocrx_word' id='word_1_1054' title='bbox 1257 2662 1284 2688; x_wconf 76' lang='lat'>2.</span> <span class='ocrx_word' id='word_1_1055' title='bbox 1303 2660 1341 2687; x_wconf 87' lang='lat' dir='ltr'>De</span> <span class='ocrx_word' id='word_1_1056' title='bbox 1351 2658 1398 2686; x_wconf 89' lang='lat' dir='ltr'>illo</span> <span class='ocrx_word' id='word_1_1057' title='bbox 1407 2658 1499 2691; x_wconf 84' lang='lat' dir='ltr'>altero,</span> <span class='ocrx_word' id='word_1_1058' title='bbox 1510 2667 1592 2695; x_wconf 84' lang='lat' dir='ltr'>quem</span> <span class='ocrx_word' id='word_1_1059' title='bbox 1603 2658 1701 2685; x_wconf 86' lang='lat' dir='ltr'>scribis</span> <span class='ocrx_word' id='word_1_1060' title='bbox 1711 2657 1761 2684; x_wconf 86' lang='lat' dir='ltr'>tihi</span> <span class='ocrx_word' id='word_1_1061' title='bbox 1773 2657 1816 2684; x_wconf 79' lang='lat' dir='ltr'>vi-</span> 
     </span>
    </p>
   </div>
  </div>
 </body>
</html>
