1941 3052
261 104 308 129 anu
832 104 873 130 75.
910 104 943 129 M.
977 104 1007 130 Τ,

261 173 330 199 blica
342 173 426 207 capio,
440 172 536 199 domus
549 173 599 199 inm
612 172 742 198 consolari
755 177 848 207 potest,
866 182 913 199 nec
924 173 1053 200 domesti-

259 219 321 236 ctun
347 210 508 244 respublica.
540 213 564 235 3,
582 211 639 241 Quo
652 211 737 242 magis
750 215 773 235 te
784 216 910 244 exspecto
921 216 1000 245 teque
1013 212 1053 237 vi-
1074 218 1083 238 ¹,

259 247 322 273 dere
333 256 414 281 qnam
427 249 543 281 prinnini
556 247 645 280 cupio.
684 247 766 272 Maior
778 247 844 272 milii
857 247 953 273 levatio
966 248 1052 274 afferri

260 284 332 310 nulla
354 288 446 318 potest.
470 292 550 318 quum
567 284 719 309 coniunctio
733 284 937 310 consuetudinis
951 294 1053 310 sermo-
1074 289 1083 308 ,ζ

260 329 378 355 numque
400 325 562 346 nostrorum:
590 325 614 345 et
627 320 751 346 inminm‘
764 321 904 355 sperabam
918 326 992 347 tuum
1005 322 1053 347 ml-

260 362 367 383 veutum
391 358 439 390 (sic
450 358 522 382 enini
543 357 696 392 audiebam)
721 359 945 392 appropinquare.
997 359 1052 394 Ego

258 399 346 420 autem
358 402 442 428 quum
455 393 546 419 multis
558 393 590 419 de
597 395 732 420 caussiste
743 399 926 430 exoptoquam
934 396 1050 430 primum

260 431 362 460 videre,
383 436 438 456 tum
455 432 549 461 etiam,
572 436 601 457 ut
613 436 672 458 ante
688 437 902 458 commentemur
919 433 1049 463 internos.

257 477 308 502 qua
330 468 429 493 ratione
446 468 523 494 nobis
535 468 727 495 traducendum
739 470 774 495 sit
786 469 835 495 boc
846 474 952 504 tempus
961 491 966 499 ,
979 470 1051 504 quod

257 509 297 530 ost
317 509 400 530 totuin
416 504 448 531 ad
465 506 545 531 unius
566 505 729 532 voluntatem
746 506 1013 538 accommodandum,
1027 512 1052 533 et

257 541 405 576 prudentis,
419 547 444 568 et
460 541 623 573 liberalis,et
634 544 671 575 (ut
684 544 854 578 perspexisse
867 544 968 578 videor)
981 565 986 574 ,
1004 553 1051 570 nec

257 588 269 603 a
291 587 333 604 me
345 579 434 609 alieni,
453 584 478 605 et
495 579 543 605 tibi
559 581 729 606 amicissimi.
770 581 846 612 Quod
862 590 946 616 quum
961 582 994 607 ita
1005 582 1048 612 sit,

256 624 368 648 magnae
389 621 429 642 est
449 621 536 643 tamen
556 617 771 648 deliberationis,
793 627 861 652 quae
878 619 943 644 ratio
959 619 994 645 sit
1011 619 1051 645 in-

255 653 342 679 eunda
365 653 451 684 nobis,
470 663 521 680 non
537 655 634 687 agendi
649 655 762 689 aliquid,
775 655 823 681 sed
836 655 909 681 illius
920 664 1050 682 concessu
1079 685 1081 695 Ι

255 694 281 717 οι
292 690 421 716 beneficio
432 688 600 725 quiescendi.
624 691 720 728 [Vale]

311 764 360 784 vn.
382 764 457 784 Aac.
478 765 561 785 Laudat
580 765 716 790 Marcellum,
736 765 773 792 qni
785 769 889 793 perpetuo
904 773 916 786 ι
931 767 1003 793 patria
1012 768 1049 787 nt.-

256 805 305 819 ene
324 799 473 823 constituerit,
489 800 525 820 ned
538 799 638 820 hortatur
648 804 727 825 tamen,
738 804 761 821 ut
773 802 854 825 redeat,
866 801 921 827 quod
933 805 953 821 et
965 802 1048 822 unium

257 834 361 854 redeundi
373 841 384 854 n
395 835 489 854 (ἰτιιι-ι·
501 833 618 861 impetrare
629 835 695 855 tacite
705 835 777 862 inussit
788 839 807 856 et
818 836 876 855 tlnmi
887 836 974 861 melin..
985 844 1047 863 quam

255 868 309 888 alibi
317 883 322 892 ,
334 868 366 888 vit
372 875 415 889 ere.
443 871 529 892 (Rornae,
540 872 617 889 Caesare
627 872 660 889 ΙΙΙ,
672 872 745 895 Lrpido
755 879 801 889 rou.
813 874 867 895 7013.)

378 914 412 939 M.
435 914 464 940 T.
486 914 515 940 C.
538 913 565 940 S.
588 914 617 940 D.
640 914 674 940 M.
697 915 917 943 MARCELLO.

310 957 332 982 4.
355 951 416 982 Etsi
437 965 467 982 eo
482 960 504 982 te
521 956 609 982 adbuc
620 957 732 983 consilio
745 966 822 983 usum
837 958 965 994 intelligo,
980 963 1008 985 ut
1020 959 1046 985 id

254 992 448 1027 reprehendere
460 1002 512 1019 non
524 993 645 1025 audeam,
655 1003 706 1020 non
718 995 783 1029 quin
795 994 828 1020 ab
840 1003 870 1021 eo
879 996 934 1030 ipse
941 996 1047 1022 dissen-

254 1030 327 1059 tiam,
341 1029 388 1055 sed
399 1030 472 1065 quod
483 1035 548 1056 cate
560 1031 690 1065 sapientia
702 1040 760 1058 esse
773 1032 899 1064 iudicem,
915 1037 945 1059 ut
956 1042 1046 1059 meum

253 1141 297 1170 tia,
316 1150 384 1176 quae
401 1142 467 1167 mihi
481 1142 532 1168 iam
544 1151 557 1168 a
569 1143 684 1176 pueritia
696 1148 739 1169 tua
750 1144 855 1179 cognita
867 1149 915 1175 est,
930 1153 972 1170 me
984 1145 1046 1171 hor-

253 1183 303 1204 tata
315 1183 363 1209 est,
378 1183 405 1204 ut
416 1187 445 1204 ea
457 1179 602 1205 scriberem
613 1180 646 1205 ad
659 1185 768 1215 te‚quae
779 1186 805 1207 et
816 1181 895 1208 saluti
911 1186 970 1208 tuae
981 1191 1046 1209 con-

251 1215 350 1242 ducere
361 1215 511 1247 arbitrarer,
520 1221 546 1243 et
557 1225 609 1243 non
621 1217 707 1243 aliena
719 1226 778 1244 esse
789 1218 916 1245 ducerem
928 1228 942 1245 a
953 1219 1045 1254 digni-

251 1257 312 1279 tate.
344 1254 369 1279 2.
390 1253 446 1288 Ego
461 1262 522 1279 eum
539 1258 563 1280 te
577 1262 644 1285 esse,
657 1255 705 1289 qui
717 1254 812 1281 horum
825 1255 956 1282 malorum
968 1257 1044 1283 initia

252 1289 335 1315 multo
365 1294 424 1316 ante
444 1290 559 1321 videris,
587 1291 756 1318 consulatum
777 1294 1044 1329 magnificentissime

250 1331 329 1361 atque
350 1327 449 1361 optime
463 1328 589 1363 gesseris,
607 1328 741 1363 praeclare
757 1331 881 1357 memini:
908 1331 956 1357 sed
972 1331 1044 1358 idem

249 1364 329 1390 etiam
341 1363 386 1390 illa
398 1364 463 1395 vidi,
480 1373 567 1399 neque
579 1369 603 1391 te
613 1366 757 1393 consilium
772 1367 862 1394 civilis
874 1367 939 1395 belli
951 1369 986 1395 ita
996 1377 1045 1404 ge-

250 1400 336 1431 rendi,
353 1410 441 1436 neque
455 1402 545 1436 copias
559 1402 608 1429 Cn.
620 1403 741 1438 Pompeii
752 1413 801 1430 nec
811 1413 898 1440 genus
909 1406 1043 1432 exercitus

250 1438 360 1473 probare
371 1447 532 1474 semperque
543 1448 648 1466 summe
659 1440 793 1468 diffidere.
809 1443 866 1474 Qua
878 1443 905 1469 in
911 1444 1043 1470 sententia

249 1483 291 1501 me
306 1484 414 1511 quoque
430 1476 523 1508 fuisse,
546 1479 674 1504 memoria
690 1483 778 1505 tenere
793 1484 817 1505 te
829 1480 951 1507 arbitror.
991 1481 1043 1507 lta-

247 1521 301 1547 que
319 1521 406 1548 neque
426 1518 454 1540 tu
471 1513 586 1541 multum
602 1514 748 1542 interfuisti
763 1516 844 1543 rebus
859 1517 999 1553 gerendis,
1017 1522 1043 1544 et

247 1558 297 1585 ego
319 1549 347 1576 id
361 1558 468 1585 semper
482 1552 534 1586 egi,
547 1560 580 1578 ne
591 1553 760 1580 interessem.
801 1554 859 1580 Non
871 1555 942 1581 enim
955 1555 988 1581 iis
1001 1563 1042 1581 re-

248 1586 299 1613 bus
319 1588 517 1623 pugnabamus,
531 1589 632 1624 quibus
644 1589 731 1616 valere
742 1595 904 1625 poteramus,
917 1591 1038 1623 consilio,

247 1625 410 1656 auctoritate,
424 1633 528 1657 caussa,
541 1635 609 1661 quae
621 1632 695 1653 erant
705 1628 732 1654 in
748 1628 825 1655 nobis
835 1629 1040 1663 superiora,sed

247 1660 352 1687 lacertis
368 1666 393 1688 et
409 1662 523 1694 viribus,
540 1664 642 1698 quibus
657 1673 734 1699 pares
750 1674 802 1692 non
814 1674 931 1692 eramuS.
972 1666 1040 1693 Victi

246 1706 343 1724 sumus
363 1699 454 1734 igitur,
473 1704 526 1730 aut,
544 1701 568 1726 si
580 1701 652 1727 vinci
663 1701 781 1737 dignitas
792 1712 844 1729 non
856 1707 951 1737 potest,
965 1703 1040 1730 fracti

245 1739 316 1761 certe
332 1739 357 1761 et
371 1736 479 1763 abiecti.
519 1738 547 1763 In
558 1746 612 1772 quo
624 1743 700 1765 tuum
711 1739 855 1766 consilium
867 1749 945 1766 nemo
954 1745 1041 1775 potest

246 1780 298 1798 non
320 1773 437 1799 maxime
458 1773 575 1805 laudare,
595 1775 668 1810 quod
683 1784 744 1802 cum
760 1785 808 1811 spe
820 1777 946 1803 vincendi
957 1777 1039 1803 simul

245 1809 367 1835 abiecisti
388 1810 507 1837 certandi
527 1812 608 1838 etiam
629 1813 817 1847 cupiditatem,
843 1814 1039 1850 ostendistique

245 1846 395 1881 sapientem
410 1852 436 1873 et
446 1847 547 1874 bonum
558 1849 645 1875 civem
658 1850 733 1876 initia
745 1850 810 1877 belli
821 1851 911 1878 civilis
923 1852 1039 1879 invitum

244 1884 392 1918 suscipere,
411 1889 528 1911 extrema
540 1885 654 1913 libenter
663 1896 715 1914 non
726 1889 863 1924 persequi.
885 1891 910 1915 3.
922 1889 974 1922 Qui
986 1899 1038 1917 non

245 1920 318 1947 idem
328 1921 480 1953 consilium,
494 1923 566 1957 quod
578 1928 615 1955 tu,
629 1925 713 1951 secuti
725 1930 797 1956 sunt,
809 1934 854 1952 eos
866 1926 1038 1954 videoinduo

243 1966 342 1993 genera
362 1967 421 1984 esse
439 1958 589 1986 distractos.
628 1961 682 1987 Aut
700 1962 772 1988 enim
791 1971 918 1990 renovare
934 1964 1037 1991 bellum

243 1995 330 2021 conati
350 1999 422 2027 sunt,
444 1996 527 2031 hique
547 1998 618 2024 sein
634 1997 751 2025 Africam
767 2000 949 2028 contulerunt:
981 2007 1034 2034 aut,
1067 2023 1069 2029 ,

243 2032 472 2067 quemadmodum
484 2042 541 2065 nos,
555 2035 900 2064 victorisesecrediderunt.
917 2039 1036 2066 Medium

242 2069 379 2104 quoddam
400 2074 476 2096 tuum
496 2071 638 2098 consilium
655 2072 714 2104 fuit,
731 2075 779 2109 qui
795 2074 845 2101 hoc
863 2075 973 2102 sortasse
985 2076 1038 2103 hu-

243 2106 316 2132 milis
331 2107 414 2133 animi
426 2107 547 2139 duceres,
561 2108 628 2135 illud
640 2111 794 2145 pertinacis.
834 2113 936 2144 Fateor,
953 2122 967 2139 a
978 2113 1037 2149 ple-

243 2144 343 2178 risque,
367 2143 409 2171 vel
430 2144 518 2171 dicam
534 2145 567 2172 ab
581 2147 718 2179 omnibus,
735 2149 844 2184 sapiens
860 2154 936 2176 tuum
947 2152 1037 2177 consi-

243 2180 319 2212 lium,
333 2190 347 2207 a
360 2181 452 2208 multis
463 2183 542 2209 etiam
555 2185 646 2219 magni
657 2193 687 2211 ac
698 2184 773 2212 sortis
785 2187 1034 2215 animiiudicatum.

241 2217 295 2244 Sed
315 2218 396 2245 habet
411 2219 461 2245 ista
477 2221 551 2252 ratio,
567 2225 597 2247 ut
607 2221 675 2248 mihi
686 2223 798 2257 quidem
809 2224 925 2256 videtur,
939 2234 1036 2260 quem-

241 2255 304 2281 dam
321 2256 444 2283 modum:
476 2259 633 2292 praesertim
649 2268 734 2294 quum
746 2261 875 2287 tibinihil
887 2261 982 2289 deesse
992 2271 1036 2289 ar-

240 2291 324 2319 bitrer
343 2293 377 2320 ad
393 2298 451 2320 tuas
468 2294 586 2322 fortunas
601 2304 694 2323 omnes
704 2297 862 2325 obtinendas
872 2304 977 2333 praeter
986 2309 1036 2326 vo-

241 2329 380 2357 luntatem.
420 2331 465 2357 Sic
475 2332 548 2358 enim
563 2333 693 2365 intellexi,
710 2335 779 2361 nihil
794 2335 869 2362 aliud
879 2344 948 2368 esse,
961 2337 1035 2372 quod

239 2365 434 2394 dubitationem
454 2368 559 2396 afferret
577 2371 616 2402 ei,
638 2380 721 2406 penes
742 2381 823 2407 quem
844 2378 885 2400 est
904 2379 1031 2408 potestas,

240 2403 293 2429 nisi
313 2405 386 2439 quod
405 2411 554 2438 vereretur,
572 2416 605 2434 ne
620 2412 647 2434 tu
663 2408 732 2435 illud
747 2409 909 2436 beneficium
924 2412 1033 2438 omnino

241 2448 292 2466 non
312 2446 430 2475 putares.
469 2444 506 2470 De
520 2453 574 2479 quo
589 2445 656 2479 quid
671 2447 794 2477 sentiam,
808 2447 877 2473 nihil
888 2449 980 2475 attinet
990 2449 1033 2474 di-

239 2484 312 2507 cere.
334 2486 419 2512 quum
431 2486 564 2515 appareat,
578 2482 636 2517 ipse
647 2482 715 2517 quid
726 2482 846 2510 fecerim.
862 2485 887 2511 4.
899 2484 953 2511 Sed
963 2490 1032 2512 tam-

239 2513 307 2539 etsi*
320 2514 371 2540 iam
383 2516 418 2542 ita
428 2518 624 2550 constituisses,
641 2524 671 2546 ut
680 2519 775 2546 abesse
785 2526 915 2555 perpetuo
925 2522 1029 2554 malles,

239 2557 321 2583 quam
343 2559 382 2581 ea,
399 2561 468 2587 quae
481 2554 575 2587 nolles,
588 2556 694 2583 videre:
718 2561 806 2584 tamen
817 2558 845 2584 id
856 2560 972 2595 cogitare
983 2560 1031 2586 de-

240 2585 327 2618 beres,
350 2588 515 2625 ubicumque
529 2600 612 2624 esses,
625 2598 650 2620 te
664 2593 719 2620 sore
730 2594 758 2621 in
769 2595 828 2621 eius
840 2595 936 2630 ipsius,
948 2605 1030 2632 quem

238 2621 354 2658 fugeres,
377 2630 514 2660 potestate.
555 2628 607 2661 Qui
621 2631 645 2657 si
660 2630 737 2658 facile
751 2639 881 2667 passurus
896 2639 975 2665 esset,
993 2639 1027 2666 te,

252 1066 396 1093 consilium
418 1076 469 1093 non
490 1072 648 1103 anteponam
669 1073 727 1095 tuo:
760 1074 848 1096 tamen
868 1075 893 1096 ct
914 1071 1046 1097 amicitiae
1068 1069 1077 1094 ’ἶ
1099 1076 1170 1099 mur3
1194 1067 1226 1093 ad
1238 1068 1327 1094 omnia
1339 1069 1423 1102 parati
1434 1077 1539 1095 sumus.

254 1108 357 1130 nostrae
378 1108 507 1136 vetustas,
530 1110 555 1131 et
571 1110 614 1131 tua
630 1114 737 1132 summa
755 1115 817 1142 erga
829 1115 871 1132 me
883 1107 1046 1134 benevolen-
1067 1121 1069 1128 ⁴

1066 1362 1074 1381 '¹
1095 1375 1120 1392 si
1140 1374 1179 1397 ea,
1202 1374 1271 1401 quae
1291 1365 1460 1397 acciderunt,
1479 1367 1513 1393 ita
1528 1367 1591 1397 fers,
1608 1372 1638 1394 ut
1652 1367 1740 1398 audio,
1759 1367 1888 1404 gratulari

1041 104 1315 132 ‹thEnONtS

1081 174 1084 190 l
1104 180 1236 201 carentem
1262 176 1344 210 patria
1364 180 1390 202 et
1406 175 1518 203 fortunis
1534 178 1596 207 tuis,
1613 179 1703 213 quiete
1719 185 1744 205 et
1760 178 1842 205 libere
1855 180 1896 206 vi-

1082 209 1083 214 *
1107 221 1180 238 vere:
1203 213 1375 245 cogitandum
1389 214 1437 239 tibi
1450 218 1536 240 tamen
1551 220 1629 245 esset,
1644 216 1774 242 itum-one
1786 223 1810 243 et
1821 217 1894 244 domi

1082 264 1083 268 =
1106 254 1178 278 tuae,
1200 250 1365 276 cuicuimodi
1387 259 1428 276 res
1449 256 1531 281 ense-t.
1549 261 1581 278 an
1599 253 1734 287 Mitylenis
1749 260 1795 280 aut
1809 254 1894 281 Rhodi

1106 286 1198 312 iiialles
1211 287 1310 313 vivere.
1333 287 1385 312 Sed
1396 296 1481 322 quum
1494 289 1527 314 itu
1540 288 1589 315 late
1600 295 1686 323 pau-at
1697 291 1756 316 eius
1767 296 1892 326 potestas,

1104 332 1185 357 quem
1212 332 1348 353 veremur,
1377 329 1404 350 ut
1425 329 1553 351 terrarum
1573 326 1665 352 orbern
1684 328 1823 362 complexa
1845 330 1892 354 sit:

1105 369 1191 386 nonne
1204 361 1290 386 mavis
1300 361 1358 387 sine
1370 362 1490 395 periculo
1501 367 1560 388 tuae
1570 363 1642 390 domi
1654 372 1722 395 eoae,
1739 374 1820 400 ‘quam
1832 374 1894 391 cum

1105 397 1224 431 periculo
1238 397 1358 424 alienae?
1377 398 1524 433 Equidem,
1537 400 1642 427 etiamsi
1658 403 1806 436 oppetenda
1823 412 1894 428 mors

1103 439 1181 464 esset,
1199 434 1272 461 domi
1288 440 1367 470 atque
1379 436 1405 461 in
1418 437 1500 470 patria
1516 436 1631 467 mallem,
1645 446 1725 472 quam
1739 440 1765 466 in
1775 441 1894 466 externis

1103 477 1182 506 atque
1193 472 1288 498 alienis
1301 471 1375 498 locis.
1410 473 1463 499 lloc
1475 473 1545 500 idem
1556 483 1658 505 omueS,
1671 477 1754 510 quite
1765 476 1892 511 diligunt.

1103 510 1235 535 sentiunt:
1259 518 1373 544 quorum
1385 514 1425 536 est
1436 519 1530 545 magna
1542 520 1589 546 pro
1601 513 1654 538 tui»
1666 513 1791 539 maximis
1800 513 1895 540 claris-

1103 547 1234 581 simisque
1248 547 1393 572 virtutibus
1404 547 1557 574 multitudo.
1579 550 1604 575 5.
1620 549 1754 576 nubemus
1765 552 1894 577 etiamra-

1103 584 1201 609 tionem
1224 584 1260 610 rei
1282 583 1421 610 familiaris
1435 589 1504 615 tuae,
1521 594 1602 620 quam
1617 586 1744 621 dissipari
1756 587 1892 614 nolumus.

1103 621 1168 647 Nam
1181 621 1230 647 etsi
1243 620 1344 647 nullam
1358 626 1442 655 potest
1453 623 1573 657 accipere
1586 623 1720 654 iniuriam.
1729 633 1797 659 quac
1804 624 1894 651 futura

1103 663 1229 692 perpetua
1241 659 1288 684 sit:
1305 659 1532 694 propterea‚quod
1545 668 1631 695 neque
1644 661 1731 696 is,qui
1743 666 1812 688 tenet
1822 670 1893 689 rem-

1102 695 1249 729 publicam,
1273 696 1401 730 patietur,
1419 705 1506 731 neque
1527 698 1585 732 ipsa
1606 698 1771 732 respublica,
1804 704 1893 726 tamen

1103 732 1232 767 impetum
1254 732 1417 767 praedonum
1435 734 1461 759 in
1478 739 1535 760 tuas
1552 734 1670 761 fortunas
1682 735 1739 762 fieri
1750 735 1820 763 nolo.
1860 737 1893 763 lli

1101 774 1189 795 autem
1201 771 1248 804 qui
1260 774 1357 798 essent.
1366 770 1492 797 auderem
1503 772 1629 802 scribere.
1644 773 1696 799 nisi
1708 777 1732 799 te
1743 773 1893 809 intelligere

1100 806 1273 833 confiderem.
1289 809 1313 833 ὓ.
1327 807 1374 833 llic
1386 812 1410 833 te
1423 808 1714 840 uniussollicitudines.
1724 811 1892 837 uniusetiam

1101 843 1200 870 multae
1220 848 1245 870 et
1263 844 1388 870 assiduae
1405 845 1528 872 lacrimae
1539 846 1568 873 C.
1582 846 1708 877 Marcelli,
1725 847 1812 874 fratris
1822 849 1894 883 opti-

1100 881 1146 911 mi,
1164 881 1354 916 deprecantur:
1377 890 1424 908 nos
1440 891 1503 909 cura
1515 888 1541 909 et
1551 883 1640 910 dolore
1652 885 1768 918 proximi
1780 893 1889 911 sumus:

1076 919 1079 943 Ι
1099 919 1226 953 precibus
1247 918 1384 949 tardiores,
1401 919 1473 954 quod
1490 921 1532 946 ius
1543 920 1670 951 adeundi,
1683 930 1768 956 quum
1780 923 1833 957 ipsi
1844 922 1892 948 de-

1076 956 1077 983 }
1099 956 1249 990 precatione
1259 956 1424 991 eguerimus,
1439 966 1489 983 non
1505 957 1645 984 habemus.
1687 959 1777 985 Gratia
1789 964 1890 986 tantum

1099 1001 1253 1027 possumus,
1266 998 1396 1027 quantum
1409 995 1486 1020 victi:
1503 995 1550 1021 sed
1561 1000 1648 1021 tamen
1659 996 1781 1026 consilio,
1790 996 1889 1026 studio.

1098 1029 1222 1056 Marcello
1238 1038 1289 1056 nou
1305 1030 1446 1057 desumus.
1486 1032 1507 1058 Α
1523 1032 1576 1058 tuis
1591 1031 1703 1105 reliqtiis
1715 1041 1766 1059 non
1778 1033 1892 1060 adhibe-

1582 1068 1665 1105 [Vale.

1152 1136 1210 1157 vm.
1232 1137 1249 1157 A
1257 1137 1309 1157 Ro.
1328 1137 1433 1158 Marcello
1442 1137 1521 1158 iterum
1531 1143 1554 1158 ut
1565 1138 1640 1159 redeat
1649 1138 1761 1159 admonito
1771 1138 1891 1166 pollicetur

1097 1170 1172 1192 officia
1182 1177 1229 1192 nu..
1257 1173 1345 1195 (nom-e,
1356 1174 1434 1192 esem-e
1444 1174 1479 1192 Ul.
1489 1174 1562 1197 Lepido
1573 1181 1619 1192 con.
1631 1177 1685 1197 708.)

1220 1217 1255 1242 M.
1278 1217 1308 1243 T.
1330 1216 1359 1243 C.
1382 1216 1410 1243 S.
1432 1217 1462 1243 D.
1484 1218 1519 1244 M.
1542 1217 1763 1245 MARCELLO.

1154 1255 1176 1280 ⁴.
1198 1248 1298 1288 Neque
1313 1262 1421 1280 monere
1437 1259 1461 1280 te
1476 1254 1570 1285 audeo,
1588 1257 1732 1290 praestanti
1747 1255 1889 1291 prudentia

1096 1291 1195 1322 virum,
1204 1300 1252 1317 nec
1262 1291 1418 1318 confirmare
1430 1293 1540 1319 maximi
1552 1293 1634 1319 animi
1646 1293 1782 1320 homiuem
1789 1302 1889 1320 unum-

1095 1337 1148 1363 que
1170 1328 1355 1360 sortissimum,
1376 1328 1507 1355 consolari
1525 1338 1588 1356 vero
1606 1330 1680 1357 nullo
1694 1330 1780 1358 modo.
1821 1331 1887 1358 Nam

1095 1404 1182 1439 magis
1202 1403 1296 1430 virtuti
1315 1403 1410 1434 debeo,
1427 1412 1509 1438 quam
1524 1404 1655 1431 consolari
1669 1405 1787 1432 dolorem
1799 1411 1886 1432 tuum.

1095 1440 1142 1466 Sin
1164 1445 1188 1467 te
1204 1445 1274 1467 tanta
1286 1440 1355 1467 mala
1366 1441 1530 1475 reipublicae
1542 1441 1677 1478 frangunt.
1691 1451 1742 1469 non
1755 1443 1789 1469 ita
1801 1443 1889 1470 abun-

1094 1477 1128 1504 do
1139 1478 1257 1513 ingenio,
1270 1482 1299 1504 ut
1310 1482 1334 1504 te
1345 1477 1475 1509 consoler,
1489 1487 1574 1514 quum
1586 1479 1644 1514 ipse
1656 1488 1698 1506 me
1709 1489 1761 1506 non
1772 1481 1885 1515 possim.

1071 1510 1073 1528 ³
1093 1514 1239 1550 Reliquum
1255 1519 1295 1541 est
1310 1515 1401 1550 igitur,
1417 1521 1448 1542 ut
1458 1516 1507 1543 tibi
1518 1525 1561 1542 me
1572 1517 1599 1543 in
1612 1518 1686 1543 omni
1697 1525 1725 1543 re
1736 1526 1798 1543 eum
1809 1526 1888 1552 prae-

1094 1552 1172 1578 beam
1191 1557 1388 1587 praestemque.
1406 1557 1432 1578 et
1447 1553 1481 1579 ad
1495 1554 1594 1584 omnia,
1608 1562 1676 1589 quae
1689 1555 1727 1581 tui
1739 1554 1832 1586 velint,
1849 1555 1884 1581 ita

1093 1589 1179 1615 adsim
1199 1594 1317 1624 praesto,
1340 1593 1369 1615 ut
1388 1597 1431 1615 me
1450 1599 1502 1617 non
1517 1590 1605 1617 solum
1619 1592 1710 1618 omnia
1725 1591 1823 1618 debere
1842 1597 1886 1619 tua

1092 1635 1197 1657 caussa,
1220 1626 1268 1653 sed
1289 1635 1317 1652 ea
1334 1634 1452 1661 quoque,
1469 1628 1550 1654 etiam
1565 1636 1634 1663 quae
1645 1637 1698 1655 non
1709 1629 1821 1663 possim,
1834 1637 1887 1664 pu-

1093 1667 1156 1690 tem.
1178 1665 1203 1690 2.
1216 1663 1286 1690 Illud
1300 1668 1388 1690 tamen
1400 1663 1442 1690 vel
1455 1669 1482 1690 tu
1494 1673 1536 1691 me
1547 1665 1685 1691 monuisse
1697 1665 1886 1693 veicensuisse

1092 1705 1164 1735 puta,
1183 1701 1226 1727 vel
1242 1706 1350 1736 propter
1365 1700 1580 1728 benevolentiam
1592 1707 1678 1728 tacere
1689 1711 1741 1729 non
1752 1703 1883 1738 potuisse,

1068 1750 1071 1765 ι
1092 1742 1129 1768 ιιι,
1145 1738 1218 1772 quod
1238 1746 1287 1774 ego
1299 1737 1376 1768 facio,
1390 1743 1418 1764 tu
1429 1747 1538 1774 quoque
1547 1740 1668 1766 animum
1680 1739 1802 1771 inducas,
1815 1741 1839 1767 si
1850 1741 1886 1767 sit

1091 1774 1181 1809 aliqua
1202 1775 1365 1810 respublica,
1387 1776 1414 1801 in
1430 1784 1459 1802 ea
1476 1781 1500 1802 te
1511 1784 1571 1802 esse
1581 1781 1710 1811 oportere,
1724 1776 1826 1804 iudicio
1836 1777 1885 1804 ho-

1091 1812 1196 1838 minum
1217 1821 1298 1847 reque
1312 1813 1472 1847 principem,
1495 1814 1652 1840 necessitate
1665 1813 1804 1840 cedentem
1816 1819 1885 1841 tem-

1090 1851 1162 1885 pori:
1194 1850 1236 1876 sin
1257 1854 1346 1876 autem
1362 1849 1436 1876 nulla
1451 1851 1499 1881 sit,
1516 1850 1588 1877 hunc
1608 1855 1696 1878 tamen
1711 1852 1883 1886 aptissimum

1090 1896 1148 1914 esse
1159 1888 1239 1913 etiam
1251 1886 1284 1913 ad
1295 1886 1476 1914 exsulandum
1488 1887 1586 1914 locum.
1609 1887 1638 1914 Si
1648 1889 1721 1914 enim
1734 1888 1882 1916 libertatem

1089 1925 1239 1959 sequimur,
1252 1925 1300 1959 qui
1314 1923 1388 1951 locus
1400 1924 1449 1951 hoc
1462 1924 1600 1952 dominatu
1607 1924 1700 1952 vacat?
1712 1925 1883 1961 sinqualem-

1088 1970 1206 1997 cumque
1227 1961 1325 1993 locum,
1347 1969 1417 1996 quae
1432 1967 1472 1988 est
1486 1962 1632 1989 domestica
1647 1962 1711 1989 sede
1723 1963 1884 1990 iucundior?

1089 1999 1142 2025 Sed
1163 1999 1231 2025 mihi
1245 1998 1333 2029 crede,
1355 1999 1436 2025 etiam
1451 2000 1484 2030 is,
1501 2000 1550 2034 qui
1563 2001 1654 2026 omnia
1664 2004 1744 2031 tenet,
1757 1999 1829 2027 favet
1839 2001 1883 2027 in-

1088 2037 1190 2072 geniis:
1202 2035 1370 2063 nobilitatem
1381 2044 1444 2063 vero
1455 2036 1630 2072 etdignitates
1636 2037 1786 2068 hominum,
1794 2045 1882 2072 quan-

1088 2078 1145 2100 tum
1156 2074 1181 2100 ei
1193 2082 1235 2100 res
1245 2078 1272 2099 et
1282 2074 1369 2108 ipsius
1380 2081 1475 2100 caussa
1485 2073 1616 2105 concedit,
1628 2073 1808 2109 amplectitur.
1828 2074 1880 2101 Sed

1087 2110 1175 2146 plura,
1197 2119 1279 2146 quam
1293 2115 1448 2137 statueram.
1487 2111 1576 2138 Redeo
1587 2119 1650 2147 ergo
1660 2111 1694 2137 ad
1704 2119 1790 2138 unum
1799 2110 1878 2142 illud,

1087 2156 1130 2174 me
1151 2153 1228 2174 tuum
1247 2156 1316 2178 esse,
1338 2147 1393 2174 fore
1406 2156 1469 2174 cum
1484 2149 1547 2179 tuis,
1564 2149 1588 2174 si
1605 2148 1683 2175 modo
1693 2153 1772 2175 erunt
1781 2149 1833 2175 tui:
1855 2149 1880 2175 si

1086 2186 1187 2216 minus,
1205 2193 1248 2211 me
1264 2189 1335 2211 certe
1350 2185 1377 2211 in
1392 2185 1520 2212 omnibus
1531 2185 1612 2212 rebus
1622 2186 1688 2212 satis
1698 2190 1802 2212 nostrae
1815 2193 1881 2212 oon-

1086 2222 1217 2249 iunctioni
1233 2222 1372 2257 amorique
1383 2221 1526 2249 facturum.
1557 2222 1620 2249 Vale
1630 2243 1636 2253 ,
1649 2227 1729 2258 atque
1739 2222 1820 2249 etiam
1830 2231 1880 2249 va-

1087 2259 1111 2286 le
1121 2259 1205 2286 nostri
1219 2267 1331 2286 memor.

1138 2328 1180 2349 LX.
1191 2328 1268 2349 ΔΒΕ.
1282 2327 1385 2349 Reditum
1397 2328 1502 2349 Marcello
1517 2329 1602 2352 tundet,
1612 2327 1717 2349 refut-tis
1730 2327 1877 2349 dubitaui-‚ni-

1085 2364 1133 2384 hns.
1162 2365 1250 2389 (nomae,
1260 2365 1339 2383 cmm
1348 2365 1384 2383 n1.
1393 2365 1467 2389 napta-2
1477 2371 1522 2383 ιω.
1534 2367 1588 2385 ros.)

1209 2409 1245 2435 M.
1267 2408 1297 2435 Τ.
1318 2408 1349 2435 C.
1370 2408 1399 2435 S.
1420 2408 1450 2434 D.
1472 2408 1508 2434 M.
1529 2407 1750 2434 MARCELLO.

1142 2452 1164 2477 ι.
1186 2446 1249 2477 Etsi
1263 2451 1406 2486 perpaucis
1421 2455 1481 2476 ante
1495 2449 1592 2476 diebus
1605 2449 1730 2476 dederam
1741 2448 1774 2482 Q.
1786 2449 1876 2476 Mucio

1083 2486 1184 2514 litteras
1203 2487 1237 2514 ad
1257 2492 1281 2514 te
1296 2487 1422 2523 pluribus
1435 2487 1526 2513 verbis
1536 2487 1660 2522 scriptas,
1673 2486 1775 2522 quibus
1785 2485 1876 2513 decla—

1083 2533 1213 2556 raveram,
1235 2533 1290 2560 quo
1309 2529 1334 2551 te
1354 2525 1444 2551 animo
1463 2532 1600 2550 censerem
1622 2532 1682 2550 esse
1697 2527 1831 2558 oportere,
1848 2528 1875 2550 et

1081 2561 1150 2596 quid
1169 2562 1219 2588 tibi
1234 2561 1388 2588 faciendum
1402 2560 1557 2587 arbitrarer:
1579 2566 1678 2592 tamen,
1690 2568 1776 2595 quum
1786 2560 1874 2587 Theo-

1080 2598 1183 2633 philus,
1197 2598 1310 2625 libertus
1321 2603 1393 2629 tuus,
1406 2597 1629 2633 proficisceretur,
1641 2598 1722 2625 cuius
1731 2605 1781 2633 ego
1791 2597 1873 2624 fidem

1080 2643 1143 2671 erga
1153 2640 1178 2663 te
1189 2635 1458 2671 benevolentiamque
1467 2643 1668 2671 perspexeram,
1680 2635 1739 2662 sine
1749 2634 1818 2662 meis
1828 2633 1874 2661 lit-
