1941 3052
420 141 466 166 IN
498 140 699 166 VERREM

79 210 209 239 servetis?
221 211 269 246 qui
282 211 310 237 in
324 210 371 237 Cn.
385 211 502 237 Carbone
516 215 622 242 sortem,
639 211 666 237 in
677 210 724 237 Cn.
735 210 869 237 Dolabella

81 249 242 276 voluntatem
260 247 406 283 neglexerit
424 257 453 274 ac
471 247 582 279 violarit,
599 256 698 282 eosque
712 248 803 274 ambos
818 257 870 275 non

79 285 167 313 solum
184 285 344 316 deseruerit,
365 285 412 311 sed
430 286 509 311 etiam
528 285 674 320 prodiderit
691 290 770 320 atque
783 294 871 320 oppu-

78 324 175 359 gnarit.
215 322 314 353 Nolite,
334 331 446 357 quaeso,
468 322 583 353 iudices,
603 323 732 349 brevitate
745 323 870 349 orationis

79 369 153 387 meae
166 361 269 395 potius,
289 368 370 395 quam
384 369 473 386 rerum
487 360 606 394 ipsarum
621 360 806 395 magnitudine
819 360 871 386 cri-

78 398 150 424 mina
165 397 319 432 ponderare.
345 397 410 423 Mihi
426 397 497 423 enim
512 397 708 432 properandum
723 398 871 423 necessario

78 439 131 466 est,
147 439 177 461 ut
190 435 278 461 omnia
292 435 382 465 vobis,
398 443 466 469 quae
480 435 547 460 mihi
561 435 702 461 constituta
717 439 792 465 sunt,
808 443 871 469 pos-

79 473 130 498 sim
145 480 286 506 exponere.
318 473 358 498 43.
374 471 560 504 Quamobrem,
577 476 719 507 quaestura
733 473 811 497 istius
825 472 872 497 de-

79 513 235 540 monstrata,
261 510 394 544 primique
412 510 582 545 magistratus
600 513 625 535 et
643 508 712 535 furto
731 513 756 535 et
774 509 872 535 scelere

79 551 217 582 perspecto
231 546 333 581 reliqua
348 546 482 572 attendite.

79 583 251 610 Sullanarum
265 584 488 618 proscriptionum
500 592 529 609 ac
543 584 695 618 rapinarum
706 584 873 618 praetermit-

78 625 146 653 tam,
175 630 262 656 neque
280 630 328 656 ego
346 622 426 647 istum
446 621 497 647 sibi
516 629 549 647 ex
566 621 701 646 communi
724 620 872 646 calamitate

79 658 261 685 defensionem
280 658 362 685 ullam
382 659 467 684 sinam
485 666 601 684 sumere.
642 657 705 684 Suis
719 666 780 683 eum
794 658 872 683 certis

78 696 248 731 propriisque
267 696 426 722 criminibus
444 695 582 722 accusabo.
621 694 800 727 Quamobrem
823 695 872 721 hoc

79 734 152 760 omni
171 737 289 768 tempore
307 733 417 759 Sullano
435 741 468 759 ex
486 732 653 759 accusatione
670 732 872 767 circumscripto

79 769 237 806 legationem
252 771 310 796 eius
324 769 484 805 praeclaram
497 770 657 805 cognoscite.

134 807 215 835 XVII.
237 808 278 834 44.
299 808 474 842 Posteaquam
497 807 545 834 Cn.
563 806 714 833 Dolabellae
736 807 871 841 provincia

80 844 171 872 Cilicia
185 845 326 871 constituta
340 849 393 871 est:
421 853 436 871 o
450 844 487 871 dii
501 844 677 871 immortales!
705 848 803 878 quanta
822 844 872 870 iste

79 882 236 916 cupiditate,
260 882 361 917 quibus
379 881 583 917 allegationibus
600 881 674 908 illam
693 881 745 907 sibi
764 881 873 916 legatio—-

79 927 140 945 nem
154 919 331 955 expugnavit!
355 919 383 945 id
396 919 468 954 quod
483 919 530 946 Cn.
546 919 695 945 Dolabellae
709 919 871 953 principium

78 957 210 983 maximae
224 956 380 983 calamitatis
394 956 454 983 fuit.
488 957 554 983 Nam
568 961 598 982 ut
610 957 660 982 iste
674 955 808 991 profectus
821 960 870 987 est,

78 1002 249 1028 quacumque
262 995 312 1020 iter
325 994 399 1025 fecit,
420 994 551 1020 eiusmodi
566 993 629 1025 tuit,
650 1002 702 1020 non
720 998 750 1019 ut
769 993 872 1029 legatus

78 1031 171 1066 populi
185 1031 310 1063 Romani,
331 1031 378 1058 sed
392 1035 421 1058 ut
434 1031 565 1066 quaedam
579 1031 714 1058 calamitas
728 1031 872 1065 pervadere

78 1068 223 1095 videretur.
263 1070 292 1095 In
306 1069 404 1095 Achaia
418 1069 634 1104 (praetermittam
652 1069 754 1094 minora
772 1068 870 1099 omnia,

78 1114 194 1140 quorum
208 1106 296 1132 simile
311 1106 419 1133 forsitan
434 1106 502 1132 alius
516 1114 623 1141 quoque
638 1105 739 1141 aliquid
750 1105 873 1140 aliquan-

78 1143 113 1169 do
126 1143 229 1170 fecerit:
252 1143 319 1170 nihil
333 1143 433 1175 dicam,
449 1144 501 1170 nisi
516 1143 664 1179 singulare,
681 1144 733 1169 nisi
747 1143 832 1178 quod,
849 1143 872 1169 si

77 1181 107 1207 in
120 1180 202 1207 alium
216 1189 292 1207 reum
306 1181 450 1212 diceretur,
471 1181 627 1207 incredibile
641 1180 802 1216 videretur,)
816 1189 873 1206 ma-

78 1218 220 1254 gistratum
235 1218 391 1254 Sicyonium
405 1227 530 1245 nummos
544 1219 673 1253 poposcit.
714 1219 753 1244 Ne
770 1218 805 1244 sit
822 1218 872 1244 hoc

78 1256 179 1282 crimen
192 1256 220 1282 iu
230 1256 352 1283 Verrem:
369 1256 488 1282 fecerunt
501 1256 555 1282 alii.
595 1255 685 1288 Quum
699 1255 745 1281 ille
759 1264 811 1282 non
825 1255 873 1281 da-

78 1297 131 1324 ret,
152 1293 347 1319 animadvertit.
387 1294 555 1328 Improbum,
576 1293 623 1319 sed
642 1301 694 1320 non
707 1292 870 1319 inauditum.

79 1331 120 1357 45.
137 1330 229 1357 Genus
242 1330 481 1357 animadversionis
495 1331 596 1357 videte:
612 1331 755 1366 quaeretis,
771 1339 805 1356 ex
818 1339 872 1365 quo

78 1376 175 1403 genere
194 1368 333 1394 hominum
351 1368 434 1394 istum
451 1367 584 1394 iudicetis.
625 1369 716 1403 Ignem
735 1376 768 1394 ex
792 1367 872 1403 lignis

79 1405 212 1431 viridibus
231 1410 309 1440 atque
327 1405 447 1432 humidis
465 1406 492 1432 in
511 1405 567 1432 loco
585 1410 698 1440 angusto
711 1405 767 1431 fieri
781 1405 870 1431 iussit.

78 1442 118 1469 Ibi
137 1443 273 1469 hominem
290 1443 453 1478 ingenuum,
472 1443 543 1469 domi
563 1443 692 1473 nobilem,
714 1442 807 1477 populi
821 1443 873 1468 Ro-

79 1480 150 1506 mani
165 1481 267 1506 socium
282 1484 360 1515 atque
374 1481 503 1511 amicum,
524 1479 598 1506 sumo
615 1481 809 1510 excruciatum,
830 1488 873 1506 se-

79 1518 211 1543 mivivum
226 1517 344 1552 reliquit.
370 1518 423 1544 Iam
438 1526 506 1552 quae
521 1518 569 1543 iste
583 1517 670 1552 signa,
686 1526 754 1552 quas
768 1517 872 1543 tabulas

78 1555 163 1590 pictas
177 1563 210 1581 ex
222 1555 320 1581 Achaia
334 1555 482 1586 sustulerit,
499 1563 550 1581 non
565 1554 651 1581 dicam
667 1555 716 1580 hoc
730 1554 795 1580 loco.
826 1555 874 1580 Est

79 1592 148 1618 alius
167 1592 234 1618 mihi
252 1591 326 1618 locus
345 1592 378 1619 ad
396 1592 464 1618 hanc
482 1592 561 1618 istius
575 1592 748 1626 cupiditatem
762 1592 873 1617 demon-

79 1629 214 1656 strandam
228 1634 357 1656 servatus.
396 1629 508 1656 Athenis
522 1629 635 1655 audistis
649 1638 682 1655 ex
696 1629 760 1655 aede
774 1629 874 1655 Miner-

79 1676 127 1693 vae
140 1667 239 1703 grande
253 1667 310 1693 auri
325 1666 430 1702 pondus
445 1666 572 1693 ablatum.
609 1667 715 1692 Dictum
730 1666 779 1693 hoc
793 1671 832 1692 est
845 1667 872 1692 in

80 1704 128 1731 Cn.
143 1704 292 1731 Dolabellae
305 1704 414 1731 iudicio.
454 1703 577 1730 Dictum?
599 1705 678 1730 etiam
692 1704 870 1730 aestimatum,

79 1742 165 1769 Huius
184 1741 287 1769 consilii
306 1751 357 1769 non
376 1741 455 1768 modo
468 1742 623 1776 participem
638 1741 667 1768 C.
682 1741 805 1773 Verrem,
826 1741 873 1767 sed

79 1780 228 1816 principem
247 1779 331 1806 fuisse
348 1780 495 1814 reperietis.
537 1780 577 1805 46.
599 1779 694 1805 Delum
712 1780 793 1805 venit.
834 1779 873 1805 lbi

79 1826 113 1844 ex
131 1816 191 1843 fano
208 1816 340 1851 Apollinis
358 1817 561 1853 religiosissimo
579 1821 658 1843 noctu
675 1816 744 1843 clam
763 1816 874 1842 sustulit

79 1855 157 1891 signa
171 1854 350 1889 pulcherrima
364 1859 442 1889 atque
457 1854 657 1888 antiquissima,
672 1862 756 1889 eaque
770 1854 797 1880 in
811 1862 875 1880 one-

79 1892 175 1919 rariam
194 1900 288 1918 navem
307 1901 383 1918 suam
406 1891 569 1918 coniicienda
591 1892 704 1917 curavit.
745 1891 874 1918 Postridie

80 1938 165 1964 quum
181 1928 271 1955 fanum
286 1929 429 1964 spoliatum
445 1928 566 1955 viderent
578 1929 610 1959 ii,
631 1929 678 1964 qui
692 1928 786 1954 Delum
801 1929 874 1954 inco—

81 1965 181 1998 lebant,
201 1967 318 2002 gravitor
336 1966 463 1993 serebant.
503 1966 551 1992 Est
569 1966 640 1992 enim
659 1970 730 1992 tanta
744 1966 815 2000 apud
829 1974 874 1992 eos

80 2004 139 2031 eius
153 2003 207 2030 fani
222 2004 315 2039 religio
329 2007 407 2039 atque
421 2003 574 2038 antiquitas,
587 2004 655 2029 utin
669 2012 699 2029 eo
714 2003 770 2029 loco
784 2004 873 2038 ipsum

80 2040 231 2076 Apollinem
250 2045 341 2067 natum
360 2049 418 2067 esse
435 2040 605 2067 arbitrentur.
645 2041 762 2067 Verbum
787 2045 873 2066 tamen

81 2078 166 2105 facere
185 2086 237 2105 non
255 2078 401 2109 audebant,
421 2086 454 2104 ne
472 2077 537 2104 sorte
555 2086 583 2104 ea
602 2086 644 2103 res
662 2077 695 2104 ad
713 2077 873 2104 Dolabellam

80 2116 171 2151 ipsum
195 2116 345 2151 pertineret.
386 2115 479 2142 XVlll.
502 2115 569 2141 Tum
593 2115 683 2141 subito
705 2119 874 2149 tempestates

80 2157 183 2181 coortae
196 2157 259 2180 sunt
273 2153 416 2183 maximae.
437 2152 553 2183 iudices,
570 2156 599 2178 ut
613 2161 664 2178 non
678 2152 757 2179 modo
770 2152 875 2187 prolici-

81 2191 133 2222 sci,
149 2199 234 2226 quum
248 2195 370 2225 cuperet,
386 2189 519 2216 Dolabella
533 2198 585 2216 non
600 2193 701 2224 posset,
722 2189 770 2215 sed
788 2190 833 2216 vix
848 2190 873 2215 in

81 2228 180 2263 oppido
202 2228 370 2260 consisteret;
399 2227 433 2253 ita
456 2227 545 2262 magni
568 2225 664 2253 fluctus
690 2227 872 2253 eiiciebantur.

81 2265 129 2293 Hic
142 2266 218 2292 navis
232 2265 277 2292 illa
291 2265 431 2300 praedonis
445 2264 537 2295 istius,
557 2268 651 2290 onusta
669 2264 754 2299 signis
769 2264 876 2299 religio-

81 2303 132 2334 sis,
152 2302 265 2338 expulsa
282 2307 362 2337 atque
376 2302 456 2328 eiecta
470 2300 551 2327 fluctu
567 2300 706 2337 frangitur.
746 2302 774 2327 ln
791 2301 875 2327 littore

81 2340 159 2376 signa
172 2340 218 2367 illa
231 2339 363 2375 Apollinis
378 2339 559 2374 reperiunturz
580 2339 656 2364 iussu
671 2337 820 2364 Dolabellae
835 2347 875 2364 ro-

82 2381 232 2413 ponuntur:
249 2381 392 2412 tempestns
406 2376 526 2402 sedatur:
547 2375 679 2402 Dolabella
694 2375 756 2401 Delo
771 2376 875 2410 profici-

82 2415 175 2442 scitur.
216 2415 256 2441 47,
278 2415 335 2441 Νο11
350 2414 455 2444 dubito,
476 2413 556 2448 quin,
578 2413 680 2438 tametsi
700 2412 791 2438 nullus
811 2413 837 2438 in
852 2417 875 2439 te

82 2460 179 2479 sensus
193 2451 378 2483 humanitatis.
396 2451 468 2478 nulla
483 2451 547 2476 ratio
562 2458 690 2484 uniquam
706 2449 756 2476 l'uit
769 2449 876 2485 religio-

83 2489 134 2521 nis,
146 2497 217 2515 nunc
231 2493 317 2515 tamen
333 2489 359 2516 in
374 2493 445 2515 metu
460 2487 632 2522 periculoque
642 2491 696 2517 tuo.
709 2491 816 2512 tuorum
828 2487 874 2513 tibi

82 2525 214 2553 scelerum
229 2526 316 2553 veniat
330 2527 356 2553 in
371 2530 497 2552 montem.
538 2525 659 2551 Potestne
678 2523 726 2550 tibi
745 2523 799 2550 ulla
813 2533 875 2558 spes

82 2563 178 2590 salutis
196 2563 333 2590 commoda
352 2563 468 2594 ostendi.
488 2571 573 2597 quum
593 2561 751 2592 recordaris,
770 2561 798 2587 in
812 2561 875 2587 deos

81 2600 245 2628 immortales
258 2609 339 2635 quam
354 2601 463 2636 impius,
475 2608 556 2634 quam
571 2598 723 2628 sceleratus,
737 2607 817 2633 quam
830 2607 876 2625 ne-

84 2636 166 2664 farius
181 2637 282 2665 fueris?
306 2637 491 2673 Apollinemne
505 2641 533 2663 tu
547 2636 650 2663 Delium
665 2635 779 2671 spoliare
792 2644 875 2662 ausus

83 2674 130 2702 es?
155 2674 232 2702 {ltine
245 2679 274 2702 tu
289 2675 400 2710 templo,
422 2679 474 2702 tam
488 2675 610 2709 antiquo,
632 2678 684 2700 tam
698 2677 801 2704 sancto,
822 2678 874 2700 tam

730 140 830 166 ACT.
863 140 1003 166 11.L1}3.
1038 140 1056 166 1.

523 547 551 572 ln
565 546 666 581 quibus
679 546 748 572 illud
766 550 871 580 tempus
892 560 894 566 ι

1092 140 1110 166 C
1125 140 1145 166 A
1161 140 1188 166 P.
1224 141 1254 165 43
1275 155 1310 159 —
1330 141 1372 166 ⁶22.
1660 143 1706 168 25⁴

921 209 1044 246 religioso
1063 218 1158 236 manus
1177 210 1272 245 impias
1289 218 1319 236 ac
1335 209 1477 246 sacrilegas
1495 210 1585 237 afferre
1603 216 1712 238 conatus

921 247 967 273 es‘?
985 247 1013 273 Si
1027 248 1055 274 in
1069 248 1181 282 pueritia
1195 256 1247 274 non
1261 247 1303 274 his
1317 247 1418 274 artibus
1432 253 1458 273 et
1471 247 1620 282 disciplinis
1635 249 1713 275 insti-

922 288 996 311 tutus
1009 293 1075 316 eras,
1089 289 1119 311 ut
1132 293 1170 316 ea,
1182 293 1251 320 quae
1266 284 1360 311 litteris
1373 284 1496 311 mandata
1509 290 1580 317 sunt,
1596 285 1713 312 disceres

922 326 1001 357 atque
1018 331 1204 358 cognosceres:
1233 330 1266 348 ne
1284 326 1373 357 postea
1391 321 1514 357 quidem,
1534 331 1619 357 quum
1638 323 1665 349 in
1684 332 1713 349 ea

922 360 979 394 ipsa
995 359 1049 385 loca
1063 360 1173 390 venisti,
1193 360 1303 394 potuisti
1318 360 1435 394 accipere
1453 359 1494 391 id,
1515 360 1586 394 quod
1600 364 1640 386 est
1653 369 1715 395 pro-

922 397 1009 422 ditum
1028 397 1169 423 memoriae
1188 405 1216 423 ac
1235 396 1348 423 litteris?
1386 397 1426 423 48.
1449 397 1574 423 Latonam
1589 397 1716 433 exlongo

922 442 1008 460 errore
1026 439 1051 460 et
1069 433 1144 469 suga,
1165 434 1303 470 gravidam
1321 438 1346 460 et
1363 434 1416 460 iam
1431 434 1463 460 ad
1477 435 1633 469 pariendum
1648 439 1716 461 tem-

922 471 1032 506 poribus
1052 472 1163 502 exactis,
1184 471 1337 506 confugisse
1350 471 1445 497 Delum
1464 476 1543 506 atque
1560 472 1598 498 ibi
1612 472 1716 506 Apolli-

923 517 983 534 nem
993 509 1156 543 Dianamque
1166 509 1315 543 peperisse:
1331 517 1384 543 qua
1395 517 1428 535 ex
1438 509 1561 543 opinione
1575 509 1714 535 bominum

922 545 967 571 illa
990 545 1078 571 insula
1101 554 1191 572 eorum
1213 546 1323 571 deorum
1347 555 1419 572 sacra
1441 551 1562 580 putatur:
1590 551 1716 581 tantaque

923 583 981 608 eius
995 583 1134 609 auctoritas
1149 582 1286 617 religionis
1300 588 1325 609 et
1337 587 1377 609 est
1390 588 1416 609 et
1433 592 1538 618 semper
1552 583 1614 614 suit,
1635 589 1665 610 ut
1683 592 1716 609 ne

924 620 1017 646 Persae
1030 619 1153 654 quidem,
1170 628 1254 654 quum
1269 619 1369 646 bellum
1385 621 1430 646 toti
1445 621 1581 652 Graeciae,
1602 621 1654 647 diis
1668 621 1716 647 bo-

924 657 1097 691 minibusque
1111 657 1271 683 indixissent
1285 662 1310 683 et
1323 657 1396 683 mille
1407 666 1517 684 numero
1528 659 1635 684 navium
1647 658 1716 684 clas-

924 703 980 720 sem
994 694 1027 720 ad
1038 694 1131 720 Delum
1147 694 1321 728 appulissent,
1337 695 1486 729 quidquam
1500 700 1658 722 conarentur
1671 699 1716 721 aut

924 731 1021 757 violare
1035 736 1080 757 aut
1091 732 1228 766 attingere.
1250 732 1303 757 Hoc
1315 736 1343 758 tu
1356 731 1447 758 fanum
1459 732 1623 767 depopulari,
1636 733 1717 759 homo

924 769 1122 803 improbissime
1136 773 1215 803 atque
1228 769 1418 800 amentissime,
1434 769 1569 795 audebas‘?
1587 770 1647 796 Fuit
1661 769 1714 796 ulla

924 806 1056 841 cupiditas
1068 810 1146 837 tanta,
1160 814 1228 840 quae
1238 810 1336 832 tantam
1348 806 1529 842 exstingueret
1543 806 1716 842 religionem?

922 844 968 875 Et,
988 844 1011 869 si
1025 848 1082 870 tum
1098 843 1160 869 baec
1174 852 1226 870 non
1240 844 1387 879 cogitabas,
1408 852 1440 869 ne
1459 852 1530 870 nunc
1547 844 1657 879 quidem
1674 853 1716 870 re-

923 880 1052 911 cordaris,
1073 880 1178 907 nullum
1192 889 1250 906 esse
1264 885 1367 907 tantum
1381 880 1494 911 malum,
1515 881 1587 915 quod
1602 890 1653 907 non
1668 881 1715 907 tibi

924 927 971 953 pro
989 918 1135 944 sceleribus
1154 918 1207 944 tuis
1225 918 1327 944 iamdiu
1346 918 1490 944 debeatur?
1528 918 1601 944 XIX.
1624 919 1664 944 49.
1686 919 1715 944 111

923 956 1013 982 Asiam
1028 964 1090 982 vero
1103 960 1245 990 postquam
1260 956 1340 986 venit,
1354 955 1420 990 quid
1431 964 1480 991 ego
1493 955 1623 982 adventus
1638 956 1716 981 istius

924 993 1046 1027 prandia,
1065 1001 1172 1024 caenaS,
1197 1001 1293 1028 equos,
1314 1001 1478 1027 muneraque
1495 992 1716 1019 commemorem?

924 1030 996 1056 Nihil
1015 1039 1077 1056 cum
1095 1030 1174 1057 Verre
1192 1030 1224 1056 de
1242 1030 1405 1065 quotidianis
1427 1030 1586 1056 criminibus
1609 1035 1716 1056 acturus

924 1076 995 1094 sum.
1035 1067 1101 1094 Chio
1119 1076 1166 1102 per
1184 1068 1239 1094 vim
1257 1068 1333 1102 signa
1352 1067 1530 1102 pulcherrima
1548 1067 1607 1094 dico
1624 1067 1718 1093 abstu-

925 1105 1000 1131 lisse:
1028 1105 1092 1131 item
1105 1105 1227 1140 Erythiis
1241 1110 1266 1131 et
1280 1105 1471 1131 Halicarnasso.
1512 1105 1617 1131 Tenedo
1630 1105 1718 1140 (prae-

924 1147 994 1169 tereo
1012 1143 1166 1177 pecuniam,
1192 1151 1273 1177 quam
1293 1142 1401 1177 eripuit)
1419 1143 1516 1168 Tenem
1540 1143 1643 1177 ipsum,
1668 1142 1716 1176 qui

924 1180 995 1214 apud
1006 1180 1135 1207 Tenedios
1149 1180 1335 1206 sanctissimus
1350 1179 1417 1206 deus
1431 1179 1552 1210 habetur,
1564 1180 1611 1214 qui
1623 1179 1716 1205 urbem

924 1217 997 1244 illam
1016 1217 1114 1244 dicitur
1131 1217 1296 1248 condidisse,
1320 1218 1398 1243 cuius
1417 1226 1450 1243 ex
1469 1218 1575 1243 nomine
1593 1216 1716 1243 Tenedus

924 1256 1088 1281 nominatur:
1104 1254 1176 1281 hunc
1189 1255 1289 1289 ipsum,
1305 1255 1424 1289 inquam,
1440 1255 1551 1285 Tenem,
1568 1254 1718 1289 pulcherri-

923 1301 965 1318 me
980 1292 1091 1324 i'actum,
1112 1301 1193 1327 quem
1207 1291 1342 1327 quondam
1355 1292 1383 1318 in
1397 1293 1504 1318 comitio
1518 1292 1636 1323 vidistis,
1656 1291 1718 1317 abs-

924 1330 985 1356 tulit
1003 1338 1099 1366 magno
1116 1338 1178 1356 cum
1197 1330 1298 1365 gemitu
1313 1330 1437 1356 civitatis.
1472 1331 1514 1356 50.
1534 1329 1580 1355 Illa
1594 1337 1657 1355 vero
1671 1338 1718 1355 ex-

924 1367 1052 1403 pugnatio
1067 1366 1120 1393 fani
1135 1367 1316 1401 antiquissimi
1332 1371 1357 1393 et
1370 1366 1530 1393 nobilissimi
1545 1367 1654 1393 Iunonis
1669 1366 1718 1392 Sa-

924 1405 1005 1435 miae,
1026 1413 1107 1439 quam
1122 1404 1242 1430 luctuosa
1256 1404 1353 1431 Samiis
1372 1403 1440 1430 suit‘?
1459 1413 1540 1439 quam
1559 1403 1651 1430 acerba
1671 1404 1716 1430 toti

923 1441 1019 1468 Asiae‘?
1042 1450 1122 1476 quam
1145 1441 1214 1467 clara
1233 1441 1304 1476 apud
1321 1441 1432 1467 omnes‘?
1453 1450 1533 1476 quam
1553 1441 1652 1467 nemini
1671 1449 1718 1466 ve—

924 1485 1009 1505 strum
1023 1478 1161 1505 inaudita?
1173 1479 1209 1505 De
1224 1488 1276 1513 qua
1291 1479 1487 1515 expugnatione
1497 1487 1582 1513 quum
1594 1478 1671 1514 legati
1683 1478 1717 1504 ad

925 1516 952 1543 C.
973 1517 1104 1543 Neronem
1128 1517 1154 1542 in
1173 1516 1264 1542 Asiam
1283 1515 1362 1542 Samo
1385 1517 1533 1548 venissent,
1558 1524 1716 1549 responsum

925 1553 1054 1585 tulerunt,
1080 1553 1212 1580 eiusmodi
1235 1554 1428 1588 querimonias,
1453 1562 1521 1588 quae
1543 1553 1576 1579 ad
1601 1552 1716 1588 legatum

925 1591 1016 1626 populi
1036 1592 1146 1617 Romani
1164 1591 1338 1626 pertinerent,
1365 1600 1415 1617 non
1434 1591 1466 1616 ad
1486 1595 1644 1625 praetorem,
1669 1589 1718 1616 sed

924 1630 1034 1655 Romam
1053 1628 1149 1654 deferri
1172 1632 1299 1663 oportere.
1339 1627 1410 1660 Quas
1434 1629 1482 1654 iste
1507 1627 1609 1654 tabulas
1632 1627 1714 1657 illinc,

924 1675 993 1701 quae
1006 1666 1082 1702 signa
1096 1665 1219 1692 sustulit!
1235 1674 1304 1700 quae
1317 1666 1429 1700 cognovi
1440 1670 1542 1699 egomet
1552 1664 1623 1699 apud
1634 1666 1716 1691 istum

924 1704 951 1730 in
966 1704 1077 1730 aedibus
1093 1712 1186 1737 nuper,
1202 1711 1287 1737 quum
1302 1702 1459 1738 obsignandi
1474 1703 1556 1737 gratia
1571 1703 1714 1728 venissem.

924 1742 966 1767 51.
987 1741 1060 1773 Quae
1074 1741 1149 1776 signa
1164 1749 1248 1771 nunc,
1264 1740 1369 1771 Verres,
1387 1740 1432 1766 ubi
1447 1740 1527 1766 sunt‘?
1551 1739 1595 1765 illa
1607 1748 1714 1774 quaero,

924 1787 992 1813 quae
1010 1778 1081 1813 apud
1100 1783 1124 1804 te
1143 1786 1228 1813 nuper
1249 1777 1283 1804 ad
1304 1786 1396 1804 omnes
1418 1777 1567 1807 columnas,
1592 1777 1717 1803 omnibus

925 1816 1002 1842 etiam
1018 1815 1242 1846 intercolumniis,
1267 1815 1294 1841 in
1313 1814 1380 1841 silva
1395 1814 1511 1850 denique
1525 1814 1651 1849 disposita
1666 1814 1717 1840 5111)

925 1854 987 1880 divo
1006 1853 1133 1879 vidimus.
1174 1852 1227 1880 Cur
1245 1861 1288 1884 ea,
1313 1852 1442 1887 quamdiu
1466 1851 1548 1878 alium
1572 1856 1716 1886 praetorem

924 1900 985 1917 cum
1001 1891 1034 1917 iis
1048 1890 1197 1921 iudicibus,
1222 1898 1290 1925 quos
1304 1890 1331 1916 in
1346 1890 1440 1916 borum
1456 1889 1542 1915 locum
1556 1889 1716 1915 subsortitu-

925 1937 971 1954 rus
985 1937 1056 1959 eras,
1077 1928 1110 1954 de
1124 1932 1148 1954 te
1161 1928 1189 1954 in
1202 1927 1345 1953 consilium
1365 1927 1464 1953 iturum
1483 1927 1594 1961 putasti,
1615 1926 1716 1952 tamdiu

925 1965 996 1992 domi
1012 1964 1136 1992 sucrunt‘?
1150 1969 1322 2000 posteaquam
1335 1965 1431 1991 nostris
1443 1964 1555 1990 testibus
1568 1972 1623 1994 nos,
1635 1972 1716 1998 quam

926 2003 997 2029 boris
1016 2003 1082 2034 tuis,
1108 2003 1146 2028 uti
1166 2002 1244 2028 malle
1262 2002 1366 2034 vidisti,
1396 2001 1501 2028 nullum
1519 2002 1626 2035 signum
1645 2001 1717 2027 domi

926 2040 1066 2075 reliquisti,
1084 2045 1185 2075 praeter
1198 2039 1264 2070 duo,
1281 2048 1349 2074 quae
1364 2039 1389 2065 in
1405 2039 1500 2065 mediis
1514 2039 1626 2065 aedibus
1639 2042 1714 2064 sunt:

925 2086 995 2112 quae
1013 2078 1071 2112 ipsa
1089 2077 1169 2103 Samo
1186 2076 1291 2103 sublata
1309 2075 1390 2103 sunt?
1411 2076 1468 2102 Non
1487 2076 1585 2110 putasti
1604 2084 1646 2101 me
1665 2075 1717 2101 tuis

926 2115 1142 2141 l'aniiliarissimis
1166 2115 1192 2140 in
1216 2114 1284 2140 banc
1304 2122 1360 2140 rem
1379 2114 1528 2140 testimonia
1545 2113 1717 2139 denuntiatu-

926 2161 994 2183 rum,
1011 2153 1058 2187 qui
1073 2156 1131 2178 tuae
1145 2151 1217 2178 domi
1232 2159 1311 2185 saepe
1325 2150 1451 2182 suissen23
1475 2159 1508 2177 ex
1522 2150 1621 2185 quibus
1635 2158 1718 2184 quae-

925 2198 1019 2220 rerem,
1035 2190 1111 2224 signa
1126 2190 1257 2215 scirentne
1272 2188 1363 2219 fuisse,
1379 2196 1448 2223 quae
1462 2196 1512 2214 non
1527 2186 1632 2214 essent?

981 2226 1043 2253 XX.
1065 2228 1107 2253 52.
1129 2226 1199 2258 Quid
1214 2230 1270 2252 tum
1285 2225 1332 2252 1105
1346 2225 1379 2251 de
1394 2230 1417 2251 te
1431 2225 1593 2251 iudicaturos
1607 2223 1717 2250 arbitra-

926 2268 969 2290 tus
983 2273 1024 2295 es,
1044 2272 1129 2298 quum
1144 2263 1277 2294 viderent,
1298 2267 1322 2288 tc
1340 2263 1391 2288 iam
1412 2271 1462 2288 non
1480 2267 1568 2288 contra
1582 2264 1717 2287 accusato-

926 2310 981 2327 rem
1000 2305 1090 2331 tuum,
1110 2301 1157 2326 scd
1176 2305 1264 2326 contra
1282 2304 1447 2334 quaestorem
1466 2304 1647 2332 sectoremque
1667 2306 1717 2332 pu—

926 2337 1024 2374 gnare?
1049 2338 1106 2370 Qua
1124 2337 1157 2363 de
1176 2346 1202 2363 re
1216 2336 1404 2363 Charidemum
1419 2336 1515 2362 Chium
1535 2335 1716 2362 testimonium

926 2376 1012 2410 priore
1026 2375 1126 2401 actione
1140 2375 1227 2400 dicero
1241 2373 1367 2400 audistis:
1392 2382 1463 2403 sese,
1484 2382 1569 2407 quum
1587 2377 1656 2398 esset
1671 2372 1717 2398 tri-

926 2412 1061 2442 erarchus»,
1077 2416 1102 2437 et
1116 2412 1222 2438 Verrem
1237 2419 1270 2437 ex
1284 2411 1345 2436 Asia
1359 2410 1528 2436 decedentem
1544 2418 1718 2444 prosequere-

927 2454 977 2480 tur,
992 2450 1067 2475 iussu
1081 2448 1228 2474 Dolabellae
1243 2447 1326 2474 fuisse
1341 2456 1391 2474 una
1406 2456 1466 2473 cum
1482 2448 1532 2473 isto
1542 2447 1628 2476 Sami;
1644 2455 1717 2473 sese-

925 2495 978 2521 que
993 2491 1049 2512 tum
1062 2486 1130 2512 scire
1143 2485 1286 2520 spoliatum
1301 2493 1358 2511 esse
1374 2484 1462 2511 l'anum
1482 2485 1589 2511 lunonis
1603 2489 1627 2510 et
1640 2484 1717 2519 oppi-

926 2524 991 2550 dum
1005 2523 1129 2549 Samum:
1155 2528 1299 2557 posteaque
1313 2531 1341 2548 se
1354 2530 1475 2548 eatissnm
1489 2522 1561 2556 apud
1573 2521 1663 2552 Chios,
1679 2521 1717 2547 ci-

928 2570 973 2587 ves
984 2569 1056 2591 suos,
1068 2560 1165 2586 Samiis
1175 2559 1370 2589 accusantibus,
1385 2558 1491 2593 publice
1501 2558 1615 2586 dixisse:
1631 2567 1716 2594 eoque

926 2607 954 2624 se
968 2606 1026 2624 esse
1040 2597 1206 2628 absolutum,
1227 2596 1299 2632 quod
1318 2596 1426 2631 planum
1447 2595 1564 2627 fecisset,
1585 2605 1628 2626 ea.
1647 2604 1716 2631 quae

927 2635 1006 2671 legati
1019 2635 1170 2662 Samiorum
1184 2635 1309 2664 dicerent.
1325 2633 1358 2660 ad
1373 2634 1488 2663 Verrem.
1504 2642 1555 2660 non
1569 2633 1602 2660 ad
1614 2642 1642 2660 se
1657 2642 1717 2668 per-

926 2673 1018 2700 tinere.
1058 2673 1100 2699 53.
1122 2671 1290 2707 Aspendum,
1314 2676 1388 2697 vetus
1405 2670 1534 2705 oppidum
1548 2675 1574 2697 et
1587 2670 1675 2698 nobile
1689 2671 1716 2696 in

1455 2717 1511 2743 32·
