1941 3052
468 130 518 155 DE
550 129 858 156 DIVINATIONE
890 129 968 155 LIB.
1000 130 1036 155 II.
1068 129 1159 155 CAP.
1192 131 1263 155 9—
1286 131 1322 155 18.

75 203 173 229 Verum
185 201 239 227 sint
249 208 312 226 sane
326 201 375 226 ista
388 200 552 227 Democritea
564 209 625 227 vera
636 211 641 227 :
659 199 767 235 quando
780 208 809 226 ea
821 208 869 227 nos

74 240 143 266 extis
154 237 343 273 exquirimus?
353 242 398 264 aut
408 238 515 272 quando
527 238 629 273 aliquid
641 238 815 264 eiusmodiab
822 238 870 264 ha-

74 276 195 310 ruspice,
213 275 342 309 inspectis
354 275 436 306 extis,
454 275 629 302 audivimus?
647 275 688 301 Ab
700 284 769 310 aqua
780 280 826 301 aut
837 275 869 301 ab

74 314 130 349 igni
147 312 266 347 pericula
282 317 404 338 monent:
427 317 484 339 tum
501 312 676 343 hereditates,
700 317 757 339 tum
772 312 870 339 damna

73 350 246 377 denuntiant:
265 349 359 376 fissum
376 349 506 376 familiare
517 355 542 376 et
553 350 634 376 vitale
650 354 772 376 tractant:
790 354 870 384 caput

73 388 169 414 iecoris
184 396 218 413 ex
231 387 305 413 omni
322 392 394 421 parte
410 387 619 422 diligentissime
641 387 823 413 considerant:
846 387 869 413 si

73 433 136 452 vero
150 424 177 451 id
194 433 246 450 non
261 429 302 451 est
317 425 471 456 inventum,
494 424 562 450 nihil
577 429 671 459 putant
685 424 806 450 accidere
821 432 870 458 po-

73 463 157 489 tuisse
177 462 291 488 tristius.
332 461 402 488 XIV.
425 464 466 488 33.
488 462 557 488 Haec
576 462 714 488 observari
732 466 801 488 certe
816 470 868 487 non

72 504 225 534 potuerunt,
239 503 269 525 ut
279 507 360 534 supra
372 499 461 525 docui.
501 499 570 526 Sunt
579 500 663 534 igitur
674 499 738 525 artis
749 500 866 529 inventa,

71 545 124 563 non
146 537 300 567 vetustatis,
322 537 345 562 si
366 541 406 563 est
420 545 462 563 ars
479 536 533 562 ulla
549 545 638 562 rerum
659 537 867 572 incognitarum.

71 574 139 601 Cum
151 582 240 600 rerum
257 579 346 600 autem
358 578 451 600 natura
462 582 544 608 quam
555 575 741 609 cognationem
753 572 870 599 habent‘?

71 619 140 646 quae
153 616 182 638 ut
192 620 246 637 uno
256 619 388 637 consensu
400 611 489 637 iuncta
501 612 536 638 sit
546 616 571 637 et
581 611 734 643 continens,
748 610 821 645 quod
828 611 869 636 vi-

71 649 121 675 deo
137 648 271 683 placuisse
287 649 423 684 PhysiciS,
447 649 541 683 eisque
558 649 689 679 maxime,
712 649 760 682 qui
778 655 866 678 omne,

71 686 143 721 quod
156 691 234 716 esset,
245 694 329 712 unum
341 694 399 712 esse
410 685 551 712 dixerunt:
565 685 632 721 quid
644 685 742 711 habere
749 684 868 711 mundus

70 727 157 758 potest
172 732 234 750 cum
249 723 368 749 thesauri
380 723 534 749 inventione
545 722 737 749 coniunctum?
756 722 784 748 Si
795 722 867 748 enim

70 761 140 787 extis
152 761 282 795 pecuniae
294 760 361 786 mihi
373 760 546 795 amplificatio
556 760 719 790 ostenditur,
741 759 823 794 idque
840 759 868 785 fit

71 802 177 830 natura,
195 799 314 832 primum
330 802 390 824 exta
406 802 469 824 sunt
483 798 624 824 coniuncta
636 797 750 823 mundo:
768 796 866 822 deinde

70 843 161 861 meum
180 835 283 862 lucrum
301 839 394 861 natura
407 843 497 860 rerum
509 835 669 861 continetur.
710 834 804 860 Nonne
815 842 867 868 pu-

69 872 115 899 det
125 873 253 908 Physicos
269 872 334 898 haec
350 871 458 898 dicere?
478 872 511 898 Ut
527 872 599 898 enim
616 872 670 898 iam
685 872 720 897 sit
735 871 825 906 aliqua
838 872 865 897 in

70 914 163 936 natura
184 918 273 935 rerum
288 909 424 944 cognatio,
446 918 527 944 quarn
544 917 603 935 esse
618 908 748 941 conced03
772 908 865 943 (multa

69 947 141 974 enim
152 947 234 973 Stoici
245 946 401 982 colligunt:)
418 955 479 973 nam
495 951 521 973 et
532 946 718 973 musculorum
730 946 866 972 iecuscula

68 984 163 1011 bruma
176 984 304 1010 dicuntur
314 985 421 1019 augeri,
438 988 464 1010 et
475 983 598 1019 puleium
609 984 716 1010 aridum
728 982 866 1010 florescere

68 1022 128 1056 ipso
139 1021 255 1048 brumali
266 1021 319 1053 die,
329 1026 354 1047 et
364 1020 467 1048 inflatas
479 1022 569 1056 rumpi
579 1021 724 1053 vesiculas,
733 1025 758 1047 et
764 1021 867 1047 semina

68 1059 209 1090 malorum,
218 1067 287 1094 quae
298 1059 326 1086 in
338 1060 372 1085 iis
384 1059 482 1085 mediis
494 1059 598 1086 inclusa
610 1060 673 1090 sint,
683 1059 710 1085 in
721 1059 866 1085 contrarias

67 1101 157 1132 partes
168 1105 196 1123 se
207 1101 323 1123 vertere:
346 1097 399 1123 iam
411 1105 508 1123 nervos
520 1097 547 1123 in
559 1096 674 1127 fidibus,
692 1096 753 1123 aliis
767 1095 864 1131 pulsis,

67 1142 191 1161 resonare
202 1134 282 1167 alios3
299 1135 449 1169 ostreisque
461 1139 487 1160 et
500 1134 650 1170 conchyliis
661 1134 789 1161 omnibus
802 1142 867 1160 con-

67 1172 185 1207 tingere,
205 1175 235 1198 ut
248 1179 310 1198 cum
328 1171 389 1197 luna
407 1172 505 1206 pariter
520 1176 641 1198 crescant
655 1172 808 1206 pariterque
819 1171 867 1197 de-

67 1213 201 1240 crescant;
225 1209 387 1244 arboresque
404 1214 433 1236 ut
448 1209 559 1235 hiemali
579 1214 698 1244 tempore
719 1217 782 1235 cum
804 1208 866 1235 luna

68 1246 150 1272 simul
162 1250 346 1277 senescentes,
364 1247 427 1281 quia
441 1251 498 1274 tum
514 1247 663 1274 exsiccatae
679 1247 746 1277 sint,
763 1251 868 1281 tempe-

69 1284 138 1310 stive
148 1283 223 1310 caedi
236 1288 372 1318 putentur.

124 1322 165 1347 34.
188 1320 259 1353 Quid
276 1321 308 1347 de
325 1320 399 1347 fretis
414 1325 460 1348 aut
470 1321 503 1347 de
519 1321 631 1348 marinis
647 1321 768 1347 aestibus
789 1320 866 1356 plura

67 1357 174 1385 dicam?
193 1367 309 1393 quorum
325 1367 450 1385 accessus
466 1363 492 1385 et
505 1367 628 1385 recessus
640 1358 718 1385 lunae
730 1363 804 1384 motu
815 1367 867 1394 gu-

67 1395 223 1422 bernantur.
264 1395 394 1422 Sexcenta
407 1396 468 1422 licet
478 1396 677 1422 eiusdemmodi
689 1395 819 1431 proferre,
838 1400 867 1422 ut

66 1433 728 1469 distantiumrerumcognationaturalisappareat.
746 1433 803 1459 XV.
816 1434 867 1459 De—

67 1479 128 1497 mus
145 1470 208 1497 hoc:
230 1470 308 1506 (nihil
325 1472 398 1497 enim
416 1471 478 1497 huic
493 1471 670 1505 disputationi
684 1470 867 1506 adversatum)

67 1516 132 1534 num
148 1508 243 1539 etiam,
259 1508 283 1534 si
299 1508 393 1534 fissum
403 1507 621 1535 cuiusdammodi
633 1508 713 1534 fuerit
727 1508 754 1534 in
770 1509 864 1538 iecore,

68 1544 173 1571 lucrum
184 1545 352 1572 ostenditur?
362 1545 418 1577 Qua
431 1554 465 1572 ex
475 1546 632 1581 cognatione
640 1550 758 1577 naturae,
767 1550 867 1580 etqua-

66 1583 90 1608 si
102 1587 232 1609 concentu
244 1587 323 1617 atque
335 1591 477 1614 consensu,
491 1591 573 1618 quam
585 1582 759 1618 συμπάθειαν
770 1583 865 1610 Graeci

67 1619 216 1654 appellant,
236 1621 379 1646 convenire
395 1625 482 1655 potest
518 1625 564 1647 aut
580 1620 674 1646 fissum
691 1621 787 1646 iecoris
802 1629 864 1646 cum

68 1656 164 1683 lucello
176 1666 248 1688 meo,
267 1662 312 1683 aut
324 1666 400 1683 meus
411 1657 599 1692 quaesticulus
614 1666 676 1684 cum
692 1657 778 1688 caelo.
798 1662 865 1684 terra

67 1702 212 1730 rerumque
223 1694 335 1721 natura?
355 1694 505 1721 Concedam
518 1695 567 1721 hoc
579 1695 683 1729 ipsum,
701 1696 725 1721 si
737 1695 791 1727 νῆες
815 1695 864 1721 etsi

66 1740 192 1767 magnam
204 1734 334 1759 iacturam
345 1740 456 1758 caussae
469 1732 568 1763 fecero,
587 1733 610 1758 si
626 1732 709 1759 ullam
726 1741 785 1759 esse
800 1741 866 1759 con-

66 1770 232 1796 venientiam
248 1774 356 1796 naturae
372 1778 435 1796 cum
451 1770 520 1796 extis
539 1778 706 1796 concessero.
747 1771 788 1796 35.
811 1770 864 1796 Sed

67 1811 169 1838 tamen,
182 1815 213 1833 eo
223 1815 364 1838 concesso,
378 1809 426 1842 qut
437 1808 540 1838 evenit,
554 1812 583 1834 ut
597 1808 634 1838 is,
647 1808 695 1842 qui
708 1807 865 1842 impetrire‘

66 1843 141 1876 velit,
154 1845 358 1871 convenientem
370 1844 485 1871 hostiam
497 1845 578 1871 rebus
589 1846 648 1871 suis
660 1844 798 1871 immolet?
812 1846 865 1871 lloc

66 1885 130 1912 erat,
144 1881 217 1916 quod
227 1889 277 1917 ego
289 1889 341 1908 non
352 1882 430 1908 rebar
440 1890 518 1917 posse
529 1882 653 1909 dissolvi.
689 1883 721 1909 At
732 1891 813 1917 quam
826 1882 865 1908 fe-

66 1919 136 1945 stive
156 1918 327 1945 dissolviturl
356 1919 442 1945 Pudet
457 1927 499 1945 me
515 1928 567 1946 non
583 1920 621 1946 tui
637 1920 762 1954 quidem,
785 1920 865 1946 cuius

66 1957 147 1982 etiam
160 1956 315 1982 memoriam
331 1955 462 1987 admiror,
479 1956 527 1982 sed
541 1956 702 1992 Chrysippi,
720 1957 862 1991 Antipatri,

66 1992 213 2023 Posidonii,
226 1993 274 2028 qui
287 1992 357 2019 idem
370 1993 439 2019 istuc
450 1993 560 2027 quidem
572 1993 674 2024 dicunt,
688 1994 760 2028 quod
771 1999 813 2021 est
822 1994 865 2021 di-

67 2035 139 2057 ctum
156 2039 169 2056 a
186 2034 224 2061 te,
248 2029 281 2056 ad
297 2030 412 2056 hostiam
428 2030 594 2066 diligendam
610 2030 706 2057 ducem
728 2039 787 2057 esse
808 2032 864 2057 vim

66 2067 213 2102 quamdam
223 2067 383 2094 sentientem
395 2071 475 2102 atque
486 2068 617 2099 divinam.
625 2076 695 2102 quae
707 2072 760 2094 toto
770 2068 866 2095 confu—

67 2113 96 2131 sa
108 2104 209 2131 mundo
219 2105 264 2131 sit.
305 2104 374 2131 Illud
387 2113 450 2131 vero
466 2105 550 2132 multo
566 2106 645 2132 etiam
663 2105 774 2136 melius,
791 2105 864 2140 quod

66 2146 153 2169 etate
165 2146 326 2176 usurpatum
335 2146 376 2169 est
387 2147 412 2169 et
422 2142 522 2169 dicitur
533 2142 647 2169 abillis:
670 2151 755 2177 quum
767 2143 866 2169 immo-

67 2179 121 2206 lare
137 2179 275 2214 quispiam
291 2179 369 2210 vetit,
391 2184 448 2206 tum
465 2180 522 2206 lieri
538 2185 660 2206 extorum
677 2181 862 2211 mutationem,

67 2221 96 2244 ut
107 2221 152 2244 aut
163 2216 233 2243 absit
243 2216 347 2251 aliquid
358 2220 404 2243 aut
414 2217 545 2251 supersit:
559 2217 749 2244 deorumenim
758 2218 864 2244 numini

66 2262 159 2289 parere
170 2254 270 2280 omnia.
311 2255 352 2280 36.
375 2254 445 2280 Haec
456 2255 523 2285 iam,
537 2255 604 2281 mihi
615 2254 707 2285 crede.
726 2263 759 2281 ne
769 2256 865 2282 anicu—

67 2291 107 2318 lae
117 2290 228 2326 quidem
239 2292 405 2318 existimant.
440 2291 478 2318 An
491 2299 594 2323 censes,
607 2291 734 2318 eumdem
746 2292 863 2319 vitulum

66 2329 89 2355 si
110 2329 180 2355 alius
196 2328 339 2364 delegerit,
362 2329 421 2355 sine
437 2329 523 2363 capite
539 2329 613 2355 iecur
627 2329 817 2356 inventurum:
840 2331 863 2356 si

66 2365 150 2397 alius,
168 2374 231 2392 cum
246 2365 352 2401 capite?
372 2366 441 2392 llaec
450 2366 572 2393 decessio
583 2367 679 2401 capitis
689 2371 735 2393 aut
745 2368 864 2393 accessio

66 2403 191 2430 subitone
203 2403 260 2430 fieri
275 2407 374 2438 potest.
390 2408 458 2430 utse
469 2407 530 2430 exta
541 2403 574 2430 ad
589 2403 765 2431 immolatoris
779 2404 864 2431 fortu-

65 2449 127 2467 nam
139 2440 360 2468 accommodent?
371 2441 428 2467 Non
439 2441 593 2475 perspicitis
601 2461 607 2472 ,
619 2440 704 2467 aleam
716 2441 862 2476 quamdam

64 2485 124 2504 esse
135 2478 163 2504 in
175 2478 270 2505 hostiis
285 2477 451 2514 deligendis,
473 2479 630 2512 praesertim
645 2486 731 2513 quum
748 2487 789 2505 res
805 2479 862 2513 ipsu

64 2514 175 2541 doceat?
189 2515 278 2548 Quum
294 2515 366 2542 enim
383 2515 537 2542 tristissima
553 2520 613 2542 exta
628 2516 688 2541 sine
700 2516 788 2550 capite
803 2515 863 2542 fue-

65 2557 135 2583 runt.
144 2552 246 2587 quibus
257 2552 326 2579 nihil
338 2551 446 2579 videtur
456 2561 515 2579 esse
526 2552 626 2579 dii-ius:
641 2554 763 2587 proxima
776 2552 860 2579 hostia

65 2589 156 2616 litatur
166 2597 245 2625 saepe
257 2589 449 2625 pulcherrime.
486 2589 536 2616 Ubi
549 2590 631 2625 igitur
641 2589 702 2616 illae
715 2591 803 2616 minae
814 2599 862 2616 su-

64 2627 200 2661 periorum
212 2627 353 2654 extorum?
363 2632 409 2654 aut
419 2634 488 2662 quae
499 2631 551 2654 tam
564 2627 654 2654 subito
666 2626 732 2653 facta
744 2632 784 2654 est
796 2627 860 2654 deo-

64 2672 124 2690 rum
136 2668 206 2691 tanta
221 2663 354 2699 placatio?
382 2664 453 2692 xvt.
474 2663 527 2691 Sed
542 2664 633 2696 affers,
652 2664 679 2692 in
695 2664 764 2692 tauri
775 2665 860 2700 opimi

1653 131 1715 155 ⁴¹55

920 201 999 231 extis,
1014 199 1168 227 immolante
1179 200 1304 231 Caesare,
1317 208 1362 226 cor
1372 208 1424 226 non
1436 199 1533 226 fuisse:
1548 198 1575 225 id
1587 200 1650 234 quia
1663 209 1714 226 non

921 238 1037 272 potuerit
1052 237 1185 269 accidere,
1203 242 1231 264 ut
1246 238 1304 263 sine
1319 237 1398 264 corde
1415 237 1523 263 victima
1539 236 1584 262 illa
1602 237 1713 267 viveret,

921 274 1098 301 iudicandum
1110 283 1177 305 esse,
1191 279 1247 300 tum
1261 275 1384 301 interisse
1395 283 1448 305 cor,
1462 282 1546 309 quum
1563 273 1716 300 immolare-

921 316 973 338 tur.
1005 313 1047 338 37.
1064 312 1116 344 Qui
1128 312 1164 343 fit,
1178 316 1207 338 ut
1217 311 1330 338 alterum
1343 311 1487 347 intelligas,
1501 312 1559 337 sine
1572 311 1651 337 corde
1664 320 1715 337 non

921 349 1041 383 potuisse
1053 349 1149 375 bovem
1162 349 1265 381 vivere,
1279 349 1392 376 alterum
1404 357 1456 375 non
1468 348 1570 379 videas,
1584 357 1628 375 cor
1639 349 1716 374 subi—

921 391 946 412 to
958 395 1009 412 non
1020 387 1154 420 potuisse,
1172 387 1262 412 nescio
1272 395 1339 421 quo,
1357 385 1481 413 avolare?
1499 386 1556 421 Ego
1569 386 1641 412 enim
1654 394 1716 420 pos-

921 432 981 449 sum
994 423 1036 450 vel
1048 424 1161 454 nescire,
1175 432 1243 458 quae
1255 424 1296 449 vis
1308 424 1344 450 sit
1354 423 1443 450 cordis
1454 423 1486 449 ad
1498 423 1656 453 vivendum,
1673 423 1715 449 vel

921 461 1062 495 suspicari,
1075 465 1227 487 contactum
1239 460 1329 495 aliquo
1341 461 1442 492 morbo,
1452 461 1529 487 bovis
1540 460 1610 487 exile
1621 465 1647 487 et
1657 461 1717 486 exi-

920 506 1004 533 guum
1021 503 1046 524 et
1061 499 1163 524 vietum
1179 506 1224 524 cor
1238 503 1263 524 et
1278 497 1412 524 dissimile
1429 498 1517 524 cordis
1541 497 1635 524 fuisse.
1675 497 1714 523 Tu

921 544 983 561 vero
994 535 1060 570 quid
1073 535 1166 566 habes,
1179 543 1261 570 quare
1272 540 1359 569 putes,
1373 536 1397 561 si
1407 534 1498 570 paullo
1509 540 1569 561 ante
1581 543 1625 561 cor
1636 534 1717 560 fuerit

920 573 947 598 in
960 577 1034 598 tauro
1045 573 1148 607 opimo.
1165 572 1256 599 subito
1266 572 1294 598 id
1307 574 1333 599 in
1346 573 1404 607 ipsa
1416 572 1597 599 immolatione
1608 572 1716 598 interis-

920 609 967 635 se‘?
977 610 1026 640 An,
1040 609 1113 644 quod
1125 610 1229 644 aspexit
1241 610 1338 636 vestitu
1350 618 1486 644 purpureo
1497 609 1639 636 excordem
1651 609 1716 635 Cae-

920 655 1020 678 sarem,
1037 648 1095 681 ipse
1106 647 1185 673 corde
1197 648 1318 681 privatus
1329 646 1387 673 est‘?
1408 647 1504 673 Urbem
1516 646 1713 682 philosophiae,

920 684 988 710 mihi
1002 684 1090 715 crede,
1106 684 1228 718 proditis,
1244 684 1309 710 dum
1321 684 1428 711 castella
1440 684 1595 710 defenditis.
1637 684 1713 714 Nam,

920 721 985 747 dum
1001 721 1202 756 haruspicinam
1219 730 1309 748 veram
1325 730 1384 748 esse
1400 721 1496 752 vultis,
1517 721 1715 757 physiologiam

920 763 998 785 totam
1011 759 1173 793 pervertitis.
1215 758 1301 793 Caput
1310 764 1349 785 est
1366 760 1392 785 in
1410 760 1508 789 iecore,
1531 767 1576 784 cor
1592 759 1617 785 in
1630 759 1713 785 extis:

920 796 972 822 iam
985 796 1123 826 abscedet,
1146 795 1228 822 simul
1245 804 1275 822 ac
1285 796 1383 822 molam
1395 801 1420 822 et
1432 797 1526 822 vinum
1539 796 1712 830 insperseris:

919 833 986 859 deus
999 833 1025 859 id
1037 834 1146 867 eripiet,
1165 833 1206 859 vis
1218 833 1309 868 aliqua
1320 833 1442 859 conficiet
1457 837 1501 859 aut
1512 833 1617 859 exedet.
1658 833 1714 858 Non

919 879 981 905 ergo
996 871 1118 897 omnium
1134 871 1259 897 interitus
1275 875 1355 905 atque
1369 870 1461 897 ortus*
1474 875 1567 896 natura
1578 869 1713 896 conficiet:

919 909 1004 934 eterit
1015 908 1129 943 aliquid,
1143 907 1216 942 quod
1227 913 1273 934 aut
1283 916 1316 934 ex
1328 907 1413 934 nihilo
1424 908 1533 938 oriatur,
1547 908 1630 933 autin
1643 907 1717 933 nihi-

919 945 974 971 lum
995 945 1086 972 subito
1105 945 1218 972 occidat.
1259 946 1326 977 Quis
1348 945 1397 971 hoc
1419 945 1550 980 Physicus
1571 944 1640 970 dixit
1656 953 1717 970 um-

917 982 1018 1018 quam‘?
1034 983 1194 1017 Haruspices
1210 982 1314 1009 dicunt.
1355 983 1402 1008 His
1414 983 1509 1018 igitur,
1527 990 1607 1017 quam
1621 982 1717 1017 Physi-

918 1021 966 1052 cis,
980 1021 1070 1055 potius
1081 1020 1246 1047 credendum
1258 1019 1416 1046 existimas?
1455 1020 1536 1046 XVII.
1562 1021 1603 1045 38.
1628 1018 1717 1051 Quid·.³

918 1067 1003 1093 quum
1015 1058 1141 1093 pluribus
1152 1058 1206 1084 diis
1218 1057 1382 1089 immolatur,
1398 1058 1446 1092 qui
1458 1057 1564 1084 tandem
1575 1057 1674 1086 evenit,
1688 1061 1717 1082 ut

919 1095 1010 1122 litetur
1019 1095 1094 1127 aliis,
1112 1095 1173 1122 aliis
1186 1104 1237 1122 non
1251 1094 1358 1122 litetur‘?
1377 1094 1451 1127 Quae
1463 1100 1551 1122 autem
1563 1095 1717 1120 inconstan-

919 1134 953 1160 tia
965 1133 1077 1160 deorum
1093 1138 1145 1164 est,
1163 1138 1194 1159 ut
1207 1133 1303 1168 primis
1320 1133 1457 1159 minentur
1470 1133 1553 1161 extis,
1572 1131 1639 1158 bene
1655 1140 1717 1166 pro-

919 1171 1024 1197 mittant
1035 1169 1182 1197 secundis?
1197 1175 1242 1197 aut
1253 1175 1324 1197 tanta
1335 1171 1405 1197 inter
1415 1178 1460 1196 eos
1472 1169 1620 1199 dissensio,
1638 1177 1716 1203 saepe

919 1209 998 1234 etiam
1011 1209 1080 1234 inter
1091 1208 1238 1242 proximOS,
1252 1207 1420 1243 utApollinis
1432 1212 1491 1233 exta
1504 1207 1571 1233 bona
1584 1207 1646 1236 sint,
1656 1206 1717 1232 Dia-

920 1255 967 1272 nae
979 1255 1031 1272 non
1044 1245 1130 1272 bona‘?
1141 1245 1212 1277 Quid
1223 1250 1263 1271 est
1274 1250 1326 1272 tam
1338 1246 1522 1280 perspicuum,
1531 1252 1622 1279 quam,
1631 1251 1715 1278 quum

919 1282 1027 1310 fortuito
1047 1283 1147 1309 hostiae
1169 1282 1350 1312 adducantur,
1375 1282 1435 1309 talia
1454 1283 1553 1316 cuique
1570 1286 1629 1307 exta
1646 1289 1713 1309 esse,

918 1320 1007 1356 qualis
1020 1321 1118 1355 cuique
1129 1320 1257 1355 obtigerit
1269 1319 1372 1346 hostia‘?
1386 1320 1419 1346 At
1435 1320 1506 1345 enim
1524 1319 1550 1344 id
1566 1319 1655 1353 ipsum
1668 1317 1716 1344 ha-

919 1358 964 1385 bet
974 1358 1078 1393 aliquid
1090 1358 1187 1388 divini,
1201 1366 1270 1392 quae
1281 1358 1381 1392 cuique
1394 1357 1478 1383 hostia
1490 1356 1624 1391 obtingat3
1649 1360 1716 1381 tam-

918 1404 1000 1431 quam
1013 1396 1039 1422 in
1051 1395 1178 1425 sortibus,
1187 1403 1256 1429 quae
1268 1395 1312 1421 cui
1324 1395 1447 1421 ducatur.
1469 1394 1530 1420 Mox
1541 1393 1574 1419 ‹le
1586 1392 1713 1419 sortibus.

918 1435 1087 1468 Quamquam
1109 1438 1135 1459 tu
1151 1432 1263 1467 quidem
1279 1441 1331 1459 non
1347 1432 1495 1458 hostiarum
1511 1439 1603 1457 casum
1619 1430 1716 1456 confir-

919 1479 976 1497 mas
987 1471 1099 1497 sortium
1111 1469 1301 1501 similitudine,
1310 1469 1357 1496 sed
1369 1469 1489 1495 infirmas
1500 1473 1585 1494 sortes
1596 1467 1716 1493 collatio-

919 1517 950 1534 ne
963 1508 1121 1534 hostiarum.
1163 1509 1204 1533 39.
1227 1507 1280 1538 An,
1298 1515 1383 1542 quum
1396 1507 1422 1533 in
1435 1505 1652 1540 Aequimaelium
1665 1505 1717 1530 nii-

918 1546 1014 1576 simus,
1027 1545 1074 1579 qui
1086 1544 1177 1571 afferat
1187 1553 1301 1580 agnum,
1315 1552 1396 1579 quern
1408 1543 1594 1573 immolemus;
1613 1543 1635 1568 is
1648 1541 1715 1568 mihi

917 1591 1004 1618 agnus
1015 1582 1135 1613 affertur,
1150 1583 1198 1617 qui
1211 1582 1291 1608 habet
1301 1586 1361 1608 exta
1373 1581 1454 1608 rebus
1465 1579 1677 1609 accommodata,
1691 1584 1715 1605 et

917 1621 950 1648 ad
962 1629 1024 1646 eum
1035 1628 1135 1655 agnum
1148 1628 1200 1646 non
1211 1628 1285 1650 casu,
1294 1619 1341 1645 scd
1355 1619 1424 1645 duce
1435 1617 1485 1644 deo
1496 1626 1592 1643 servus
1603 1616 1716 1643 deduci-

918 1658 978 1685 tur?
989 1658 1055 1684 Nam
1067 1658 1089 1683 si
1100 1665 1193 1683 casum
1207 1657 1233 1683 in
1245 1665 1276 1683 eo
1287 1664 1395 1692 quoque
1407 1656 1476 1682 dicis
1487 1663 1555 1685 esse,
1568 1655 1646 1689 quasi
1659 1663 1716 1680 sor-

918 1700 970 1722 tem
991 1694 1137 1730 quamdam
1157 1703 1219 1720 cum
1240 1694 1351 1720 deorum
1373 1693 1508 1720 voluntate
1528 1693 1712 1718 coniunctam:

916 1733 993 1759 doleo
1015 1737 1113 1759 tantam
1130 1732 1233 1759 Stoicos
1250 1737 1353 1758 nostros
1368 1731 1510 1765 Epicureis
1526 1729 1656 1756 irridendi
1672 1729 1715 1754 sui

919 1769 1071 1797 facultatem
1083 1769 1201 1796 dedisse.
1231 1770 1287 1795 Non
1299 1769 1371 1795 enim
1385 1769 1500 1803 ignoras,
1514 1775 1595 1802 quam
1609 1767 1656 1792 ista
1668 1766 1715 1792 de-

918 1808 1030 1834 rideant.
1072 1808 1113 1834 40.
1136 1807 1168 1833 Et
1183 1806 1293 1841 quidem
1311 1806 1351 1832 illi
1369 1805 1475 1832 facilius
1492 1804 1577 1831 facere
1592 1808 1714 1838 possunt.

918 1846 984 1871 Deos
995 1846 1067 1871 enim
1080 1845 1153 1879 ipsos
1165 1843 1270 1870 iocandi
1282 1852 1377 1870 caussa
1390 1842 1498 1869 induxit
1509 1842 1643 1876 Epicurus
1656 1850 1715 1876 per—

918 1882 1022 1909 lucidos
1038 1887 1063 1908 et
1079 1881 1245 1916 perflabiles,
1268 1886 1293 1907 et
1310 1881 1474 1909 habitatum,
1493 1884 1629 1914 tamquam
1648 1880 1716 1905 inter

916 1920 984 1946 ‹luos
998 1919 1081 1949 lucos,
1090 1919 1129 1945 sic
1142 1920 1211 1945 inter
1221 1918 1289 1945 duos
1302 1918 1417 1944 mundos
1429 1922 1536 1952 propter
1547 1921 1646 1942 metum
1661 1917 1716 1941 rui-

917 1965 1025 1984 narum:
1048 1965 1148 1992 eosquo
1165 1956 1263 1982 habere
1279 1960 1354 1991 putat
1374 1955 1467 1981 eadem
1490 1954 1623 1982 membra.
1647 1962 1715 1988 quae

916 2003 978 2025 nos,
997 2002 1045 2021 nec
1059 2003 1139 2020 usum
1156 1993 1243 2020 ullum
1260 1993 1358 2020 habere
1374 1992 1567 2019 membrorum.
1609 1992 1678 2026 Ergo
1693 1991 1715 2016 is

915 2032 1074 2058 circuitione
1084 2031 1202 2066 quadam
1213 2031 1278 2057 deos
1290 2030 1395 2061 tollens,
1409 2034 1479 2056 recte
1491 2037 1542 2055 non
1557 2028 1662 2055 dubitat
1673 2027 1716 2053 di-

916 2069 1080 2095 vinationem
1092 2068 1193 2095 tollere.
1225 2068 1277 2094 Sed
1289 2076 1351 2099 non,
1365 2072 1394 2094 ut
1405 2067 1449 2093 hic
1460 2067 1515 2093 sibi
1526 2070 1637 2096 constat,
1652 2066 1714 2091 item

916 2106 1008 2132 Stoici.
1049 2105 1125 2132 Illius
1141 2106 1212 2132 enini
1228 2105 1310 2135 deus.
1333 2104 1420 2131 »nihil
1438 2104 1539 2130 habens
1554 2112 1601 2130 nec
1613 2104 1655 2129 sui
1667 2111 1715 2128 nec

916 2143 997 2169 alieni
1017 2143 1150 2178 negotiiu,
1173 2151 1224 2169 non
1244 2147 1330 2177 potest
1346 2141 1504 2168 hominibus
1519 2141 1713 2167 divinationem

917 2180 1065 2214 impertire.
1083 2180 1176 2207 Vester
1186 2184 1275 2205 autem
1286 2179 1354 2205 deus
1365 2183 1451 2213 potest
1463 2187 1513 2204 non
1526 2178 1672 2212 impertire,
1687 2181 1714 2202 ut

917 2217 1095 2244 nihilominus
1115 2216 1249 2243 mundum
1270 2221 1344 2251 regat
1363 2221 1389 2242 et
1410 2215 1566 2242 hominibus
1581 2213 1713 2240 coiisulat.

917 2256 957 2281 4⁴.
979 2254 1034 2280 Cur
1054 2254 1137 2289 igitur
1157 2262 1204 2279 vos
1227 2253 1339 2279 induitis
1360 2253 1387 2279 in
1407 2261 1452 2279 eas
1472 2253 1623 2287 captiones,
1645 2259 1714 2285 quas

917 2299 1065 2326 numquam
1077 2290 1238 2326 explicetis?
1258 2291 1293 2316 lta
1308 2290 1396 2319 enim,
1413 2298 1498 2324 quum
1515 2291 1601 2323 magis
1618 2296 1715 2323 prope-

916 2328 1150 2359 runt‚conclu‹lero
1162 2327 1260 2354 solent:
1274 2327 1302 2353 Si
1313 2327 1351 2353 (lii
1363 2331 1483 2357 stunt,est
1493 2326 1637 2352 divinatio:
1651 2330 1713 2352 sunt

915 2371 1004 2393 nutem
1016 2366 1068 2391 dii:
1083 2370 1195 2401 estergo
1207 2364 1347 2391 divinatio.
1389 2364 1471 2390 Multo
1482 2369 1521 2389 est
1533 2362 1711 2398 probabilius,

916 2405 973 2430 Non
989 2407 1029 2429 est
1044 2407 1133 2429 autem
1149 2402 1295 2428 divinatio:
1318 2410 1369 2427 nou
1388 2406 1451 2427 sunt
1466 2409 1529 2435 ergo
1544 2401 1592 2426 dii.
1634 2399 1711 2429 Vide.

914 2449 996 2475 quam
1012 2445 1112 2466 temere
1125 2440 1306 2467 committant,
1324 2443 1365 2467 ut.
1388 2439 1410 2464 si
1429 2437 1500 2463 nulla
1517 2439 1550 2463 sit
1570 2437 1711 2467 divinatio.

915 2478 984 2505 nulli
995 2478 1050 2503 sint
1060 2477 1109 2504 dii.
1133 2478 1266 2503 Divinatio
1279 2476 1351 2502 enini
1364 2475 1506 2510 perspicue
1519 2475 1633 2507 tollitur;
1647 2474 1712 2501 deos

914 2524 973 2542 esse
985 2514 1156 2541 retinendum
1167 2519 1216 2540 est.

969 2552 1062 2578 XVIII.
1097 2553 1137 2578 tt.
1170 2553 1255 2586 Atque
1281 2550 1330 2576 hnc
1354 2550 1517 2584 extispicum
1545 2549 1713 2576 divinatione

913 2589 1028 2620 sublata,
1041 2590 1129 2616 omnis
1142 2587 1314 2623 haruspicina
1325 2586 1430 2613 sublata
1441 2591 1490 2613 est.
1517 2587 1625 2613 Ostenta
1637 2587 1711 2613 enim

912 2632 1064 2662 sequuntur
1074 2631 1100 2653 ot
1111 2626 1227 2662 fulgura.
1268 2624 1343 2651 Valet
1353 2629 1441 2650 autem
1455 2624 1481 2650 in
1494 2623 1651 2659 fulguribus
1662 2624 1713 2650 ob-

911 2665 1028 2691 servatio
1038 2663 1178 2695 diuturnn;
1198 2664 1223 2689 in
1239 2662 1352 2689 ostentis
1367 2662 1433 2688 ratio
1449 2660 1608 2697 plerumque
1619 2662 1711 2689 conie-

1435 2711 1481 2735 με»
1493 2706 1504 2717 ⁸
