1941 3052
461 101 514 126 DE
560 99 788 127 ORATORE
824 100 910 125 LIB.
945 100 964 126 Ι.

50 173 119 200 Satis
134 172 161 198 id
174 176 214 199 est
227 180 364 207 magnum,
380 171 453 206 quod
466 176 540 206 potes
555 175 696 205 praestare,
713 175 742 197 ut
755 170 783 196 in
797 171 840 196 iu-

49 211 126 238 diciis
140 218 170 236 ea
183 218 286 241 caussa,
299 218 498 244 quamcumque
513 214 541 235 tu
552 208 628 239 dicis,
640 208 734 235 melior
744 212 769 234 et
778 216 841 242 pro—

50 247 163 275 babilior
175 256 234 273 esse
247 247 381 278 videatur;
397 251 427 272 ut
441 247 468 273 in
482 246 654 273 concionibus
668 250 693 272 et
703 245 840 272 sententiis

50 284 169 312 dicendis
187 284 221 310 ad
234 284 449 319 persuadendum
463 289 509 310 tua
523 283 670 318 plurimum
684 283 770 309 valeat
783 291 841 309 ora—

50 323 99 355 tio,
127 322 243 356 denique
264 326 294 347 ut
316 321 495 356 prudentibus
517 321 623 352 diserte,
647 320 738 347 stultis
761 321 841 346 etiam

51 368 112 386 vere
131 359 236 385 videare
259 359 355 385 dicere.
391 359 444 384 Hoc
467 358 583 393 amplius
601 359 624 384 si
646 358 713 393 quid
730 358 838 392 poteriS,

51 405 103 423 non
123 396 152 422 id
173 396 240 422 mihi
258 396 394 422 videbitur
411 400 505 427 orator,
525 395 572 422 sed
586 395 698 422 Crassus
712 404 761 421 sua
775 403 842 429 qua-

51 434 111 461 dam
126 433 239 468 propria,
257 442 308 459 non
323 434 459 459 communi
471 437 604 460 oratorum
619 432 742 459 facultate
752 440 840 466 posse.

104 471 152 497 xl.
165 472 206 497 45.
219 471 287 497 Tum
302 470 356 502 ille,
372 471 430 497 Non
444 480 514 501 sum,
528 470 624 505 inquit,
638 468 842 500 nescius,Scae-

51 507 118 539 vola,
134 508 183 534 ista
197 509 266 534 inter
279 508 393 535 Graecos
406 508 460 534 dici
474 512 499 534 et
513 507 655 541 disceptari
670 506 763 533 solere.
787 506 842 532 Au-

51 545 107 572 divi
125 546 197 572 enim
215 554 336 572 summos
354 545 485 575 homines,
502 553 587 579 quum
601 548 726 578 quaestor
739 552 773 569 ex
787 544 842 569 Ma-

51 582 160 609 cedonia
174 583 308 609 venissem
321 582 446 613 Athenas,
458 581 565 608 florente
576 581 726 612 Academia,
735 586 765 607 ut
775 585 842 607 tem-

51 621 162 655 poribus
175 620 230 646 illis
244 620 384 650 serebatur,
401 619 473 654 quod
483 628 541 645 eam
553 618 714 645 Charmadas
726 618 842 644 0101110-

51 658 163 684 machus
177 662 202 684 et
214 657 360 684 Aeschines
373 657 536 682 obtinebant.
569 656 632 682 Erat
649 657 728 682 etiam
747 656 842 682 Metro-

51 694 141 725 dorus,
157 696 204 729 qui
218 703 279 720 cum
293 694 347 720 illis
362 702 415 720 una
429 694 519 728 ipsum
533 693 611 719 illum
625 693 786 720 Carneadem
801 693 842 718 di-

51 731 180 767 ligentius
197 731 324 762 audierat,
346 731 481 758 hominem
500 731 620 764 omnium
634 731 661 757 in
676 731 796 761 dicendo,
814 734 843 756 ut

51 806 120 833 ditor
133 806 257 832 ‘Panaetii
279 806 354 832 illius
374 806 414 832 tui
436 805 609 832 Mnesarchus
634 811 659 831 et
675 806 842 840 Peripatetici

53 843 158 870 Critolai
171 843 314 875 Diodorus;
342 844 382 870 46.
403 843 481 869 multi
500 847 574 869 erant
588 848 722 878 praeterea
735 843 798 869 clari
814 843 841 868 in

52 881 220 916 philosophia
238 885 263 907 et
280 880 392 912 nobiles,
409 890 422 907 a
436 881 538 916 quibus
552 880 678 906 omnibus
692 889 746 906 una
759 889 842 914 paene

51 926 115 945 voce
137 917 230 953 repelli
253 922 382 944 oratorem
400 927 414 944 a
427 917 618 954 gubernaculis
631 918 779 948 civitatum,
796 926 842 943 ex-

51 955 124 982 cludi
142 956 174 982 ab
191 956 264 982 omni
281 956 400 982 doctrina
418 964 562 990 rerumque
576 956 707 981 maiorum
721 955 839 986 scientia,

51 1001 80 1019 ac
102 997 205 1019 tantum
227 993 254 1019 in
276 993 374 1019 iudicia
397 997 423 1019 et
444 992 632 1019 conciunculas
656 997 791 1027 tamquam
815 993 842 1018 in

51 1030 159 1065 aliquod
173 1031 315 1065 pistrinum
330 1030 435 1056 detrudi
454 1034 479 1056 et
492 1030 627 1065 compingi
642 1030 776 1056 videbam.
799 1030 840 1056 47.

51 1067 104 1094 Sed
121 1076 170 1103 ego
187 1076 273 1102 neque
287 1067 341 1094 illis
356 1068 518 1094 assentiebar
537 1076 623 1102 neque
637 1068 732 1093 harum
747 1067 842 1102 dispu-
864 1083 865 1092 1

51 1105 179 1132 tationum
202 1105 333 1131 inventori
355 1109 380 1131 et
401 1105 514 1140 principi
534 1104 611 1140 longe
624 1106 744 1131 omnium
760 1105 786 1130 in
801 1104 843 1130 di—

50 1142 134 1169 cendo
154 1143 314 1178 gravissimo
336 1147 361 1168 et
379 1142 606 1177 eloquentissimo,
627 1142 743 1173 Platoni,
763 1142 841 1168 cuius

51 1184 108 1206 tum
122 1179 233 1206 Athenis
247 1179 402 1215 diligentius
414 1180 466 1215 legi
478 1188 539 1206 cum
546 1179 839 1215 CharmadaGorgiam,

50 1225 104 1252 quo
125 1218 153 1243 in
178 1217 244 1243 libro
265 1217 293 1243 in
316 1217 365 1244 hoc
383 1218 499 1244 maxime
522 1217 671 1243 admirabar
695 1217 839 1248 Platonem,

50 1254 123 1289 quod
146 1254 211 1280 mihi
233 1255 261 1280 in
282 1255 430 1281 oratoribus
448 1254 591 1281 irridendis
609 1255 667 1289 ipse
685 1263 743 1281 esse
757 1259 842 1281 orator

50 1300 175 1318 summus
189 1291 337 1318 videbatur.
362 1292 439 1318 Verbi
454 1292 525 1319 enim
539 1292 717 1318 controversia
730 1292 783 1318 iam
794 1292 842 1318 diu

51 1333 156 1363 torquet
173 1329 316 1356 Graeculos
334 1329 465 1361 homines,
486 1330 662 1355 contentionis
679 1329 839 1363 cupidiores,

51 1374 132 1401 quam
155 1366 282 1392 veritatis.
317 1367 358 1393 118.
383 1367 449 1393 Nam
471 1367 493 1393 si
512 1367 574 1401 quis
592 1366 664 1392 hunc
678 1367 770 1392 statuit
783 1375 842 1392 esse

50 1407 188 1435 oratorem,
204 1404 249 1438 qui
265 1404 448 1430 tantummodo
466 1404 493 1430 in
508 1404 565 1430 iure
579 1407 604 1430 et
617 1404 645 1430 in
659 1403 766 1430 iudiciis
781 1412 843 1438 pos-

51 1441 86 1467 sit
107 1445 152 1466 8111
173 1441 244 1475 apud
267 1441 398 1475 populum
420 1446 466 1468 aut
483 1442 510 1467 in
530 1445 623 1467 senatu
637 1441 743 1475 copiose
758 1440 840 1476 loqui,

51 1482 139 1504 tamen
152 1478 216 1504 huic
229 1479 281 1512 ipsi
297 1478 379 1505 multa
394 1479 492 1505 tribuat
505 1482 530 1504 et
539 1478 664 1504 concedat
675 1487 781 1504 necesse
792 1482 840 1505 est.

52 1516 143 1550 Neque
165 1516 235 1541 enim
258 1516 316 1541 sine
339 1515 422 1542 multa
445 1516 645 1550 pertractatione
662 1516 782 1542 omnium
802 1524 844 1541 10-

52 1552 281 1588 rumpublicarum
300 1561 387 1588 neque
405 1553 463 1579 sine
482 1553 581 1588 legum,
602 1553 692 1584 moris,
709 1553 776 1579 iuris
791 1553 843 1578 sci-

51 1591 120 1617 entia
135 1598 221 1625 neque
235 1594 327 1616 natura
343 1591 482 1616 hominum
497 1590 630 1625 incognita
645 1599 673 1616 ac
685 1590 805 1616 moribus
815 1590 843 1616 in

51 1626 94 1654 his
115 1628 182 1662 ipsis
200 1627 281 1654 rebus
299 1628 364 1654 satis
382 1627 477 1654 callide
491 1628 590 1654 versari
609 1632 635 1654 et
648 1627 731 1662 perite
745 1632 840 1661 potest.

52 1664 102 1697 Qui
121 1669 208 1691 autem
228 1664 292 1691 haec
309 1665 469 1700 cognoverit,
490 1665 547 1691 sine
561 1665 662 1700 quibus
677 1673 709 1690 ne
723 1664 768 1690 illa
782 1665 844 1699 qui-

51 1701 111 1728 dem
131 1702 241 1728 minima
259 1702 286 1728 in
304 1703 406 1728 caussis
424 1703 569 1737 quisquam
584 1706 652 1728 recte
667 1703 734 1728 tueri
746 1706 840 1736 potest,

53 1739 118 1774 quid
131 1739 195 1766 huic
208 1739 300 1766 abesse
314 1740 409 1774 poterit
422 1739 454 1766 de
468 1740 645 1766 maximarum
657 1748 745 1766 rerum
756 1740 844 1766 scien-

53 1775 106 1803 11111
127 1776 174 1803 Sin
187 1777 296 1803 oratoris
310 1777 377 1803 nihil
392 1777 433 1804 vis
447 1785 515 1808 esse,
532 1777 582 1803 nisi
596 1777 750 1811 composite,
765 1786 844 1803 orna-

53 1819 90 1843 te.
109 1815 215 1849 copiose
229 1814 327 1849 eloqui,
342 1822 450 1849 quaero,
466 1814 494 1841 id
507 1815 598 1849 ipsum
612 1815 659 1849 qui
674 1815 757 1849 possit
771 1823 844 1840 asse-

52 1851 99 1886 qui
113 1852 170 1878 sine
183 1859 212 1877 ea
226 1852 344 1883 scientia,
364 1860 446 1886 quam
460 1852 484 1878 ei
498 1860 550 1878 non
563 1851 725 1878 conceditis?
749 1852 844 1878 Dicen-

52 1888 79 1915 di
94 1889 164 1915 enim
179 1889 273 1920 virtus,
290 1889 341 1915 nisi
356 1890 388 1920 ei,
404 1889 451 1924 qui
466 1888 538 1920 dicit,
555 1898 592 1920 ea,
609 1888 641 1915 de
654 1889 755 1923 quibus
769 1889 841 1920 dicit,

54 1930 174 1960 percepta
188 1926 250 1957 sint,
266 1930 368 1952 exstare
383 1935 434 1953 non
450 1930 544 1961 potest.
567 1927 608 1953 49.
623 1925 842 1958 Quamobrem,si

53 1967 142 1990 ornate
156 1963 259 1989 locutus
273 1967 321 1994 051,
341 1964 410 1990 sicut
428 1963 510 1989 fertur
524 1968 549 1990 et
563 1963 629 1990 milii
644 1963 757 1995 videtur,
774 1964 844 1999 phy-

53 2000 126 2026 sicus
148 1999 194 2026 ille
215 2000 388 2031 Democritus,
413 2001 536 2027 materies
554 2000 599 2027 illa
615 2000 665 2027 fuit
679 2000 794 2036 physici,
810 2001 843 2027 de

53 2045 106 2072 qua
127 2036 204 2068 dixit,
227 2041 336 2063 ornatus
353 2046 415 2064 vero
433 2038 491 2072 ipse
509 2038 651 2064 verborum
669 2038 778 2064 oratoris
793 2047 843 2073 pu-

54 2074 151 2100 tandus
169 2078 218 2100 est.
252 2074 292 2105 Et,
309 2074 331 2100 si
345 2074 418 2102 Plato
431 2075 464 2101 de
478 2075 558 2101 rebus
572 2085 585 2100 a
599 2075 726 2102 civilibus
740 2080 843 2102 contro-

53 2111 148 2138 versiis
167 2111 352 2138 remotissimis
370 2111 501 2138 divinitus
520 2117 560 2138 est
575 2112 688 2143 locutus,
708 2113 780 2146 quod
795 2122 843 2148 ego

53 2148 181 2181 concedo;
209 2148 232 2174 si
255 2148 317 2174 item
339 2148 506 2180 Aristoteles,
533 2150 557 2175 si
580 2149 792 2184 Theophrastus,
820 2151 842 2176 si

54 2185 200 2213 Carneades
214 2186 241 2212 in
255 2185 335 2211 rebus
350 2186 391 2217 iis,
407 2186 440 2212 de
453 2187 553 2221 quibus
566 2186 844 2221 disputaverunt,elo-

54 2227 166 2258 quentes
189 2227 214 2249 et
236 2223 262 2249 in
286 2223 397 2249 dicendo
419 2231 515 2250 suaves
530 2228 608 2258 atque
621 2225 705 2251 ornati
721 2224 841 2258 fuerunt,

54 2260 108 2287 sint
120 2260 170 2286 hae
183 2268 233 2291 res,
249 2260 282 2286 do
295 2260 396 2295 quibus
409 2260 555 2295 disputant,
567 2262 594 2287 in
609 2260 669 2288 aliis
679 2262 841 2296 quibusdam

55 2297 166 2330 studiis;
194 2298 276 2324 oratio
292 2297 402 2332 quidem
422 2298 478 2332 ipsa
493 2299 597 2332 propria
612 2303 652 2325 est
665 2299 747 2325 buius
761 2300 843 2326 unius

55 2334 171 2366 rationis,
187 2334 219 2360 de
233 2343 286 2369 qua
302 2335 438 2370 loquimur
450 2339 476 2361 et
489 2335 653 2370 quaerimus.
680 2337 722 2362 50.
737 2336 842 2363 Etenim

55 2371 178 2398 videmus
192 2371 288 2398 iisdem
302 2371 334 2398 de
349 2372 428 2398 rebus
443 2372 531 2398 ieiune
544 2372 675 2407 quosdam
689 2377 715 2399 01
727 2373 840 2405 exiliter,

55 2412 86 2435 ut
97 2417 169 2440 eum,
184 2417 264 2444 quem
279 2410 464 2436 acutissimum
480 2409 775 2445 ferunt,Clirysippum,
787 2410 844 2437 dis-

55 2446 191 2510 petztavisse
209 2454 295 2481 neque
308 2446 342 2474 ob
355 2455 412 2473 eam
432 2455 486 2473 rem
502 2446 686 2481 philosophiae
700 2456 751 2474 non
765 2448 844 2474 satis-

97 2483 236 2518 isse,quod
251 2492 302 2510 non
318 2484 440 2510 habuerit
454 2484 521 2510 hanc
534 2483 639 2510 dicendi
651 2493 684 2510 ex
694 2489 747 2511 arte
759 2484 843 2511 aliena

56 2518 215 2547 fucultatem.
240 2520 297 2547 ΧΠ.
312 2520 383 2553 Quid
396 2529 459 2557 ergo
473 2520 599 2547 interest‘?
625 2525 669 2547 aut
683 2522 730 2556 qui
744 2521 844 2548 discer-

56 2563 102 2584 nes
119 2565 220 2588 eorum,
240 2566 307 2592 quos
327 2558 470 2590 nominavi,
490 2558 637 2584 ubertatem
652 2559 679 2584 in
693 2558 805 2586 dicendo
819 2563 844 2585 01

56 2594 157 2628 copiam
175 2594 208 2620 ab
225 2603 315 2622 eorum
334 2596 460 2626 exilitate.
476 2596 523 2630 qni
539 2595 586 2621 bac
600 2595 704 2622 dicendi
720 2596 844 2622 varietate

57 2634 82 2658 et
93 2630 220 2668 elegantia
240 2640 291 2660 non
306 2633 433 2660 utuntur?
459 2633 546 2660 Unum
565 2633 614 2659 erit
631 2632 756 2667 profecto,
771 2632 844 2668 quod

1000 100 1096 126 CAP.
1131 102 1264 127 9—13.
1649 104 1682 128 75

891 172 919 202 ii,
943 172 989 205 qui
1009 171 1075 197 bene
1089 171 1190 201 dicunt,
1211 171 1317 196 afferant
1337 172 1488 205 proprium,
1510 173 1683 206 compositam

891 210 1036 235 orationem
1059 213 1083 234 et
1104 213 1222 234 ornatam
1245 213 1270 234 et
1289 208 1399 234 artificio
1412 209 1528 243 quodam
1543 214 1567 235 et
1582 209 1685 243 expoli—

892 246 962 272 tione
976 245 1138 272 distinetam.
1169 245 1237 271 Haec
1252 250 1339 271 autem
1354 246 1443 276 oratio,
1460 246 1482 271 si
1498 255 1539 271 res
1553 255 1605 272 non
1619 247 1686 272 sub-

892 288 932 309 est
945 283 978 309 ab
992 287 1092 309 oratore
1107 287 1230 317 percepta
1243 287 1268 308 et
1281 282 1394 318 cognita,
1408 287 1453 309 aut
1464 283 1537 309 nulla
1548 284 1686 309 511110005-

893 329 921 346 se
944 324 983 346 est
1005 325 1050 346 aut
1072 320 1193 346 omnium
1212 319 1334 346 irrisione
1349 319 1465 346 ludatur.
1500 322 1541 346 51.
1561 320 1631 352 Quid
1646 325 1686 346 est

893 358 964 383 enim
983 362 1037 383 tam
1057 357 1198 388 furiosum,
1214 365 1295 391 quam
1311 357 1453 383 verborum
1468 357 1508 383 vel
1523 358 1685 391 optimorum

893 399 972 429 atque
986 395 1216 420 ornatissimorum
1231 395 1335 421 sonitus
1354 394 1450 425 inanis,
1472 394 1545 420 nulla
1565 395 1685 421 subiecta

893 432 1023 458 sententia
1038 440 1085 457 nec
1100 431 1227 457 scientia‘?
1249 432 1387 466 Quidquid
1402 433 1451 458 erit
1464 432 1546 467 igitur
1556 441 1687 466 quacum-

893 478 945 503 que
957 478 990 495 ex
1004 474 1066 499 arte,
1083 477 1253 503 quocumque
1267 469 1299 495 de
1313 478 1418 505 genere,
1435 469 1462 495 id
1475 474 1568 499 orator,
1585 469 1607 495 si
1619 474 1687 495 tam—

893 515 975 541 quam
993 506 1097 532 clientis
1115 514 1237 532 caussam
1257 506 1387 537 didicerit,
1407 506 1477 533 dicet
1495 506 1592 532 melius
1607 511 1686 532 0101-

894 544 990 574 natius,
1007 551 1087 578 quam
1103 543 1160 577 ipse
1175 543 1219 569 ille
1233 544 1291 569 eius
1305 545 1341 569 rei
1356 545 1478 570 inventor
1492 548 1571 578 atque
1581 543 1684 570 artifex.

893 583 934 607 52.
959 581 1026 606 Nam
1049 581 1072 606 si
1094 581 1156 614 quis
1174 582 1232 611 erit,
1252 582 1299 615 qui
1319 581 1367 607 hoe
1385 581 1462 612 dicat,
1484 590 1542 607 esse
1555 581 1686 615 quasdam

893 622 1025 644 oratorum
1044 618 1166 652 proprias
1185 618 1327 644 sententias
1346 623 1425 652 atque
1443 627 1551 644 caussas
1565 623 1590 644 et
1603 623 1687 644 certa—

871 673 872 693 1
894 664 953 681 rum
972 664 1061 681 rerum
1081 654 1231 681 forensibus
1249 655 1374 681 cancellis
1392 656 1620 690 circumscriptam
1634 656 1688 681 sci-

893 693 1000 723 entiam,
1018 692 1118 718 fatebor
1131 692 1256 726 equidem
1272 693 1298 718 in
1313 692 1355 718 his
1370 693 1455 727 magis
1469 693 1576 718 assidue
1587 694 1685 719 versari

871 757 872 760 ,
894 730 962 756 hanc
980 734 1096 755 nostram
1117 730 1274 762 dictionem,
1302 730 1349 755 sed
1365 735 1452 756 tamen
1466 730 1494 755 in
1508 730 1550 755 1115
1565 731 1631 764 ipsis
1646 739 1687 756 re-

52 768 177 800 ferebant,
193 769 351 795 acerrimum
370 773 394 795 et
407 769 634 803 copiosissimum.
670 768 781 803 Vigebat
794 776 842 793 an-
864 770 872 786 V

894 767 945 793 bus
969 766 1101 802 permulta
1119 772 1191 798 sunt,
1216 776 1284 801 quae
1298 768 1343 793 isti
1358 768 1486 802 magistri,
1503 767 1549 801 qui
1564 768 1686 793 rhetorici

894 809 1030 834 vocantur,
1052 813 1099 830 nec
1114 804 1221 830 tradunt
1235 813 1282 830 nec
1296 809 1394 830 tenent.
1417 806 1458 831 53.
1474 804 1540 836 Quis
1555 805 1625 830 enim
1641 813 1687 830 110-

871 865 872 871 ,
894 843 944 868 5011
966 842 1111 867 maximam
1133 842 1188 868 vim
1213 842 1340 868 exsistere
1362 842 1471 868 oratoris
1495 842 1523 867 in
1546 841 1685 867 homiuum

894 879 1030 906 mentibus
1049 879 1091 905 vel
1110 879 1142 905 ad
1160 880 1227 905 iram
1246 884 1291 905 aut
1308 879 1341 905 ad
1358 879 1450 905 odium
1465 884 1510 905 aut
1523 879 1556 904 ad
1570 879 1686 905 dolorem

871 931 872 940 1
894 916 1036 943 incitandis
1051 916 1092 942 vel
1107 917 1140 942 ab
1154 917 1227 942 hisce
1240 916 1337 943 iisdem
1352 916 1563 951 permotionibus
1578 916 1610 942 ad
1622 916 1686 942 leni-

894 959 974 981 tatem
989 954 1253 988 misericordiamque
1267 953 1441 980 revocandis‘?
1466 953 1561 986 Quare,
1578 954 1629 979 nisi
1640 955 1686 988 qui

894 997 1015 1018 naturam
1030 992 1170 1017 hominum
1186 992 1294 1026 vimque
1307 1000 1415 1018 omnem
1426 991 1599 1017 humanitatis
1611 1000 1687 1016 eaus-

894 1038 991 1064 sasque
1014 1038 1067 1060 eaS,
1093 1029 1194 1063 quibus
1213 1033 1315 1055 mentes
1334 1033 1379 1054 aut
1398 1029 1541 1055 incitantur
1555 1033 1600 1054 aut
1614 1027 1685 1054 relle-

893 1071 1010 1098 ctuntur,
1027 1067 1134 1101 penitus
1149 1067 1322 1101 perspexerit,
1338 1066 1452 1092 dicendo
1465 1065 1537 1100 quod
1549 1066 1617 1092 volet
1629 1074 1688 1100 per-

871 1117 873 1126 =
894 1105 971 1131 ficere
985 1112 1036 1130 non
1052 1104 1157 1138 poterit.
1184 1105 1226 1130 54.
1241 1104 1323 1138 Atqui
1338 1108 1409 1129 totus
1423 1103 1466 1129 hic
1481 1103 1555 1129 locus
1570 1102 1688 1137 pbiloso-

894 1143 1008 1177 phorum
1023 1146 1132 1176 putatur
1145 1141 1283 1176 proprius:
1316 1150 1403 1176 neque
1417 1145 1502 1167 orator
1527 1150 1569 1166 mc
1583 1145 1688 1166 auctore

895 1188 1023 1214 umquam
1042 1178 1215 1213 repugnabit:
1243 1178 1298 1209 sed,
1323 1187 1408 1213 quum
1431 1178 1486 1204 11115
1510 1178 1688 1213 cognitionem

895 1226 982 1243 rerum
1005 1216 1173 1247 concesserit,
1199 1215 1272 1251 quod
1293 1216 1321 1241 in
1345 1224 1375 1242 ea
1393 1215 1480 1242 solum
1503 1215 1541 1241 illi
1557 1215 1689 1241 voluerint

894 1254 1037 1285 elaborare,
1054 1254 1234 1279 tractationem
1248 1254 1382 1284 orationis,
1398 1262 1467 1288 quae
1478 1253 1536 1279 sine
1546 1252 1591 1278 illa
1602 1253 1689 1278 scieu-

894 1293 929 1319 tia
943 1291 1017 1318 nulla
1031 1295 1079 1322 est,
1104 1291 1156 1317 sibi
1179 1296 1310 1323 assumet,
1338 1290 1389 1317 hoc
1406 1291 1477 1316 enim
1497 1295 1536 1316 est
1551 1291 1688 1325 proprium

893 1329 1013 1360 oratoris,
1029 1328 1102 1363 quod
1116 1337 1195 1363 saepe
1208 1329 1262 1354 iam
1276 1328 1341 1359 dixi,
1362 1328 1444 1354 oratio
1456 1328 1547 1363 gravis
1561 1332 1586 1353 et
1600 1333 1688 1353 ornata

894 1372 919 1393 et
946 1366 1087 1392 hominum
1115 1366 1240 1392 sensibus
1268 1374 1297 1391 ac
1323 1366 1458 1391 mentibus
1482 1365 1687 1391 accommodata.

895 1404 965 1430 XIII.
981 1405 1024 1429 55.
1043 1403 1149 1435 Quibus
1167 1403 1200 1429 de
1219 1403 1299 1429 rebus
1314 1402 1481 1429 Aristotelem
1496 1407 1522 1428 et
1536 1402 1690 1437 Theophra-

894 1446 966 1467 stum
986 1441 1127 1475 scripsisse
1146 1440 1237 1466 sateor.
1272 1440 1325 1466 Sed
1339 1440 1408 1471 vide,
1430 1449 1462 1466 ne
1476 1440 1534 1470 boc,
1552 1439 1684 1468 Scaevola.

896 1484 979 1505 totum
994 1479 1027 1504 sit
1042 1486 1056 1503 a
1070 1486 1121 1504 me.
1144 1478 1210 1503 Nam
1226 1486 1283 1512 ego,
1300 1485 1369 1512 quae
1383 1481 1446 1503 sunt
1456 1478 1550 1503 oratori
1562 1486 1623 1503 cum
1635 1477 1689 1503 illis

872 1534 873 1549 ,
894 1515 1056 1546 communia,
1074 1524 1124 1541 uon
1139 1520 1247 1541 mutuor
1260 1515 1293 1540 ab
1307 1514 1375 1540 illis:
1404 1515 1447 1540 1511
1461 1523 1530 1549 quae
1545 1514 1577 1540 de
1592 1514 1634 1540 bis
1649 1523 1690 1540 re-

894 1553 946 1579 bus
960 1553 1107 1586 disputant,
1123 1557 1257 1578 oratorum
1271 1561 1330 1577 esse
1343 1551 1502 1578 concedunt.
1537 1552 1628 1586 ltaque
1647 1560 1690 1577 ce—

895 1595 964 1617 teros
987 1590 1069 1616 libros
1088 1590 1151 1615 artis
1170 1598 1234 1615 suae
1253 1589 1368 1620 nomine,
1389 1589 1437 1615 1105
1453 1589 1595 1615 11101011005
1610 1593 1634 1615 et
1648 1589 1690 1615 in-

873 1646 874 1649 *
895 1628 1017 1654 scribunt
1030 1631 1054 1653 et
1068 1626 1210 1661 appellant.
1233 1628 1274 1652 56.
1290 1627 1395 1652 Etenim
1409 1635 1494 1661 quum
1510 1626 1548 1652 illi
1560 1627 1586 1652 in
1598 1626 1690 1652 dicen—

872 1676 874 1697 1,
894 1665 929 1691 do
947 1664 1089 1690 inciderint
1107 1664 1165 1695 loci,
1186 1664 1259 1698 quod
1278 1672 1404 1698 persaepe
1423 1665 1524 1694 evenit,
1542 1668 1570 1689 ut
1585 1663 1617 1689 de
1637 1663 1689 1689 diis

894 1701 1101 1733 immortalibus,
1122 1701 1155 1727 dc
1173 1702 1278 1736 pietate,
1299 1701 1331 1727 (10
1349 1701 1497 1732 concordia,
1514 1701 1546 1726 de
1561 1701 1686 1731 amicitia,

894 1739 927 1766 de
940 1740 1076 1766 communi
1091 1739 1201 1770 civium,
1223 1739 1255 1764 dc
1270 1738 1418 1769 bominum,
1439 1738 1471 1764 de
1484 1739 1605 1773 gentium
1620 1739 1686 1768 iure,

873 1778 874 1814 J
894 1777 927 1803 de
941 1777 1082 1811 aequitate,
1103 1776 1136 1802 de
1150 1777 1333 1810 temperantia.
1349 1776 1382 1802 de
1397 1775 1581 1811 magnitudine
1595 1776 1686 1806 animi,

894 1814 927 1841 de
950 1814 1022 1840 omni
1047 1814 1154 1840 virtutis
1176 1822 1273 1849 genere
1297 1814 1329 1839 sit
1349 1813 1501 1844 dicendum,
1525 1813 1686 1844 clamabunt,

872 1862 874 1886 ζ
894 1851 981 1883 credo,
1001 1852 1090 1878 omnia
1108 1851 1248 1887 gymnasia
1267 1855 1346 1885 atque
1360 1860 1452 1877 omues
1467 1850 1688 1886 pbilosophorum

873 1911 874 1914 ,
894 1889 1010 1919 scholae,
1028 1897 1076 1915 sua
1096 1897 1155 1914 esse
1170 1888 1234 1914 baec
1248 1889 1335 1914 omnia
1351 1888 1470 1923 propria,
1499 1887 1565 1914 nibil
1580 1888 1689 1914 omnino

894 1926 927 1953 ad
941 1931 1069 1952 oratorem
1084 1926 1224 1960 pertinere.
1251 1926 1292 1952 57.
1308 1925 1413 1957 Quibus
1428 1934 1485 1961 ego,
1503 1930 1530 1951 ut
1545 1925 1577 1951 de
1592 1925 1633 1951 1115
1649 1934 1689 1951 re—

895 1964 946 1990 bus
960 1963 1086 1990 omnibus
1101 1964 1128 1990 in
1143 1962 1258 1999 angulis,
1274 1962 1450 1989 consumendi
1465 1963 1510 1989 otii
1521 1962 1688 1993 caussa,dis-

894 2005 991 2032 serant,
1008 2010 1092 2036 quum
1108 2009 1272 2031 concessero,
1288 2000 1356 2026 illud
1368 2005 1454 2026 tamen
1465 2000 1560 2026 oratori
1573 2000 1687 2026 tribuam

873 2049 874 2056 ¹
895 2043 920 2064 et
938 2038 1015 2069 dabo,
1038 2043 1067 2064 ut
1084 2038 1186 2068 eadem,
1207 2037 1239 2063 de
1253 2038 1354 2073 quibus
1369 2037 1408 2064 illi
1424 2038 1496 2064 tenui
1511 2037 1627 2072 quodam
1642 2046 1689 2063 ex—

873 2141 874 2162 l

873 2173 875 2201 l

873 2268 874 2281 ³
896 2262 967 2288 moni
985 2262 1137 2289 interesset:

894 2076 1045 2111 sanguique
1059 2084 1181 2101 sermone
1196 2075 1342 2109 disputant,
1357 2075 1399 2101 bie
1413 2084 1474 2101 cum
1489 2075 1561 2101 omni
1572 2075 1688 2110 gravita-

895 2117 919 2139 tc
933 2117 958 2139 et
972 2112 1137 2139 iucunditate
1151 2112 1275 2147 explicet.
1299 2113 1366 2138 llaec
1381 2121 1430 2148 ego
1442 2121 1504 2138 cum
1519 2112 1585 2146 ipsis
1600 2111 1688 2146 pbilo-

894 2150 987 2185 sophis
1011 2155 1067 2176 tum
1081 2150 1193 2176 Athenis
1207 2149 1382 2176 disserebam.
1417 2149 1533 2184 Cogebat
1556 2149 1626 2175 enim
1646 2157 1687 2174 me

896 2187 930 2213 M.
947 2187 1088 2213 Marcellus
1102 2187 1145 2213 bic
1161 2191 1257 2217 noster,
1273 2187 1320 2221 qui
1336 2196 1406 2213 nune
1421 2186 1514 2212 aedilis
1528 2186 1630 2212 curulis
1648 2190 1686 2212 est

895 2229 920 2250 et
938 2224 1064 2259 proiecto,
1086 2225 1136 2250 nisi
1153 2224 1230 2250 ludos
1245 2233 1315 2250 nunc
1331 2223 1434 2254 fuceret,
1453 2223 1514 2249 buie
1530 2228 1618 2249 nostro
1632 2231 1687 2249 ser-

1165 2270 1194 2287 ae
1209 2262 1260 2287 iam
1276 2267 1332 2287 tum
1347 2266 1401 2287 erat
1416 2260 1630 2287 adolescentulus
1645 2260 1687 2286 1115

895 2298 992 2325 studiis
1006 2298 1116 2324 miriliee
1128 2298 1244 2324 deditus,
1278 2300 1320 2324 58.
1337 2299 1389 2324 lam
1405 2307 1466 2324 vero
1480 2297 1512 2323 de
1528 2297 1632 2332 legibus
1646 2298 1687 2323 in—

872 2359 873 2362 ,
895 2335 1046 2366 stituendis,
1067 2335 1099 2361 de
1117 2335 1196 2366 bello,
1216 2335 1249 2361 de
1264 2344 1335 2370 pace,
1351 2335 1384 2361 de
1398 2335 1486 2364 sociis,
1503 2334 1535 2360 de
1550 2334 1687 2370 vectigali-

872 2389 874 2406 l

895 2373 955 2403 bus.
979 2372 1012 2399 de
1035 2372 1092 2399 iure
1114 2372 1187 2399 civili
1205 2373 1350 2408 generatim
1371 2373 1397 2398 in
1416 2371 1521 2398 ordines
1536 2377 1687 2407 aetatesque

894 2409 1028 2444 descripto
1041 2409 1129 2436 dicant
1144 2409 1184 2435 vel
1200 2410 1302 2440 Graeci,
1319 2410 1341 2435 si
1356 2409 1458 2439 volunt.
1479 2409 1630 2445 Lycurgum
1642 2414 1687 2435 aut

872 2463 874 2469 κ
894 2446 1018 2473 Solonem
1037 2446 1212 2481 (quamquam
1231 2446 1291 2473 illos
1309 2446 1418 2481 quidem
1437 2454 1578 2472 censemus
1595 2447 1622 2472 in
1638 2455 1688 2472 uu-

895 2492 968 2510 mero
985 2483 1168 2519 eloquentium
1188 2483 1364 2518 reponendos)
1381 2484 1463 2510 scisse
1482 2483 1588 2514 melius,
1604 2492 1685 2518 quom

873 2538 874 2553 3
895 2520 1055 2556 Hyperidem
1070 2526 1115 2547 aut
1128 2520 1342 2551 Demosthenem,
1359 2520 1488 2556 perfectos
1501 2521 1552 2547 iam
1565 2521 1686 2547 homines

895 2559 922 2584 in
936 2557 1048 2585 dicendo
1065 2563 1090 2584 et
1109 2558 1265 2593 perpolitos;
1294 2557 1335 2584 vel
1353 2558 1434 2584 nostri
1448 2557 1622 2588 decemviros,
1638 2559 1686 2593 qui

895 2604 926 2621 xu
949 2595 1054 2621 tabulas
1078 2596 1297 2630 perscripserunt,
1322 2604 1390 2631 quos
1414 2603 1522 2621 neccsse
1544 2600 1582 2621 est
1603 2594 1686 2621 fuisse

895 2631 1049 2667 prudentes,
1069 2637 1227 2667 anteponant
1247 2633 1272 2659 in
1293 2633 1341 2659 boc
1358 2641 1455 2669 genere
1475 2637 1500 2659 et
1514 2632 1570 2659 Ser.
1586 2632 1686 2659 Galbae

1418 2679 1479 2705 10·
