1941 3052
801 139 855 163 1¹0.
888 137 922 163 M.
954 137 983 163 T.

237 143 285 169 995

236 217 288 242 set,
306 211 529 245 germanissimus
544 209 658 234 sinn-ns.
700 208 755 234 Erit
771 209 853 241 igitur
870 216 911 233 res
928 208 978 232 iam
1002 207 1027 233 in

235 249 402 275 ‹tim-rinnau.
445 248 509 273 Nam
526 251 571 271 aut
586 247 692 271 Stoicus
712 245 889 270 constituatur
910 245 1026 278 sapiens,

236 291 280 312 aut
297 286 392 311 veteris
405 283 571 310 Academiae.
614 283 762 316 Utrumque
778 291 829 307 non
847 286 941 316 potest.

236 324 307 349 enim
322 323 387 348 inu-r
398 330 442 346 vos
455 329 505 346 non
517 320 550 344 tlt·
563 320 697 348 terminis,
715 319 761 344 sed
773 319 805 344 (le
817 324 867 344 tota
881 319 1029 352 posscssio-

237 359 422 386 [ιω-0111011110.
451 358 516 382 Nam
528 357 616 382 omnis
629 357 693 382 ratio
706 357 774 382 vitas·
786 355 942 381 ‹li-linitione
954 364 1028 380 sum-

237 397 272 423 mi
286 396 347 421 honi
359 396 520 422 continetur:
535 393 567 419 (10
579 402 631 428 qun
643 394 689 428 qui
702 393 843 423 dissident,
859 393 892 418 dt·
902 393 975 418 omni
989 393 1029 418 vi·

237 439 275 460 tae
288 433 387 458 ratione
398 431 540 457 dissident.
582 431 637 456 Non
651 435 735 464 potest
753 431 833 463 igitur
848 435 959 464 uterqiu¹
971 438 1028 454 esse

235 471 356 504 sapiens,
375 469 502 503 quoniam
519 472 589 494 tanto
604 467 870 502 opi-redissentiunt.
889 466 935 492 sed
952 466 1027 493 alter.

235 508 264 533 Si
282 506 456 532 Polemoneus
472 509 562 539 peccat
573 505 690 533 Stoicus,
711 505 747 530 rei
765 504 846 530 falsae
864 505 1026 533 assentit-nm

236 553 283 570 vos
294 544 404 578 quidem
417 543 485 569 nihil
497 543 587 568 dicitis
599 551 612 568 a
628 542 747 576 sapit-nte
760 547 811 568 tam
824 541 942 567 alienum
955 550 1026 567 esse:

235 582 276 607 sin
294 590 354 606 vera
370 585 433 606 sunt
443 580 570 608 Zenonis.
589 579 681 605 eadem
699 579 724 604 in
742 584 843 605 veteres
856 578 1029 604 Academicos

236 618 478 652 Peripateticosque
498 616 621 643 dicenda.
663 617 709 642 llic
731 617 813 647 igitur
834 616 919 642 neutri
938 624 1030 641 assen—

236 657 303 682 tiens
315 656 338 681 si
351 663 512 689 numquam,
531 659 589 680 uter
599 658 639 680 est
651 652 824 688 prudentior?
865 655 920 679 433.
942 652 1030 684 Quid?

235 701 319 727 quum
340 693 397 726 ipse
414 691 562 718 Antiochus
577 691 702 717 dissentit
722 690 887 725 quibusdam
905 691 931 716 in
949 690 1029 716 rebus

235 730 268 755 ab
282 729 337 760 his,
354 738 422 764 quos
432 734 515 759 amat,
534 728 643 758 Stoicis,
658 737 744 754 nonne
757 728 868 758 indicat,
888 736 938 753 non
952 736 1029 762 posse

236 766 280 793 illa
293 766 428 801 probanda
440 774 499 792 esse
510 765 643 800 sapienti?
654 765 741 791 Placet
751 765 857 794 Stoicis,
866 765 955 790 onmia
968 773 1030 799 pec-

234 809 290 830 cata
312 812 371 830 esse
392 804 475 838 paria.
516 803 548 829 At
573 803 622 829 hoc
642 803 772 829 Antiocho
793 802 1029 828 vehementissime

234 841 370 876 displicet.
412 841 500 866 Liceat
522 840 627 866 tandem
650 840 716 866 mihi
737 839 918 869 considerare,
943 844 1028 865 utram

234 879 394 905 sententiam
406 886 512 912 sequar.
545 877 678 907 Praccide,
694 877 794 911 inquit:
808 882 894 903 statue
906 876 1029 911 aliquan-

234 915 268 942 do
279 915 424 950 quidlibet.
464 914 554 947 Quid‘?
568 923 637 949 quae
651 915 780 940 dicuntur
795 914 905 949 quidem
917 919 942 940 et
953 918 1029 939 acuta

235 953 302 983 mihi
314 952 438 978 videntur
450 953 476 978 in
490 956 630 986 utramque
643 956 742 986 partem
754 956 779 977 et
791 952 877 986 paria;
893 959 1030 977 nonneca-

236 998 325 1020 veam,
349 998 381 1016 00
397 989 486 1015 scelus
504 989 616 1015 saviam?
637 989 730 1015 Scelus
746 990 817 1015 enim
834 988 943 1014 dicebas
959 997 1026 1018 esse,

235 1027 356 1057 Luculle,
370 1026 465 1062 dogma
479 1026 599 1061 prodere.
640 1026 768 1053 Contineo
782 1027 863 1061 igitur
875 1035 925 1055 me,
942 1034 975 1052 ne
988 1026 1029 1051 in·
1051 1050 1052 1055 ,

234 1065 341 1099 cognito
356 1065 498 1090 assentiar:
517 1063 588 1098 quod
608 1063 674 1089 mihi
691 1068 778 1089 tecum
794 1068 833 1089 est
847 1063 944 1098 dogma
956 1071 1029 1088 com-
1050 1061 1052 1072 ⁴

235 1110 327 1128 mune.
370 1102 424 1127 131.
441 1102 508 1127 Ecce
521 1100 604 1127 multo
616 1101 699 1126 maior
710 1101 790 1126 etiam
801 1101 945 1126 dissensio.
982 1101 1030 1125 Ze-

235 1148 268 1165 no
284 1139 311 1165 in
323 1147 375 1164 una
388 1139 484 1164 virtute
499 1139 611 1172 positam
624 1138 727 1164 beatam
740 1139 821 1164 vitam
833 1142 918 1172 putat.
958 1136 1029 1169 Quid
1051 1134 1053 1166 ,1

233 1175 401 1203 Antiochus?
417 1176 516 1205 Etiam,
534 1176 634 1209 inquit,
649 1175 767 1205 beatam,
781 1175 829 1201 sed
840 1184 891 1201 non
905 1175 1030 1200 110011551-
1050 1171 1053 1198 1

235 1222 316 1240 mam.
351 1214 419 1238 Deus
433 1212 486 1243 1110,
499 1213 546 1247 qui
560 1212 627 1238 nihil
639 1213 744 1238 censuit
755 1212 849 1238 deesse
861 1212 967 1244 virtuti,
981 1211 1030 1237 ho·-

234 1251 343 1276 muncio
359 1250 414 1280 hic,
432 1250 480 1284 qui
493 1249 575 1276 multa
587 1254 661 1284 putat
672 1254 776 1284 praeter
786 1250 914 1275 virtutem
926 1249 1029 1275 homini

235 1288 331 1322 partim
343 1296 402 1313 cara
413 1295 485 1317 esse,
504 1287 600 1321 partim
616 1287 696 1313 etiam
714 1287 874 1313 necessaria.
915 1286 968 1312 Sed
985 1286 1029 1312 ille

235 1333 327 1351 vereor
342 1333 373 1350 nc
386 1324 478 1350 virtuti
490 1324 550 1358 plus
563 1324 675 1355 tribuat,
694 1333 776 1359 quam
792 1329 886 1350 natura
902 1325 1026 1358 patiatur,

234 1362 391 1397 praesertim
402 1361 586 1395 Theophrasto
602 1362 685 1388 multa
701 1361 799 1388 diserte
813 1362 975 1396 copioseque
986 1361 1030 1387 di-
1051 1363 1052 1394 1

233 1404 319 1425 cente.
360 1399 392 1424 Et
408 1398 451 1424 hic
467 1403 556 1425 metuo
571 1407 603 1425 ne
620 1400 666 1425 vix
680 1399 734 1425 sibi
748 1403 863 1431 constet:
881 1399 929 1434 qui
943 1407 1029 1433 quum
1050 1408 1052 1441 γ’

233 1436 305 1462 dicat
315 1444 374 1462 esse
385 1435 516 1470 quaedam
530 1441 555 1462 et
564 1437 682 1471 corporis
694 1441 719 1463 et
726 1435 845 1463 fortunae
852 1436 930 1467 mala,
939 1441 1028 1462 tamen
1051 1445 1052 1450 ¹

234 1482 310 1504 eum,
327 1474 375 1507 qui
396 1474 423 1499 in
439 1473 482 1499 his
497 1473 624 1500 omnibus
640 1473 798 1504 sit,beatum
815 1473 868 1500 fore
883 1478 987 1504 censet,
1005 1473 1029 1499 si
1050 1465 1052 1493 1

233 1512 341 1545 sapiens
353 1511 397 1536 sit.
438 1511 587 1537 Distrahor:
610 1519 695 1545 quum
708 1511 757 1537 hoc
769 1511 836 1537 mihi
848 1510 1026 1545 probabilius,
1050 1502 1052 1518 ¹

234 1553 290 1574 tum
302 1547 370 1573 illud
382 1547 500 1579 videtur:
515 1553 540 1574 et
551 1553 647 1577 tamen,
657 1549 710 1574 nisi
721 1548 879 1574 alterutrum
890 1549 933 1579 sit,
942 1549 1029 1574 virtu·

234 1591 286 1611 tem
299 1586 384 1611 iacere
394 1584 473 1619 plane
484 1589 560 1619 puto.
599 1586 697 1612 Verum
710 1587 737 1612 in
749 1586 791 1611 his
802 1585 966 1620 discrepant.

289 1622 381 1648 XLIV.
406 1623 462 1648 ⁴35.
484 1621 573 1654 Quid?
594 1622 652 1653 illa,
676 1624 702 1649 in
723 1623 825 1657 quibus
846 1623 1026 1653 consentiunt,

234 1668 299 1685 num
311 1668 358 1694 pro
370 1659 440 1685 veris
451 1659 563 1693 probare
579 1660 743 1694 possumus?
762 1661 892 1694 sapientis
907 1660 1028 1686 animum

234 1705 383 1731 numquam
394 1704 442 1722 nec
453 1697 600 1731 cupiditate
613 1698 727 1728 moveri,
745 1706 793 1723 nec
810 1697 909 1723 laetitia
924 1695 1029 1723 efferri?

233 1735 298 1769 Age.
314 1734 378 1760 haec
389 1734 539 1768 probabilia
551 1743 614 1760 sane
625 1735 691 1761 sint:
706 1743 771 1760 num
782 1735 862 1760 etiam
874 1734 919 1760 illa
928 1755 934 1765 ,
949 1743 1029 1760 num-

233 1779 315 1805 quam
336 1772 442 1802 timere,
463 1780 611 1806 numquam
633 1771 740 1798 dolere‘?
759 1771 907 1806 Sapiensne
926 1780 978 1798 non
994 1772 1029 1798 ti-

234 1808 321 1834 meat?
332 1817 394 1838 nec,
408 1809 431 1834 si
443 1809 526 1843 patria
538 1808 671 1839 deleatur,
688 1817 739 1835 non
751 1808 856 1835 doleat?
869 1817 930 1839 000,
947 1809 970 1835 51
981 1808 1029 1834 de-
1050 1835 1051 1849 χ

234 1844 285 1871 leta
300 1844 352 1871 sit‘?
372 1845 442 1871 Satis
457 1845 569 1872 durum!
592 1846 639 1872 sed
656 1846 755 1872 Zenoni
771 1846 967 1876 necessarium,
983 1847 1028 1872 cui
1050 1855 1051 1858 ¹

234 1887 337 1916 praeter
348 1882 490 1908 honestum
503 1882 570 1909 nihil
583 1888 622 1909 est
635 1884 660 1909 in
673 1883 765 1909 bonis:
783 1883 832 1909 tibi
844 1891 919 1913 vero,
934 1883 1028 1909 Antio-
1050 1883 1051 1931 1

234 1919 296 1949 che,
321 1920 445 1945 minime:
468 1920 512 1945 cui
532 1924 637 1954 praeter
658 1920 822 1946 honestatem
843 1919 926 1946 multa
946 1920 1024 1951 bona,
1050 1936 1051 1949 i

233 1961 338 1990 praeter
358 1957 552 1990 turpitudinem
569 1957 652 1983 multa
669 1957 737 1983 mala
756 1957 895 1983 videntur:
918 1966 987 1992 quae
1002 1963 1027 1984 et

233 1993 367 2019 venientia
384 1998 483 2019 metuat
498 1994 606 2028 sapiens
622 2002 731 2020 necesse
747 1999 801 2025 est,
821 1999 846 2020 et
863 1995 969 2021 venisse
979 1995 1028 2021 do—

233 2029 294 2056 leat.
335 2030 385 2056 Sed
401 2039 514 2065 quaero,
531 2031 639 2065 quando
656 2032 704 2057 ista
721 2030 820 2057 fuerint
834 2031 868 2057 ab
885 2032 1026 2058 Academia

233 2072 322 2094 vetere
343 2067 460 2098 decreta,
483 2072 512 2094 ut
532 2068 652 2094 animum
673 2069 803 2103 sapientis
823 2070 986 2095 commoveri
1002 2075 1027 2096 ct
1050 2070 1058 2105 s

232 2104 386 2131 conturbari
403 2104 547 2139 negarent?
563 2105 756 2132 Mediocritates
768 2105 808 2132 illi
823 2106 984 2140 probabant,
1002 2112 1028 2133 et
1050 2106 1051 2109 ’

233 2142 260 2168 10
281 2141 354 2168 omni
372 2143 536 2176 permotione
553 2142 699 2169 naturalem
717 2142 842 2169 volebant
857 2152 915 2169 esse
931 2152 1028 2178 quem—
1050 2144 1051 2150 ¹

233 2179 294 2205 dam
307 2178 427 2205 modum.
450 2179 577 2214 Legimus
588 2189 682 2206 omnes
693 2180 836 2211 Crantoris,
850 2182 948 2207 veteris
960 2182 1028 2207 Aca-

232 2216 344 2246 demici,
361 2216 393 2242 de
407 2215 489 2242 luctu.
530 2217 577 2243 Est
587 2218 658 2243 enim
672 2226 722 2243 non
735 2226 858 2253 magnus,
873 2227 967 2244 verum
979 2227 1027 2244 au-

233 2253 322 2279 reolus
335 2258 369 2283 et,
383 2254 552 2280 utTuberoni
562 2255 703 2281 Panaetius
715 2256 854 2289 praecipit,
868 2255 900 2281 ad
913 2256 1026 2282 verbum

232 2290 394 2316 ediscendus
409 2290 528 2317 libellus.
568 2292 655 2326 Atque
671 2292 711 2317 illi
729 2292 840 2326 quidem
856 2293 936 2318 etiam
952 2293 1027 2319 utili-

232 2332 271 2354 ter
282 2336 296 2353 a
308 2333 401 2354 natura
416 2328 541 2354 dicebant
551 2330 730 2363 permotiones
742 2330 806 2355 istas
817 2330 916 2356 animis
927 2331 1026 2356 nostris
1048 2334 1049 2353 ἶ

232 2364 320 2391 datas:
338 2370 440 2391 metum
455 2366 569 2391 cavendi
584 2375 692 2398 caussa;
710 2366 922 2392 misericordiam
937 2367 1026 2402 aegri-
1048 2367 1049 2395 1

232 2402 408 2436 tudinemquc
423 2402 593 2434 clementiae:
613 2404 698 2437 ipsam
709 2403 875 2430 iracundiam
891 2403 1026 2430 ἴοι-1110111-
1048 2399 1049 2451 l

232 2439 274 2464 nis
285 2440 364 2473 quasi
375 2445 459 2465 cotem
472 2448 530 2466 0550
541 2440 679 2472 dicebant;
694 2445 763 2466 recte
774 2441 971 2471 secusne,alias
983 2442 1026 2467 vi—
1047 2459 1049 2484 1

232 2474 361 2501 derimus.
402 2476 531 2503 Atrocitas
542 2477 653 2511 quidem
666 2478 715 2503 ista
727 2482 770 2503 tua
782 2486 835 2512 quo
846 2477 925 2504 modo
938 2479 966 2505 in
978 2487 1026 2504 ve-
1046 2485 1049 2502 5

232 2516 314 2537 terem
329 2512 500 2540 Academiam
517 2515 656 2548 irruperit,
679 2515 779 2540 nescio.
821 2516 877 2540 136.
900 2515 947 2541 Illa
962 2523 1024 2541 vero
1046 2503 1048 2547 1

233 2547 300 2574 ferre
318 2557 370 2575 non
391 2558 515 2583 possum,
539 2559 590 2577 non
611 2559 665 2586 quo
680 2551 747 2577 mihi
763 2551 937 2585 displiceant:
961 2556 1024 2578 sunt

232 2585 305 2610 enim
326 2585 456 2613 Socratica
476 2587 603 2622 pleraque
619 2588 753 2614 mirabilia
768 2587 932 2619 Stoicorum,
954 2597 1023 2624 quae

231 2622 371 2655 παράδοξα
387 2625 570 2650 nominantur:
588 2625 635 2651 sed
651 2625 698 2651 ubi
710 2625 886 2655 Xenocrates,
904 2626 952 2652 ubi
963 2626 1024 2652 Ari-

232 2658 338 2685 stoteles
355 2660 403 2685 ista
420 2661 522 2697 tetigit?
537 2661 584 2688 hos
600 2663 672 2688 enim
683 2662 762 2697 quasi
772 2661 880 2688 eosdem
891 2671 950 2690 0550
962 2661 1024 2690 vul-

983 281 1028 307 Est
1050 277 1058 306 1

1018 136 1290 163 (Σ111Ε11οΝ18

1080 207 1123 233 tis.
1165 206 1204 233 1111
1218 215 1345 241 umquam
1357 207 1484 237 dicerent.
1498 209 1632 243 sapientes
1643 207 1712 234 501οε
1724 207 1818 250 reges?
1829 217 1871 235 so-

1081 243 1119 269 los
1133 243 1250 270 divites?
1263 243 1333 269 »010³
1345 243 1492 270 formosos?
1510 247 1613 275 omnia,
1632 254 1701 281 quae
1716 246 1818 281 ubique
1829 254 1872 271 en-

1080 286 1147 310 5001,
1161 282 1290 316 sapientia
1301 281 1379 306 esse?
1399 282 1532 308 neminem
1545 282 1696 312 consult-m,
1713 288 1870 318 praetorem.

1082 319 1280 352 imperatorem,
1308 319 1398 345 nescio
1421 327 1453 345 an
1475 328 1507 345 ne
1527 320 1739 355 quinquevirum
1760 319 1871 355 quidem

1080 364 1254 390 quemquam,
1271 355 1323 381 nisi
1335 357 1496 390 napientem:
1515 362 1660 391 postremo,
1674 356 1760 382 solum
1772 357 1871 386 civem,

1081 392 1167 418 solum
1181 392 1314 418 liherum‘?
1332 393 1490 440 insipientes
1501 402 1594 419 omnes
1605 394 1773 429 peregrinos,
1791 401 1873 419 exsu-

1058 442 1059 449 1
1082 429 1133 459 tos.
1147 438 1252 459 servos,
1267 429 1400 456 furiosos?
1414 430 1533 465 Denique
1545 431 1642 465 scripta
1653 431 1782 466 Lycurgi,
1798 430 1874 457 Solo·

1082 467 1137 496 nis.
1154 466 1296 492 duodecim
1309 467 1413 493 tabulas
1430 472 1532 493 nostras
1547 476 1599 494 non
1610 476 1669 494 ease
1681 467 1770 503 leges?
1784 476 1816 494 ne
1829 476 1874 493 ur·

1082 504 1128 529 hes
1144 503 1261 538 denique
1280 509 1325 530 aut
1339 505 1476 534 civitates,
1499 505 1551 531 nisi
1573 513 1642 540 quae
1661 510 1750 531 essent
1765 506 1874 540 sapien-

1082 541 1167 567 tium‘?
1208 542 1263 567 ⁴37.
1287 542 1355 567 llaec
1371 541 1433 571 tibi.
1451 541 1575 572 Luculle,
1591 542 1614 568 si
1633 550 1662 568 es
1677 550 1804 568 assensus
1820 542 1874 568 An-

1082 579 1178 607 tiocho.
1188 577 1312 604 familiari
1325 583 1378 609 100,
1388 584 1439 605 tam
1453 584 1516 605 sunt
1527 578 1704 608 defendenda.
1713 587 1794 614 quam
1801 587 1874 605 moe-

1082 616 1138 641 nia:
1153 616 1220 641 mihi
1232 620 1330 645 autem,
1345 616 1414 642 bono
1425 616 1516 642 modo:
1530 621 1642 646 tantum.
1655 621 1785 651 quantum
1798 615 1874 642 vide-

1058 662 1059 667 *
1082 653 1163 679 bitur.
1191 653 1270 679 XLV.
1287 654 1350 686 Legi
1361 653 1432 688 apud
1445 653 1650 683 Clitomachum,
1663 662 1748 688 quum
1759 653 1874 680 Came·-

1081 691 1128 716 des
1144 695 1169 716 et
1182 690 1287 716 Stoicus
1302 691 1432 726 Diogenes
1447 690 1479 716 ad
1495 696 1617 717 senatum
1634 691 1661 717 in
1675 690 1806 725 Capitolio
1820 694 1874 716 m-

1082 733 1147 757 rent.
1161 729 1192 754 Λ.
1206 728 1344 757 Albinum,
1360 729 1476 762 quitum
1488 728 1515 754 Ρ.
1529 727 1655 763 Scipione
1666 733 1691 754 et
1703 728 1737 754 M.
1750 727 1874 753 Marcello

1081 774 1150 791 coss.
1165 770 1268 799 praetor
1279 770 1361 795 esset,
1379 774 1455 796 eum,
1472 765 1594 800 quicum
1610 774 1660 791 avo
1675 770 1732 794 tuo,
1751 763 1872 794 Luculle,

1058 818 1059 823 =
1080 802 1173 828 consul
1187 802 1249 832 l'uit,
1265 802 1372 828 doctum
1385 811 1448 829 sane
1461 802 1610 833 hominem,
1629 807 1658 828 ut
1674 801 1773 828 indicat
1787 802 1875 836 ipsius

1058 837 1059 847 ¹
1082 840 1204 869 historia,
1223 840 1321 874 scripta
1333 839 1447 870 Graece,
1466 840 1595 866 iocantem
1611 839 1714 866 dixisse
1728 838 1871 866 Carneadi:

1081 886 1124 910 “¹9⁰
1135 879 1189 908 tibi,
1206 877 1345 907 Carneade,
1356 882 1461 911 praetor
1471 886 1524 903 esse
1535 886 1583 903 non
1596 879 1689 906 videor,
1701 879 1762 910 quia
1773 879 1875 909 mpiem

1082 923 1129 940 non
1144 923 1214 940 sum:
1235 923 1279 940 nec
1295 916 1355 940 haec
1371 916 1443 945 urbs,
1460 923 1504 940 nec
1519 917 1546 940 in
1556 923 1585 940 eu
1598 916 1698 940 cirita-r.
1738 914 1806 939 Tum
1818 912 1873 943 1110,

1080 953 1139 978 huic
1154 952 1240 977 Stoico
1257 960 1305 977 non
1327 953 1430 977 videm.
1471 950 1625 978 Aristoteles
1641 956 1686 977 aut
1701 950 1873 980 Xenocrates,

1081 997 1148 1023 quos
1160 988 1308 1015 Antiochus
1322 989 1398 1024 sequi
1412 988 1525 1017 volebat,
1542 997 1593 1015 non
1603 988 1791 1017 dubitavisset.
1807 987 1874 1022 quin

1081 1031 1105 1052 et
1117 1031 1221 1060 praetor
1233 1025 1277 1051 1110
1288 1031 1366 1056 esset,
1375 1026 1487 1052 etttoma
1500 1026 1574 1056 urbs,
1587 1031 1612 1052 et
1622 1034 1680 1051 eam
1692 1026 1787 1051 civitas
1800 1025 1874 1050 inco-

1083 1062 1156 1089 leret.
1197 1062 1249 1089 Sed
1262 1062 1306 1089 11Ιο
1319 1068 1407 1089 noster
1417 1068 1457 1089 est
1468 1063 1559 1098 plane,
1577 1068 1605 1089 ut
1616 1071 1696 1097 supra
1712 1062 1784 1091 dixi,
1803 1061 1875 1088 Stoi-

1081 1108 1137 1129 005,
1152 1108 1285 1135 perpauca
1297 1100 1460 1126 balbutiens.
1504 1102 1559 1126 ⁴38.
1582 1100 1633 1126 Vos
1648 1105 1735 1126 autem
1749 1099 1816 1125 mihi
1828 1106 1874 1124 ve-

1081 1138 1192 1167 remini,
1215 1146 1246 1163 ne
1263 1137 1336 1163 labar
1350 1137 1382 1163 ad
1393 1138 1547 1172 opinionem
1559 1142 1583 1163 et
1594 1137 1697 1172 aliquid
1709 1137 1838 1163 asciscam
1850 1140 1877 1162 et

1081 1174 1253 1209 comprobem
1265 1175 1445 1210 incognitum:
1459 1174 1532 1209 quod
1543 1175 1655 1200 minime
1667 1174 1759 1200 vultis.
1802 1172 1874 1205 Quid

1081 1211 1187 1238 consilii
1203 1210 1290 1237 datis?
1309 1212 1432 1238 Testatur
1445 1220 1524 1246 saepe
1535 1211 1719 1246 ChrysippuS,
1737 1216 1789 1237 tres
1804 1210 1875 1237 solas

1081 1258 1140 1275 0550
1151 1250 1305 1280 sententias,
1314 1257 1383 1284 quae
1393 1248 1501 1275 defendi
1512 1249 1624 1283 possint,
1636 1248 1669 1274 de
1681 1247 1781 1274 finibus
1792 1247 1876 1274 bono-

1082 1295 1155 1312 rum:
1168 1286 1339 1312 circumcidit
1352 1291 1377 1312 et
1387 1291 1508 1321 amputat
1518 1285 1733 1312 multitudinem:
1746 1289 1792 1311 aut
1802 1285 1875 1311 enim

1082 1324 1246 1350 honestatem
1258 1332 1317 1350 esse
1332 1324 1412 1350 tinem
1426 1329 1471 1350 aut
1480 1323 1644 1358 voluptatem
1656 1327 1702 1349 aut
1712 1327 1873 1357 utrumque:

1081 1370 1142 1387 narn
1154 1362 1201 1396 qui
1213 1369 1351 1387 summum
1363 1361 1464 1387 bonum
1476 1360 1566 1387 dicant
1577 1360 1604 1386 id
1619 1368 1691 1391 esse,
1708 1360 1732 1386 si
1747 1367 1875 1386 vacemus

1080 1399 1154 1425 omni
1171 1398 1306 1429 molestia,
1324 1407 1370 1425 005
1386 1397 1551 1424 invidiosum
1567 1406 1664 1424 nomen
1676 1397 1821 1432 voluptatis
1831 1395 1876 1422 fu-

1080 1444 1157 1471 gere,
1171 1435 1218 1462 sed
1231 1437 1257 1462 in
1269 1436 1405 1462 vicinitate
1416 1436 1531 1462 versari:
1544 1435 1617 1470 quod
1629 1434 1714 1461 facere
1727 1443 1773 1461 eos
1783 1434 1873 1464 etiam,

1080 1474 1129 1508 qui
1142 1472 1209 1499 illud
1221 1473 1292 1499 idem
1303 1482 1365 1499 cum
1378 1473 1514 1499 honestate
1525 1473 1730 1508 coniungerent:
1744 1479 1792 1498 000
1803 1470 1876 1497 1001-

1081 1515 1106 1537 10
1117 1519 1196 1537 50005
1212 1519 1270 1541 005,
1289 1511 1337 1546 qui
1353 1510 1386 1537 ad
1402 1510 1567 1537 honestatem
1581 1510 1668 1544 prima
1682 1514 1790 1535 naturae
1801 1516 1876 1534 com-

1081 1548 1158 1574 moda
1175 1548 1365 1583 adiungerent:
1389 1548 1424 1574 ita
1439 1552 1491 1574 tres
1502 1547 1619 1582 relinqui
1630 1547 1789 1576 sententias,
1806 1553 1875 1580 quas

1080 1590 1156 1620 putet
1170 1585 1346 1620 probabiliter
1360 1593 1439 1620 posse
1454 1584 1573 1611 defendi.
1616 1585 1672 1610 139.
1694 1583 1733 1610 Sit
1748 1591 1812 1609 sane
1823 1583 1872 1614 ita:

1080 1624 1254 1658 (quamquam
1271 1631 1285 1649 a
1297 1621 1448 1649 Polemonis
1463 1627 1489 1648 et
1499 1621 1735 1656 Peripateticorum
1746 1625 1771 1647 et
1780 1620 1875 1646 Antio·

1079 1660 1123 1686 chi
1132 1660 1290 1686 finibusnon
1303 1659 1379 1686 facile
1389 1658 1516 1691 divellor3
1531 1667 1617 1693 neque
1627 1657 1777 1693 quidquam
1790 1656 1875 1683 habeo

1080 1697 1168 1723 adhuc
1180 1696 1374 1732 probabilius:)
1385 1701 1569 1722 verumtamen
1580 1695 1672 1725 video.
1688 1703 1770 1730 quam
1782 1694 1875 1720 suavi-

1080 1740 1119 1761 ter
1135 1734 1258 1769 voluptas
1273 1733 1400 1760 sensibus
1417 1734 1514 1760 nostris
1529 1732 1693 1758 blandiatur.
1733 1731 1819 1758 Labor
1832 1739 1872 1761 00,

1080 1776 1109 1798 ut
1124 1772 1255 1798 assentiar
1267 1771 1385 1805 Epicuro
1400 1775 1445 1796 aut
1460 1770 1606 1804 Aristippo.
1647 1769 1761 1795 Revocat
1777 1769 1872 1798 virtus,

1081 1808 1122 1835 vel
1144 1809 1234 1843 potius
1250 1807 1422 1843 reprehendit
1436 1815 1532 1834 manu:
1556 1805 1692 1842 pecudum
1710 1805 1770 1832 illos
1786 1810 1873 1832 motus

1080 1854 1139 1872 0550
1154 1845 1233 1876 dicit,
1257 1845 1394 1871 hominem
1411 1845 1500 1880 iungit
1514 1843 1573 1870 deo.
1615 1844 1727 1870 Possum
1742 1851 1801 1869 esse
1817 1850 1874 1869 me-

1079 1883 1156 1909 dius:
1170 1887 1207 1913 ut,
1223 1883 1351 1917 quoniam
1363 1882 1532 1917 Aristippus,
1545 1881 1623 1916 quasi
1634 1881 1755 1907 animum
1767 1879 1873 1906 nullum

1080 1920 1237 1950 habeamus,
1249 1928 1346 1954 corpus
1357 1919 1445 1946 solum
1457 1924 1558 1951 tuetur;
1574 1919 1653 1949 Zeno,
1665 1918 1744 1952 quasi
1754 1917 1874 1952 corporis

1079 1958 1166 1983 simus
1177 1962 1310 1991 expertes,
1322 1957 1443 1983 animum
1454 1955 1542 1983 solum
1553 1955 1752 1990 complectitur;
1770 1959 1801 1981 ut
1812 1953 1874 1981 Cat-

1080 1994 1227 2029 liphontem
1243 2003 1353 2029 sequar;
1371 1995 1450 2020 cuius
1465 1993 1576 2028 quidem
1587 1993 1748 2019 sententiam
1758 1991 1874 2019 Carnea-

1057 2057 1058 2062 ,
1078 2032 1126 2058 des
1138 2032 1174 2058 ita
1184 2031 1304 2058 studiose
1315 2030 1501 2063 defensitabat,
1509 2035 1539 2056 ut
1548 2039 1606 2057 eam
1617 2029 1730 2065 probare
1739 2029 1820 2056 etiam
1832 2028 1873 2055 vi-

1079 2069 1196 2095 deretur.
1236 2069 1406 2103 Quamquam
1417 2067 1601 2095 Clitomachus
1611 2066 1774 2098 affirmabat,
1792 2074 1872 2092 num-

1078 2114 1161 2141 quam
1172 2114 1200 2132 se
1214 2105 1364 2142 intelligere
1375 2106 1508 2140 potuisse,
1525 2105 1593 2140 quid
1604 2103 1735 2131 Carneadi
1744 2103 1872 2138 probare-

1079 2148 1131 2170 tur.
1171 2143 1237 2174 Sed,
1259 2144 1282 2169 si
1297 2144 1387 2178 ipsum
1400 2142 1481 2169 velim
1492 2142 1582 2177 sequi3
1606 2150 1693 2168 00000
1704 2142 1763 2176 ipsa
1774 2141 1871 2167 veritas

1078 2185 1103 2207 et
1116 2180 1208 2216 gravis
1223 2185 1249 2206 et
1262 2185 1332 2207 recta
1347 2180 1413 2206 ratio
1428 2179 1496 2206 mibi
1516 2177 1691 2206 obversetur?
1710 2179 1763 2209 Tu,
1785 2185 1870 2212 quum

1079 2218 1204 2244 honestas
1218 2218 1247 2244 in
1265 2217 1401 2252 voluptate
1416 2216 1610 2243 contemnenda
1625 2216 1765 2246 consistat,
1787 2214 1871 2241 11000-

1077 2259 1173 2282 statem
1187 2263 1250 2281 cum
1266 2254 1416 2289 voluptate,
1434 2259 1571 2289 tamquam
1585 2253 1722 2280 hominem
1735 2260 1797 2278 cum
1811 2250 1871 2278 bel-

1078 2292 1131 2323 lua,
1144 2291 1304 2326 copulabis?
1335 2291 1427 2318 XLVI.
1450 2292 1507 2318 ⁴40.
1529 2291 1618 2318 Unum
1628 2291 1712 2326 igitur
1721 2298 1782 2324 par,
1797 2288 1870 2324 quod

1076 2329 1222 2364 depugnet,
1235 2328 1372 2364 reliquum
1382 2333 1431 2359 est,
1445 2328 1568 2363 voluptas
1577 2336 1640 2354 cum
1652 2328 1798 2354 honestate.
1832 2327 1870 2352 De

1055 2382 1057 2397 ,ι
1076 2375 1130 2401 quo
1139 2366 1292 2402 Chrysippo
1303 2365 1367 2397 fuit,
1384 2371 1516 2401 quantum
1527 2374 1576 2401 ego
1589 2365 1687 2394 sentio,
1705 2372 1757 2390 non
1773 2371 1869 2399 magna

1075 2404 1219 2430 contentio.
1259 2403 1380 2429 Alterum
1392 2403 1415 2429 si
1429 2411 1556 2437 sequare,
1573 2401 1655 2428 multa
1667 2406 1761 2432 ruunt.
1775 2406 1801 2428 et
1811 2409 1870 2427 ma-

1076 2441 1149 2467 xime
1159 2441 1338 2467 communitas
1348 2449 1411 2466 cum
1422 2440 1562 2466 hominum
1572 2447 1678 2474 genere,
1686 2438 1791 2469 caritas,
1799 2439 1869 2465 ami-

1075 2478 1152 2508 citia,
1165 2478 1285 2508 iustitia,
1303 2476 1422 2512 reliquae
1437 2477 1563 2503 virtutes:
1585 2483 1700 2510 quarum
1719 2483 1778 2502 esse
1793 2474 1868 2502 nulla

1075 2519 1170 2549 potest,
1183 2515 1238 2541 nisi
1248 2515 1298 2541 erit
1307 2515 1431 2550 gratuita.
1471 2514 1538 2539 Nam
1548 2521 1617 2548 quae
1628 2512 1772 2547 voluptate.
1789 2513 1868 2547 quasi

1076 2552 1198 2578 mercede
1218 2551 1321 2586 aliqua,
1344 2551 1377 2577 ad
1397 2550 1516 2577 officium
1532 2549 1693 2584 impellitur,
1715 2558 1746 2576 ea
1761 2558 1813 2576 non
1826 2554 1868 2576 est

1075 2589 1170 2619 virtus,
1179 2588 1227 2615 sed
1238 2588 1320 2615 fallax
1330 2589 1442 2615 imitatio
1452 2586 1643 2621 simulatioque
1654 2587 1773 2614 virtutis.
1793 2585 1866 2613 Audi

1074 2631 1164 2652 contra
1175 2625 1245 2657 illos,
1253 2626 1300 2661 qui
1311 2633 1406 2652 nomen
1417 2624 1562 2650 honestatis
1573 2632 1587 2649 a
1598 2632 1627 2649 se
1638 2632 1671 2650 ne
1682 2623 1866 2659 101011131ᾳυί-

1074 2662 1136 2690 dem
1147 2662 1250 2695 dicant,
1267 2663 1321 2689 nisi
1332 2661 1410 2692 forte,
1427 2660 1500 2696 qu'od
1509 2660 1658 2697 gloriosum
1669 2661 1704 2687 sit
1715 2661 1742 2688 in
1753 2659 1863 2696 vulgus,
