1941 3052
230 143 277 165 ³0:
800 136 841 161 ⁸7.
874 135 908 160 M.

225 219 254 235 nc
270 218 321 235 tlon
341 217 390 241 1·ng
411 213 434 234 tt:
455 208 551 233 mist-r«-
573 205 687 240 1101111111.

224 246 379 273 consulatus
395 245 461 270 inihi
478 250 514 273 te.
540 243 650 271 liberos,
669 242 794 275 patriam.
813 241 944 270 fortunus,
967 242 1015 267 tibi

226 283 306 310 velim
320 282 427 316 nequid
440 280 576 314 eripuerit.
591 284 693 313 praeter
705 287 788 304 unum
801 287 852 304 me.
882 278 934 303 Sed
945 283 1015 304 certe
1036 280 1038 288 ⁴

224 331 237 346 11
255 326 278 346 10
296 320 361 345 1111111
376 319 464 344 onmia
482 325 587 350 semper
608 316 716 341 honesta
732 320 757 341 et
774 315 889 341 iucunda
910 315 1016 341 cecide·
1036 294 1039 354 l

225 361 298 386 runt:
317 366 330 381 a
347 365 387 381 nu·
404 355 451 380 tibi
469 354 555 379 luctus
571 362 644 378 meac
656 352 828 383 calamitatis,
847 357 934 378 metus
945 357 1013 383 tuae,
1037 360 1039 390 Ι

223 393 402 422 desiderium,
420 400 534 421 maeror.
552 389 678 416 solitudo.
720 390 775 423 ligo
785 394 809 416 te
821 389 911 415 videre
923 389 1016 415 nolue-

224 430 292 457 riin‘?
314 431 395 456 luuno
409 438 469 454 vero
482 436 523 453 me
534 432 584 453 ate
597 427 682 453 videri
695 426 778 453 nolui.
820 427 876 452 Non
891 427 962 452 enim
976 427 1016 452 vi·
1036 403 1039 460 l

223 469 310 494 disses
323 466 428 492 fratrem
441 471 530 491 tuum:
545 474 595 490 non
607 472 679 495 eum,
693 472 774 498 quem
787 464 946 498 reliqueras:
964 472 1014 489 non

223 514 294 533 euin,
308 511 387 538 quem
401 511 491 528 noras:
504 510 555 528 non
567 510 639 531 eum,
652 510 733 536 quem
746 500 810 527 sscns
822 500 938 531 flentem,
955 509 1016 535 pro-
1037 509 1038 528 1

224 546 378 576 sequentem
394 540 565 574 proficiscens
579 538 735 564 dimiseras:
753 547 784 564 ne
797 539 940 573 vestigium
953 538 1016 572 qui-

223 580 282 605 dem
300 579 371 608 eius,
395 586 443 603 nec
461 576 651 604 simulacrum:
675 575 722 601 sed
736 575 881 610 quamdam
897 575 1014 610 effigiem

223 615 349 650 spirantis
365 615 472 641 mortui.
513 614 600 648 Atque
617 614 718 639 utinam
734 621 775 638 me
793 618 926 639 mortuum
939 613 1014 647 prius

225 653 339 679 vidisses
351 657 396 678 aut
407 651 542 678 audisses!
557 651 658 677 utinam
672 655 695 677 te
707 658 758 676 non
770 650 858 676 solum
871 651 953 680 vitae,
967 649 1014 675 sed

223 691 301 717 etiam
321 689 461 725 dignitatis
483 697 556 715 meae
577 685 749 722 supersistem
771 687 956 722 reliquissem!
988 688 1013 713 2.

222 727 273 754 Sed
285 731 365 753 testor
376 735 468 753 omncs
480 726 557 756 dcos,
581 734 622 751 me
640 725 688 751 hac
700 733 752 751 una
764 734 827 751 voce
838 734 851 751 a
863 729 945 751 morte
957 732 1015 749 esse

223 769 389 795 revocatum,
406 763 477 798 quod
493 771 586 789 omnes
603 763 628 788 in
646 771 702 788 mea
718 763 771 788 vita
783 767 884 797 partem
896 762 1015 796 aliquam

223 807 282 829 tuae
298 802 368 828 vitae
384 801 527 835 repositam
543 808 602 826 0550
622 799 756 826 dicebant.
797 799 884 831 Quare
905 799 1015 834 peccavi

221 839 403 873 scelerateque
424 838 484 864 l'eci.
534 838 600 864 Nam
621 838 644 863 si
663 837 838 867 occidissem,
866 846 937 863 mors
959 837 1015 870 ipsa

223 885 310 904 meam
325 876 450 910 pietatem
472 883 644 909 amoremque
665 875 730 901 inte
752 874 829 900 facile
849 873 1014 900 defenderet.

222 914 299 941 Nunc
314 913 452 943 commisi,
471 917 499 939 ut
511 913 572 939 vivo
584 921 626 938 me
637 920 754 942 careres,
772 913 834 937 vivo
849 921 890 937 1111,-
902 911 962 937 31115
975 911 1016 936 111-

211 951 342 987 ·11130105·,
360 959 418 976 11103
431 959 483 976 vox
496 951 521 976 in
533 949 689 975 domesticis
702 949 829 984 periculis
844 949 1015 983 potissimum
1038 946 1039 949 ’

221 988 367 1018 occideret,
389 996 459 1022 quae
474 996 553 1022 saepe
570 987 745 1013 alienissimis
760 986 893 1021 praesidio
910 985 1014 1012 suisset.

222 1026 289 1052 Nam
300 1025 371 1060 quod
384 1025 416 1051 ad
429 1029 452 1050 te
464 1025 540 1059 pueri
551 1025 609 1050 sine
622 1024 717 1050 litteris
729 1028 873 1054 venerunt:
887 1024 1016 1058 quoniam

223 1063 299 1089 vides
312 1071 362 1088 non
379 1061 462 1088 fuisse
475 1061 640 1087 iracundiam
653 1070 775 1087 caussam
789 1062 813 1091 ⁸,
827 1066 897 1087 certe
909 1060 1016 1096 pigritia

223 1100 286 1130 suit,
304 1104 329 1125 et
344 1099 475 1134 quaedam
492 1099 595 1125 infinita
607 1099 648 1125 vis
661 1098 830 1125 lacrimarum
846 1103 871 1124 et
881 1097 1015 1124 dolorum.
1038 1084 1040 1136 l

222 1139 246 1164 3.
268 1138 337 1163 Haec
358 1137 414 1171 ipsa
429 1145 471 1162 me
486 1145 540 1171 quo
554 1135 615 1162 fletu
632 1141 710 1170 putas
724 1134 884 1170 scripsisse?
904 1134 1014 1165 Eodem,

222 1183 275 1210 quo
287 1179 310 1200 te
324 1174 410 1209 legere
421 1178 492 1200 certo
505 1173 570 1199 scio.
611 1174 650 1199 An
667 1182 716 1208 ego
731 1181 840 1207 possum
853 1177 898 1199 aut
909 1180 960 1198 non
972 1180 1017 1198 co-

221 1213 305 1248 gitare
317 1211 461 1246 aliquando
473 1211 505 1237 de
517 1215 554 1241 10,
573 1215 617 1236 aut
629 1219 758 1245 umquam
773 1210 831 1236 sine
844 1209 961 1236 lacrimis
972 1217 1018 1235 οο-

221 1248 323 1284 gitare‘?
342 1248 431 1280 Quum
443 1248 514 1274 cnim
527 1252 551 1274 te
562 1247 699 1278 desidero,
718 1247 825 1274 fratrem
840 1246 928 1273 solum
943 1246 1017 1272 desi-

222 1285 303 1312 dero‘?
323 1286 379 1320 Ego
395 1293 458 1311 vero
473 1286 604 1311 suavitate
620 1293 702 1319 prope
713 1284 867 1319 aequalem,
884 1283 1016 1318 obsequio
1038 1295 1040 1314 y

223 1323 322 1353 filium.
339 1322 451 1349 consilio
467 1327 614 1357 parentem.
653 1322 724 1354 Quid
744 1322 811 1347 mihi
832 1322 890 1347 sine
910 1326 935 1347 te
956 1330 1017 1347 um-

221 1369 302 1395 quam
313 1365 359 1386 aut
370 1360 418 1386 tibi
429 1360 488 1385 sine
500 1368 542 1385 me
553 1359 703 1385 iucundum
716 1358 785 1385 fuit?
795 1358 876 1391 Quid,
888 1358 960 1393 quod
972 1367 1017 1385 eo-

221 1398 282 1424 dem
294 1403 412 1432 tempore
423 1396 547 1423 desidero
559 1396 660 1422 filiam?
674 1405 726 1431 qua
738 1396 845 1431 pietate,
858 1404 912 1431 qua
923 1395 1017 1422 mode·
1038 1415 1039 1426 ,

221 1435 280 1465 5113,
293 1443 347 1470 quo
357 1433 483 1470 ingenio?
493 1433 611 1469 effigiem
623 1434 687 1465 oris,
700 1434 841 1464 sermonis,
850 1434 933 1460 animi
946 1432 1017 1459 mei?
1038 1441 1039 1470 1

221 1472 292 1505 Quid
313 1471 399 1498 filium
419 1472 644 1498 venustissimum
665 1471 787 1506 mihique
808 1469 1017 1497 dulcissimum?
1038 1494 1039 1503 ,

221 1518 301 1545 quem
314 1517 363 1545 ego
376 1509 447 1535 serus
459 1517 488 1535 ac
500 1508 602 1535 ferreus
613 1517 626 1534 e
638 1508 780 1543 complexu
792 1508 886 1534 dimisi
898 1516 1017 1538 me0‚sa-
1037 1521 1039 1533 l

222 1585 302 1610 miser
318 1585 384 1614 iam,
402 1583 469 1618 quid
485 1588 617 1618 ageretur.
657 1582 729 1615 Quid
745 1591 807 1609 vero
823 1588 899 1609 tuum
911 1582 1017 1608 lilium?

220 1621 286 1656 quid
304 1622 449 1656 imaginem
465 1625 553 1651 tuam,
570 1629 651 1655 quam
667 1629 744 1646 meus
755 1620 847 1647 Cicero
859 1625 885 1646 et
898 1620 1014 1650 amabat,
1036 1619 1038 1647 ἶ

222 1663 250 1685 ut
261 1658 381 1686 fratrem.
399 1663 424 1684 et
440 1659 507 1689 iam,
525 1662 556 1684 ut
571 1658 698 1684 maiorem
714 1657 836 1687 fratrem.
854 1656 1016 1684 verebatur?
1036 1675 1045 1696 ‚g

220 1695 310 1727 Quid?
320 1695 392 1730 quod
404 1695 544 1721 mulierem
556 1695 745 1725 miserrimam,
755 1694 942 1720 fidelissimam
951 1702 1016 1720 con·
1036 1695 1037 1700 ¹

223 1734 326 1767 iugem,
344 1741 386 1758 me
403 1733 529 1767 prosequi
546 1741 598 1758 11011
609 1741 670 1758 50111
682 1740 792 1767 1135505,
811 1737 933 1763 0105501,
946 1739 1015 1766 quae

221 1770 349 1804 reliquias
364 1771 516 1795 communis
531 1769 704 1800 calamitatis,
727 1777 885 1795 communes
906 1769 1012 1798 liberos,

221 1806 356 1833 tueretur‘?
381 1808 404 1833 4.
421 1806 472 1832 Sed
485 1812 583 1837 tamen,
596 1815 706 1841 quoquo
718 1806 796 1832 modo
807 1806 891 1840 potui,
905 1806 1012 1839 scripsi,

220 1849 245 1870 ct
256 1843 319 1870 dedi
332 1844 431 1870 litteras
443 1844 475 1869 ad
487 1849 511 1870 te
518 1844 674 1879 Philogono,
684 1843 779 1869 liberto
790 1848 843 1873 tuo,
857 1851 925 1877 quas
935 1843 1015 1869 credo

221 1881 269 1907 tibi
282 1886 372 1915 postea
385 1881 501 1907 redditas
513 1889 585 1907 esse:
605 1881 631 1906 in
647 1880 749 1915 11011105
765 1880 837 1906 1110111
853 1885 878 1906 te
890 1880 979 1907 hortor
989 1885 1015 1906 et

221 1926 296 1953 1030,
314 1918 386 1952 quod
402 1919 479 1952 pueri
493 1918 542 1944 tibi
555 1917 645 1943 verbis
657 1918 724 1943 meis
736 1918 905 1947 nuntiarunt,
924 1918 1016 1944 01110-

220 1963 291 1981 mam
307 1956 429 1989 protinus
444 1963 540 1990 pergas
556 1959 581 1980 et
595 1963 732 1989 properes.
772 1955 894 1980 Primum
905 1955 978 1981 enim
990 1960 1014 1981 te

220 1992 354 2026 praesidio
368 2000 426 2018 esse
442 1992 529 2022 votui,
552 1993 575 2018 si
591 1992 639 2026 qui
654 1996 744 2018 essent
759 1992 878 2023 inimici,
898 2000 1014 2027 quorum
1036 1990 1043 2009 '¹

219 2029 364 2055 erudelitas
389 2029 509 2055 noudum
534 2034 604 2055 esset
628 2034 716 2055 nostra
736 2028 886 2056 calamitate
908 2030 1012 2056 satiata.

219 2067 320 2093 Deinde
344 2075 505 2102 congressus
530 2066 612 2092 nostri
634 2066 849 2093 lamentationem
869 2068 1011 2101 pertimui:

219 2104 372 2140 digressum
389 2112 452 2129 vero
466 2112 518 2130 non
534 2103 671 2130 tulissem:
689 2108 769 2138 atque
784 2105 864 2130 etiam
881 2104 1011 2139 idipsum,

218 2141 291 2176 quod
303 2146 330 2168 tu
341 2141 447 2172 scribis,
461 2141 623 2172 metuebam,
640 2149 672 2167 ne
684 2149 698 2167 a
709 2150 750 2167 me
761 2141 875 2168 distrahi
887 2150 939 2168 non
951 2150 1014 2176 pos-

219 2187 272 2204 ses.

218 2224 271 2242 non
288 2215 359 2246 vidi,
377 2224 431 2250 quo
447 2215 515 2242 nihil
531 2216 726 2242 amantissimis
741 2220 767 2242 et
781 2217 1013 2242 coniunctissimis

219 2252 346 2279 fratribus
353 2253 476 2279 acerbius
482 2261 512 2279 ac
518 2253 645 2279 miserius
659 2253 766 2279 videtur
776 2253 898 2279 accidere
908 2254 1014 2288 potuis-

218 2298 255 2321 se,
272 2290 363 2316 minus
375 2290 515 2321 acerbum,
527 2291 618 2316 minus
630 2290 759 2316 miserum
772 2290 835 2321 fuit,
849 2300 930 2326 quam
944 2290 1014 2317 fuis-

218 2332 258 2354 set
268 2336 353 2362 quum
364 2328 531 2363 congressio,
549 2333 605 2354 tum
622 2336 686 2354 vero
700 2327 833 2363 digressio
847 2333 945 2355 nostra.
985 2330 1010 2354 5.

219 2365 304 2396 Nunc,
316 2365 340 2391 si
351 2370 434 2399 potes,
449 2365 476 2391 id
487 2365 559 2400 quod
571 2373 629 2401 ego,
645 2366 694 2400 qui
706 2365 781 2392 sortis
792 2365 842 2391 tibi
853 2374 960 2400 semper
970 2366 1013 2391 vi-

218 2401 314 2433 debar,
332 2411 383 2428 non
395 2411 516 2436 possum,
533 2403 606 2438 erige
617 2407 642 2428 te
653 2407 679 2428 et
689 2402 816 2428 confirma
824 2423 830 2430 ,
847 2403 871 2428 51
881 2411 935 2438 qua
946 2403 1013 2429 sub-

218 2438 305 2464 eunda
317 2439 454 2466 dimicatio
465 2440 525 2466 erit.
565 2439 657 2474 Spero,
673 2440 697 2465 si
710 2439 778 2474 quid
789 2448 847 2465 mea
858 2448 920 2474 spes
932 2440 1013 2466 habet

219 2476 390 2507 auctoritatiS,
404 2476 454 2502 tibi
465 2481 490 2503 et
501 2477 679 2512 integritatem
689 2481 771 2507 tuam,
785 2482 810 2503 et
820 2485 937 2503 amorem
948 2478 975 2503 in
987 2482 1012 2503 10

218 2512 349 2543 civitatis,
365 2518 391 2539 et
405 2513 509 2548 aliquid
525 2515 605 2540 etiam
615 2514 828 2540 misericordiam
839 2515 923 2540 nostri
933 2523 1012 2549 prae-

219 2548 284 2574 sidii
295 2548 416 2576 laturam.
457 2551 503 2577 Sin
515 2552 569 2577 eris
580 2551 613 2577 ab
624 2552 674 2577 isto
685 2551 805 2585 periculo
816 2559 932 2577 vacuus:
948 2559 1012 2587 ages

219 2584 335 2616 scilicet,
352 2587 375 2611 si
391 2587 457 2620 quid
473 2589 515 2622 331
530 2597 608 2622 110550
618 2588 652 2614 de
663 2588 740 2614 nobis
752 2588 870 2622 putabis
911 2589 946 2614 De
957 2597 1012 2623 quo

219 2622 341 2648 scribunt
351 2623 384 2648 ad
396 2631 437 2648 me
449 2625 559 2658 quidem
572 2625 650 2651 multi
661 2625 745 2651 multa
753 2645 759 2655 ,
771 2629 797 2651 et
807 2633 836 2650 se
846 2634 953 2659 sperare
963 2625 1012 2651 de-

220 2663 380 2686 monstrant:
393 2659 441 2686 sed
451 2669 508 2696 ego,
521 2662 589 2696 quid
599 2671 715 2697 sperem,
723 2671 775 2689 non
785 2661 911 2697 dispicio,
924 2671 1011 2698 quum

730 205 804 230 Meus
826 204 870 230 ille
893 204 1015 230 laudatus
1043 204 1045 211 '

1036 530 1039 541 1
1044 536 1045 542 l

221 1548 379 1581 pientiorem
399 1555 514 1581 puerum
535 1554 617 1580 quam
638 1545 746 1572 vellem.
787 1545 924 1572 Sentiebat
943 1545 1016 1571 enim
1037 1536 1045 1577 ll

1036 1822 1044 1839 ¹1
1065 1808 1176 1835 allatura
1192 1808 1240 1837 sit,
1260 1812 1417 1843 oppugnent
1433 1812 1456 1833 te
1473 1807 1670 1833 vehementius.

312 2179 360 2204 His
375 2178 408 2204 de
423 2179 528 2204 caussis
544 2178 594 2204 hoe
609 2179 759 2205 maximum
771 2178 886 2209 malum,
904 2179 977 2214 quod
988 2184 1013 2205 te
1035 2182 1043 2212 ξ’

939 135 969 160 Τ.
1000 135 1276 162 ΕΙίΣΙίΚΟΝΙὸ

1068 206 1170 231 inimici
1187 205 1334 240 plurimum
1352 206 1468 235 valcant.
1486 208 1564 233 amici
1582 209 1677 242 partim
1689 207 1857 235 deseruerint

1036 247 1045 280 31
1068 252 1122 272 1110,
1137 243 1232 276 partini
1244 249 1322 269 etiam
1336 243 1514 277 prodiderint:
1536 246 1584 279 qui
1597 245 1622 271 in
1635 254 1694 270 meo
1705 245 1791 271 reditu
1803 245 1856 271 lor·

1067 285 1135 305 tasse
1147 280 1381 314 reprehensionem
1392 281 1434 306 sui
1446 281 1554 307 sceleris
1566 283 1762 315 pertimescant.
1804 282 1857 309 Sed

1067 317 1115 342 ista
1127 317 1217 351 qualia
1229 318 1290 347 sint.
1305 322 1331 343 tu
1345 317 1426 343 velim
1439 319 1584 352 perspicias
1596 319 1716 353 miliique
1726 319 1855 345 ‹let-lares.

1067 354 1122 386 ¹3³0
1137 359 1238 383 tamen,
1256 354 1386 388 quamdiu
1403 355 1452 380 tibi
1466 363 1535 389 opus
1549 356 1611 384 erit.
1628 357 1650 381 31
1666 356 1732 390 quid
1744 356 1857 390 periculi

1067 391 1240 417 subeundum
1253 391 1367 421 videbis,
1386 392 1483 418 vivam.
1520 392 1625 418 Diutius
1638 394 1662 418 in
1676 393 1723 419 hac
1736 394 1787 419 vita
1799 402 1858 419 esse

1044 457 1045 468 γ
1068 437 1118 454 11011
1132 436 1252 462 [mesum.
1295 429 1386 462 Neque
1401 429 1473 455 enim
1488 434 1590 455 tantum
1603 430 1701 455 virium
1714 430 1792 456 habet
1804 431 1857 456 0113

1037 472 1045 500 ,1
1067 470 1111 491 aut
1123 465 1263 499 prudentia
1275 466 1462 496 31111100111113,
1481 471 1508 492 ut
1525 471 1626 492 tanturn
1642 466 1759 492 dolorem
1775 468 1859 502 possit

1066 503 1209 528 sustinere.
1250 505 1275 528 ὓ.
1296 503 1356 528 scio
1368 502 1451 528 {uisse
1462 508 1487 529 et
1499 503 1637 529 honestius
1650 503 1779 530 moriendi
1791 510 1859 530 tem-

1044 554 1045 563 1
1067 549 1126 574 pus,
1140 545 1165 566 et
1177 539 1279 567 utilius.
1292 540 1339 565 sed
1351 549 1402 566 non
1416 541 1464 566 hoc
1475 539 1572 569 solum.
1587 540 1668 566 multa
1680 540 1730 567 alia
1742 547 1859 575 praeter-

1068 578 1142 603 misi:
1156 585 1225 611 quae
1237 577 1259 602 si
1271 578 1348 611 queri
1360 577 1441 603 veliin
1454 578 1607 612 praeterita.
1622 578 1689 603 nihil
1701 586 1788 612 333111,
1805 579 1857 605 nisi

1044 630 1045 646 ,
1067 619 1094 640 ut
1106 623 1217 647 augeam
1234 614 1351 640 dolorem
1367 619 1457 645 tuum,
1475 615 1591 641 indicem
1603 615 1743 641 stultitiam
1760 624 1857 642 meam.

1043 650 1045 675 ἶ
1067 652 1135 678 111011
1151 651 1261 686 1101110111
1280 660 1327 677 nec
1339 651 1490 678 faciendum
1502 657 1554 682 est,
1572 660 1620 678 nec
1631 652 1687 678 fieri
1699 657 1798 686 potest.
1816 661 1859 679 me

1044 686 1045 691 ¹
1066 689 1178 718 diutius,
1194 697 1275 724 quam
1290 694 1335 715 aut
1347 694 1421 715 tuum
1435 694 1541 724 teinpus
1551 694 1596 715 aut
1607 689 1681 715 firma
1693 698 1755 724 spes
1767 694 1859 724 postu-

1044 759 1045 762 *
1068 726 1140 755 labit,
1156 727 1181 753 in
1195 731 1246 752 tam
1260 727 1355 752 misera
1367 732 1474 761 tamque
1487 732 1557 761 turpi
1570 727 1623 752 vita
1637 727 1805 756 commorari.
1819 731 1856 757 ut.

1066 765 1113 798 qui
1126 764 1204 790 modo
1216 763 1294 790 fratre
1306 763 1416 793 fuerim,
1436 764 1542 793 liberis,
1554 764 1683 799 coniuge,
1700 764 1799 798 copiis.
1811 772 1859 800 ge-

1067 809 1128 827 nere
1141 802 1199 836 ipso
1209 802 1338 836 pecuniae
1352 801 1533 829 beatissimus.
1546 801 1857 836 dignitate-,auctoritate

1066 839 1272 867 existimatione,
1285 840 1369 873 gratia
1382 848 1432 864 11011
1446 838 1563 868 inferior.
1576 847 1657 873 quam
1669 839 1716 873 qui
1729 847 1858 873 umquam

1068 875 1175 902 suerunt
1186 875 1363 910 amplissimi:
1386 876 1409 902 is
1421 884 1504 905 nunc,
1529 876 1554 902 in
1567 875 1615 902 hac
1626 881 1678 901 tam
1691 874 1786 901 afflicta
1798 884 1859 910 per-

1067 913 1175 948 ditaque
1188 913 1304 943 fortuna,
1318 922 1405 948 neque
1417 922 1458 939 1110
1471 921 1557 948 neque
1569 922 1642 939 meos
1655 913 1746 948 lugere
1755 913 1858 939 diutius

1068 951 1179 985 possim.
1219 951 1244 976 7.
1267 951 1353 982 Quare
1371 950 1437 985 quid
1454 950 1486 976 ad
1503 959 1545 976 me
1560 951 1692 985 scripsisti
1704 950 1737 975 de
1750 959 1859 984 permu-

1068 987 1182 1014 tatione?
1192 989 1270 1022 quasi
1283 997 1345 1014 vero
1356 996 1427 1014 nunc
1439 997 1480 1014 me
1492 997 1543 1014 non
1556 993 1615 1014 tuae
1628 987 1766 1013 facultates
1776 988 1860 1013 susti-

1068 1030 1156 1052 neant.
1181 1025 1238 1057 Qua
1251 1026 1276 1051 in
1289 1034 1316 1051 re
1329 1026 1385 1060 ipsa
1398 1025 1477 1051 video
1488 1026 1569 1051 miser
1580 1030 1605 1051 et
1615 1025 1709 1051 sentio.
1723 1024 1789 1059 quid
1801 1033 1859 1050 sceb

1069 1063 1131 1089 leris
1146 1062 1316 1094 admiserim,
1338 1071 1422 1097 quum
1439 1062 1472 1088 de
1488 1062 1639 1088 visceribus
1655 1063 1708 1088 tuis
1723 1067 1749 1088 et
1760 1061 1808 1088 lilii
1820 1062 1859 1088 tui

1067 1099 1253 1126 satisfacturus
1263 1100 1311 1130 sis,
1323 1100 1425 1134 quibus
1437 1099 1533 1126 debes:
1549 1108 1612 1129 ego,
1625 1103 1760 1133 acceptam
1771 1107 1806 1125 ex
1815 1107 1860 1125 30-

1045 1164 1046 1169 ,
1068 1138 1137 1164 rario
1161 1137 1304 1172 pecuniam
1333 1142 1378 1163 tuo
1403 1138 1523 1167 1101111110,
1576 1142 1661 1163 rustra
1691 1136 1857 1170 dissiparim.

1045 1182 1047 1187 ’
1068 1174 1120 1201 Sed
1133 1179 1220 1201 tamen
1235 1179 1260 1200 et
1276 1175 1311 1200 M.
1323 1174 1451 1204 Antonio,
1469 1179 1599 1209 quantum
1615 1179 1642 1200 tu
1659 1174 1818 1208 scripseras,
1834 1178 1861 1200 et

1067 1212 1195 1246 Caepioni
1210 1211 1375 1238 tantumdem
1391 1211 1509 1238 solutum
1525 1216 1578 1237 est:
1597 1211 1664 1237 mihi
1679 1210 1712 1236 ad
1729 1210 1769 1240 id.
1786 1210 1858 1245 quod

1067 1250 1166 1282 cogito,
1182 1249 1243 1279 hoc,
1257 1249 1329 1283 quod
1342 1249 1439 1280 habeo,
1457 1249 1522 1275 satis
1533 1253 1582 1274 est.
1623 1248 1686 1274 Sive
1697 1248 1770 1274 enim
1782 1248 1860 1274 resti-

1068 1288 1170 1313 tuimur
1180 1287 1237 1312 sive
1249 1286 1430 1321 desperantur.
1445 1285 1513 1312 nihil
1525 1285 1642 1320 amplius
1653 1294 1722 1320 opus
1732 1290 1782 1311 est.
1807 1285 1857 1316 Tu,

1067 1325 1089 1350 si
1103 1323 1168 1350 forte
1179 1323 1245 1358 quid
1257 1324 1307 1350 erit
1319 1323 1468 1351 molestiae.
1487 1328 1510 1349 te
1527 1323 1559 1349 ad
1571 1323 1697 1349 Crassum
1709 1327 1735 1349 et
1745 1322 1778 1348 ad
1788 1321 1860 1349 Cali-

1067 1361 1142 1387 dium
1158 1361 1292 1391 conferas,
1309 1369 1415 1387 censeo.
1456 1363 1481 1387 8.
1502 1360 1637 1392 Quantum
1649 1360 1787 1386 Hortensio
1801 1367 1860 1386 010-

1067 1399 1186 1424 dendum
1197 1399 1245 1429 sit,
1263 1399 1362 1424 nescio.
1403 1398 1444 1424 Me
1459 1406 1565 1424 summa
1579 1397 1750 1423 simulatione
1761 1397 1860 1424 amoris

1067 1444 1228 1470 summaque
1239 1435 1396 1462 assiduitate
1409 1434 1566 1470 quotidiana
1575 1434 1781 1461 sceleratissime
1792 1435 1860 1460 insi-

1067 1474 1276 1508 diosissimeque
1287 1473 1416 1503 tractavit.
1431 1472 1556 1499 adiuncto
1567 1480 1675 1507 quoque
1687 1472 1776 1498 Arrio:
1791 1479 1860 1506 quo-

1067 1520 1127 1537 rum
1151 1519 1200 1546 ego
1218 1510 1353 1541 consiliis,
1371 1510 1526 1545 promissis.
1543 1510 1692 1544 praeceptis
1703 1509 1857 1538 destitutus,

1067 1549 1094 1575 in
1107 1548 1175 1574 hanc
1186 1547 1364 1574 calamitatem
1376 1547 1470 1574 incidi.
1510 1546 1563 1574 Sed
1575 1547 1640 1573 haec
1649 1546 1810 1576 occultabis,
1826 1553 1860 1572 ne

1066 1585 1132 1620 quid
1144 1585 1244 1611 obsint.
1266 1584 1336 1611 Illud
1346 1590 1450 1611 caveto:
1463 1589 1489 1611 et
1499 1593 1530 1611 eo
1541 1589 1614 1619 puto,
1627 1583 1858 1619 perPomponium

1067 1622 1212 1649 fovendum
1224 1622 1273 1648 tihi
1283 1630 1342 1648 esse
1355 1622 1444 1656 ipsum
1456 1622 1635 1651 Hortensium,
1651 1629 1684 1647 110
1695 1620 1741 1647 ille
1754 1627 1857 1650 versus.

1065 1661 1114 1695 qui
1126 1661 1152 1686 in
1164 1664 1188 1686 te
1202 1664 1258 1685 erat
1267 1658 1394 1689 collatus,
1411 1667 1496 1693 quum
1511 1658 1673 1685 aedilitatem
1685 1657 1808 1692 petebas,
1825 1656 1860 1683 de

1066 1697 1124 1731 lege
1143 1696 1265 1726 Aurelia,
1292 1695 1359 1722 falso
1383 1697 1535 1722 testimonio
1555 1695 1736 1721 confirmetur.
1784 1692 1858 1720 Nihil

1065 1735 1137 1760 enim
1149 1739 1202 1760 tam
1216 1734 1306 1763 timeo,
1321 1741 1403 1768 quam
1416 1741 1551 1767 ne.quum
1563 1732 1713 1768 intelligant
1724 1731 1857 1763 homines,

1065 1776 1195 1806 quantum
1210 1770 1409 1796 misericordiae
1425 1770 1503 1796 nobis
1519 1775 1578 1796 tuae
1590 1778 1682 1804 preces
1692 1774 1717 1795 et
1728 1774 1773 1795 tua
1784 1768 1859 1795 salus

1710 1808 1735 1833 9.
1757 1806 1860 1833 Messa-

1066 1845 1117 1872 lam
1132 1846 1171 1871 tui
1185 1845 1337 1871 studiosum
1348 1853 1407 1870 esse
1418 1844 1544 1871 arbitror:
1561 1844 1718 1878 Pompeium
1729 1844 1809 1870 etiam
1820 1844 1860 1870 si—

1066 1883 1223 1909 mulatorem
1235 1887 1308 1916 puto.
1326 1881 1378 1908 Sed
1391 1881 1456 1908 haec
1467 1882 1570 1908 utinam
1582 1881 1773 1915 neexperiare!
1785 1880 1858 1916 quod

1065 1928 1188 1955 precarer
1197 1920 1271 1950 deos,
1285 1920 1337 1945 nisi
1349 1927 1422 1945 meas
1432 1927 1524 1953 preces
1535 1918 1629 1944 audire
1639 1918 1783 1944 desissent.
1807 1918 1859 1944 Ve-

1065 1962 1215 1984 rumtamen
1227 1965 1328 1991 precor,
1338 1957 1415 1983 uthis
1427 1956 1540 1982 infinitis
1551 1956 1649 1982 nostris
1660 1955 1739 1981 malis
1749 1959 1859 1982 eonten—

1065 1996 1084 2021 ti
1096 1996 1163 2021 sint:
1180 1995 1207 2020 in
1221 1993 1323 2028 quibus
1339 2002 1390 2020 non
1407 1993 1485 2019 modo
1500 1998 1587 2019 tamen
1603 1992 1706 2019 nullius
1717 1993 1786 2018 inest

1064 2033 1116 2058 cati
1131 2031 1255 2061 infamia,
1272 2031 1319 2057 sed
1335 2032 1424 2057 omnis
1434 2030 1510 2057 dolor
1519 2035 1572 2060 est,
1587 2029 1659 2065 quod
1669 2030 1770 2064 optime
1781 2028 1859 2056 sactis

1065 2078 1149 2104 poena
1165 2074 1205 2095 est
1220 2069 1337 2095 maxima
1353 2068 1506 2094 constituta.
1549 2069 1588 2093 10.
1610 2066 1707 2093 Filiam
1726 2075 1812 2093 meam
1832 2071 1859 2093 et

1065 2107 1366 2140 tuam,Ciceronemque
1378 2104 1582 2139 nostrum.quid
1592 2112 1650 2140 ego,
1659 2104 1696 2130 mi
1707 2103 1795 2134 frater,
1808 2103 1858 2130 tibi

1065 2143 1269 2170 commendem?
1279 2143 1350 2174 Quin
1362 2142 1430 2168 illud
1442 2150 1554 2172 maereo,
1563 2141 1635 2176 quod
1646 2141 1696 2167 tibi
1706 2149 1759 2167 non
1770 2141 1859 2168 mino-

1065 2190 1120 2208 rem
1131 2181 1250 2207 dolorem
1262 2179 1370 2206 illorum
1381 2179 1482 2206 orbitas
1493 2179 1591 2209 afferet,
1599 2186 1682 2213 quam
1693 2178 1771 2204 mihi.
1793 2177 1855 2208 Sed,

1064 2224 1088 2245 te
1102 2218 1240 2247 incolumi.
1253 2217 1312 2244 orbi
1324 2226 1376 2243 non
1387 2221 1474 2243 erunt.
1514 2215 1641 2250 Reliqua,
1658 2216 1692 2241 ita
1703 2215 1773 2241 mihi
1783 2214 1858 2241 salus

1064 2256 1154 2291 aliqua
1169 2255 1260 2285 detur,
1276 2259 1447 2289 potestasque
1463 2254 1490 2279 in
1506 2253 1590 2288 patria
1606 2251 1752 2282 moriendi,
1770 2256 1800 2278 ut
1813 2260 1858 2278 me

1064 2293 1188 2319 lacrimae
1204 2300 1256 2318 non
1271 2293 1365 2318 sinunt
1379 2291 1507 2317 scribere.
1546 2290 1633 2316 Etiam
1644 2289 1796 2315 Terentiam
1809 2297 1858 2315 ve-

1063 2331 1111 2356 lim
1122 2335 1221 2360 tueare,
1235 2329 1358 2364 mihique
1368 2328 1402 2355 de
1412 2328 1539 2354 omnibus
1550 2327 1630 2353 rebus
1641 2325 1783 2352 rescribas.
1811 2325 1856 2352 Sis

1040 2354 1043 2423 1
1063 2367 1147 2397 fortis,
1161 2365 1250 2402 quoad
1261 2367 1299 2393 rei
1310 2371 1404 2393 natura
1414 2366 1538 2400 patietur.
1561 2363 1758 2393 1dihus1uuiis.
1771 2362 1857 2389 Thos-

1062 2404 1206 2431 salonicae.

1114 2473 1154 2494 lv.
1172 2473 1249 2494 ΔΒΕ.
1272 2471 1339 2493 Dolet
1352 2471 1396 2492 sibi
1411 2471 1528 2491 mieumn
1538 2470 1600 2490 siden
1611 2472 1632 2490 et
1641 2468 1760 2490 eonsilium
1769 2468 1854 2490 defui·-

1063 2515 1094 2528 se.
1122 2509 1204 2533 Rogat,
1220 2511 1256 2531 ut,
1272 2514 1334 2534 quarn
1351 2506 1434 2527 reditus
1449 2512 1509 2533 spen
1518 2505 1542 2525 in
1551 2505 1615 2525 110τὶ3
1626 2504 1723 2525 tribuni·
1732 2503 1763 2532 pl.
1774 2503 1855 2524 lubere

1063 2543 1142 2570 pus-it,
1153 2543 1223 2563 frater
1232 2542 1276 2562 siti
1286 2541 1379 2569 aperiat.
1401 2541 1562 2564 (Thessalonicae,
1571 2541 1645 2562 Pisone,
1654 2541 1735 2559 Gntninio
1742 2547 1788 2558 coss
1798 2542 1854 2560 ⁶9⁴.)

1191 2588 1226 2614 M.
1247 2586 1390 2614 CICERO
1409 2585 1438 2612 S.
1459 2585 1489 2611 D.
1511 2584 1719 2616 Q.FRATR1.

1119 2627 1142 2651 ⁴.
1163 2620 1272 2651 Amabo
1283 2630 1320 2655 te,
1338 2624 1376 2650 mi
1387 2622 1479 2652 frater,
1493 2630 1539 2651 110,
1552 2622 1576 2647 si
1587 2629 1641 2647 0110
1652 2629 1711 2647 meo
1725 2620 1777 2647 sato
1787 2624 1814 2646 et
1823 2624 1853 2646 tu

1062 2667 1087 2688 et
1097 2670 1190 2689 omnes
1200 2662 1254 2688 mei
1263 2660 1412 2692 corruistis,
1419 2659 1585 2694 improbitati
1590 2663 1617 2685 et
1629 2657 1724 2685 sceleri
1734 2666 1794 2684 meo
1803 2665 1854 2692 po—
