1941 3052
748 622 781 651 M.

497 757 552 807 M.
678 759 840 808 AN

1016 560 1056 585 58.

818 622 995 652 TULLII
1030 623 1322 655 CICERONIS

1011 699 1054 720 IN

929 760 1088 809 TO

1303 761 1319 809 I

1404 761 1441 810 U
1526 762 1572 810 M

1177 761 1214 809 N

655 851 1048 890 PHILIPPICA
1090 852 1407 892 SECUNDA.

750 997 959 1025 NOTITIA
992 998 1314 1026 LITTERARIA.

320 1057 432 1078 Antoni-n
443 1065 513 1087 quum
522 1059 548 1079 de
556 1058 633 1087 primu
644 1058 757 1079 Ciceronis
768 1059 870 1080 oracione
880 1058 1013 1086 Philippica
1023 1059 1158 1087 accepitne,
1167 1067 1217 1080 eum
1228 1060 1358 1081 inimicitiis
1369 1059 1513 1081 denuntiat-'1
1522 1064 1576 1081 mm
1586 1061 1608 1081 d.
1618 1059 1689 1082 xJu.
1700 1061 1754 1082 Kal.
1768 1061 1816 1083 Oet.
1824 1063 1848 1082 in

214 1095 293 1112 numu
308 1094 384 1113 adnue
397 1093 472 1114 iuuit.
504 1094 548 1114 cm·
564 1094 652 1119 Cicero,
667 1094 755 1122 purtim
770 1094 814 1114 n'hi
827 1094 874 1121 ipre
890 1094 950 1115 vilae
962 1093 1094 1121 periculum
1110 1098 1224 1120 ηιετηεκι,
1238 1095 1326 1123 purtim
1341 1096 1369 1115 ab
1383 1095 1464 1116 amicis
1479 1095 1621 1120 admonitu.
1636 1102 1681 1115 non
1688 1096 1778 1123 paruit.
1810 1096 1848 1117 In-

213 1127 279 1147 terim
294 1134 345 1148 vero
359 1128 486 1153 Antonine,
501 1129 525 1149 in
543 1129 663 1151 Tiburtino
679 1129 796 1156 Scipioni·
811 1129 935 1150 meditatu!
950 1129 1076 1150 orationem
1089 1130 1154 1151 dicta
1167 1130 1203 1151 die
1217 1130 1241 1150 ιίι
1256 1134 1338 1151 senatu
1352 1129 1433 1151 habuit
1447 1133 1468 1151 et
1484 1130 1508 1150 ι’1ι
1525 1130 1652 1150 Ciceronem
1662 1131 1775 1152 absentem
1785 1138 1849 1152 ater·

212 1162 301 1183 biuimc
319 1166 352 1183 ne
369 1163 481 1184 ιἠυετιηι.
506 1164 567 1185 Huic
586 1164 687 1185 orationi
706 1164 782 1185 cicero
801 1164 959 1192 Philippicnm
976 1166 1099 1185 secundam
1118 1165 1239 1193 apperuit.
1254 1172 1381 1192 numquam
1395 1165 1497 1186 habitam
1511 1171 1552 1186 nec
1565 1165 1645 1186 atatim
1659 1165 1743 1187 editam
1758 1165 1803 1194 (cs.
1819 1167 1850 1187 ad

211 1197 259 1218 Aet.
280 1197 333 1223 XV,
349 1200 380 1220 1³.
395 1198 462 1224 xm,
478 1201 531 1225 IL).
543 1201 580 1220 sed
590 1203 664 1221 tumen
675 1199 709 1221 ita
719 1199 846 1228 scriptam,
856 1203 883 1221 ut
892 1199 913 1220 u*
922 1199 970 1227 ipre
980 1199 1004 1220 ιἰι
1014 1203 1095 1220 senatu
1106 1201 1180 1221 eodem
1190 1200 1225 1221 die
1234 1200 1333 1222 Antonio
1344 1199 1501 1228 reupondime.

263 1303 340 1323 Ano.
360 1302 437 1324 Cicero
452 1303 475 1324 in
490 1303 599 1324 orationi·
615 1304 707 1324 exordio
719 1303 840 1325 Antonium
850 1303 1005 1325 cumen-tilin-

210 1341 231 1358 et
242 1337 320 1359 Clodio
331 1341 442 1366 comparat
451 1339 480 1365 (c.
493 1340 531 1365 1.).
555 1338 641 1360 Deinde
652 1339 672 1360 ei
681 1340 805 1367 respondet,
816 1339 873 1365 quod
883 1339 1003 1360 amicitiam

209 1379 221 1392 ι
236 1379 259 1393 ue
274 1372 378 1394 violatam
394 1380 443 1394 enne
457 1373 588 1395 criminatus
603 1376 650 1393 erat
660 1373 688 1398 (c.
700 1375 719 1393 2.
731 1374 770 1399 3.).
793 1373 852 1394 Tum
862 1373 1004 1401 reprehendit

209 1407 336 1432 Antonium,
344 1407 514 1434 quodepistolu
525 1414 576 1428 sua·
583 1407 654 1434 palam
661 1407 799 1434 recitaverat,
806 1409 1002 1436 refutatqnequum

208 1441 265 1463 alin
281 1445 302 1463 et
317 1442 484 1463 criminatione·
494 1442 588 1462 Antonii
598 1445 620 1463 et
628 1442 820 1470 reprehensiones,
832 1446 876 1464 turn
887 1444 944 1471 qnod
953 1444 1001 1469 ille,

208 1484 248 1498 rua
258 1477 322 1505 eulpa
331 1478 448 1499 Caeni-em
459 1484 471 1498 a
481 1477 586 1505 Pompeio
597 1477 739 1502 ‹li-iunctum.
751 1485 791 1499 nu·
801 1485 869 1505 opera
878 1479 959 1500 bellum
970 1479 1001 1500 ei-

206 1512 251 1533 vile
261 1513 377 1534 conflatum
389 1516 410 1533 et
420 1520 460 1533 nuo
470 1512 565 1533 consilio
575 1512 717 1534 interfectum
727 1519 777 1534 ene
786 1514 903 1535 Cae-arem
913 1514 1002 1535 dixer-2

206 1549 235 1572 (c.
247 1550 260 1568 4
267 1559 290 1562 —
298 1550 348 1574 11).
375 1548 476 1569 Secunda
485 1547 594 1569 orationiu
605 1550 668 1575 purte
677 1547 744 1569 vitam
755 1548 856 1573 exagitet
865 1549 966 1574 Antonii.
977 1550 1000 1570 in

206 1589 248 1609 qn·
261 1590 326 1610 qnnm
341 1582 387 1603 alia
400 1582 422 1603 ei
436 1583 516 1610 probro
530 1583 574 1608 dut,
587 1586 631 1604 turn
641 1583 697 1609 quod
707 1582 731 1603 in
742 1583 844 1611 Pompeii
855 1584 955 1605 fortuna
966 1585 1000 1605 in-

205 1617 295 1642 unfit.
316 1617 408 1639 Cae-nri
426 1621 498 1639 nutem
517 1619 574 1639 bon·
587 1618 632 1639 ista
645 1619 756 1646 repetenti
770 1618 866 1639 insidia·
882 1620 999 1645 struxerit,

205 1651 254 1673 eiu·
272 1655 426 1674 tentamentum
441 1653 530 1674 irritum
548 1653 682 1679 reddiderit,
694 1657 806 1681 postremo
820 1656 919 1681 tempore
933 1655 998 1676 etiam

205 1689 305 1708 senatum
320 1690 342 1708 et
352 1687 424 1709 forum
433 1688 543 1709 militina·
553 1688 744 1716 circumsepserit.
755 1688 812 1710 haud
823 1688 885 1709 nli-a
895 1689 999 1711 libert-te

205 1721 350 1749 reipublic-e,
361 1729 418 1749 quae
426 1730 469 1743 non
478 1723 551 1750 pou-it
566 1723 612 1744 nisi
623 1724 689 1744 caede
699 1723 747 1744 eiu·
758 1723 848 1744 restitui
854 1725 883 1750 (c.
891 1726 997 1751 is—u.).

204 1756 229 1776 In
240 1756 384 1777 ennelunione
393 1760 464 1778 autem
471 1758 653 1780 Antoniumnlieit
662 1766 710 1779 cnm
716 1760 812 1780 Caeni-e
820 1759 998 1780 unndomiunnili

204 1790 339 1818 cupiditate.
359 1791 439 1813 ceteris
457 1799 508 1812 vero
523 1793 588 1813 rebus
603 1792 664 1814 nullo
679 1794 742 1814 niodo
758 1801 807 1815 eus
821 1795 996 1821 compar-ndum.

204 1832 296 1852 eumque
311 1825 426 1851 hortatur,
439 1830 464 1847 ut
477 1826 501 1847 in
511 1827 603 1852 grati-m
613 1828 690 1849 redeat
700 1835 747 1850 eum
757 1829 878 1856 republica,
889 1836 945 1856 quae
954 1836 997 1850 non

203 1860 234 1881 eit
249 1860 304 1882 lianc
317 1860 391 1882 lature
400 1861 546 1887 tyrannidem.
570 1862 620 1883 Sibi
629 1869 681 1884 veru
691 1863 749 1884 nihil
759 1863 834 1891 potin}
844 1864 868 1884 in
879 1863 938 1884 voti:
948 1870 998 1884 ene

203 1895 344 1922 pronuntiat,
364 1903 426 1923 quam
441 1900 477 1921 ut.
493 1896 514 1917 ni
528 1897 569 1918 hoc
583 1900 681 1925 ternpore
693 1898 828 1920 moriendum
839 1898 882 1924 nit,
891 1898 996 1926 populum

202 1931 324 1952 Romanurn
334 1931 445 1959 relinquat
455 1931 549 1953 liberum
559 1933 589 1958 (e.
599 1935 633 1954 45.
643 1935 697 1959 ML).

257 2010 277 2037 Ι.
302 2011 324 2036 l.
342 2004 470 2042 Quonam
481 2018 540 2038 meo
551 2010 611 2042 fato.
620 2015 708 2046 patres
719 2012 872 2047 conscripti.
885 2011 942 2039 fieri
953 2012 996 2039 di-

201 2055 272 2078 cam.
290 2051 320 2074 ut
334 2056 412 2075 nemo
427 2048 470 2074 his
487 2048 582 2084 viginti
593 2049 670 2075 annis
682 2049 845 2084 reipublicae
856 2049 936 2077 fuerit
947 2049 995 2077 ho-

201 2085 263 2115 stis,
281 2085 328 2119 qui
344 2094 396 2112 non
407 2084 509 2112 bellum
521 2085 613 2112 eodem
626 2090 743 2121 tempore
753 2087 820 2113 mihi
834 2096 942 2123 quoque
952 2088 995 2113 in-

200 2121 316 2148 dixerit?
336 2123 391 2148 Nec
406 2131 470 2149 vero
483 2131 592 2149 necesse
603 2127 642 2150 est
652 2132 666 2149 a
679 2132 721 2150 me
732 2132 896 2159 quemquam
908 2125 994 2151 nomi-

200 2159 271 2185 nari:
294 2159 434 2186 vobiscum
445 2160 498 2195 ipsi
509 2160 694 2187 recordamini.
720 2161 785 2187 Mihi
797 2170 942 2196 poenarum
953 2162 993 2188 illi

200 2195 276 2231 plus,
300 2205 382 2231 quam
402 2202 533 2232 optarem,
555 2197 700 2230 dederunt;
723 2202 748 2224 te
768 2199 861 2230 miror,
884 2199 991 2231 Antoni,

199 2241 314 2268 quorum
326 2233 393 2260 facta
404 2234 515 2265 imitere,
524 2243 615 2261 eorum
626 2235 714 2261 exitus
725 2243 777 2262 non
784 2236 991 2270 perhorrescere.

198 2270 286 2305 Atque
297 2270 346 2297 hoc
358 2272 385 2298 in
396 2271 456 2297 aliis
467 2272 558 2298 minus
570 2272 694 2299 mirabar.
728 2273 812 2300 Nemo
823 2273 930 2300 illorum
940 2274 994 2301 iui-

198 2308 286 2334 micus
301 2308 368 2335 mihi
380 2308 431 2335 fuit
441 2309 622 2336 voluntarius:
644 2318 736 2336 omnes
748 2319 762 2336 a
773 2319 816 2337 me
828 2311 993 2346 reipublicae

197 2353 291 2371 caussa
312 2344 437 2372 lacessiti.
477 2346 530 2377 Tu.
549 2355 581 2373 ne
596 2346 677 2373 verbo
692 2347 802 2382 quidem
817 2348 946 2379 violatus.
963 2353 994 2375 ut

197 2381 333 2413 audacior.
352 2391 432 2418 quam
449 2383 480 2410 L.
496 2383 622 2416 Catilina,
646 2383 783 2415 furiosior,
796 2393 878 2420 quam
889 2386 918 2412 P.
931 2385 993 2412 Clo—

197 2418 259 2445 dius
282 2420 409 2451 viderere,
419 2419 488 2447 ultro
498 2420 647 2447 maledictis
659 2421 851 2449 melacessisti:
865 2427 992 2457 tuamque

198 2463 211 2480 a
227 2464 269 2482 me
284 2456 468 2484 alienationem
482 2458 739 2485 commendationem
754 2459 802 2485 tibi
814 2459 846 2485 ad
857 2460 929 2486 cives
940 2460 992 2486 im-

199 2492 255 2525 pios
276 2492 331 2519 fore
345 2495 484 2528 putavisti.
515 2497 541 2522 2.
557 2494 629 2527 Quid
643 2495 757 2530 putem?
773 2500 991 2532 contemptumne

198 2528 258 2554 me?
278 2530 334 2556 Non
346 2531 423 2557 video
434 2532 521 2559 necin
533 2533 595 2563 vita,
609 2533 695 2559 necin
706 2533 800 2568 gratia,
808 2542 856 2559 nec
869 2535 896 2560 in
908 2533 991 2560 rebus

197 2566 294 2600 gestiS,
320 2575 369 2593 nec
392 2568 420 2594 in
440 2568 490 2595 hac
509 2577 568 2595 mea
587 2569 767 2596 mediocritate
787 2570 902 2605 ingenii,
923 2570 990 2606 quid

197 2602 333 2637 despicere
348 2605 433 2638 possit
443 2605 583 2632 Antonius.
623 2607 664 2633 An
674 2607 703 2633 in
714 2611 807 2633 senatu
818 2607 945 2634 facillime
957 2607 991 2634 de

197 2647 240 2666 me
251 2639 353 2666 detrahi
364 2649 442 2675 posse
452 2642 582 2669 credidit?
594 2644 641 2678 qui
647 2643 711 2670 ordo
720 2643 877 2670 clarissimis
883 2644 990 2671 civibus

196 2676 264 2703 bene
277 2681 368 2713 gestae
378 2678 540 2713 reipublicae
552 2681 733 2707 testimonium
745 2680 850 2713 multis,
863 2681 930 2708 mihi
942 2682 989 2708 uni

1054 1310 1223 1333 conservatae
1242 1306 1325 1333 dedit.
1350 1307 1391 1334 An
1411 1305 1544 1334 decertare
1564 1315 1670 1334 mecum
1685 1306 1770 1334 voluit
1784 1315 1848 1334 con-

1055 1343 1170 1370 tentione
1184 1343 1310 1371 dicendi‘?
1328 1344 1382 1371 Hoc
1396 1344 1505 1379 quidem
1517 1349 1556 1371 est
1566 1344 1736 1371 beneficium.
1775 1344 1846 1377 Quid

1053 1381 1123 1406 enim
1140 1380 1261 1415 plenius,
1278 1381 1344 1417 quid
1360 1381 1483 1413 uberius.
1500 1390 1581 1417 quam
1597 1382 1664 1408 mihi
1675 1386 1701 1408 et
1710 1386 1847 1417 promeet

1053 1422 1142 1444 contra
1153 1418 1298 1445 Antonium
1310 1418 1416 1446 dicere?
1433 1418 1502 1445 Illud
1513 1418 1630 1454 profecto
1639 1424 1694 1446 est:
1725 1427 1777 1445 non
1788 1419 1847 1446 exi-

1053 1455 1173 1482 stimavit
1187 1456 1230 1482 sui
1246 1455 1382 1483 similibus
1399 1456 1504 1491 probari
1520 1465 1611 1491 posse,
1629 1464 1657 1482 se
1672 1464 1731 1483 esse
1742 1456 1846 1483 hostem

1052 1493 1165 1527 patriae.
1184 1493 1236 1519 nisi
1252 1493 1318 1520 mibi
1335 1497 1405 1520 esset
1420 1493 1554 1520 inimicus.
1585 1496 1609 1520 3.
1626 1493 1675 1520 Cui
1686 1493 1844 1528 priusquam

1051 1529 1085 1555 de
1100 1530 1193 1556 ceteris
1210 1530 1290 1557 rebus
1306 1530 1466 1566 respondeo.
1483 1530 1516 1558 de
1531 1531 1660 1561 amicitia.
1675 1539 1757 1566 quam
1772 1539 1786 1556 a
1802 1538 1845 1557 me

1051 1566 1176 1593 violatam
1191 1576 1250 1593 esse
1265 1568 1421 1594 criminatus
1436 1572 1489 1599 est,
1505 1568 1579 1603 quod
1594 1576 1643 1604 ego
1653 1567 1844 1604 gravissimum

1050 1604 1150 1631 crimen
1162 1604 1260 1635 iudico,
1273 1613 1356 1639 pauca
1367 1605 1464 1631 dicam.

1104 1642 1135 1668 11.
1157 1641 1252 1668 Contra
1273 1650 1328 1668 rem
1345 1651 1421 1668 suam
1436 1650 1488 1673 me.
1506 1642 1595 1668 nescio
1605 1641 1721 1677 quando.
1738 1640 1844 1668 venisse

1048 1682 1161 1713 questus
1181 1683 1230 1705 est.
1279 1679 1319 1705 An
1340 1687 1389 1715 ego
1409 1687 1460 1705 non
1476 1679 1594 1705 venirem
1618 1683 1706 1705 contra
1725 1677 1843 1705 alienum

1049 1723 1097 1750 pro
1117 1714 1241 1742 familiari
1256 1720 1281 1742 et
1296 1716 1445 1743 necessario
1460 1715 1538 1742 meo?
1556 1724 1609 1742 non
1624 1716 1743 1742 venirem
1753 1720 1842 1742 contra

1047 1752 1168 1788 gratiam,
1192 1761 1243 1779 non
1260 1753 1366 1780 virtutis
1377 1761 1434 1788 spe,
1455 1753 1504 1780 sed
1514 1753 1605 1779 aetatis
1616 1751 1678 1779 flore
1688 1751 1844 1779 collectam?

1049 1798 1101 1816 non
1120 1790 1239 1816 venirem
1254 1794 1343 1817 contra
1353 1790 1489 1821 iniuriam,
1505 1798 1586 1826 quam
1599 1790 1649 1817 iste
1659 1790 1842 1816 intercessoris

1047 1827 1213 1862 iniquissimi
1237 1827 1366 1854 beneficio
1389 1827 1518 1859 obtinuit,
1541 1836 1593 1854 non
1618 1827 1676 1854 iure
1695 1826 1844 1862 praetorio?

1048 1863 1101 1891 Sed
1112 1864 1161 1891 hoc
1172 1864 1271 1891 idcirco
1282 1869 1517 1892 commemoratum
1531 1873 1546 1891 a
1557 1869 1581 1891 te
1592 1869 1665 1899 puto,
1674 1869 1703 1890 ut
1714 1868 1739 1890 te
1750 1863 1843 1891 infimo

1047 1901 1134 1928 ordini
1153 1901 1366 1933 commendares,
1388 1910 1474 1937 quum
1494 1906 1519 1929 te
1533 1910 1626 1928 omues
1642 1900 1842 1928 recordarentur

1048 1938 1164 1965 libertini
1185 1948 1330 1975 generum,
1351 1943 1376 1966 et
1388 1939 1484 1966 liberos
1504 1943 1564 1966 tuos
1581 1943 1691 1974 nepotes
1705 1937 1738 1971 Q.
1754 1937 1840 1969 Fadii,

1047 1975 1164 2003 libertini
1184 1976 1310 2008 hominis,
1328 1976 1421 2003 fuisse.
1460 1976 1495 2003 At
1509 1976 1579 2003 enim
1595 1980 1620 2003 te
1632 1974 1840 2010 indisciplinam

1046 2022 1132 2040 meam
1154 2013 1314 2040 tradideras:
1344 2014 1416 2049 (nam
1433 2013 1466 2040 ita
1482 2013 1601 2049 dixistiz)
1625 2012 1735 2040 domum
1754 2020 1840 2039 meam

1046 2051 1198 2077 ventitaras.
1249 2051 1302 2077 Nae
1323 2055 1365 2082 tu,
1388 2051 1411 2077 si
1436 2051 1464 2077 id
1485 2050 1604 2082 fecisses,
1625 2049 1723 2076 melius
1743 2049 1838 2080 famae,

1046 2087 1143 2114 melius
1160 2087 1304 2123 pudicitiae
1315 2092 1376 2114 tuae
1386 2087 1578 2114 consuluisses.
1618 2086 1671 2113 Sed
1683 2095 1734 2113 nec
1741 2085 1838 2117 fecisti,

1046 2133 1102 2156 nec,
1116 2125 1265 2160 sicuperes,
1279 2125 1328 2152 tibi
1339 2125 1366 2151 id
1373 2125 1454 2160 perC.
1463 2125 1605 2152 Curionem
1617 2124 1701 2151 facere
1709 2123 1838 2150 licuisset.

1046 2163 1070 2189 4.
1092 2162 1246 2198 Auguratus
1261 2163 1415 2198 petitionem
1429 2162 1497 2189 mihi
1512 2167 1537 2188 te
1555 2162 1719 2189 concessisse
1733 2161 1838 2187 dixisti.

1045 2199 1066 2225 O
1078 2199 1262 2226 incredibilem
1274 2199 1426 2226 audaciam!
1451 2209 1466 2226 o
1477 2199 1671 2234 impudentiam
1683 2197 1840 2233 praedican-

1044 2236 1120 2263 dam!
1142 2236 1200 2269 Quo
1220 2238 1291 2263 enim
1313 2241 1430 2272 tempore
1444 2245 1488 2263 me
1498 2244 1628 2272 augurem
1639 2244 1653 2262 a
1663 2240 1716 2262 toto
1726 2234 1839 2270 collegio

1044 2275 1190 2309 expetitum
1209 2274 1257 2300 Cn.
1273 2274 1416 2309 Pompeius
1436 2278 1462 2300 et
1471 2273 1503 2306 Q.
1516 2273 1672 2300 Hortensius
1683 2272 1839 2298 nominave-

1044 2315 1113 2342 runt,
1127 2311 1225 2346 (neque
1235 2312 1307 2338 enim
1320 2311 1414 2338 licebat
1425 2319 1438 2337 a
1449 2310 1574 2345 pluribus
1587 2308 1739 2343 nominari.)
1750 2313 1778 2335 tu
1790 2317 1838 2335 nec

1043 2348 1172 2375 solvendo
1182 2357 1248 2379 eras,
1262 2357 1310 2375 nec
1321 2353 1345 2375 te
1356 2348 1412 2375 ullo
1422 2348 1509 2379 modo.
1522 2347 1575 2374 nisi
1586 2355 1678 2373 eversa
1689 2345 1836 2381 republica,

1043 2385 1098 2412 fore
1112 2385 1274 2412 incolumem
1290 2385 1413 2421 putabas.
1453 2385 1558 2411 Poteras
1573 2388 1661 2410 autem
1677 2391 1708 2410 eo
1719 2388 1837 2418 tempore

1042 2427 1201 2459 auguratum
1223 2427 1322 2458 petere,
1344 2431 1431 2458 quum
1450 2422 1479 2448 in
1497 2421 1570 2448 Italia
1585 2420 1666 2448 Curio
1681 2429 1733 2447 non
1748 2419 1838 2447 esset?

1042 2465 1086 2486 aut
1105 2464 1172 2492 tum,
1193 2469 1278 2495 quum
1290 2469 1319 2486 es
1334 2459 1430 2490 factus,
1445 2467 1525 2485 unam
1540 2458 1641 2485 tribum
1651 2458 1710 2484 sine
1721 2457 1836 2484 Curione

1042 2496 1110 2524 ferre
1129 2497 1282 2533 potuisses?
1299 2497 1378 2524 cuius
1397 2497 1476 2523 etiam
1492 2495 1636 2522 familiares
1651 2495 1685 2521 de
1700 2495 1726 2521 vi
1736 2494 1835 2521 conde-

1041 2535 1124 2561 mnati
1135 2539 1206 2565 sunt,
1214 2534 1286 2570 quod
1297 2534 1337 2561 tui
1347 2534 1428 2561 nimis
1438 2532 1553 2559 studiosi
1560 2532 1683 2559 fuissent.
1705 2532 1748 2558 m.
1760 2532 1786 2558 5.
1801 2530 1836 2558 At

1042 2571 1169 2598 beneficio
1179 2580 1240 2598 sum
1246 2580 1313 2598 usus
1319 2576 1375 2598 tuo.
1395 2569 1472 2602 Quo?
1480 2578 1645 2605 quamquam
1657 2568 1724 2595 illud
1731 2569 1832 2603 ipsum,

1040 2608 1113 2643 quod
1128 2617 1333 2639 commemoras,
1349 2615 1456 2642 semper
1470 2615 1532 2641 prae
1547 2615 1590 2634 me
1605 2606 1665 2633 tuli.
1695 2605 1779 2632 Malui
1789 2613 1834 2647 me

1040 2645 1090 2671 tibi
1103 2645 1201 2672 debere
1214 2646 1346 2676 confiteri,
1362 2652 1444 2680 quam
1458 2644 1585 2679 cuiquam
1601 2644 1691 2670 minus
1706 2642 1832 2677 prudenti

1040 2691 1091 2709 non
1102 2683 1167 2710 satis
1177 2687 1270 2719 gratus
1281 2682 1376 2709 videri.
1410 2680 1462 2708 Sed
1472 2689 1527 2717 quo
1536 2679 1684 2708 beneficio?
1701 2679 1777 2712 Quod
1788 2687 1833 2705 mo
