1941 3052
276 101 453 128 EPISTOL.
475 101 524 127 ΑΙ)
544 101 696 128 DIVERS.
718 102 790 128 LIB.
812 102 867 128 Vll.
889 102 945 128 ΕΡ,
968 104 1000 129 29
1020 118 1056 123 -
1077 105 1118 130 33.

108 169 220 192 xxxnl.
239 170 316 190 ARG.
332 170 474 191 Volumnium
489 170 570 191 invitat
584 172 609 191 ad
620 171 756 191 declamandi
766 171 847 195 studia,

54 212 110 232 quae
119 205 162 226 iam
173 205 256 230 agitare
265 205 401 230 instituerit,
414 205 488 226 Hirtia
495 222 501 230 ,
513 206 591 226 Cassio
602 210 624 227 et
634 206 751 227 Dolabella
761 206 848 226 audito-

54 241 123 261 ribufl.
153 243 239 265 (Romae.
250 242 328 260 caeure
338 242 372 259 111.
383 242 456 265 Lepido
466 250 511 260 coss.
524 245 579 264 7025.)

182 286 218 312 M.
240 285 382 312 CICERO
402 286 428 312 S.
450 287 480 312 D.
502 286 717 314 VOLUMNIO.

111 325 133 349 l.
150 318 234 354 Quod
245 322 486 349 declamationibus
497 324 595 350 nostris
607 333 690 355 cares,
703 324 795 350 damni
807 324 850 350 ni-

54 360 94 388 hil
110 360 186 388 facis.
225 359 302 393 Quod
318 361 401 387 llirtio
417 361 567 392 invideres,
588 362 641 387 nisi
656 370 718 388 eum
734 370 846 392 amares,

54 407 107 425 non
118 402 174 425 erat
184 406 279 424 caussa
294 397 448 431 invidendi3
467 399 520 424 nisi
537 398 601 425 forte
617 399 704 433 ipsius
720 398 850 434 eloquen-

54 436 106 463 tiae
118 436 214 471 magis,
231 444 327 470 quam,
340 435 413 470 quod
425 444 467 461 me
478 435 595 467 audiret,
609 436 755 462 invideres
796 437 849 462 Nos

54 473 127 500 enim
139 472 228 508 plane,
242 473 279 498 mi
291 472 594 504 suavissimevsssumni,
607 478 652 499 aut
662 473 729 499 nihil
742 482 847 503 sumuS‚

53 515 100 537 aut
111 510 189 537 nobis
200 510 311 545 quidem
324 510 390 544 ipsis
401 509 592 544 displicemus.
615 510 771 546 gregalibus
783 510 847 540 illis,

54 547 157 583 quibus
171 552 196 574 te
210 546 354 582 plaudente
365 547 534 583 vigebamus,
548 548 669 580 amissis;
684 553 713 573 ut
723 548 812 578 etiam,
825 547 849 573 si

54 585 163 620 quando
174 584 278 619 aliquid
290 584 404 620 dignum
415 589 504 611 nostro
515 585 623 611 nomine
634 585 790 616 emisimus,
807 585 850 610 in-

53 622 250 658 gemiscamus,
273 622 346 657 quod
362 622 427 648 haec
441 624 591 655 pennigero,
614 631 664 647 non
679 625 807 655 armiyero
822 624 850 647 in

55 668 161 693 corpore
176 661 226 686 tela
241 664 423 689 exerceantur,
440 663 470 685 ut
485 659 522 685 ait
536 658 694 685 Philoctetes
710 659 782 694 apud
798 659 850 685 Ac-

54 697 138 728 cium,
151 699 249 723 abiecea
259 698 352 729 ylaria.
378 698 402 723 2.
415 696 467 722 Sed
478 700 566 722 tamen
577 697 667 723 omnia
681 697 749 722 mihi
760 700 847 726 erunt,

54 735 79 761 si
91 739 119 761 tu
130 734 245 764 veneris,
259 733 397 759 hilariora:
415 741 581 768 quamquam
594 734 683 765 venis,
697 738 727 760 ut
738 734 795 768 ipse
807 735 850 760 in-

54 770 168 807 telligis,
186 771 213 797 in
229 771 409 796 maximarum
424 771 503 805 quasi
521 779 682 797 concursum
696 771 850 806 occupatio-

54 817 134 835 num:
159 816 227 843 quas
238 808 276 838 si,
296 812 326 834 ut
340 807 481 839 volumus,
497 809 699 843 exceperimus,
722 817 771 843 ego
787 817 850 835 vero

54 845 167 872 multam
178 844 292 871 salutem
303 849 330 871 et
340 844 396 871 foro
406 845 494 871 dicam
506 850 532 872 et
545 846 635 872 curiae
649 846 796 880 vivamque
810 850 850 872 te-

53 891 116 909 cum
131 881 261 914 multum.
284 886 310 909 et
326 890 389 908 cum
402 883 593 909 communibus
610 885 707 910 nostris
724 884 850 910 amatori-

53 920 116 947 hus.
156 920 224 946 Nam
239 924 265 946 et
277 919 387 946 Cassius
403 924 466 946 tuus
485 925 510 946 et
524 920 659 946 Dolabella
680 925 783 952 noster,
806 920 848 947 vel

53 957 143 993 potius
154 962 267 992 uterque
279 961 376 988 noster,
390 957 488 984 studiis
500 957 597 984 iisdem
608 962 732 984 tenentur
745 962 771 984 et
781 959 849 984 meis

53 995 227 1030 aequissimis
238 999 351 1021 utuntur
361 995 483 1021 auribus.
523 994 598 1029 Opus
612 1000 653 1021 est
663 995 716 1021 huc
729 995 850 1022 limatulo

54 1037 80 1059 et
89 1032 171 1067 polito
184 1036 229 1058 tuo
241 1031 356 1063 iudicio,
373 1036 398 1058 et
411 1031 464 1058 illis
476 1032 650 1059 interioribus
663 1032 757 1059 litteris
770 1034 847 1064 meis,

53 1069 156 1105 quibus
176 1077 256 1104 saepe
276 1069 497 1096 verecundiorem
519 1078 561 1096 me
577 1070 605 1096 in
621 1069 756 1105 loquendo
771 1070 847 1097 facis.

53 1107 121 1134 Mihi
133 1107 205 1133 enim
217 1106 366 1133 iudicatum
375 1111 428 1138 est,
445 1108 468 1133 si
480 1107 559 1133 modo
571 1107 621 1134 hoc
632 1107 729 1134 Caesar
742 1113 788 1134 aut
802 1117 850 1143 pa-

53 1145 198 1176 tietur,aut
208 1143 430 1179 volet,deponere
444 1144 519 1170 illam
531 1145 584 1170 iam
596 1153 747 1179 personam,
756 1146 784 1172 in
796 1154 849 1180 qua

53 1190 97 1208 me
108 1190 188 1216 saepe
199 1181 240 1208 illi
255 1182 307 1216 ipsi
318 1181 445 1216 probavi,
459 1190 488 1208 ac
500 1190 542 1208 me
553 1186 637 1208 totum
650 1182 677 1208 in
690 1182 789 1209 litteras
801 1183 850 1209 ab-

53 1219 117 1245 dere
132 1223 276 1254 tecumque
291 1223 317 1245 et
332 1227 394 1245 cum
410 1220 506 1246 ceteris
520 1228 612 1245 earum
624 1219 754 1246 studiosis
766 1220 850 1247 hone-

53 1256 173 1283 stissimo
183 1257 237 1283 otio
248 1255 359 1291 perfrui.
400 1256 454 1287 Tu,
473 1256 584 1288 vellem,
604 1266 636 1283 ne
651 1258 753 1284 veritus
763 1266 847 1289 esses,

53 1302 87 1321 ne
98 1293 225 1328 pluribus
236 1292 352 1328 legerem
363 1297 423 1319 tuas
435 1293 545 1325 litteras,
553 1295 577 1320 si
589 1294 850 1329 mihi(quemadmo-

52 1331 119 1358 dum
135 1330 243 1366 scribis)
259 1331 391 1366 longiores
406 1330 471 1357 forte
483 1331 619 1358 misisses:
640 1340 670 1357 ac
683 1331 763 1358 velim
775 1338 849 1368 post-

53 1368 104 1395 hac
114 1369 154 1395 sic
164 1372 274 1400 statuas,
283 1372 342 1395 tuas
354 1368 422 1395 mihi
434 1368 535 1396 litteras
547 1368 719 1406 longissimas
726 1378 849 1407 quasque

51 1406 220 1443 gratissimas
232 1405 297 1434 fore.

349 1480 551 1497 -οοθυσμ-

430 1620 473 1646 78.

163 1680 368 1711 LtBER
411 1680 734 1713 OCTAVUS.

104 1804 122 1826 1.
137 1804 215 1826 ARG.
231 1805 265 1826 De
282 1812 353 1826 rerum
368 1807 500 1827 urina-rum
516 1807 684 1833 conmentario,
703 1808 731 1829 de
749 1808 847 1830 cannitii-

52 1839 270 1867 Tnnnpailannrum,
281 1840 307 1861 de
317 1840 595 1866 succe-niuneGalliamm,
605 1842 632 1863 de
638 1843 752 1870 Pompeio,
759 1844 846 1865 aecne-

52 1880 102 1895 nre
111 1877 132 1895 et
141 1874 249 1899 Domitio,
259 1875 286 1895 de
296 1882 320 1896 ιο
330 1877 352 1896 et
361 1876 467 1903 Pompeio
474 1893 480 1901 ,
492 1878 518 1897 ile
529 1877 611 1898 Planco
619 1893 625 1903 ,
636 1878 663 1898 «le
674 1878 721 1899 ιιιὶι
731 1879 797 1900 Ιὶῑιιὶι
808 1887 847 1907 po-

52 1908 132 1930 litici..
155 1909 190 1930 Cf.
200 1909 230 1934 Π,
242 1913 261 1931 8.
293 1913 381 1936 <ll-imae,
392 1913 483 1936 Sulpicio,
493 1915 584 1932 Marcello
595 1921 641 1932 con.
653 1916 709 1938 70³.)

150 1954 186 1981 M.
208 1953 375 1982 CAELIUS
395 1955 424 1983 S.
445 1957 476 1983 D.
498 1957 534 1983 M.
556 1957 753 1985 CICERONI.

110 2001 134 2026 4.
156 1994 241 2032 Quod
255 2000 304 2027 tibi
315 1999 454 2027 decedenti
466 2001 602 2036 pollicitus
613 2011 684 2034 sum,
701 2012 743 2030 me
754 2012 847 2031 omnes

52 2045 95 2064 res
110 2037 227 2064 urbanas
242 2037 452 2073 diligentissime
469 2039 518 2065 tibi
537 2041 764 2075 perscripturum:
786 2041 847 2068 data

52 2082 132 2110 opera
143 2075 245 2110 paravi,
259 2075 306 2109 qui
318 2075 357 2101 sic
367 2076 457 2102 omnia
471 2082 690 2111 persequeretur,
705 2083 734 2104 ut
744 2087 845 2111 verear,

53 2120 86 2138 ne
97 2112 147 2138 tibi
158 2112 273 2138 nimium
285 2117 379 2148 arguta
391 2112 456 2139 haec
466 2113 597 2140 sedulitas
609 2114 741 2142 videatur.
768 2116 848 2142 Tam-

52 2150 102 2176 etsi
113 2153 151 2180 tu.
165 2150 230 2180 scio,
243 2158 325 2184 quam
336 2150 374 2175 sis
385 2151 518 2182 curiosus,
534 2155 560 2177 et
569 2160 650 2186 quam
662 2153 789 2179 omnibus
800 2162 848 2188 pe-

53 2187 252 2222 regrinantibus
263 2191 369 2222 gratum
381 2188 424 2218 sit,
441 2188 615 2215 minimarum
626 2198 734 2225 quoque
746 2199 844 2222 rerum,

52 2231 121 2287 guae
136 2223 209 2250 domi
224 2228 363 2259 gerantur.
382 2224 439 2251 lieri
453 2226 591 2258 certiores,
610 2230 697 2253 tamen
715 2228 741 2254 in
758 2228 808 2254 hoc
823 2232 847 2254 te

72 2268 192 2296 eprecor,
218 2269 251 2287 ne
271 2269 362 2288 meum
384 2261 433 2288 hoc
452 2262 572 2288 officium
597 2265 763 2299 arrogantiae
783 2274 847 2292 con-

53 2297 173 2330 demnes,
181 2298 253 2334 quod
266 2298 338 2325 hunc
351 2298 467 2325 laborem
477 2299 553 2325 alteri
565 2299 702 2336 delegavi:
716 2310 767 2328 non
779 2303 846 2337 quin

53 2335 121 2361 mihi
132 2336 327 2363 suavissimum
339 2336 388 2367 sit.
404 2341 430 2362 et
439 2341 568 2371 occupato
581 2341 607 2363 et
621 2338 653 2364 ad
670 2338 768 2365 litteras
779 2340 847 2365 scri-

53 2371 168 2404 bendas,
186 2377 216 2399 ut
231 2377 258 2399 tu
275 2373 357 2405 nosti,
375 2374 535 2408 pigerrimo.
554 2378 613 2401 tuae
629 2376 772 2402 memoriae
784 2376 847 2402 dare

52 2416 173 2443 operam,
195 2410 242 2436 sed
255 2411 345 2445 ipsum
358 2410 498 2442 volumen,
514 2411 587 2445 quod
603 2412 652 2438 tibi
664 2413 739 2443 misi,
759 2413 844 2445 facile,

53 2450 83 2472 ut
92 2454 141 2482 ego
152 2447 277 2479 arbitror,
295 2456 338 2474 me
349 2453 469 2475 excusat.
510 2449 607 2475 Nescio
616 2449 695 2475 cuius
706 2450 753 2476 otii
765 2455 844 2482 esset,

53 2491 105 2510 non
116 2483 195 2511 modo
205 2485 371 2519 perscribere
384 2485 457 2516 haec,
471 2485 518 2511 sed
529 2486 638 2513 omnino
649 2487 847 2514 animadverte-

52 2527 91 2547 re.
121 2520 217 2548 Omnia
226 2522 299 2549 enim
310 2527 374 2549 sunt
384 2522 423 2549 ibi
435 2523 679 2555 senatusconsulta,
693 2524 794 2556 edicta,
808 2524 847 2551 sa-

53 2555 146 2589 bulae‚
164 2567 294 2586 rumores.
340 2559 418 2593 Quod
433 2560 591 2595 exemplum
605 2562 627 2587 si
643 2560 708 2588 sorte
720 2562 810 2588 minus
822 2567 846 2588 te

53 2593 202 2628 delectarit,
225 2604 258 2623 ne
269 2596 419 2624 molestiam
430 2597 483 2624 tibi
491 2606 554 2624 cum
566 2599 687 2633 impensa
699 2607 757 2625 mea
768 2599 847 2626 exhi-

54 2629 145 2664 beam,
168 2631 211 2659 fao
229 2642 271 2661 me
293 2635 449 2664 certiorem.
485 2637 510 2663 2.
531 2634 560 2663 Si
579 2636 647 2672 quid
664 2637 690 2663 in
708 2636 846 2672 republica

1160 104 1312 131 LtB.V111.
1334 105 1389 131 ΕΡ,
1410 107 1430 130 l.
1449 108 1472 131 Ξ.
1644 108 1692 132 717

900 174 988 199 maius
1000 178 1089 200 actum
1101 175 1164 205 erit,
1185 175 1258 210 quod
1272 176 1315 202 isti
1326 176 1441 210 operarii
1453 176 1543 202 minus
1555 177 1693 203 commode

900 212 1026 245 persequi
1038 212 1149 245 possint,
1159 216 1184 238 et
1194 213 1423 247 quemadmodum
1434 218 1522 239 actum
1534 214 1577 243 sit,
1589 218 1614 240 et
1625 223 1693 248 quae

900 249 1062 275 existimatio
1075 254 1178 280 secuta,
1192 258 1315 284 quaeque
1327 250 1360 276 de
1372 259 1402 277 eo
1412 259 1475 285 spes
1486 251 1533 281 sit,
1550 250 1694 286 diiigenter

900 285 949 311 tibi
966 286 1175 319 perscribemus.
1216 287 1249 313 Ut
1264 296 1336 313 nunc
1346 292 1399 318 est,
1417 287 1490 313 nulla
1507 296 1604 323 magno
1614 297 1694 322 opere

900 324 1063 356 exspectatio
1087 328 1135 349 est.
1181 324 1248 349 Nam
1268 329 1294 350 et
1313 324 1354 350 illi
1375 334 1495 351 rumores
1520 325 1553 351 de
1577 326 1694 352 comitiis

901 360 1161 394 Transpadanorum,
1170 360 1315 387 Cumarum
1328 367 1406 388 tenus
1417 362 1570 388 caluerunt:
1584 363 1694 389 Romam

900 406 985 431 quum
998 398 1142 429 venissem,
1159 407 1191 424 ne
1206 400 1391 425 tenuissimam
1405 399 1515 434 quidem
1530 399 1695 426 auditionem

900 434 933 459 de
945 443 974 460 ea
988 443 1014 460 re
1026 436 1127 469 accepi.
1159 436 1294 462 Praeterea
1306 436 1456 467 Marcellus,
1470 437 1542 471 quod
1554 437 1642 463 adhuc
1653 438 1696 464 ni-

901 471 939 497 hil
956 471 1046 498 retulit
1060 472 1093 497 de
1107 474 1278 499 successione
1298 472 1518 510 [provinciarum]
1534 474 1693 505 Galliarum,

901 513 926 534 et
937 509 964 534 in
972 509 1179 540 Kalendaslun.‚
1193 515 1221 536 ut
1232 511 1300 536 mihi
1312 511 1369 545 ipse
1380 511 1458 541 dixit,
1467 520 1525 537 eam
1537 511 1643 538 distulit
1654 521 1696 538 re-

902 545 1040 572 lationem:
1059 555 1205 582 sanequam
1222 556 1266 574 eos
1282 556 1419 574 sermones
1435 549 1581 583 expressit.
1599 550 1646 584 qui
1662 549 1695 575 de.

901 592 931 609 eo
942 588 998 609 tum
1011 583 1123 615 fuerant,
1137 593 1223 619 quum
1234 586 1331 611 Romae
1344 594 1391 611 nos
1402 594 1534 612 essemus
1575 589 1599 612 3.
1622 587 1660 612 Tu
1672 587 1696 612 si

901 621 1071 655 Pompeium,
1090 626 1119 647 ut
1130 621 1252 653 volebas,
1270 622 1419 649 offendisti:
1438 624 1486 658 qui
1501 623 1550 649 tibi
1562 624 1638 650 visus
1650 625 1693 654 sit,

901 663 926 684 et
936 667 1018 692 quam
1033 659 1178 685 orationem
1196 659 1321 686 habuerit
1335 664 1436 690 tecum,
1454 669 1591 695 quamque
1606 666 1696 687 osten·

901 695 970 721 derit
986 695 1162 726 voluntatem,
1186 696 1263 730 (solet
1278 698 1349 723 enim
1366 697 1440 723 aliud
1456 698 1554 723 sentire
1569 703 1595 724 et
1610 698 1693 733 loqui.

901 742 988 767 neque
1003 738 1105 759 tantum
1120 733 1209 759 valere
1223 735 1345 768 ingenio,
1364 739 1393 760 ut
1409 743 1460 760 non
1473 740 1610 769 appareat,
1628 735 1695 770 quid

900 771 1016 805 cupiat:)
1031 770 1071 796 fac
1082 770 1150 796 mihi
1163 771 1324 805 perscribas.
1365 772 1389 797 4.
1406 771 1483 803 Quod
1499 772 1531 797 ad
1543 772 1693 803 Caesarem,

900 808 987 833 crebri
1006 812 1032 834 et
1046 816 1097 834 non
1113 807 1179 834 belli
1194 808 1227 834 de
1244 817 1274 835 eo
1290 817 1423 835 rumores:
1447 808 1494 834 sed
1514 814 1696 836 susurratores

900 845 1040 871 dumtaxat
1059 846 1185 872 veniunt:
1208 845 1278 871 alius
1298 847 1416 881 equitem
1437 846 1602 880 perdidisse,
1624 847 1695 881 quod

900 883 995 917 opinor
1004 887 1074 908 certe
1086 882 1186 908 sactum
1198 887 1252 909 est·>
1268 883 1338 909 alius
1350 884 1492 918 septimam
1505 883 1637 919 legionem
1651 893 1696 910 va—

900 919 1022 955 pulasse,
1040 920 1131 954 ipsum
1143 920 1215 955 apud
1226 920 1380 947 Bellovacos
1391 921 1597 951 circumsederi,
1616 922 1697 947 inter-

900 957 1006 983 clusum
1019 957 1052 983 ab
1063 957 1168 993 reliquo
1179 959 1312 984 exercitu:
1336 967 1424 993 neque
1440 958 1528 985 adhuc
1539 959 1603 985 certi
1615 959 1696 993 quid-

901 1004 982 1030 quam
996 999 1050 1026 est,
1073 1004 1160 1030 neque
1172 995 1237 1021 haec
1248 996 1348 1022 incerta
1359 1000 1448 1022 tamen
1460 995 1542 1032 vulgo
1554 997 1694 1025 iactantur.

901 1032 949 1059 sed
961 1033 1030 1059 inter
1039 1041 1148 1067 anCOS,
1162 1041 1230 1067 quos
1241 1038 1270 1059 tu
1282 1034 1360 1064 nosti,
1374 1033 1463 1068 palam
1475 1038 1576 1060 secreto
1587 1042 1697 1060 narran-

901 1075 953 1097 tur.
994 1070 1027 1096 At
1037 1071 1183 1101 Domitius,
1201 1079 1286 1105 quum
1304 1079 1400 1097 manus
1416 1071 1449 1097 ad
1463 1080 1492 1097 os
1509 1072 1646 1105 apposuit!
1670 1073 1694 1097 ὃ.

901 1108 936 1134 Te
948 1116 972 1134 a.
985 1107 1012 1134 d.
1026 1116 1063 1134 ix.
1077 1107 1136 1134 Kal.
1149 1108 1220 1134 lunii
1234 1108 1415 1139 subrostrani,
1432 1108 1514 1143 (quod
1531 1109 1638 1135 illorum
1653 1118 1697 1134 ca-

901 1146 951 1180 piti
961 1145 1020 1180 siti)
1031 1144 1195 1179 dissiparant
1207 1146 1333 1179 periisse:
1348 1147 1383 1172 ita
1396 1151 1422 1172 ut
1436 1147 1461 1172 iu
1470 1146 1538 1172 Urbe
1550 1155 1580 1172 ac
1592 1146 1646 1173 foro
1658 1151 1697 1173 to—

901 1188 926 1209 to
941 1183 1077 1209 maximus
1093 1192 1184 1209 rumor
1200 1182 1293 1214 fuerit,
1313 1188 1336 1210 te
1352 1192 1365 1210 a
1376 1183 1407 1216 Q.
1421 1184 1547 1218 Pompeio
1564 1184 1590 1210 in
1603 1184 1696 1210 itinere

900 1221 1030 1246 occisum.
1070 1220 1135 1255 Ego,
1149 1221 1197 1255 qui
1208 1221 1315 1252 scirem,
1328 1221 1526 1256 Q.Pompeium
1539 1221 1629 1247 Baulis
1640 1230 1697 1247 em-

900 1259 1050 1292 peneticam
1061 1257 1073 1269 *
1085 1257 1180 1288 lacere,
1194 1262 1219 1284 et
1231 1267 1317 1293 usque
1329 1267 1373 1289 eo,
1385 1263 1416 1284 ut
1426 1267 1475 1294 ego
1486 1260 1626 1285 misererer
1637 1260 1696 1285 eius

900 1296 1009 1326 esuriei,
1024 1303 1075 1321 non
1086 1304 1147 1321 sum
1159 1300 1322 1322 commotus:
1340 1300 1365 1322 et
1376 1296 1426 1322 hoc
1438 1296 1590 1326 mendacio,
1609 1297 1631 1322 si
1643 1305 1695 1331 qua

900 1332 1020 1367 pericula
1032 1332 1081 1358 tibi
1093 1332 1293 1366 impenderent,
1314 1338 1344 1359 ut
1354 1333 1577 1368 defungeremur,
1594 1335 1695 1367 optavi.

901 1370 1014 1397 Plancus
1026 1369 1137 1405 quidem
1150 1375 1212 1396 tuus
1224 1371 1365 1397 Ravennae
1377 1375 1430 1397 est:
1444 1376 1470 1397 et
1481 1379 1577 1406 magno
1588 1371 1697 1406 congia-

901 1408 940 1434 rio
951 1408 1065 1434 donatus
1076 1408 1217 1438 aCaesare.
1235 1416 1283 1434 nec
1295 1408 1398 1439 beatus,
1412 1417 1459 1434 nec
1471 1408 1538 1434 bene
1550 1409 1696 1434 instructus

900 1450 950 1472 est.
984 1446 1035 1472 Tui
1049 1445 1152 1480 politici
1165 1445 1226 1471 libri
1236 1445 1363 1472 omnibus
1374 1446 1475 1482 vigeat.

953 1515 981 1536 ll.
999 1515 1076 1535 ARG.
1095 1514 1189 1536 Nuntiat
1204 1515 1230 1535 ile
1245 1514 1347 1534 absoluto
1363 1515 1460 1535 Messala
1474 1515 1566 1541 eiusque
1581 1515 1697 1535 defensore

900 1550 1021 1571 Horten-iu
1032 1557 1044 1570 a
1054 1549 1135 1577 populu
1147 1549 1202 1570 :nale
1212 1553 1310 1576 acceptu.

900 1586 923 1606 in
933 1585 1049 1606 aedilitate
1059 1585 1249 1612 competiturihun.
1273 1587 1459 1610 (1«1m..2,s.11pi.-5.›,
1469 1589 1559 1605 munerun
1571 1595 1608 1605 sn„

1080 1630 1247 1658 CAELIUS
1276 1629 1463 1657 CICERONI
1487 1631 1515 1658 S.

956 1670 979 1696 i.
1001 1664 1097 1700 Certe,
1117 1669 1243 1703 inquam,
1264 1667 1404 1694 absolutus
1425 1673 1477 1701 est,
1501 1677 1543 1695 me
1559 1674 1696 1703 praesente

899 1707 1103 1742 pronuntiatum
1119 1710 1171 1736 est.
1190 1710 1215 1731 et
1229 1705 1341 1740 quidem
1356 1705 1484 1731 omnibus
1498 1706 1654 1736 ordinibus,
1672 1711 1698 1732 et

899 1743 1017 1780 singulis
1028 1744 1056 1770 in
1068 1752 1121 1770 uno
1135 1751 1244 1778 quoque
1257 1742 1351 1769 ordine
1366 1744 1516 1769 sententiis.
1557 1743 1624 1769 Vide
1639 1753 1697 1769 mo-

899 1781 947 1812 do.
961 1781 1063 1816 inquis.
1104 1781 1172 1811 Non,
1185 1779 1365 1807 mehercules.
1396 1780 1469 1806 Nihil
1482 1781 1554 1807 enim
1567 1789 1697 1816 umquam

900 1823 953 1846 tam
965 1823 1069 1853 praeter
1083 1818 1252 1853 opinionem.
1270 1821 1323 1844 tam
1335 1817 1407 1852 quod
1422 1818 1558 1844 videretur
1569 1818 1696 1844 omnibus

900 1856 1054 1891 indignum,
1068 1855 1174 1882 accidit.
1211 1855 1281 1887 Quin
1293 1863 1350 1890 ego,
1364 1863 1448 1890 quum
1462 1864 1509 1890 pro
1520 1856 1637 1882 amicitia
1650 1864 1697 1881 va-

901 1893 1034 1920 lidissime
1046 1893 1164 1919 faverem
1175 1893 1210 1924 ei,
1226 1897 1252 1919 et
1263 1901 1304 1918 me
1317 1893 1370 1918 iam
1382 1892 1414 1918 ad
1426 1892 1572 1919 dolendum
1586 1901 1697 1927 praepa—

900 1940 1014 1962 rassem,
1028 1935 1171 1966 postquam
1183 1929 1282 1956 factum
1295 1935 1348 1961 est,
1363 1930 1493 1964 obstupui
1504 1931 1608 1957 etmihi
1620 1931 1696 1956 visus

899 1977 960 1995 sum
985 1973 1080 2003 captus
1104 1976 1173 1994 esse.
1223 1967 1294 1999 Quid
1315 1967 1381 1993 alios
1405 1967 1502 2002 putas‘?
1526 1967 1695 1994 Clamoribus

899 2006 1003 2032 scilicet
1013 2005 1140 2032 maximis
1153 2005 1257 2031 iudices
1268 2005 1465 2039 corripuerunt,
1476 2010 1502 2031 et
1511 2005 1694 2034 ostenderunt.

899 2043 978 2078 plane
989 2051 1057 2074 esse,
1071 2042 1143 2078 quod
1156 2042 1218 2068 ferri
1231 2051 1282 2068 non
1294 2047 1393 2076 posset.
1434 2043 1525 2077 Itaque
1537 2042 1646 2068 relictus
1659 2042 1696 2067 lc-

898 2089 931 2115 ge
948 2081 1063 2111 Licinia,
1087 2081 1186 2106 maiore
1204 2088 1263 2105 esse
1281 2079 1401 2114 periculo
1417 2079 1532 2106 videtur.
1578 2080 1697 2105 Accessit

900 2118 966 2148 huc,
988 2117 1061 2152 quod
1077 2117 1206 2151 postridie
1222 2117 1280 2143 eius
1296 2115 1492 2143 absolutionem
1514 2118 1540 2142 in
1563 2117 1694 2143 theatrum

899 2155 1023 2180 Curionis
1040 2155 1196 2180 llortensius
1213 2154 1326 2184 introiit,
1344 2158 1410 2189 puto
1426 2159 1455 2180 ut
1469 2162 1549 2180 suum
1564 2154 1694 2189 gaudium

899 2191 1089 2227 gauderemus.
1130 2191 1176 2217 llic
1189 2191 1241 2216 tibi.

972 2231 1101 2262 strepitus,
1116 2230 1240 2261 srenu‘lus.
1254 2229 1351 2254 chimor
1365 2231 1512 2256 tonitruum.
1529 2234 1550 2254 c!
1563 2230 1697 2254 rudentum

1265 2267 1365 2291 sibilus.

1344 1550 1411 1570 ,milit
1422 1551 1448 1570 ile
1459 1550 1571 1577 republica
1582 1554 1601 1569 νῐ
1613 1550 1639 1570 de
1649 1551 1696 1570 suin

1628 1590 1683 1608 70].)

899 2303 952 2329 lloc
964 2303 1050 2338 magis
1062 2302 1282 2328 animadversum
1293 2306 1346 2332 est,
1369 2301 1441 2336 quod
1459 2302 1574 2329 intactus
1586 2311 1599 2328 a
1614 2301 1695 2328 sibilo

899 2344 1058 2374 pervenerat
1072 2339 1229 2365 Hortensius
1245 2338 1278 2364 ad
1298 2343 1473 2365 senectutem.
1513 2339 1564 2364 Sed
1587 2344 1643 2364 tum
1659 2339 1694 2365 ita

899 2377 980 2408 bene,
998 2382 1026 2403 ut
1039 2377 1064 2402 in
1077 2381 1157 2403 totam
1170 2377 1252 2402 vitam
1264 2376 1352 2402 cuivis
1363 2377 1428 2402 satis
1439 2381 1523 2405 essct,
1539 2381 1564 2402 et
1575 2377 1694 2410 poenite-

900 2419 938 2440 rct
949 2423 1010 2440 eum
1023 2414 1075 2439 iam
1089 2414 1197 2439 vicisse.
1237 2414 1262 2439 2.
1285 2413 1320 2439 De
1333 2412 1470 2447 republica
1482 2412 1554 2447 quod
1567 2413 1616 2440 tibi
1627 2414 1694 2439 scri-

899 2451 970 2482 bam,
987 2451 1055 2478 nihil
1069 2451 1162 2477 habeo.
1204 2449 1322 2476 Marcelli
1334 2451 1451 2484 impetus
1463 2450 1627 2481 resederunt,
1642 2459 1693 2476 nou

899 2489 1003 2518 inertia.
1017 2488 1117 2523 sedon.
1126 2488 1193 2514 mihi
1205 2487 1357 2522 videbatur)
1367 2487 1490 2514 consilio.
1531 2488 1566 2514 De
1576 2488 1693 2514 comitiis

897 2525 1087 2552 consularibus
1099 2526 1277 2552 incertissima
1289 2529 1329 2551 est
1340 2525 1513 2551 existimatio.
1539 2525 1596 2560 Ego
1610 2525 1693 2551 incidi

898 2563 924 2589 in
937 2563 1137 2598 competitorem
1149 2562 1267 2589 nobilem
1281 2567 1307 2588 et
1319 2562 1436 2588 nobilem
1452 2567 1584 2598 agentem.
1627 2563 1692 2588 Nam

898 2601 933 2626 M.
950 2600 1092 2630 Octavius,
1110 2600 1159 2627 Cn.
1177 2599 1264 2630 tilius.
1281 2604 1307 2626 et
1322 2599 1351 2626 C.
1373 2600 1467 2626 Hirrus
1489 2607 1596 2626 mecum
1616 2600 1691 2634 petit.

898 2638 951 2665 lloc
963 2637 1022 2665 ideo
1033 2638 1140 2674 scripsi,
1148 2637 1221 2673 quod
1233 2637 1297 2669 scio.
1306 2641 1330 2664 te
1341 2639 1445 2667 acriter.
1455 2642 1562 2673 propter
1573 2637 1692 2668 Hirrum,
