1941 3052
225 167 272 191 :152
795 164 836 188 25.
871 162 906 188 Μ.

219 236 265 262 ned
281 236 360 262 etiam
375 235 407 261 de
421 240 579 263 accunatore,
596 233 628 259 de
643 238 708 259 testo
720 233 835 258 iudicare
845 232 1011 258 arbitraban-

220 278 274 303 tur.
295 273 360 308 quid
381 273 484 301 lictum,
504 272 568 306 quid
589 271 691 296 fortuna
710 279 739 295 ac
759 275 875 304 tempore
889 269 1008 300 allatum,

219 310 285 345 quid
301 311 384 344 pru-tio
397 314 563 343 rorruptmn,
586 308 651 342 quid
671 316 718 341 spe
736 312 780 332 nut
795 311 866 332 metu
881 306 1010 340 deprava-

220 353 285 377 tum.
298 347 362 382 «prid
374 357 387 371 u
397 346 541 380 rupi-litate
551 344 638 378 aliqua
650 349 694 370 aut
705 344 852 369 inimicitiis
863 343 1010 378 profectum
1032 370 1033 377 χ

221 385 362 411 videri-tur.
403 385 475 414 Quae
498 383 519 407 ni
544 381 624 407 iudex
648 390 699 407 non
723 380 897 415 amplectetur
922 381 1010 407 omnia

219 421 342 450 consilio,
365 429 415 446 non
435 419 523 444 1mimo
541 427 569 443 ac
588 422 675 444 mente
689 418 899 452 circumspiciet:
924 418 961 448 si.
984 422 1012 444 ut

218 458 338 492 quidque
357 466 389 482 ex
410 456 454 482 illo
474 455 529 480 loco
547 455 662 485 dicetur.
683 464 715 481 ex
734 454 840 481 oraculo
854 455 944 490 aliquo
957 455 1010 481 dici
1032 454 1040 466 ¹¹

219 494 400 521 arbitrabitur:
427 492 542 527 profecto
560 493 624 518 satis
642 492 704 522 erit,
727 492 752 518 id
766 492 838 526 quod
853 492 909 518 dixi
924 497 1008 522 antea,

220 541 269 557 nnn
284 531 396 556 surdum
413 530 527 556 iudicem
543 529 605 555 huic
619 530 723 555 muneri
738 533 817 564 atque
831 529 917 556 oflicio
936 538 1011 564 prae-

218 578 284 594 esse,
309 567 380 593 Nihil
392 567 449 597 erit,
465 566 639 601 quamobrem
652 566 704 597 ille,
718 567 887 601 nescioquis,
904 568 1010 601 sapiens

219 606 297 632 lumin
314 613 343 629 ac
362 603 506 630 multarum
527 612 615 630 rerum
635 605 737 639 peritus
751 603 783 630 ad
799 613 839 630 res
855 604 1010 630 iudicandas

219 642 376 677 requiratur.
418 641 483 667 Vlll.
505 643 548 667 26.
570 641 610 667 An
630 650 692 667 vero
711 641 748 667 illi
770 641 874 675 equites
889 642 1008 672 Romani,

217 688 283 714 quos
299 687 345 705 nos
361 678 488 709 vidimus,
504 678 550 713 qui
566 687 650 713 nuper
665 679 691 704 in
702 678 838 712 republica
850 679 1011 713 iudiciisque

217 716 342 743 maximis
353 715 505 747 floruerunt,
523 715 674 742 habuerunt
686 720 787 742 tantum
799 716 890 746 animi.
908 720 1009 742 tantum

217 754 328 784 roboris,
345 758 374 779 ut
388 753 422 778 M.
435 753 534 779 Scauro
549 753 608 779 testi
624 762 674 779 non
689 753 839 779 crederent:
857 762 903 779 vos
918 753 1010 779 Volca-
1030 757 1033 767 ⁴

217 800 275 817 rum
291 795 370 825 atque
379 790 554 825 Allobrogum
570 790 730 817 testimoniis
745 799 796 817 non
811 791 917 817 credere
932 791 1010 816 time-

216 827 270 855 tis‘?
283 828 310 854 Si
323 828 430 854 inimico
441 828 500 853 testi
512 827 583 854 credi
595 836 645 854 non
656 828 781 862 oportuit,
797 828 931 854 inimicior
941 828 1010 854 Mar—

215 865 283 892 cello
293 865 414 895 Crassus.
431 869 476 891 aut
487 865 619 891 Fimbriae
634 864 750 891 Scaurus
765 874 796 891 ex
811 865 938 891 civilibus
952 870 1010 891 stu-

215 903 267 930 diis
282 907 361 937 atque
374 902 564 928 obtrectatione
577 902 731 933 domestica,
749 911 829 937 quam
845 903 907 929 huic
921 902 1011 929 Galli?

215 948 340 975 quorum,
355 940 402 974 qui
417 940 516 974 optima
531 940 556 966 in
568 948 662 966 caussa
673 944 744 971 sunt,
761 941 874 975 equites,
891 940 1010 966 {rumen-

216 982 287 1008 tum,
304 977 443 1011 pecuniam
459 977 540 1003 semel
556 981 635 1012 atque
650 978 758 1008 iterum,
775 986 804 1003 ac
818 978 926 1012 saepius
941 977 1010 1003 invi-

215 1015 323 1045 tissimi=
340 1014 401 1040 dare
415 1015 497 1041 coacti
512 1019 588 1041 sunt:
611 1015 699 1045 ceteri,
717 1015 811 1049 partim
826 1023 858 1041 ex
874 1014 1009 1041 veteribus

208 1051 295 1087 ‚bellis
309 1060 372 1087 agro
386 1051 514 1082 mulctati,
532 1052 627 1086 partim
638 1052 670 1078 ab
683 1052 731 1078 boe
742 1053 800 1086 ipso
811 1052 881 1078 bello
891 1052 1009 1086 superati

214 1095 240 1116 et
257 1090 388 1124 oppressi.
429 1090 471 1116 ΕΠ.
494 1089 535 1119 Si,
558 1090 605 1124 qui
623 1089 657 1115 ob
675 1089 783 1124 aliquod
798 1089 1008 1115 emolumentum

214 1135 295 1153 suum
310 1126 436 1161 cupidius
450 1125 552 1161 aliquid
567 1127 654 1153 dicere
669 1127 807 1157 videntur,
824 1127 857 1152 iis
871 1126 943 1153 credi
958 1135 1008 1152 non

214 1164 352 1190 convenit:
372 1163 451 1190 credo
464 1164 551 1190 maius
565 1163 776 1190 emolumentum
791 1164 970 1198 Caepionibus
984 1168 1010 1190 et

214 1200 328 1227 Metellis
347 1201 512 1236 propositum
532 1200 616 1227 fuisse
634 1210 667 1227 ex
680 1200 711 1233 Q.
728 1201 846 1236 Pompeii
861 1201 1010 1227 damnatio-

214 1246 260 1269 ne,
276 1247 361 1273 quum
375 1238 525 1264 studiorum
540 1247 651 1264 suorum
665 1238 866 1265 obtrectatorem
881 1238 1009 1265 sustulis-

213 1279 281 1306 sent,
297 1284 379 1310 quam
393 1280 502 1302 cunctae
517 1275 618 1302 Galliae
633 1284 666 1302 ex
680 1276 714 1302 M.
727 1276 829 1302 Fonteii
844 1275 1006 1302 calamitate:

213 1313 241 1339 in
255 1321 309 1347 qua
324 1312 368 1338 illa
383 1313 518 1347 provincia
533 1321 615 1347 prope
628 1321 705 1339 suam
720 1313 917 1340 immunitatem
932 1321 962 1339 ac
977 1313 1009 1339 li-

213 1349 342 1376 bertatem
357 1351 471 1384 positam
486 1359 544 1376 esse
559 1350 711 1376 arbitratur.

267 1386 321 1417 An,
342 1387 364 1413 si
380 1387 501 1413 homines
516 1388 588 1422 ipsos
602 1392 721 1422 spectare
735 1388 868 1419 convenit,
885 1387 922 1423 (id
936 1387 1008 1423 quod

212 1425 240 1451 in
259 1428 324 1450 teste
342 1424 459 1459 profecto
477 1424 564 1451 valere
583 1424 731 1459 plurimum
745 1425 845 1460 debet.)
864 1434 915 1452 non
930 1424 1009 1451 modo

212 1469 274 1488 cum
288 1462 403 1488 summis
417 1462 533 1488 civitatis
547 1466 651 1488 nostrae
670 1463 749 1493 viris,
770 1462 818 1489 sed
835 1471 897 1489 cum
916 1462 1008 1489 intimo

211 1499 270 1525 cive
288 1499 406 1525 Romano
423 1499 568 1534 quisquam
587 1499 772 1534 amplissimus
786 1499 888 1527 Galliae
901 1508 1009 1534 compa-

212 1535 312 1562 randus
325 1535 383 1562 est?
402 1536 457 1563 Scit
472 1536 676 1568 indutiomarus,
693 1537 759 1572 quid
773 1537 809 1563 sit
824 1537 1008 1564 testimonium

211 1572 318 1599 dicere‘?
338 1578 460 1600 movetur
472 1582 503 1600 eo
516 1574 623 1605 timore,
644 1582 698 1609 quo
712 1578 832 1601 nostrum
847 1583 918 1601 unus
932 1574 1009 1609 quis-

211 1618 274 1645 que,
290 1619 376 1645 quum
390 1611 417 1637 in
431 1619 493 1637 eum
505 1611 592 1638 locum
602 1611 749 1646 productus
761 1611 818 1638 est‘?
837 1611 884 1638 IX.
899 1613 941 1638 28.
957 1611 1009 1637 Re-

211 1647 372 1679 cordamini,
397 1648 515 1679 iudices,
538 1653 638 1683 quanto
655 1657 734 1683 opere
753 1648 870 1675 laborare
889 1648 1005 1679 soleatis,

212 1693 263 1711 non
279 1684 357 1711 modo
367 1685 434 1720 quid
444 1685 538 1711 dicatis
549 1694 597 1720 pro
607 1685 767 1716 testimonio,
784 1685 831 1712 sed
841 1686 930 1716 etiam,
946 1686 1008 1720 qui-

211 1721 263 1748 bus
272 1722 362 1748 verbis
374 1723 495 1754 utamini,
508 1730 540 1748 ne
551 1722 623 1757 quod
634 1723 723 1749 minus
734 1722 867 1749 moderate
878 1723 1004 1757 positum,

212 1767 245 1785 ne
258 1758 331 1794 quod
345 1759 377 1785 ab
391 1759 480 1794 aliqua
494 1759 639 1794 cupiditate
653 1759 807 1794 prolapsum
821 1759 934 1786 verbum
948 1768 1008 1786 esse

212 1795 348 1822 videatur:
377 1796 454 1822 vultu
469 1796 585 1831 denique
600 1796 733 1827 laboratis,
749 1806 781 1823 ne
795 1805 847 1832 qua
861 1796 1007 1832 significari

211 1834 297 1868 possit
310 1833 429 1867 suspicio
442 1833 611 1868 cupiditatis:
628 1838 700 1864 utet.
716 1842 800 1869 quum
812 1834 933 1868 proditis,
950 1834 1008 1860 exi—

211 1870 329 1897 stimatio
343 1871 377 1896 sit
390 1870 522 1905 quaedam
536 1871 613 1897 tacita
627 1870 660 1897 de
674 1871 750 1897 vobis
768 1871 878 1906 pudoris
897 1880 927 1897 ac
945 1871 1007 1897 reli—

211 1907 312 1943 giouis‚
328 1911 365 1939 et,
381 1916 467 1942 quum
481 1907 632 1939 disceditis,
653 1916 682 1934 ea
696 1908 840 1944 diligenter
853 1913 1007 1935 conservata

211 1953 241 1971 ac
254 1949 354 1971 retenta
368 1945 497 1971 videatur.
530 1946 572 1972 29.
595 1945 687 1977 Credo,
703 1945 768 1972 haec
782 1945 873 1972 eadem
887 1945 1007 1972 Indutio-

211 1990 316 2008 marum
334 1982 362 2008 in
380 1982 533 2009 testimonio
551 1983 674 2009 timuisse
693 1987 738 2009 aut
759 1983 932 2018 cogitavisse:
958 1983 1005 2018 qui

211 2019 330 2054 primum
340 2019 409 2045 illud
419 2019 532 2046 verbum
542 2019 818 2046 consideratissimum
829 2025 933 2047 nostrae
943 2029 1006 2047 con-

210 2056 377 2087 suetudinis,
399 2066 557 2088 Anairnon,
577 2066 630 2092 quo
648 2066 696 2083 nos
715 2057 793 2083 etiam
813 2061 876 2084 tunc
894 2058 1003 2088 utimur,

211 2102 296 2128 quum
315 2102 344 2120 ea
363 2093 479 2120 dicimus
502 2094 594 2125 iurati,
618 2103 687 2129 quae
707 2099 840 2129 comperta
863 2095 1003 2125 babemus,

210 2139 280 2166 quae
297 2131 349 2166 ipsi
368 2131 499 2162 vidimus,
524 2140 557 2158 ex
579 2136 632 2158 toto
654 2132 806 2158 testimonio
828 2140 878 2159 suo
896 2132 1006 2159 sustulit

210 2172 291 2203 atque
304 2168 393 2195 onmia
407 2177 436 2194 se
449 2169 517 2195 scire
531 2168 608 2195 dixit.
630 2169 774 2195 Verebatur
787 2169 859 2195 enim
870 2169 1002 2201 videlicet,

211 2214 244 2232 ne
262 2205 329 2240 quid
347 2205 419 2240 apud
437 2214 484 2232 vos
503 2206 688 2241 populumque
701 2207 851 2233 Romanum
865 2206 898 2233 de
912 2207 1004 2233 existi-

212 2243 327 2269 matione
341 2251 389 2269 sua
403 2243 571 2278 deperderet,
593 2252 626 2270 ne
643 2252 697 2279 qua
715 2243 784 2270 fama
798 2249 1005 2279 consequeretur

211 2279 357 2311 eiusmodi,
373 2280 598 2312 Indutiomarum,
614 2280 693 2307 talem
708 2281 811 2312 virum,
828 2286 881 2308 tam
895 2281 1002 2316 cupide,

212 2321 264 2343 tam
280 2321 377 2344 temere
390 2317 502 2344 dixisse.
537 2318 595 2344 Non
609 2317 784 2354 intelligebat,
800 2327 828 2345 se
842 2320 870 2345 in
884 2319 1005 2345 testimo-

212 2354 256 2380 nio
273 2354 340 2380 nihil
360 2359 463 2389 praeter
481 2363 572 2381 vocem
591 2360 617 2382 et
629 2364 659 2382 os
673 2360 698 2382 et
711 2355 850 2382 audaciam
865 2364 952 2391 neque
965 2356 1005 2382 ci-

213 2391 290 2417 vibus
304 2392 371 2423 suis,
387 2400 474 2427 neque
489 2393 688 2419 accusatoribus
702 2394 799 2419 nostris
813 2398 946 2428 praestare
957 2393 1005 2420 de·-

212 2427 282 2454 bere.
324 2431 364 2455 30.
382 2429 422 2455 An
442 2438 504 2456 vero
522 2430 586 2456 istas
605 2431 725 2457 nationes
743 2430 872 2466 religione
890 2431 1004 2457 iurisiu—

212 2465 287 2491 randi
309 2474 338 2491 ac
361 2471 433 2492 metu
456 2466 566 2493 deorum
585 2467 778 2493 immortalium
796 2469 825 2494 in
843 2468 1003 2495 testimoniis

212 2501 332 2528 dicendis
345 2504 507 2530 commoveri
524 2504 704 2536 arbitramini,
723 2513 794 2539 quae
811 2509 914 2531 tantum
932 2514 947 2531 a
959 2513 1004 2531 ce·

213 2543 326 2564 terarum
345 2541 466 2574 gentium
484 2549 556 2567 more
574 2550 603 2567 ac
617 2546 711 2568 natura
724 2541 905 2568 dissentiunt?
929 2542 1003 2577 quod

213 2580 313 2601 ceterae
330 2584 378 2610 pro
395 2576 571 2612 religionibus
589 2579 646 2605 suis
665 2578 734 2605 bella
752 2579 916 2613 suscipiunt,
937 2580 1003 2606 istae

212 2618 302 2638 contra
315 2613 436 2639 omnium
450 2614 604 2650 religiones:
620 2615 682 2641 illae
695 2616 723 2641 in
736 2615 817 2642 hellis
829 2616 956 2651 gerendis
969 2616 1003 2642 ab

212 2649 264 2675 diis
279 2649 473 2676 immortalibus
487 2659 579 2684 pacem
589 2661 618 2678 ac
630 2653 735 2679 veniam
746 2657 848 2687 petunt,
864 2653 930 2679 istae
940 2662 1002 2680 cum

212 2687 279 2721 ipsis
293 2686 345 2713 diis
359 2687 554 2715 immortalibus
568 2689 636 2716 bella
650 2694 800 2725 gesserunt.
823 2690 858 2716 X.
873 2690 927 2717 Hae
940 2695 1003 2718 sunt

937 161 966 188 T.
999 160 1274 188 etet-:noxis

1064 232 1195 262 nationes,
1215 240 1284 267 quae
1301 232 1435 266 quondam
1454 237 1505 259 tam
1526 232 1603 267 longe
1621 233 1654 260 ab
1672 234 1730 260 suis
1743 233 1855 261 sedibus

1064 269 1178 303 Delphos
1197 277 1283 303 usque
1301 269 1334 295 ad
1348 269 1497 304 Apollinem
1513 271 1638 306 Pythium
1657 276 1736 306 atque
1750 270 1783 298 nd
1795 280 1856 298 ora-

1062 306 1153 332 culum
1172 306 1244 332 orbis
1264 311 1346 332 terrae
1365 307 1516 334 vexandum
1535 317 1564 334 ac
1583 308 1753 342 spoliandum
1768 308 1856 343 profo-

1062 348 1118 368 ctue
1132 348 1205 369 aurit.
1237 343 1277 369 Ab
1292 343 1387 370 iisdem
1401 345 1528 380 gentibus
1542 346 1641 371 sanctis
1655 350 1681 371 et
1694 346 1721 372 in
1736 346 1856 373 toetimoe

1038 391 1040 403 ;
1064 381 1107 406 nio
1121 380 1253 414 religiosis
1267 380 1407 407 obsessum
1419 381 1578 416 Capitolium
1593 387 1633 408 est
1647 387 1727 417 atque
1738 382 1783 409 ille
1792 383 1856 418 lup-

1063 418 1143 451 piter,
1163 417 1241 443 cuius
1261 418 1367 444 nomine
1382 419 1495 445 maiores
1509 420 1590 446 nostri
1606 421 1720 446 vinctam
1736 420 1857 446 testimo-

1063 455 1167 480 niorum
1183 454 1262 480 tidem
1277 464 1335 481 esse
1351 455 1500 482 voluerunt.
1523 458 1564 482 a«.
1577 457 1712 483 Postremo
1722 456 1764 483 his
1774 456 1857 491 quid-

1062 500 1141 526 quam
1154 496 1275 518 sanctum
1287 501 1315 518 ac
1326 492 1480 527 religiosum
1492 493 1575 520 videri
1587 499 1680 528 potest.
1691 494 1749 529 qui.
1761 495 1857 520 etiam—

1061 529 1083 554 si
1103 528 1210 563 quando
1228 528 1319 564 aliquo
1337 534 1409 556 metu
1427 530 1534 557 adducti
1552 530 1617 557 deos
1635 531 1777 565 placandos
1795 539 1857 558 em

1061 566 1234 596 arbitrantur,
1260 566 1385 593 humanis
1410 567 1504 594 hostiis
1522 576 1614 594 eorum
1633 577 1691 594 aras
1709 577 1739 595 ac
1757 568 1856 603 templa

1063 603 1216 629 funestam?
1242 608 1271 629 ut
1289 612 1321 630 ne
1339 604 1494 639 religionem
1513 604 1622 640 quidem
1641 605 1727 632 colere
1741 606 1854 640 possint.

1062 641 1113 666 nisi
1132 649 1189 667 eam
1209 641 1294 675 ipsam
1313 642 1389 676 prius
1407 642 1506 668 scelere
1525 641 1658 668 violarint.
1697 641 1764 675 Quia
1782 643 1854 669 enim

1063 678 1177 713 ignorat.
1197 687 1242 704 eos
1261 687 1347 713 usque
1366 678 1398 704 ad
1418 679 1485 705 hanc
1503 679 1574 706 diem
1589 680 1701 706 retinere
1715 679 1789 706 illum
1803 680 1856 706 im-

1062 723 1166 741 munem
1181 724 1210 741 ac
1225 715 1362 742 barbaram
1377 716 1598 743 consuetudinem
1608 717 1747 743 hominum
1759 717 1855 744 immo-

1063 752 1220 778 landorum?
1239 752 1426 785 Quamobrem,
1443 753 1517 788 quali
1532 753 1592 784 lide,
1608 753 1682 788 quali
1697 755 1795 788 pietate
1807 762 1856 780 ex-

1062 790 1186 816 istimatis
1201 798 1259 816 esse
1277 799 1335 820 eos.
1356 791 1403 826 qui
1422 792 1501 817 etiam
1519 791 1583 817 deos
1603 791 1765 818 immortales
1783 791 1856 817 arbi—

1061 831 1163 853 trentur
1181 827 1319 854 hominum
1339 828 1438 854 scelere
1452 833 1478 854 et
1491 829 1622 864 sanguine
1637 828 1763 855 facillime
1777 836 1855 863 posse

1061 863 1178 899 placari?
1203 864 1270 891 Cum
1296 865 1337 891 bis
1361 874 1408 892 vos
1427 866 1541 892 testibus
1559 870 1675 892 vestram
1697 865 1854 901 religionem

1060 902 1246 937 coniungetis?
1271 902 1304 928 ab
1323 902 1365 929 bis
1383 903 1532 938 quidquam
1551 907 1642 929 sancte
1660 907 1706 929 aut
1719 902 1854 929 moderate

1060 938 1160 965 dictum
1177 939 1322 974 putabitis?
1340 941 1381 966 32.
1393 940 1446 966 lloc
1458 945 1559 967 vestrae
1573 945 1675 966 mentes
1689 945 1741 966 tam
1755 944 1852 968 castae.

1061 981 1113 1002 tam
1129 977 1245 1012 integrae
1259 977 1311 1002 sibi
1325 978 1485 1011 suscipient.
1507 982 1548 1008 ut,
1567 986 1653 1012 quum
1667 985 1760 1003 omnes
1775 976 1855 1012 legati

1060 1014 1157 1044 nostri,
1177 1014 1225 1048 qui
1241 1013 1287 1040 illo
1301 1014 1413 1040 triennio
1428 1015 1454 1040 in
1469 1014 1583 1041 Galliam
1599 1019 1742 1044 venerunt,
1761 1022 1855 1041 omnes

1060 1051 1164 1086 equites
1179 1051 1298 1082 Romani.
1314 1052 1361 1086 qui
1376 1052 1403 1078 in
1417 1051 1462 1078 illa
1477 1052 1613 1087 provincia
1628 1051 1746 1082 suerunt.
1760 1059 1854 1078 omnoe

1060 1089 1236 1124 negotiatores
1249 1088 1308 1115 eius
1323 1089 1483 1123 provinciae,
1499 1089 1617 1124 denique
1630 1097 1732 1119 omnes.
1748 1089 1776 1115 in
1790 1088 1855 1116 Gal-

1061 1125 1094 1151 lia
1113 1126 1160 1160 qui
1179 1130 1256 1156 sunt.
1280 1126 1345 1152 socii
1364 1126 1458 1161 populi
1476 1126 1586 1152 Romani
1605 1131 1685 1161 atque
1698 1126 1791 1156 amici,
1816 1125 1852 1152 M.

1060 1163 1200 1189 Fonteium
1214 1162 1377 1190 incolumem
1391 1171 1450 1190 esse
1463 1164 1580 1198 cupiant,
1597 1164 1676 1190 iurati
1690 1163 1814 1198 privatim
1828 1167 1856 1189 et

1059 1199 1167 1235 publice
1186 1200 1307 1231 laudent,
1328 1209 1375 1227 vos
1394 1205 1481 1227 tamen
1499 1209 1561 1227 cum
1576 1200 1661 1227 Gallis
1675 1201 1762 1227 iurare
1776 1199 1855 1226 mali-

1059 1237 1112 1264 tis‘!
1125 1237 1192 1272 quid
1206 1242 1236 1264 ut
1249 1238 1333 1264 secuti
1344 1246 1402 1264 esse
1413 1237 1577 1264 videamini?
1592 1237 1796 1264 Voluntatemne
1805 1237 1854 1264 ho-

1060 1274 1183 1302 minum?
1207 1276 1313 1311 gravior
1332 1275 1415 1311 igitur
1433 1275 1510 1302 vobis
1524 1276 1573 1301 erit
1586 1275 1704 1302 hostium
1718 1274 1852 1305 voluntas,

1059 1321 1140 1348 quam
1154 1312 1275 1339 civium?
1287 1313 1328 1338 An
1342 1312 1499 1348 dignitatem
1511 1312 1636 1338 testium?
1650 1312 1761 1347 potestis
1771 1311 1855 1347 igitur

1059 1351 1165 1386 ignotos
1179 1350 1257 1380 notis,
1274 1350 1382 1384 iniquos
1396 1350 1498 1384 aequis,
1514 1349 1677 1385 alienigenas
1687 1349 1852 1380 domesticis,

1059 1387 1172 1422 cupidos
1186 1386 1342 1417 moderatis,
1358 1387 1535 1413 mercenarios
1548 1387 1685 1423 gratuitis,
1701 1386 1799 1421 impios
1812 1394 1855 1413 re-

1060 1425 1177 1461 ligiosis,
1198 1424 1400 1450 inimicissimos
1414 1424 1477 1451 huic
1491 1425 1604 1459 imperio
1617 1432 1646 1450 ac
1660 1424 1762 1450 nomini
1775 1423 1855 1451 bonis

1060 1471 1090 1489 ac
1104 1461 1229 1488 fidelibus
1243 1466 1268 1488 et
1281 1462 1362 1488 sociis
1375 1466 1401 1488 et
1414 1461 1520 1488 civibus
1534 1460 1682 1488 anteferre?

1114 1499 1162 1526 XI.
1183 1501 1224 1526 33.
1242 1499 1284 1526 An
1298 1507 1361 1526 vero
1375 1498 1517 1530 dubitatis,
1538 1498 1655 1529 iudices,
1675 1498 1741 1534 quin
1759 1498 1854 1525 insitas

1059 1537 1214 1564 inimicitias
1233 1536 1299 1562 istae
1317 1540 1410 1572 gentes
1428 1544 1520 1563 omnes
1539 1541 1565 1562 et
1582 1536 1697 1563 habeant
1714 1539 1740 1562 et
1761 1539 1856 1571 gerant

1059 1583 1120 1601 cum
1135 1573 1229 1609 populi
1242 1574 1354 1600 Romani
1372 1572 1498 1600 nomine?
1522 1573 1566 1600 Sic
1578 1573 1738 1600 existimatis
1751 1581 1797 1599 eos
1810 1572 1855 1598 hic

1059 1616 1164 1648 sagatos
1175 1612 1349 1645 bracatosque
1358 1611 1468 1641 versari.
1484 1611 1574 1637 animo
1582 1610 1701 1637 demisso
1710 1614 1791 1644 atque
1801 1609 1854 1636 hu-

1059 1649 1126 1680 mili,
1142 1652 1172 1674 ut
1185 1647 1272 1675 solent
1285 1648 1313 1679 ii,
1329 1648 1377 1683 qui
1387 1647 1471 1674 all'ecti
1483 1648 1589 1674 iniuriis
1599 1647 1632 1674 ad
1642 1655 1720 1682 opem
1731 1646 1854 1673 iudicum

1059 1685 1196 1721 supplices
1214 1684 1409 1720 inferioresque
1426 1684 1604 1720 conl’ugiunt‘.>
1630 1683 1703 1711 Nihil
1721 1692 1784 1710 vero
1801 1683 1854 1710 mi·

1059 1732 1120 1750 nus.
1142 1723 1174 1749 Hi
1187 1727 1277 1749 contra
1290 1726 1422 1758 vagantur
1436 1721 1497 1748 laeti
1511 1727 1590 1757 atque
1603 1722 1683 1748 erecti
1698 1721 1799 1756 passim
1813 1724 1854 1747 to-

1059 1765 1085 1786 to
1102 1759 1158 1787 foro
1175 1769 1237 1786 cum
1255 1759 1420 1794 quibusdam
1439 1759 1521 1786 minis
1538 1764 1564 1786 et
1581 1759 1694 1786 barbam
1706 1763 1788 1794 atque
1801 1757 1854 1784 im-

1058 1798 1130 1824 mani
1145 1801 1243 1824 terrore
1257 1796 1415 1823 verborum:
1435 1796 1508 1831 quod
1526 1805 1576 1832 ego
1593 1796 1712 1831 profecto
1729 1803 1781 1822 non
1795 1803 1854 1822 cre-

1058 1834 1162 1865 derem,
1183 1835 1236 1861 nisi
1254 1833 1397 1868 aliquoties
1415 1842 1449 1860 ex
1466 1834 1533 1868 ipsis
1547 1833 1747 1860 accusatoribus
1761 1832 1854 1860 vobis-

1058 1881 1119 1899 cum
1133 1871 1229 1902 simul,
1250 1871 1364 1902 iudices,
1385 1870 1535 1897 audissem:
1554 1879 1640 1906 quum
1660 1870 1851 1905 praeciperent.

1057 1914 1087 1936 ut
1100 1909 1238 1940 caveretis,
1254 1917 1296 1939 ne,
1313 1908 1363 1935 boc
1373 1907 1503 1939 absoluto.
1519 1916 1619 1935 novum
1630 1907 1740 1943 aliquod
1749 1906 1854 1934 bellum

1058 1946 1191 1973 Gallicum
1205 1946 1389 1979 concitaretur.
1423 1947 1464 1972 34.
1479 1945 1507 1972 Si
1521 1946 1557 1972 M.
1572 1945 1721 1976 Fonteium,
1737 1943 1851 1974 iudicae,

1056 1985 1084 2010 in
1099 1992 1193 2010 caussa
1207 1983 1350 2009 deficerent
1360 1983 1463 2010 omnia:
1479 1983 1502 2009 si
1514 1983 1585 2017 turpi
1595 1981 1782 2012 adolescentia.
1798 1981 1853 2008 vita

1056 2020 1164 2052 infami,
1180 2020 1394 2056 magistratibus,
1414 2028 1483 2055 quos
1496 2025 1557 2046 ante
1569 2019 1661 2046 oculos
1674 2023 1777 2046 vestros
1789 2026 1854 2055 ges-

1057 2059 1105 2089 sit,
1121 2059 1260 2084 convictus
1273 2058 1393 2085 virorum
1407 2057 1537 2084 bonorum
1552 2056 1726 2088 testimoniis,
1741 2055 1853 2098 legatio-
1890 2053 1894 2062 ’

1056 2096 1138 2122 nibus
1152 2095 1282 2131 flagitiose
1295 2095 1386 2126 obitis,
1402 2095 1509 2121 invisus
1523 2095 1581 2120 suis
1590 2094 1727 2124 omnibus.
1742 2102 1770 2120 m
1780 2092 1854 2119 iudi-

1056 2133 1129 2159 cium
1147 2137 1298 2159 vocaretur:
1323 2132 1348 2158 si
1370 2132 1398 2158 in
1421 2140 1452 2158 eo
1470 2131 1570 2158 iudicio
1587 2130 1741 2158 colonorum
1758 2128 1852 2165 populi

1056 2170 1396 2200 RomaniNarbonensium,
1409 2168 1627 2195 fidelissimorum
1637 2168 1770 2195 sociorum
1780 2167 1853 2193 Mas-

1056 2207 1222 2238 siliensium,
1242 2207 1344 2233 civium
1357 2207 1536 2233 Romanorum
1554 2206 1676 2233 omnium
1690 2204 1852 2231 testimoniis

1056 2244 1209 2279 tabulisque
1219 2248 1397 2279 premeretur:
1414 2248 1502 2270 tamen
1512 2247 1583 2270 esset
1592 2242 1669 2269 vobis
1679 2250 1777 2277 magno
1787 2249 1851 2276 ope-

1055 2290 1083 2308 re
1094 2282 1300 2317 providendum,
1316 2290 1358 2312 ne,
1373 2289 1442 2316 quos
1455 2281 1492 2307 ita
1504 2279 1616 2307 afflictos
1628 2288 1644 2305 a
1657 2279 1754 2306 vestris
1768 2278 1852 2313 patri-

1054 2319 1107 2346 bus
1126 2319 1327 2353 maioribusque
1344 2318 1528 2353 accepissetis,
1552 2322 1583 2344 ut
1602 2315 1790 2343 contemnendi
1807 2323 1851 2342 es-

1054 2361 1127 2387 sent,
1143 2365 1188 2383 eos
1202 2355 1373 2391 pertimuisse
1387 2360 1413 2382 et
1425 2363 1518 2382 eorum
1531 2354 1613 2380 minis
1626 2358 1652 2380 et
1665 2358 1764 2380 terrore
1776 2361 1851 2379 oom-

1054 2394 1120 2420 moti
1133 2402 1193 2420 esse
1207 2392 1374 2420 videremini.
1415 2393 1458 2419 35.
1477 2392 1554 2418 Nunc
1568 2399 1643 2421 vero,
1663 2398 1750 2426 quum
1764 2389 1852 2416 laedat

1054 2439 1133 2457 nemo
1146 2431 1246 2461 bonus,
1263 2429 1371 2456 laudent
1383 2437 1476 2456 omnes
1490 2428 1573 2455 vestri
1586 2428 1659 2454 cives
1673 2432 1754 2463 atque
1767 2427 1847 2453 socii:

1053 2472 1211 2504 oppugnent
1223 2468 1256 2498 ii,
1271 2468 1320 2502 qui
1333 2466 1492 2501 saepissime
1505 2465 1574 2492 hanc
1588 2465 1682 2492 urbem
1695 2469 1722 2491 et
1734 2464 1784 2490 hoc
1797 2464 1850 2490 im-

1053 2506 1159 2540 perium
1176 2508 1380 2540 oppugnarunt:
1403 2511 1545 2538 quumque
1567 2502 1671 2529 inimici
1687 2502 1725 2528 M.
1743 2500 1849 2528 Fonteii

1054 2543 1131 2569 vobis
1144 2551 1174 2568 ac
1188 2541 1288 2576 populo
1301 2541 1419 2567 Romano
1432 2540 1582 2571 minentur,
1602 2539 1681 2566 amici
1694 2547 1725 2565 ao
1737 2538 1850 2573 propin·

1053 2580 1100 2614 qui
1114 2579 1268 2614 supplicent
1281 2578 1371 2610 vohis;
1391 2577 1565 2608 dubitabitis,
1585 2585 1638 2603 non
1656 2575 1737 2602 modo
1749 2574 1848 2601 vestris

1053 2617 1174 2647 civibus,
1193 2616 1242 2651 qui
1259 2615 1377 2642 maxime
1393 2614 1477 2650 gloria
1495 2622 1525 2640 ac
1543 2613 1622 2640 laude
1634 2613 1784 2643 ducuntur,
1800 2620 1849 2638 ve-
1890 2631 1894 2637 .

1053 2662 1114 2679 rum
1131 2654 1211 2680 etiam
1229 2652 1328 2679 exteris
1346 2651 1499 2678 nationibus
1513 2659 1543 2677 ac
1556 2650 1683 2686 gentihus
1695 2648 1845 2677 ostendere.

1054 2699 1101 2718 vos
1123 2691 1151 2718 in
1173 2689 1312 2717 sententiis
1331 2688 1448 2716 serendis
1465 2688 1519 2714 cin·
1536 2696 1657 2723 parcere,
1680 2695 1762 2722 quam
1776 2685 1846 2713 hosti

1913 1401 1920 1431 ἕ

1908 1432 1919 1513 ἕ

1933 0 1941 55 l
