1941 3052
226 129 274 152 ‘md
791 122 846 145 tofi.
879 119 912 144 M.
946 119 976 144 Ί“.
1010 119 1029 142 t'.

226 197 278 227 dit,
296 196 320 222 id
333 196 401 228 ugit,
419 194 450 219 ml
462 202 522 218 eum
535 193 637 217 exitum
653 195 775 224 properat
788 190 827 215 vir
837 190 969 223 optimus,
989 192 1016 213 ut
1037 190 1040 224 Ι

226 234 261 260 sit
277 233 314 259 illi
329 233 456 258 ‹iu-invius
472 230 612 264 propitius.
654 228 709 260 Ego
722 236 782 252 vero
796 227 846 252 iam
860 226 901 251 his
913 225 1016 251 artibus
1038 232 1041 265 ὅ

227 270 294 296 niliil
313 270 412 298 tribuo,
430 267 531 302 quibus
543 266 763 291 seiolliveronem
777 263 1015 289 instructissimum
1038 266 1041 284 1

226 316 295 333 esse.
335 305 406 338 Quill
422 305 492 330 euim
508 303 544 329 illi
558 306 677 337 prosunt.
695 309 764 335 quae
776 309 822 335 pro
835 300 955 326 libertate
971 308 1017 333 pn-

227 345 300 373 triae,
314 343 346 369 de
357 343 496 375 «lignitate,
513 349 582 374 quae
593 339 625 365 «le
638 343 729 367 morte,
743 337 848 367 exsilio,
863 340 1016 372 paupertate

226 382 334 415 svripsit
345 378 548 413 copiosissime?
561 378 664 408 Quimto
676 380 763 401 autem
777 374 1017 407 magii-iillacallere

228 417 333 443 vidviur
345 415 549 450 l'liilippus,qui
563 414 687 448 privigno
699 412 927 441 minustribuerit,
936 420 1016 445 quam

226 456 318 481 (livero
339 453 425 479 alieno
441 450 557 479 tribuut‘?
578 451 684 476 Desinat
696 450 778 483 igitur
788 448 927 484 gloriando
938 449 1016 474 etiam

227 491 350 518 insectari
366 490 470 516 dolores
487 493 599 515 nostros.
639 487 710 519 Quid
722 487 793 513 enim
805 491 902 516 nostra,
917 486 1018 511 victum

226 537 284 555 esst
298 528 451 557 Antonium,
464 527 487 552 si
501 527 587 552 victus
601 530 648 555 ost,
667 529 695 550 ut
705 524 750 550 alii
763 528 875 553 vacaret,
889 522 962 557 quod
975 522 1018 548 ille

225 564 360 592 obtinuit‘?
389 567 413 591 6.
435 564 551 590 Tametsi
569 568 627 589 tuae
646 562 746 588 litterae
761 561 844 587 dubia
856 561 935 586 etiam
948 567 1018 585 nunc

226 604 389 639 significant.
413 602 489 628 Vivat
501 600 608 626 lierculo
619 600 719 630 (littero,
735 599 783 634 qui
795 602 889 633 potest,
903 596 1019 631 supplex

226 646 251 667 et
266 640 414 670 obnoxius,
437 639 460 665 si
477 646 563 672 nequo
579 637 672 663 aetatis
688 644 774 671 neque
786 636 917 662 honorum
932 642 1018 668 neque

227 687 316 704 rerum
331 682 466 712 gestarum
479 675 571 710 pudet.
612 675 667 709 Ego
678 679 747 700 certe
770 673 836 708 quin
848 681 910 698 cum
923 672 980 706 ipsa
992 679 1019 697 re

229 715 329 741 bellum
342 723 447 749 geram,
466 713 515 739 boc
526 717 566 738 est
596 720 658 737 curu
671 719 752 746 regno
763 715 788 736 et
798 710 920 744 imperiis
932 713 1020 735 extra-

226 753 370 779 ordinariis
385 755 411 777 et
425 750 606 777 dominatione
617 754 643 774 ct
658 748 788 783 potentia,
805 755 875 782 quae
889 755 969 781 supra
982 745 1020 771 le-

227 798 274 826 ges
296 798 324 816 se
345 797 405 815 esse
421 787 498 814 velit:
523 787 594 813 nulla
611 787 661 812 erit
676 790 728 812 tam
748 785 816 811 bona
831 784 948 811 conditio
963 791 1020 809 ser-

228 827 329 857 viendi,
343 835 395 862 qua
407 826 549 855 deterrear,
564 824 691 859 quamvis
702 823 737 849 sit
751 823 793 848 vir
803 822 898 851 bonus,
911 825 940 847 ut
953 821 1020 846 scri-

228 865 280 895 bis,
294 864 438 890 Antonius:
461 862 533 897 quod
547 870 596 896 ego
611 868 759 895 numquam
773 859 935 885 existimavi.
967 857 1019 884 Sed

227 902 367 928 dominum
406 909 438 926 ne
454 904 590 934 parentem
605 898 715 933 quidem
753 897 867 922 maiores
879 895 961 922 nostri
974 903 1020 921 vo-

229 939 336 966 luerunt
351 946 420 964 esse.
461 938 496 962 Te
513 937 564 963 nisi
578 940 679 962 tantum
691 943 817 964 amarem,
833 937 964 968 quantum
976 932 1021 959 Ci-

228 977 317 1003 ceroni
329 983 488 1010 persuasum
500 979 540 1000 est
551 973 630 1008 diligi
641 981 670 998 se
681 972 714 998 ab
729 971 852 997 Octavio:
876 970 940 996 baec
951 969 984 996 ad
996 974 1020 995 te

230 1023 280 1040 non
302 1014 484 1048 scripsissem.
524 1010 598 1037 Dolet
614 1010 695 1039 milii,
712 1008 783 1044 quod
801 1013 828 1034 tu
841 1016 911 1033 nunc
922 1012 1022 1033 stoma-

227 1052 326 1082 charis,
339 1050 541 1077 amantissimus
553 1052 608 1074 tum
621 1052 727 1073 tuorum
738 1046 869 1075 omnium,
879 1050 934 1071 tum
946 1044 1022 1071 Cice-

228 1089 311 1115 ronis.
351 1087 403 1113 Sed
424 1085 555 1121 persuade
571 1085 633 1114 tibi,
650 1084 683 1109 de
696 1083 830 1109 voluntate
842 1082 948 1117 propria
962 1089 1020 1107 mea

228 1125 296 1152 nihil
310 1133 368 1151 esse
380 1125 534 1152 remissum,
548 1122 580 1148 de
592 1122 693 1147 iudicio
705 1121 823 1155 largiter.
845 1120 938 1154 Neque
950 1119 1022 1145 enim

228 1163 366 1197 impetrari
379 1166 472 1196 potest,
487 1161 562 1195 quin,
577 1159 655 1194 quale
667 1158 789 1193 quidque
801 1157 924 1182 videatur
936 1157 970 1187 ei,
983 1161 1023 1182 ta-

231 1200 281 1226 lem
294 1200 411 1234 quisque
423 1198 455 1224 de
468 1198 514 1224 illo
524 1197 679 1231 opinionem
691 1195 796 1221 babeat.
812 1195 837 1220 7.
846 1193 948 1220 Vellem
955 1193 1023 1219 mihi

229 1237 400 1271 scripsisses,
423 1244 491 1270 quae
507 1234 674 1260 conditiones
689 1237 779 1258 essent
792 1232 893 1257 Atticae
908 1236 1022 1257 nostrae.

229 1275 379 1300 Potuissem
391 1272 495 1307 aliquid
507 1271 556 1298 tibi
568 1271 600 1296 (le
611 1279 671 1296 meo
681 1278 762 1296 sensu
774 1269 951 1304 perscribere.
973 1269 1025 1294 Va-

230 1311 377 1338 letudinem
402 1310 508 1336 Porciae
529 1316 603 1334 meae
624 1308 674 1334 tibi
694 1315 773 1333 curae
788 1315 847 1332 esse
863 1315 915 1332 non
932 1306 1022 1331 miror.

229 1349 350 1383 Denique
363 1347 435 1382 quod
447 1347 525 1381 petis,
540 1345 634 1371 faciam
648 1344 770 1371 libenter.
811 1344 878 1369 Nam
890 1344 969 1369 etiam
981 1351 1025 1369 so-

230 1394 302 1412 rores
324 1393 365 1411 me
386 1389 489 1420 rogant.
530 1384 562 1409 Et
582 1382 719 1408 hominem
740 1390 817 1412 noro,
842 1386 868 1407 et
887 1380 955 1415 quid
970 1380 1025 1406 sibi

231 1423 354 1449 voluerit.

283 1491 369 1513 XVlH.
385 1491 458 1511 Aac.
478 1490 511 1511 De
522 1489 634 1510 exercitus
652 1488 676 1508 in
687 1488 774 1508 ltaliam
790 1487 912 1508 uililueeutli
928 1486 1024 1507 necessi-

231 1531 286 1547 tate:
304 1527 330 1547 tle
345 1525 499 1546 sollicitudine
509 1531 550 1544 suit
559 1524 582 1544 in
593 1523 707 1544 retinen-lu
718 1523 816 1547 Octavio,
827 1530 866 1550 pru
877 1529 918 1548 quo
930 1528 1025 1548 spopun-

230 1563 292 1582 ἀει-οι
311 1569 362 1588 pop.
379 1563 447 1583 Rumq
468 1560 495 1579 ile
512 1559 545 1579 rei
560 1558 701 1585 pecuniariae
721 1557 854 1578 difficultate
869 1561 891 1578 et
904 1557 931 1577 ‹le
946 1555 1025 1583 Lepidi

230 1597 293 1617 tiliis.
309 1597 368 1616 Haec
379 1594 474 1622 epistola
485 1597 601 1621 propterea
612 1593 758 1620 supposititia
767 1593 867 1616 liabetur,
879 1592 936 1618 quml
946 1591 1023 1612 Cicero

231 1633 326 1659 aliquam
337 1631 407 1652 adhuc
417 1631 444 1650 de
454 1629 573 1650 octaviano
585 1635 643 1655 spem
655 1628 735 1648 hahere
745 1627 843 1653 tingitur,
858 1633 921 1654 quam
932 1633 976 1647 non
985 1626 1024 1646 ilu-

231 1668 290 1689 bium
302 1667 340 1690 sit,
351 1666 404 1693 quin
414 1665 456 1686 ium
468 1669 512 1685 tum
523 1664 589 1691 plane
600 1663 712 1683 abiecerit.

399 1712 434 1738 M.
456 1708 600 1738 CICERO
620 1708 648 1735 S.
670 1709 700 1734 D.
722 1707 860 1734 BRUTO.

291 1759 314 1783 l.
330 1752 427 1788 Quum
439 1763 519 1789 saepe
535 1759 560 1780 te
572 1754 666 1780 litteris
677 1753 796 1780 hortatus
803 1757 1024 1787 essem‚utquam

232 1795 351 1830 primum
373 1792 538 1827 reipublicae
558 1791 718 1817 subvenires
735 1791 761 1816 in
777 1790 936 1824 italiamque
949 1797 1026 1815 exer—

232 1833 316 1858 citum
328 1831 484 1860 adduceres,
493 1837 580 1864 neque
592 1828 619 1854 id
630 1828 773 1854 arbitrarer
784 1827 907 1853 dubitare
913 1831 972 1852 tuos
979 1834 1026 1852 ne-

232 1870 375 1895 cessarios:
399 1872 506 1903 rogatus
517 1874 578 1892 sum
590 1874 603 1891 a
616 1865 824 1900 prudentissima
836 1869 862 1890 et
872 1863 1026 1899 diligentis-

233 1907 302 1932 sima
313 1905 422 1935 femina,
436 1908 518 1930 matre
530 1908 583 1933 tua,
596 1903 675 1928 cuius
685 1910 778 1928 omnes
788 1909 868 1927 curae
879 1900 912 1927 ad
923 1905 946 1927 te
958 1899 1027 1926 refe-

234 1948 330 1970 runtur
345 1947 370 1968 et
385 1942 412 1967 in
429 1946 453 1967 te
469 1944 678 1969 consumuntur,
701 1944 730 1965 ut
741 1939 861 1964 venirem
871 1937 904 1964 ad
915 1946 944 1964 se
958 1946 982 1963 a.
997 1937 1024 1963 d.

235 1988 290 2007 vui.
312 1979 372 2006 Kal.
388 1978 477 2010 Sext.;
500 1976 573 2012 quod
588 1985 647 2012 ego,
666 1980 695 2002 ut
705 1976 796 2006 debui,
810 1976 869 2001 sine
879 1983 952 2001 mora
964 1974 1025 2000 feci.

233 2017 324 2050 Quum
335 2021 423 2043 autem
435 2015 580 2045 venissem,
593 2014 675 2040 Casca
685 2013 775 2039 aderat
785 2017 810 2039 et
821 2012 908 2039 Labeo
924 2017 950 2039 et
963 2012 1027 2039 Sca—

235 2055 318 2090 ptius.
358 2053 392 2080 At
411 2052 457 2079 illa
469 2050 573 2083 retulit,
595 2050 798 2086 quaesivitque,
816 2049 947 2085 quidnam
958 2050 1026 2076 mihi

1045 116 1283 143 lClillssNlS

1070 187 1216 212 videretur:
1239 195 1469 212 arcesseremusne
1485 191 1521 216 te.
1535 191 1613 220 atque
1627 185 1651 211 iil
1665 185 1712 211 tihi
1723 184 1855 211 conduce-

1069 234 1094 250 re
1106 228 1274 258 putaremus,
1297 232 1329 248 au
1347 223 1448 248 tardare
1464 228 1489 249 et
1502 223 1658 249 commorari
1671 228 1694 248 te
1707 223 1803 248 melium
1814 232 1857 248 es-

1068 265 1116 286 set.
1139 263 1163 286 2.
1178 259 1312 294 ltenpondi
1325 259 1365 290 id,
1387 259 1459 294 quod
1472 261 1635 286 sentiebam:
1657 265 1682 286 et
1696 259 1821 292 ilienitati
1832 265 1858 285 et

1046 302 1047 305 ’
1068 297 1260 324 existimationi
1275 302 1334 322 tuae
1347 297 1462 323 maxime
1473 297 1634 326 conducere.
1658 303 1681 323 te
1693 297 1780 332 primo
1790 305 1858 331 quo-

1068 344 1120 369 que
1133 340 1249 368 tempore
1263 333 1328 360 [erre
1342 334 1506 368 praesidium
1520 333 1799 360 labentietinclinntae
1806 334 1858 359 rei-

1069 371 1203 406 publicae.
1243 371 1313 402 Quid
1325 372 1396 397 enim
1411 371 1505 396 abesse
1515 380 1608 397 censen
1620 371 1682 397 mali
1696 372 1721 397 in
1733 380 1764 397 eo
1778 370 1857 398 bello.

1046 413 1047 432 1
1071 410 1095 434 in
1112 418 1166 443 quo
1185 409 1297 435 virtores
1313 409 1446 434 exercitus
1458 407 1603 442 fugientem
1617 408 1717 434 bostem
1733 409 1859 443 persequi

1046 466 1048 471 Α
1070 445 1229 472 noluerunt‘?
1258 450 1283 471 et
1304 446 1329 472 in
1345 454 1399 480 quo
1416 445 1557 471 incolumis
1574 446 1729 480 imperator.
1752 445 1860 471 lionori-

1047 483 1048 486 ’
1070 483 1120 508 bus
1132 482 1317 517 amplissimis».
1328 482 1494 517 fortunisque
1507 483 1641 511 maximis.
1654 483 1777 517 coniuge,
1793 483 1859 508 libe-

1071 521 1116 550 ris.
1135 520 1211 546 vobis
1226 519 1354 546 affinibus
1367 525 1485 550 ornatus,
1500 519 1600 545 bellum
1614 519 1777 554 reipublicae
1790 519 1860 546 indi-

1071 557 1156 583 xerit‘?
1175 557 1241 591 quid
1256 557 1343 583 dicatu
1366 557 1391 583 in
1413 562 1484 583 tanto
1503 562 1610 583 senatus
1631 556 1777 591 populique
1797 565 1860 582 con-

1070 603 1161 624 sensu,
1170 603 1254 629 quum
1267 599 1369 620 tantum
1382 594 1495 620 resideat
1507 595 1573 620 intra
1586 602 1676 620 muros
1683 593 1764 619 mali?
1774 594 1860 620 &Ma-

1071 633 1144 658 ximo
1159 636 1261 661 autem,
1284 640 1369 666 quum
1383 631 1447 657 baec
1457 631 1623 662 scribebam,
1642 630 1777 657 afficiebar
1788 630 1861 656 dolo-

1071 678 1107 699 re,
1121 668 1203 703 quod,
1219 677 1305 703 quum
1322 678 1362 694 me
1374 677 1420 703 pro
1434 668 1632 695 adolescentulo
1645 676 1674 694 ac
1687 677 1769 703 paene
1781 676 1862 702 puero

1071 706 1222 740 respublica
1238 707 1385 740 accepisset
1397 705 1505 735 vadem.
1525 707 1570 732 vix
1582 705 1705 734 videbar,
1718 705 1791 740 quod
1803 713 1863 739 pro-

1072 745 1206 773 miseram.
1221 749 1353 777 praestare
1365 752 1453 777 posse.
1480 743 1526 769 Est
1535 748 1624 769 autem
1636 743 1743 777 gravior
1753 747 1779 768 et
1790 741 1863 768 difli-

1071 781 1147 807 cilior
1167 781 1250 807 animi
1261 786 1287 806 et
1297 781 1457 810 sententiae,
1476 781 1602 806 maximis
1614 780 1770 814 praesertim
1784 780 1809 806 in
1822 787 1863 805 re-

1071 818 1131 847 bus,
1146 826 1193 852 pro
1204 817 1294 848 altero,
1307 826 1388 852 quam
1403 818 1532 852 pecuniae
1542 817 1680 852 obligatio.
1712 817 1780 843 llaec
1791 817 1862 842 enim

1071 855 1139 881 solvi
1161 860 1260 889 potest,
1282 860 1308 881 et
1323 860 1363 881 est
1378 856 1415 881 rei
1433 854 1574 881 familiaris
1591 855 1689 880 iactura
1702 853 1861 880 tolerabilis:

1072 892 1236 926 reipublicae
1246 892 1318 927 quod
1332 892 1519 927 spoponderis,
1527 891 1756 927 quemadmodum
1763 890 1862 919 solvas.

1073 930 1125 956 nisi
1147 930 1169 955 is
1185 929 1301 964 dependi
1318 929 1394 955 facile
1410 930 1523 964 patitur,
1542 937 1588 963 pro
1604 937 1658 963 quo
1669 927 1866 963 spoponderis?

1050 990 1051 999 ,
1072 967 1240 1001 Quamquam
1261 971 1287 992 et
1308 967 1378 993 bunc
1399 967 1438 1001 (ut
1456 968 1544 1001 spero)
1564 966 1660 992 tenebo
1675 965 1768 992 multis
1783 974 1865 1000 repu-

1072 1005 1228 1040 gnantibus.
1270 1004 1380 1030 Videtur
1390 1005 1462 1030 enim
1475 1005 1501 1030 in
1511 1012 1543 1030 eo
1553 1012 1611 1029 esse
1623 1002 1739 1033 indoles,
1761 1002 1808 1028 sed
1820 1001 1866 1028 lli.b

1074 1042 1166 1068 xibilis
1182 1046 1267 1071 aetas,
1285 1041 1418 1076 multique
1429 1041 1461 1067 ad
1478 1040 1680 1075 depravandum
1692 1040 1789 1074 parati,
1805 1040 1864 1074 qui,

1050 1084 1051 1089 ¹
1073 1079 1214 1113 splendore
1236 1078 1296 1104 falsi
1316 1078 1425 1105 lionoris
1439 1079 1557 1106 obiecto,
1588 1078 1672 1103 aciem
1688 1077 1751 1103 boni
1763 1077 1867 1112 ingenii

1074 1116 1234 1151 praestringi
1255 1124 1333 1150 posse
1350 1116 1497 1143 confidunt.
1539 1116 1629 1150 ltaque
1644 1114 1677 1140 ad
1693 1113 1811 1149 reliquos
1823 1114 1867 1140 hic

1051 1156 1053 1182 ’ζ
1074 1162 1182 1188 quoque
1199 1153 1272 1179 labor
1281 1153 1349 1179 milii
1360 1154 1486 1183 accessit.
1509 1157 1642 1179 utomnes
1653 1151 1797 1178 adhibeam
1810 1160 1867 1178 ma-

1052 1199 1053 1202 *
1074 1191 1168 1217 cliinas
1180 1190 1212 1217 ad
1225 1190 1369 1217 tenendum
1381 1190 1587 1220 adolescentem,
1600 1197 1632 1215 ne
1645 1188 1742 1215 samam
1754 1188 1866 1215 subeam

1075 1229 1242 1255 temeritatis.
1265 1229 1289 1254 4.
1305 1228 1474 1263 Quamquam
1485 1235 1554 1262 quae
1564 1226 1699 1253 temeritas
1710 1225 1768 1252 est?
1781 1226 1867 1262 Magis

1053 1288 1054 1293 ,
1075 1266 1147 1292 enim
1168 1265 1258 1296 illum,
1281 1274 1328 1300 pro
1341 1274 1395 1300 quo
1410 1263 1557 1300 spopondi,
1579 1272 1661 1299 quam
1679 1271 1721 1289 me
1735 1263 1866 1299 obligavi.

1053 1299 1054 1327 l
1077 1304 1129 1329 Nec
1153 1311 1216 1329 vero
1231 1303 1366 1337 poenitere
1381 1307 1468 1337 potest
1482 1301 1692 1336 rempublicam,
1717 1309 1759 1327 me
1774 1309 1822 1335 pro
1837 1309 1868 1327 eo

1053 1329 1055 1393 ἰ
1076 1341 1266 1375 spopondisse,
1280 1341 1328 1375 qui
1341 1340 1392 1366 fuit
1402 1341 1428 1366 in
1441 1339 1522 1366 rebus
1532 1337 1658 1374 gerendis
1669 1346 1754 1373 quum
1766 1346 1816 1364 suo
1826 1338 1869 1364 in-

1075 1379 1164 1413 genio,
1181 1382 1238 1404 tum
1250 1386 1308 1404 mea
1319 1378 1496 1412 promissione
1507 1376 1679 1403 constantior.
1701 1375 1868 1402 satuimus

1076 1420 1165 1441 autem
1185 1414 1248 1450 (nisi
1263 1423 1306 1441 me
1318 1415 1383 1442 forte
1394 1414 1471 1449 t'allit)
1488 1415 1515 1440 in
1526 1412 1666 1448 republica
1679 1412 1764 1439 nodus
1775 1417 1816 1439 est
1827 1413 1869 1438 in-

1075 1453 1137 1487 opia
1148 1452 1186 1478 rei
1198 1453 1378 1486 pecuniariae.
1418 1451 1609 1478 Obdurescunt
1619 1450 1692 1476 enim
1704 1450 1790 1485 magis
1801 1458 1869 1485 quo-

1076 1489 1142 1516 tidie
1162 1489 1225 1516 boni
1241 1490 1293 1516 viri
1309 1489 1342 1516 ad
1357 1497 1450 1516 vocem
1465 1488 1572 1519 tributi3
1595 1486 1666 1522 quod
1679 1495 1713 1513 ex
1723 1487 1868 1513 centesima

1053 1548 1055 1561 ,
1075 1527 1212 1557 collatum,
1221 1526 1374 1561 impudenti
1380 1535 1462 1553 censu
1471 1524 1655 1559 locupletium,
1665 1525 1691 1550 in
1703 1523 1819 1550 duarum
1831 1523 1870 1550 le-

1053 1566 1055 1591 Ῑ
1075 1564 1187 1599 gionum
1203 1565 1331 1598 praemiis
1346 1572 1425 1590 omne
1435 1562 1613 1590 consumitur.
1653 1560 1811 1596 Impendent
1821 1570 1870 1588 au-

1054 1600 1055 1631 }
1076 1606 1129 1628 tem
1146 1601 1245 1628 infiniti
1260 1606 1386 1636 sumptus
1401 1609 1487 1636 quum
1503 1600 1531 1626 in
1547 1599 1596 1625 hos
1606 1599 1751 1628 exercitus.
1768 1598 1870 1633 quibus

1053 1654 1055 1672 2
1076 1647 1149 1665 nunc
1163 1637 1348 1669 defendimur,
1371 1643 1429 1665 tum
1441 1637 1542 1664 veroin
1553 1641 1641 1662 tuum.
1681 1635 1748 1661 Nam
1759 1635 1870 1662 Cassius

1054 1705 1055 1710 ¹
1076 1680 1166 1702 noster
1177 1675 1284 1702 videtur
1295 1683 1373 1710 posse
1384 1675 1449 1701 satis
1459 1678 1568 1701 ornatus
1582 1673 1684 1699 venire.
1705 1671 1757 1698 Sed
1768 1677 1794 1699 et
1805 1672 1870 1698 haec

1054 1717 1055 1741 1
1076 1718 1102 1739 et
1113 1711 1196 1738 multa
1207 1713 1259 1739 alia
1269 1721 1356 1739 coram
1369 1712 1458 1746 cupio,
1467 1711 1549 1745 idque
1560 1718 1641 1745 quam
1649 1709 1779 1743 primum.
1801 1711 1826 1736 6.
1834 1710 1869 1736 De

1054 1747 1055 1796 l
1076 1750 1174 1776 sororis
1191 1755 1250 1776 tuae
1263 1749 1326 1776 filiis
1338 1758 1389 1775 non
1401 1747 1564 1783 exspectavi,
1581 1747 1674 1777 Brute,
1691 1745 1757 1772 dum
1768 1747 1871 1773 scribe-

1076 1795 1128 1813 reS.
1174 1787 1290 1814 Omnino
1310 1787 1364 1813 iam
1384 1790 1502 1820 tempora
1523 1783 1636 1819 (bellum
1655 1783 1728 1810 enim
1747 1783 1871 1818 ducetur)

1054 1797 1056 1861 l
1077 1824 1208 1859 integram
1225 1824 1275 1850 tibi
1290 1831 1414 1850 caussam
1429 1825 1574 1849 reservant.
1615 1820 1668 1847 Sed
1679 1829 1729 1856 ego
1740 1829 1753 1846 a
1769 1822 1871 1855 princi-

1054 1865 1056 1888 ἱ
1077 1862 1136 1896 pio,
1165 1870 1250 1896 quum
1275 1860 1397 1887 divinare
1417 1859 1450 1886 de
1470 1858 1536 1886 belli
1557 1857 1733 1884 diuturnitate
1752 1866 1868 1893 possem,

1054 1894 1056 1939 l
1077 1899 1113 1925 ita
1133 1907 1256 1925 caussam
1272 1899 1316 1934 egi
1331 1906 1476 1933 puerorum
1489 1898 1515 1923 in
1527 1899 1636 1926 senatu,
1659 1899 1688 1921 ut
1698 1899 1723 1921 te
1733 1895 1871 1922 arbitmre

1054 1943 1056 1949 ‘
1079 1936 1171 1962 matris
1193 1936 1287 1962 litteris
1307 1935 1427 1970 potuisse
1449 1940 1619 1969 cognoscere.
1659 1932 1714 1958 Nec
1733 1941 1797 1959 vero
1816 1931 1870 1959 ulla

1078 1982 1120 1999 res
1141 1974 1191 2000 erit
1206 1981 1349 2008 umquam,
1372 1972 1399 1998 in
1415 1980 1468 2007 qua
1483 1979 1533 2007 ego
1549 1978 1600 1996 non
1615 1968 1658 1995 vel
1671 1969 1740 1996 vitae
1750 1968 1871 2004 periculo

1078 2019 1108 2037 ea
1124 2010 1212 2036 dicam
1227 2018 1312 2045 eaque
1327 2009 1436 2040 faciam,
1453 2016 1522 2044 quae
1534 2012 1559 2033 te
1570 2005 1652 2037 velle,
1666 2014 1789 2042 quaeque
1801 2005 1835 2033 ad
1847 2011 1870 2033 te

1079 2049 1211 2083 pertinere
1223 2047 1345 2074 arbitrer.
1367 2045 1441 2072 Vale.
1466 2054 1502 2072 vi.
1516 2042 1629 2071 Kalend.
1641 2042 1715 2070 Sext.

1053 1440 1055 1451 l
