1941 3052
731 150 1059 179 FRAGMENTA.

69 226 196 258 possunt,
212 230 265 256 qua
277 222 395 248 maxime
406 222 507 248 ratione
518 221 676 248 medeantur
687 221 866 248 incommodis

70 260 206 294 rebusque
217 260 276 285 suis
287 258 437 286 consulant.
458 259 594 291 Quantum
605 258 691 285 Tullia
704 268 764 286 mea
774 268 809 286 ex
818 267 866 293 pa-

70 299 118 325 tris
128 296 225 324 exsilio
239 296 352 327 doloris,
375 301 506 331 quantum
517 305 551 323 ex
561 297 718 323 maritorum
730 297 866 323 aerumnis

69 340 96 362 et
114 333 323 361 difficultatibus
344 333 433 360 luctus
453 333 646 369 molestiaeque
669 334 801 369 percepit!
834 334 866 360 Et

70 372 197 407 quamvis
207 371 323 406 optanda
333 372 413 398 etiam
425 372 536 397 minime
548 380 632 406 pauca
645 372 671 397 in
684 372 739 398 vita
754 371 863 403 viderit3

71 409 202 436 malorum
214 414 302 436 tamen
313 417 459 443 paucorum
471 417 575 439 sensus,
585 408 627 434 vel
642 408 807 435 doctissimis
818 409 867 435 ho-

70 447 192 474 minibus
213 446 411 477 iudicantibus,
429 447 464 472 ita
480 446 593 472 acerbus
609 451 662 477 est,
684 451 714 472 ut
728 446 808 473 bonis
824 445 866 472 vel

69 484 197 520 plurimis
208 489 233 511 et
243 484 370 510 maximis
382 488 524 518 aequetur,
547 483 681 510 interdum
698 484 778 510 etiam
790 492 868 518 prae-

43 547 50 556 ,
69 521 179 549 feratur.
210 520 344 548 Permulta
356 525 491 556 praeterea
503 521 530 547 in
542 521 591 547 hoc
605 529 702 556 genere
713 526 784 551 sunt,
797 529 866 556 quae

70 560 180 586 reticere
192 563 321 594 praestat,
338 567 421 593 quam
431 558 520 585 edere.
560 560 602 585 26.
625 558 677 584 Sed
689 567 785 594 magna
797 563 867 584 certe

69 596 112 623 vel
129 597 179 623 hoc
195 605 249 623 uno
264 597 372 622 nomine
391 595 551 623 feminarum
576 596 685 622 miseria
706 600 759 627 est,
782 595 864 631 quod,

69 634 201 669 quamdiu
216 635 327 664 vivunt,
341 642 433 668 parere
449 642 555 668 semper
565 638 711 669 coguntur:
734 638 780 660 aut
794 634 865 659 enim

69 672 198 706 innuptae
214 671 372 706 parentibus
387 676 413 697 et
428 670 571 702 affinibus,
594 676 639 697 aut
655 676 753 705 nuptae
764 671 866 696 maritis

69 714 164 744 parent
174 714 200 735 et
210 709 342 735 serviunt.
382 708 435 739 Sic,
449 717 502 743 quo
514 709 605 734 minus
617 708 726 739 liberae,
739 717 770 734 eo
779 709 866 743 magis

69 747 197 777 miserae,
220 755 269 772 nec
285 755 414 781 umquam
432 745 544 776 liberae,
567 746 619 772 nisi
631 754 645 772 e
657 747 710 772 vita
722 745 864 780 profectae.

68 784 139 819 Ergo
150 788 269 810 mortuae
281 783 373 810 beatae
384 783 533 810 censendae
549 788 636 810 erunt.
678 784 731 809 Nec
746 791 810 809 sane
824 783 867 809 vi-

68 821 128 852 deo,
143 821 211 856 quid
222 821 311 856 aptius
322 821 376 847 dici
389 821 484 856 possit.
522 820 582 851 Sed,
596 825 626 846 ut
636 820 669 846 ad
681 829 728 847 nos
740 821 813 855 ipsos
824 828 866 846 re-

68 858 196 885 deamus:
219 859 263 884 cui
284 867 352 885 uxor
371 859 516 893 contingit,
541 859 564 884 is
585 862 689 892 praeter
708 866 866 884 communes

68 897 191 923 omnium
207 896 371 922 calamitates
388 896 533 930 praecipuo
543 896 623 922 etiam
634 895 758 921 miseriae
769 903 866 930 genere

68 934 209 969 premitur,
222 933 294 968 quod
306 942 358 959 non
369 932 458 959 solum
470 933 541 963 suis.
559 932 607 959 sed
619 933 699 959 etiam
710 932 866 959 domesticis

68 972 161 997 uxoris
173 975 199 997 et
209 969 326 996 familiae
338 970 470 997 molestiis
481 970 608 1005 curisque
619 974 742 997 vexatur.
773 971 866 1005 Neque

68 1009 142 1035 enim
157 1008 191 1034 ab
206 1016 250 1039 ea,
273 1008 384 1042 quicum
403 1008 554 1034 arctissimo
573 1008 737 1034 matrimonii
757 1007 867 1034 vinculo

68 1045 269 1081 conglutinatus
280 1050 334 1076 est,
348 1050 393 1072 aut
405 1050 492 1072 mente
504 1050 549 1072 aut
558 1045 717 1081 cogitatione
728 1046 866 1071 seiunctus

68 1091 127 1110 esse
138 1087 234 1118 potest.
261 1083 303 1109 27.
325 1083 417 1118 Itaque
428 1087 466 1109 tot
476 1087 589 1109 vexatus
600 1082 798 1109 calamitatibus
809 1087 868 1109 tan-

68 1122 157 1156 tisque
173 1120 292 1146 miseriis
308 1119 506 1146 circumclusus
527 1120 645 1146 hominis
669 1121 777 1146 animus
800 1120 866 1155 quid

67 1158 208 1194 egregium
224 1162 270 1183 aut
284 1158 417 1184 eximium
433 1159 571 1192 suscipere
582 1162 628 1184 aut
638 1158 754 1193 cogitare
765 1157 868 1192 potest‘?

68 1196 177 1226 Mirum,
190 1196 218 1221 ni
230 1203 289 1221 sese
300 1195 418 1226 abiiciat,
427 1204 457 1221 ac
468 1195 552 1221 veluti
564 1195 749 1230 desperatione
761 1195 867 1230 percul-

67 1242 115 1259 sus
127 1233 203 1259 humi
215 1233 309 1259 iaceat.
331 1233 397 1259 VIII.
410 1234 452 1259 28.
465 1232 554 1259 Redeo
566 1233 648 1268 igitur
658 1233 691 1258 ad
703 1232 780 1264 illud.
794 1232 867 1268 quod

67 1271 145 1297 initio
160 1269 232 1300 dixi,
256 1270 391 1296 neminem
408 1279 481 1300 esse,
498 1271 545 1305 qui
562 1271 688 1305 spiritum
702 1270 795 1301 ducat,
815 1279 867 1297 non

67 1309 208 1338 miserum.
223 1308 359 1333 neminem
374 1316 436 1334 vere
448 1307 563 1334 felicem.
596 1308 748 1342 Parumque
759 1309 868 1343 sapiunt

67 1346 101 1376 ii,
123 1345 172 1380 qui
188 1344 325 1371 bominem
343 1345 504 1372 luendorum
519 1344 653 1371 scelerum
668 1354 763 1372 caussa
775 1350 866 1372 natum

68 1382 174 1409 felicem
188 1386 234 1409 aut
248 1382 358 1409 beatum
374 1382 473 1409 audent
488 1383 636 1409 nominare.
676 1383 770 1409 Nostra
782 1383 864 1414 enim,

67 1429 137 1455 quae
147 1419 248 1446 dicitur
257 1421 322 1450 vita,
331 1429 402 1446 mors
414 1425 462 1451 est,
470 1429 519 1446 nec
527 1428 657 1455 umquam
669 1421 738 1447 vivit
748 1422 864 1452 animus⁷

68 1458 131 1489 nisi,
143 1466 273 1492 compage
284 1457 389 1484 solutus
400 1458 528 1493 corporis,
538 1457 605 1484 liber
616 1458 769 1485 aeternitate
781 1458 867 1493 potia—

66 1499 120 1522 tur.
160 1496 203 1521 29.
225 1495 316 1529 Itaque
333 1500 444 1521 mortem
461 1496 488 1521 in
504 1495 629 1521 beneficii
645 1495 701 1522 loco
713 1495 839 1522 tributam
852 1504 866 1522 a

67 1532 121 1559 diis
132 1532 332 1558 immortalibus
344 1533 387 1563 iis,
403 1541 472 1567 quos
484 1533 601 1559 maxime
613 1532 775 1564 dilexerunt,
784 1532 867 1560 tradi-

67 1574 124 1596 tum
135 1574 189 1596 est:
203 1574 241 1601 ut,
255 1578 350 1604 quum,
364 1569 493 1596 Herodoto
505 1574 624 1601 auctore,
638 1570 718 1606 Argia
730 1570 863 1601 sacerdos,

66 1606 139 1642 quod
151 1607 284 1642 optimum
296 1606 360 1633 liliis
372 1612 455 1638 esset,
478 1616 491 1633 a
506 1607 555 1634 dea
570 1613 690 1642 precata,
712 1616 756 1634 eos
768 1608 866 1643 reperit

67 1649 199 1676 mortuos3
214 1649 325 1670 mortem
338 1649 436 1676 autem,
454 1650 591 1680 tamquam
603 1646 742 1680 optimam,
756 1645 811 1672 illis
822 1654 866 1671 es-

66 1690 95 1708 se
114 1690 281 1708 concessam.
322 1682 470 1709 Credamus
493 1691 559 1709 sane
583 1682 702 1717 Apollini
725 1683 863 1718 Delphico,

65 1719 114 1754 qui
125 1724 249 1746 exoratus
261 1728 275 1745 a
287 1719 440 1754 Trophonio
449 1724 475 1746 et
486 1719 635 1755 Agamede,
658 1729 672 1745 a
683 1720 785 1755 quibus
797 1725 866 1747 tem-

65 1755 143 1791 plum
158 1756 301 1792 magnifice
316 1756 434 1792 Apollini
451 1757 656 1784 exaedificatum
672 1757 783 1792 Delphis
799 1763 862 1789 erat.

65 1797 104 1825 ut,
118 1794 191 1829 quod
202 1799 273 1821 esset
283 1795 416 1829 optimum
429 1794 542 1826 homini,
555 1795 698 1822 tribueret:
722 1800 782 1830 post
792 1795 864 1822 diem

66 1832 174 1858 tertium
189 1832 328 1858 exanimes
339 1837 403 1859 sunt
413 1833 527 1859 inventi.
568 1834 610 1859 30.
629 1832 688 1865 Quo
699 1841 810 1859 munere
823 1833 866 1859 in-

65 1868 168 1895 dicavit
176 1868 254 1900 deus.
268 1874 294 1896 et
303 1869 371 1896 deus
383 1870 416 1901 is,
433 1870 478 1896 cui
489 1869 665 1897 divinationis
676 1875 765 1905 partes
776 1879 790 1897 a
802 1870 865 1897 reli-

65 1906 128 1941 quis
139 1905 193 1932 diis
204 1910 268 1932 sunt
278 1906 394 1937 relictae.
403 1912 515 1934 mortem
528 1907 629 1934 homini
641 1908 763 1935 omnium
775 1917 864 1934 rerum

65 1952 124 1969 esse
134 1943 274 1978 optimam.
297 1944 388 1978 Itaque
399 1945 551 1971 excutiatur
561 1945 614 1971 iam
624 1950 650 1971 et
660 1945 791 1972 evellatur
802 1945 865 1972 fun-

65 1980 139 2007 ditus
150 1980 215 2007 falsa
228 1980 273 2007 illa
285 1981 431 2008 multorum
443 1982 544 2016 opinio,
555 1981 653 2008 malam
665 1991 724 2008 esse
736 1987 862 2010 mortem:

64 2017 301 2053 quandoquidem.
321 2018 362 2045 vel
378 2019 490 2045 deorum
507 2019 622 2050 iudicio,
641 2028 692 2046 non
705 2019 784 2047 modo
795 2020 863 2047 mala

65 2064 117 2082 non
129 2059 178 2087 est,
191 2055 239 2082 sed
249 2056 372 2082 omnium
383 2064 472 2083 rerum
484 2057 585 2091 optima
597 2061 622 2083 et
632 2057 753 2083 omnium
769 2066 864 2084 mune-

65 2101 135 2124 rum,
147 2101 217 2128 quae
229 2093 348 2120 humano
357 2094 450 2129 generi
461 2093 518 2120 dari
529 2099 651 2129 possunt.
664 2095 864 2129 praestantissi-

65 2138 118 2157 ma.
159 2132 199 2156 31.
224 2130 375 2157 Praeclare:
406 2139 467 2157 nam
491 2135 517 2158 ct
538 2132 708 2158 miseriarum
728 2132 860 2163 omnium.

64 2175 132 2203 quas
145 2168 267 2194 viventes
278 2167 449 2203 pertulimus.
464 2168 525 2195 linis
536 2173 576 2195 est
589 2169 614 2195 in
627 2174 720 2200 morte,
733 2174 759 2196 et
772 2170 863 2196 vitatio

64 2204 230 2236 futurarum,
253 2205 280 2232 in
295 2214 364 2241 quas
378 2206 581 2241 progredientes
596 2207 623 2233 in
640 2207 694 2233 vita
710 2207 861 2233 incurrunt.

64 2242 446 2278 DocemurenimexempliS.e
458 2244 648 2279 propagatione
660 2245 730 2270 vitae
742 2244 863 2279 permul-

64 2284 104 2306 tos
119 2280 235 2314 optimos
249 2284 275 2306 et
290 2279 451 2307 fortissimos
466 2282 540 2307 cives
553 2281 726 2308 incredibiles
739 2281 862 2308 hausisse

63 2316 238 2343 calamitates.
279 2318 467 2349 Immerentes,
483 2318 584 2345 dixerit
599 2318 712 2354 aliquis;
736 2327 800 2355 ergo
810 2328 861 2345 non

63 2358 127 2381 sunt
146 2354 174 2381 in
194 2354 312 2381 miseriis
337 2355 486 2390 ponendae.
527 2355 601 2382 Nihil
627 2357 700 2382 enim
720 2357 860 2387 miserum.

62 2391 135 2426 quod
145 2400 196 2418 non
208 2391 288 2426 culpa
298 2397 473 2419 contractum.
511 2393 547 2419 De
559 2393 608 2419 hoc
617 2393 683 2420 alias
695 2393 860 2420 viderimus:

62 2428 111 2455 sed
122 2428 287 2456 calamitates
298 2433 369 2456 certe
381 2429 498 2461 fuerunt,
507 2438 622 2465 quarum
634 2431 714 2457 etiam
727 2432 806 2458 unica
817 2440 862 2458 co-

61 2466 163 2502 gitatio,
176 2474 246 2501 quae
258 2466 434 2501 praetervolat
444 2471 470 2494 et
479 2467 585 2504 effugit.
600 2476 652 2495 non
664 2468 743 2495 modo
752 2477 859 2499 sensus,

61 2503 110 2538 qui
123 2504 228 2538 corpori
243 2503 348 2531 firmius
363 2504 497 2535 inhaeret.
515 2505 668 2532 acerbitatis
682 2505 764 2532 habet
775 2505 862 2540 pluri-

61 2549 147 2567 mum.
188 2542 229 2567 32.
254 2542 294 2568 Ex
309 2550 363 2576 quo
380 2550 441 2568 vere
456 2541 547 2577 colligi
559 2546 659 2576 potest,
675 2543 810 2577 sapienter
822 2542 861 2569 l'e-

60 2578 130 2604 cisse
141 2578 266 2610 Thraces,
279 2580 336 2614 qui.
350 2579 373 2605 si
385 2578 514 2606 Ilerodoto
525 2579 672 2610 credimus.
686 2580 860 2607 nascentibus

61 2614 155 2642 liberis
168 2614 269 2651 lugere,
283 2616 462 2643 morientibus
474 2615 565 2643 laetari
576 2616 708 2644 solebant.
749 2617 858 2644 Exitum

61 2651 188 2679 videlicet
205 2653 289 2684 vitae.
305 2659 334 2681 ut
350 2654 521 2680 miseriarum
538 2654 619 2680 linem
635 2659 661 2681 ct
677 2654 777 2689 quietis
796 2663 859 2689 por-

61 2693 127 2721 tum.
141 2689 302 2725 probabant:
318 2691 388 2719 vitae
400 2692 556 2723 initium.ut
567 2692 718 2728 ingressum
729 2691 762 2718 ad
774 2691 858 2719 mole-

1649 156 1711 181 ⁴347

917 223 982 249 stias
993 227 1020 249 et
1028 222 1141 254 dolores,
1156 223 1234 249 inviti
1247 223 1383 250 videbant.
1423 223 1471 249 lx.
1493 225 1534 250 33.
1552 223 1579 250 Si
1591 233 1654 260 ergo
1665 234 1713 251 na-

918 261 1020 286 scimur
1031 261 1131 291 miseri,
1141 261 1271 287 morimur
1282 260 1366 287 beati:
1379 261 1442 296 quis
1455 261 1482 287 in
1494 260 1562 288 hanc
1575 261 1662 288 lucem
1669 262 1713 289 edi

918 297 996 328 velit,
1020 302 1048 324 ut
1062 298 1179 324 miseriis
1190 298 1375 332 opprimatur?
1395 299 1457 333 quis
1468 307 1520 325 non
1532 299 1622 333 potius
1634 301 1710 329 mori.

918 339 947 360 ut
958 334 1061 361 beatam
1074 336 1156 362 vitam
1168 335 1305 370 acquirat?
1315 341 1349 367 et,
1363 336 1386 362 si
1399 336 1448 362 hoc
1459 335 1676 371 nobismetipsis.
1686 343 1713 363 ut

917 373 1060 406 optimum,
1070 372 1214 405 vellemus:
1228 381 1276 399 cur
1287 373 1411 399 liberiset
1421 372 1549 399 affinibus
1556 373 1714 400 diversum?

918 410 958 435 An
970 409 1068 436 melius
1082 410 1173 440 nobis,
1190 419 1273 444 quam
1289 411 1336 441 iis,
1354 419 1423 445 quos
1437 419 1543 437 summe
1558 410 1711 446 diligimus.

918 455 977 472 esse
989 447 1120 477 velimus,
1143 452 1188 474 aut
1198 448 1288 481 potius
1300 448 1375 474 beate
1387 448 1479 479 nobis,
1496 449 1593 474 misere
1608 449 1676 483 ipsis
1688 454 1712 476 et

918 483 1080 510 infeliciter?
1095 485 1148 510 Hoc
1162 489 1232 511 certe
1248 484 1322 511 nullo
1342 485 1430 511 modo.
1471 487 1512 511 34.
1533 485 1712 517 Quamobrem

918 521 1031 548 amanda
1043 530 1114 548 mors
1120 522 1367 556 semperomnibus,
1376 523 1526 549 carissimis
1532 524 1611 549 etiam
1619 528 1714 558 optan-

918 559 961 585 da.
1001 559 1051 590 Ac,
1074 560 1097 585 si
1113 559 1214 594 quibus
1229 561 1295 585 mori
1307 565 1435 594 praestat,
1455 569 1537 595 quam
1555 561 1659 591 vivere,
1678 561 1712 587 iis

918 597 1074 631 praecipue,
1088 605 1156 631 quos
1168 601 1193 623 et
1204 602 1260 623 acta
1271 605 1333 623 cum
1346 598 1443 624 virtute
1455 598 1508 624 vita
1520 597 1605 624 claros
1617 598 1711 628 effecit,

919 638 944 660 et
956 643 1035 664 mors,
1049 634 1113 660 satis
1124 634 1252 660 diuturna
1263 635 1317 660 vita
1330 634 1496 669 perfunctos,
1520 634 1641 661 molestia
1655 635 1714 661 atfi-

918 680 977 697 cere
989 680 1041 697 non
1052 676 1148 706 potest.
1188 673 1229 698 35.
1252 672 1331 698 Nasci
1344 680 1420 702 vero.
1438 681 1490 698 non
1503 672 1637 708 intelligo,
1650 674 1714 708 qui-

919 709 970 735 bus
981 709 1115 743 expediat.
1155 709 1223 735 Nam
1238 710 1265 735 in
1281 718 1423 735 aerumnas
1435 710 1612 744 miseriasque
1624 711 1715 745 ingre-

919 746 1023 772 dientes
1033 746 1100 781 quid
1114 751 1233 781 gratum,
1256 746 1323 781 quid
1340 746 1424 772 hilare
1435 746 1602 781 aspicimus?
1621 756 1674 782 qua
1687 756 1713 773 re

919 785 1008 818 potius
1020 792 1071 810 non
1083 783 1262 810 ollendimur‘?
1279 784 1352 818 quod
1368 785 1472 818 primus
1489 784 1534 810 ille
1545 786 1712 811 nascentium

920 820 1063 847 infantium
1080 822 1187 856 vagitus
1202 826 1227 847 et
1241 822 1358 848 eiulatus
1373 822 1438 848 satis
1449 821 1575 848 declarat.
1616 822 1714 848 Tribu-

919 863 961 884 tus
973 858 1044 884 enim
1056 863 1095 884 est
1109 858 1141 884 ab
1152 859 1253 892 optima
1265 864 1373 894 parente
1384 863 1486 889 natura.
1495 867 1564 894 quae
1576 859 1644 885 nihil
1657 860 1714 885 ina-

919 904 951 921 ne
963 895 1029 921 solet
1039 895 1139 927 efferre,
1153 904 1183 921 ac
1194 897 1283 930 potius
1296 897 1329 922 iis
1341 896 1431 927 rebus,
1444 905 1512 931 quas
1523 895 1613 927 efficit,
1627 896 1715 922 admi-

919 933 1000 959 randa
1007 933 1175 967 semperedit
1185 933 1227 959 vel
1239 934 1346 968 pietatis
1357 933 1398 959 vel
1412 934 1529 959 iustitiae
1542 933 1583 959 vel
1595 933 1715 968 pruden-

919 971 970 996 tiae
980 970 1148 996 documenta.
1191 972 1231 996 36.
1248 971 1288 997 Ex
1298 980 1353 1005 quo
1364 970 1481 1006 intelligi
1493 970 1562 1001 licet,
1577 980 1627 997 non
1641 972 1714 997 nasci

920 1007 997 1043 longe
1008 1009 1140 1042 optimum
1153 1016 1225 1038 esse.
1248 1017 1296 1034 nec
1307 1009 1335 1034 in
1348 1008 1395 1034 hos
1406 1007 1531 1042 scopulos
1544 1008 1661 1035 incidere
1675 1009 1715 1034 vi-

919 1050 973 1072 tae:
995 1047 1150 1080 proximum
1167 1050 1269 1075 autem,
1292 1046 1316 1071 si
1332 1050 1410 1072 natus
1425 1046 1476 1075 sis,
1498 1054 1580 1080 quam
1596 1047 1714 1080 primum

919 1083 996 1113 mori,
1010 1087 1035 1109 et
1046 1087 1182 1118 tamquam
1194 1091 1228 1109 ex
1239 1082 1364 1109 incendio
1375 1082 1491 1118 effugere
1504 1083 1635 1110 fortunae.
1671 1083 1715 1109 Si—

919 1120 973 1146 leni
987 1129 1056 1155 quae
1072 1120 1155 1147 fertur
1166 1120 1270 1151 fabula,
1288 1121 1312 1146 si
1327 1120 1498 1155 gravioribus
1516 1120 1618 1146 ludicra
1634 1121 1716 1147 inter-

919 1158 984 1184 dum
996 1158 1145 1184 admiscere
1158 1157 1244 1188 liceat,
1259 1157 1331 1184 idem
1343 1162 1412 1184 certe
1427 1157 1578 1184 confirmat:
1602 1159 1659 1192 qui,
1672 1167 1716 1184 ca—

920 1200 981 1230 ptus
992 1204 1005 1221 a
1017 1195 1098 1226 Mida,
1111 1196 1269 1222 missionem
1281 1194 1401 1222 doctrina
1413 1194 1536 1221 redemit.
1564 1195 1657 1221 Docuit
1668 1204 1716 1222 au-

919 1238 972 1259 tem
984 1242 1084 1269 regem,
1094 1241 1242 1268 numquam
1254 1233 1327 1259 nasci
1339 1233 1471 1267 optimum
1484 1241 1552 1262 esse,
1565 1232 1612 1258 sed
1623 1233 1717 1259 celeri—

920 1276 998 1297 tatem
1012 1271 1104 1297 mortis
1119 1271 1242 1305 proxime
1259 1270 1394 1296 accedere.
1435 1269 1563 1304 Idemque
1576 1270 1716 1305 Euripidis

919 1309 1085 1339 testimonio,
1104 1312 1197 1343 poetae
1213 1308 1423 1342 sapientissimi,
1440 1307 1638 1341 comprobatur.
1673 1309 1714 1334 37.

919 1346 972 1372 Sed
979 1346 1088 1373 Crantor
1098 1350 1187 1372 noster
1197 1346 1275 1381 patri,
1285 1345 1333 1371 lilii
1346 1349 1457 1371 mortem
1469 1345 1617 1380 aegerrime
1629 1344 1717 1371 feren-

919 1384 952 1413 ti,
971 1392 1130 1418 responsum
1145 1383 1182 1409 ait
1197 1382 1290 1410 datum
1305 1391 1364 1409 esse
1381 1383 1407 1408 iu
1424 1382 1644 1417 Psychonmntio,
1662 1382 1716 1408 lilio

918 1430 968 1447 suo
978 1421 1046 1447 bene
1059 1421 1188 1455 beateque
1200 1429 1269 1451 esse,
1282 1420 1432 1454 utiliusque
1445 1419 1565 1445 futurum
1578 1419 1676 1450 fuisse.
1692 1421 1714 1446 si

919 1459 998 1485 etiam
1014 1463 1089 1493 pater
1107 1458 1165 1493 pari
1186 1459 1287 1484 ratione
1308 1457 1368 1484 latis
1388 1458 1574 1483 concessisset.
1615 1458 1714 1489 Quaru-

918 1496 1025 1527 obrem,
1041 1497 1064 1522 si
1081 1495 1204 1522 dolorum
1221 1496 1300 1522 linem
1314 1503 1385 1521 mors
1396 1494 1484 1524 al'sert,
1500 1495 1523 1520 si
1536 1495 1680 1521 securioris
1692 1501 1716 1520 et

919 1533 1038 1560 melioris
1050 1534 1158 1560 initium
1171 1534 1255 1565 vitae}
1277 1533 1301 1559 si
1318 1532 1405 1559 futura
1417 1531 1486 1557 mala
1497 1532 1605 1563 avertit3
1625 1533 1648 1558 si
1660 1541 1716 1558 me-

918 1571 996 1598 detur
1005 1570 1208 1606 praesentibus;
1226 1571 1249 1597 si
1262 1579 1309 1596 nos
1321 1579 1354 1596 ex
1365 1569 1492 1604 plurimis
1505 1568 1545 1595 vel
1562 1569 1715 1596 morborum

919 1608 961 1634 vel
973 1608 1157 1635 molestiarum
1171 1608 1212 1634 vel
1224 1607 1398 1634 acerbitatum
1412 1606 1541 1641 periculis
1551 1606 1655 1633 educit:
1669 1615 1716 1633 cur

917 1654 976 1672 eam
989 1651 1059 1673 tanto
1070 1654 1149 1680 opere
1161 1654 1286 1672 accusare
1301 1649 1345 1671 aut
1361 1644 1480 1670 dolorem
1495 1652 1529 1670 ex
1549 1652 1579 1670 ea
1594 1643 1715 1670 derivare

918 1683 1044 1714 velimus,
1053 1692 1145 1718 exqua
1153 1684 1241 1718 potius
1253 1682 1461 1709 consolationem
1473 1687 1497 1707 et
1511 1681 1637 1708 laetitiam
1649 1681 1716 1708 hau-

917 1722 970 1747 rire
983 1720 1022 1747 sas
1032 1720 1121 1747 esset‘?
1132 1721 1190 1747 Nisi
1202 1721 1239 1751 si.
1253 1720 1325 1755 quod
1337 1724 1447 1746 mortem
1459 1719 1650 1754 subsequitur.
1669 1728 1716 1745 nos

917 1757 1028 1785 fortasse
1040 1758 1169 1785 sollicitos
1182 1758 1272 1784 habet.
1313 1759 1354 1783 38.
1377 1757 1413 1783 De
1429 1765 1483 1791 quo
1500 1756 1565 1782 libet
1577 1765 1661 1791 pauca
1674 1756 1715 1783 di-

917 1804 990 1826 cere,
1014 1805 1045 1822 nc
1059 1796 1103 1822 hic
1114 1805 1185 1822 unus
1197 1795 1229 1821 ad
1243 1794 1391 1821 molestiam
1403 1794 1577 1828 doloremque
1589 1793 1715 1820 alendum

917 1833 1033 1869 angulus
1044 1833 1226 1868 relinquatur:
1249 1833 1297 1868 qui
1313 1831 1429 1867 prolecto
1443 1831 1635 1865 insipientibus
1646 1831 1717 1857 obii-

917 1871 1031 1897 ciendus
1046 1880 1097 1898 non
1113 1876 1166 1901 est,
1184 1879 1233 1897 nec
1248 1871 1276 1897 in
1294 1875 1365 1897 tanto
1379 1874 1597 1904 argumentorum
1610 1877 1713 1897 acervo.

917 1908 1019 1943 quibus
1041 1913 1152 1935 mortem
1174 1909 1260 1943 ipsam
1282 1908 1360 1934 nobis
1383 1907 1552 1941 obstringere
1577 1915 1714 1935 conamur,

917 1945 1150 1976 committendum,
1160 1946 1245 1972 uthoc
1257 1954 1309 1972 uno
1322 1945 1429 1971 nomine
1441 1944 1533 1970 minus
1544 1944 1622 1970 nobis
1633 1943 1716 1970 debe-

917 1992 945 2010 re
956 1983 1089 2010 videatur.
1129 1984 1162 2010 Et
1176 1991 1343 2018 quamquam
1360 1983 1424 2008 hacc
1436 1981 1519 2007 futuri
1531 1986 1591 2016 post
1603 1986 1713 2008 mortem

917 2022 1045 2055 temporis
1061 2029 1124 2047 cura
1141 2020 1259 2047 hominis
1275 2020 1382 2055 propria
1398 2027 1450 2046 non
1466 2019 1514 2049 sit,
1532 2018 1579 2045 sed
1595 2018 1649 2045 diis
1664 2019 1715 2044 im·

917 2058 1076 2084 mortalibus
1088 2059 1178 2092 potius
1190 2057 1380 2093 relinquenda.
1398 2065 1514 2091 quorum
1531 2065 1578 2083 nos
1591 2055 1632 2082 vel
1649 2055 1715 2082 libe-

917 2095 1014 2122 ralitati
1035 2095 1076 2122 vel
1093 2096 1241 2130 sapientiae
1258 2095 1411 2130 permittere
1428 2093 1467 2120 sas
1483 2094 1614 2128 piumque
1630 2098 1712 2119 esset·

915 2133 972 2167 (qui
984 2133 1056 2158 enim
1069 2133 1237 2159 nascentium
1249 2141 1341 2159 curam
1352 2132 1519 2166 suscipiunt,
1533 2132 1580 2165 qui
1594 2131 1715 2156 viventes

916 2174 1068 2205 protegunt,
1081 2169 1164 2199 alunt,
1178 2174 1295 2200 tuentur,
1309 2169 1409 2199 fovent.
1422 2177 1471 2195 cur
1482 2170 1626 2195 morientes
1637 2167 1715 2193 dese-

916 2206 1001 2241 ranst)
1022 2212 1109 2233 tamen
1121 2206 1226 2241 aliquid
1237 2207 1318 2233 etiam
1334 2206 1453 2233 modeste
1469 2205 1503 2232 de
1516 2207 1550 2232 iis
1562 2206 1712 2240 exquirere.

915 2253 967 2270 non
983 2248 1024 2270 est
1039 2243 1144 2270 inutile.
1186 2244 1300 2270 Necesse
1315 2248 1356 2270 est
1371 2248 1475 2273 autem.
1497 2244 1532 2269 sit
1552 2242 1664 2268 alterum
1681 2241 1714 2268 dc

914 2281 1035 2312 duobus.
1058 2286 1088 2308 ut
1103 2287 1149 2307 aut
1163 2290 1260 2307 sensus
1276 2281 1384 2316 penitus
1399 2289 1493 2307 omnes
1510 2289 1581 2306 mors
1602 2279 1712 2307 auferat.

914 2324 960 2345 aut
976 2319 1003 2345 in
1019 2318 1104 2345 alium
1120 2319 1265 2353 quemdam
1283 2319 1369 2345 locum
1387 2326 1421 2345 ex
1436 2318 1478 2344 his
1492 2317 1556 2344 locis
1568 2322 1650 2343 morte
1663 2317 1714 2342 mi—

913 2361 1015 2391 gretur.
1058 2356 1092 2383 X.
1115 2358 1156 2382 39.
1178 2356 1255 2388 Quod
1270 2357 1293 2382 si
1311 2360 1394 2382 morte
1410 2363 1507 2381 sensus
1519 2355 1710 2390 exstinguitur.

913 2394 1059 2429 obitusque
1074 2399 1164 2420 noster
1179 2394 1204 2420 ei
1223 2401 1317 2420 somno
1332 2392 1432 2419 similis
1446 2397 1497 2422 est.
1519 2393 1567 2426 qui
1580 2400 1713 2418 nonnum-

913 2439 995 2466 quam
1022 2431 1102 2458 etiam
1129 2432 1187 2457 sine
1212 2432 1280 2457 visis
1310 2430 1476 2456 somniorum
1503 2429 1712 2464 placatissimam

913 2469 1032 2503 quietem
1039 2469 1125 2496 all‘ert:
1141 2468 1208 2503 quid
1222 2468 1288 2495 lucri
1300 2473 1339 2494 est
1351 2466 1454 2493 emori?
1464 2471 1509 2492 aut
1519 2465 1592 2501 quod
1603 2467 1713 2492 omnino

914 2510 1020 2540 tempus
1033 2507 1143 2541 reperiri
1159 2510 1257 2540 potest.
1276 2505 1348 2540 quod
1363 2505 1387 2530 ei
1400 2505 1512 2538 tempori
1525 2508 1710 2538 anteponatur.

889 2565 890 2568 ,
912 2544 956 2569 cui
972 2543 1071 2570 similis
1088 2543 1176 2570 sutura
1193 2548 1233 2570 est
1245 2543 1410 2578 perpetuitas
1420 2542 1509 2567 omnis
1520 2541 1712 2576 consequentis

913 2580 1025 2607 notatis?
1033 2581 1081 2608 Sin
1094 2581 1281 2616 migrationem
1293 2579 1422 2606 malimus
1432 2587 1492 2605 csse
1504 2583 1615 2605 mortem
1629 2579 1655 2605 in
1665 2587 1710 2605 eas

911 2626 984 2649 oras,
1000 2626 1069 2653 quas
1084 2627 1098 2645 c
1116 2619 1169 2644 vita
1188 2617 1299 2652 profecti
1315 2616 1448 2644 incolunt:
1471 2615 1538 2651 quid
1552 2615 1708 2651 optabilius.

911 2663 992 2689 quam
1004 2655 1037 2682 ad
1049 2664 1094 2683 eos
1109 2655 1256 2690 proficisci,
1278 2663 1347 2690 quos
1363 2658 1481 2680 mortuos
1497 2654 1593 2680 vivens
1607 2653 1711 2680 dilexe-

912 2693 962 2726 ris;
980 2698 1082 2720 etcum
1101 2694 1133 2719 iis
1149 2698 1277 2728 perpetua
1296 2694 1349 2720 vita
1361 2691 1477 2727 perfrui.
1495 2692 1557 2726 qui,
1576 2697 1604 2718 ut
1621 2700 1668 2718 nos
1684 2691 1709 2716 iu

1459 2740 1507 2765 169
1520 2738 1530 2749 ’
