1941 3052
422 181 475 206 DE
514 180 830 208 INVENTIONE
874 181 950 208 LIB
979 182 1011 208 Π.

58 253 157 289 negarit
170 256 301 287 oportere;
326 256 371 278 aut
384 260 450 278 num
463 252 516 278 iam
530 253 593 278 satis
608 261 655 288 pro
669 261 707 284 eo,
723 252 795 287 quod
810 252 848 278 fe-

56 290 132 322 cerit,
153 290 237 316 honos
255 290 363 316 habitus
382 290 428 322 sit,
457 293 502 315 aut
520 298 585 316 num
604 299 711 316 necesse
731 290 810 316 fuerit
823 291 847 316 ei

56 327 139 354 facere
153 327 189 358 id,
205 327 277 362 quod
292 327 394 355 fecerit:
417 331 462 353 aut
475 336 540 353 num
551 327 683 354 eiusmodi
693 327 728 353 sit
738 327 845 358 factum,

57 370 94 396 ut,
111 365 162 391 nisi
177 364 289 396 fecisset,
306 365 440 400 supplicio
453 365 551 400 dignus
565 369 643 396 esset,
660 373 720 395 non,
733 365 796 400 quia
810 364 849 391 fe-

56 402 127 433 cerit,
140 402 269 436 praemi03
290 406 335 428 aut
344 411 409 428 num
420 407 479 429 ante
491 407 596 437 tempus
607 403 756 437 praemium
767 406 846 437 petat,

57 444 82 466 et
103 447 178 474 spem
201 440 327 466 incertam
349 444 420 466 certo
442 440 561 466 venditet
584 440 680 474 pretio:
709 444 754 465 aut
772 448 846 470 num,

56 476 127 512 quod
146 476 310 511 supplicium
329 477 437 512 aliquod
456 478 532 508 vitet,
548 486 578 503 eo
593 477 741 512 praemium
756 481 850 511 postu-

58 513 99 544 let,
129 514 167 540 uti
190 514 222 540 de
245 523 274 540 se
297 514 492 549 praeiudicium
515 514 614 540 iactum
637 523 695 540 esse
717 514 847 540 videatur.

56 551 183 577 XXXlX.
205 552 234 578 In
252 552 361 587 praemii
376 556 464 578 autem
478 560 582 587 genere,
598 551 665 586 quid
679 555 704 577 et
717 555 848 585 quantum

57 593 82 615 et
98 589 270 624 quamobrem
286 588 436 624 postuletur
453 593 478 615 et
495 597 549 624 quo
567 592 591 614 et
609 592 708 623 quanto
727 597 849 622 quaeque

57 634 98 652 res
116 627 234 660 praemio
251 627 331 662 digna
349 626 391 657 sit,
408 626 633 657 considerabitur;
655 625 760 656 deinde,
777 625 849 660 apud

57 663 168 690 maiores
186 664 286 699 quibus
301 664 455 690 hominibus
474 667 498 689 et
511 663 612 698 quibus
626 662 658 688 de
672 663 774 689 caussis
789 662 849 688 talis

57 700 140 727 honos
162 702 197 727 sit
220 701 335 732 habitus,
361 705 515 735 quaeretur3
544 700 648 730 deinde,
674 709 706 726 ne
725 700 747 726 is
765 700 849 726 honos

56 739 169 764 nimium
184 742 348 773 pervagetur.
384 739 440 764 114.
458 738 544 773 Atque
558 737 601 763 hio
615 738 682 768 eius,
699 738 746 773 qui
760 742 849 763 contra

57 774 172 810 aliquem
187 776 335 809 praemium
349 775 528 809 postulantem
543 775 619 806 dicet,
633 774 707 801 locus
717 775 767 801 erit
777 784 849 801 com-

57 812 159 838 munis:
182 813 297 847 praemia
312 813 418 839 virtutis
432 817 457 839 et
470 812 551 839 officii
566 817 654 839 sancta
669 817 694 838 et
707 817 777 838 casta
791 821 849 838 esse

57 853 186 884 oportere,
211 858 297 884 neque
320 858 349 876 ea
367 854 412 876 aut
428 859 490 877 oum
509 850 638 884 improbis
657 850 849 876 communicari

58 891 101 913 aut
118 887 145 913 in
160 886 338 913 mediocribus
357 887 512 914 hominibus
531 887 697 922 pervulgari;
726 891 751 913 et
768 887 846 913 alter:

57 925 144 951 minus
158 924 279 950 homines
294 925 400 951 virtutis
414 925 526 960 cupidos
538 924 601 955 fore,
615 925 722 951 virtutis
732 924 850 959 praemio

56 961 223 997 per'vulgat03
249 970 317 997 quae
331 963 401 989 enim
416 971 472 989 rara
487 966 511 988 et
525 961 606 988 ardua
621 962 683 993 sint,
701 971 729 988 ea
743 962 850 996 experi-

56 998 122 1025 endo
136 998 247 1034 pulchra
261 1004 286 1025 et
298 1000 414 1026 iucunda
425 999 581 1026 hominibus
592 999 690 1032 videri;
706 999 846 1025 ettertius:

55 1036 77 1063 si
95 1037 236 1067 exsistant,
256 1037 301 1071 qui
322 1037 393 1072 apud
411 1038 523 1064 maiores
542 1041 644 1063 nostros
662 1037 696 1063 ob
714 1037 848 1072 egregiam
868 1069 869 1077 ἵ

55 1073 180 1100 virtutem
194 1073 239 1100 tali
251 1074 348 1101 honore
358 1075 459 1110 dignati
470 1079 541 1105 sunt,
555 1083 642 1101 nonne
653 1074 685 1100 de
696 1083 743 1100 sua
753 1074 846 1109 gloria,

55 1119 139 1146 quum
157 1111 213 1146 pari
232 1112 349 1146 praemio
367 1113 432 1138 tales
448 1112 570 1138 homines
585 1111 654 1138 affici
669 1111 784 1142 videant,
801 1111 848 1137 de-

55 1148 131 1175 libari
149 1148 260 1184 putent?
280 1154 304 1175 et
321 1158 413 1176 eorum
427 1150 591 1176 enumeratio
601 1154 626 1176 et
639 1157 700 1175 cum
715 1149 763 1180 eis,
779 1157 847 1184 quos

54 1190 142 1212 contra
155 1186 233 1218 dicat,
249 1188 418 1222 comparatio.
440 1188 506 1213 Eius
521 1191 618 1219 autem,
635 1187 682 1222 qui
697 1187 846 1221 praemium

53 1227 131 1258 petet,
157 1223 217 1250 sacti
241 1224 283 1250 sui
307 1224 477 1260 amplificatio
495 1228 520 1250 et
538 1233 643 1256 eorum,
664 1225 710 1259 qui
729 1224 847 1259 praemio

53 1260 136 1288 affecti
155 1266 229 1292 sunt.
250 1271 311 1288 cum
330 1263 388 1288 suis
407 1262 482 1289 sactis
496 1263 639 1288 contentio.
675 1263 732 1288 115.
747 1261 847 1288 Deinde

53 1302 152 1326 eeteros
170 1307 184 1325 a
202 1299 308 1326 virtutis
327 1300 415 1326 studio
433 1299 573 1334 repulsum
591 1300 637 1332 iri,
658 1300 681 1326 si
699 1300 757 1334 ipse
771 1308 848 1334 prae-

53 1336 107 1362 mio
121 1344 172 1362 non
187 1337 221 1363 sit
234 1337 351 1364 affectus.
373 1337 521 1364 Facultates
536 1342 624 1363 autem
635 1337 844 1369 considerantur,

53 1381 138 1408 quum
152 1373 260 1408 aliquod
274 1375 448 1409 pecuniarum
463 1375 611 1410 praemium
626 1374 790 1409 postulatur3
819 1374 847 1401 in

52 1418 119 1445 quo,
137 1415 227 1437 utrum
246 1412 356 1446 copiane
375 1412 409 1438 sit
428 1413 493 1448 agri,
509 1411 690 1447 vectigalium,
707 1412 844 1447 pecuniae,

52 1455 85 1474 an
103 1448 227 1483 penuria,
248 1449 436 1476 consideratur.
471 1449 531 1476 Loci
560 1458 730 1476 communes:
763 1449 848 1476 sacul-

53 1489 117 1511 tates
131 1494 235 1521 augere,
253 1495 305 1513 non
320 1487 440 1513 minuere
454 1491 580 1521 oportere,
597 1491 635 1513 et:
663 1486 847 1522 impudentem

53 1530 118 1554 esse,
135 1523 180 1558 qui
196 1532 243 1558 pro
257 1524 385 1551 beneficio
399 1533 450 1550 non
461 1524 582 1560 gratiam,
597 1534 688 1550 verum
698 1524 846 1550 mercedem

53 1559 179 1595 postulet;
208 1565 297 1587 contra
316 1566 416 1592 autem,
438 1561 470 1587 de
489 1562 601 1596 pecunia
622 1562 770 1588 ratiocinari
791 1570 848 1588 sor-

52 1596 144 1624 didum
155 1606 221 1629 esse,
234 1607 319 1633 quum
333 1598 366 1625 de
375 1598 460 1634 gratia
472 1598 606 1625 reserenda
620 1599 796 1631 deliberetur3
812 1603 845 1631 et,

53 1643 81 1661 se
95 1643 146 1662 non
161 1636 275 1670 pretium
291 1645 338 1671 pro
352 1636 428 1666 facto,
442 1636 488 1662 sed
503 1636 629 1662 honorem
645 1637 679 1663 ita
691 1637 729 1663 uti
745 1636 847 1663 factita—

53 1676 109 1699 tum
123 1673 157 1699 sit
171 1681 217 1708 pro
231 1673 359 1700 beneficio
374 1673 516 1708 postulare.

105 1709 162 1736 XL.
189 1710 227 1737 Ae
245 1710 277 1737 de
291 1711 527 1737 constitutionibus
540 1711 650 1746 quidem
665 1711 729 1737 satis
743 1711 845 1738 dictum

53 1750 104 1774 est:
131 1756 203 1774 nunc
221 1747 253 1774 de
271 1749 304 1774 iis
323 1749 523 1780 controversiis,
545 1757 613 1783 quae
631 1749 658 1775 in
673 1749 772 1784 scripto
786 1758 846 1775 vcr-

52 1788 155 1817 santur,
180 1785 324 1812 dicendum
344 1785 459 1812 videtur.
489 1787 545 1812 116.
562 1786 590 1812 111
609 1786 707 1821 scripto
725 1790 846 1813 versatur

53 1823 238 1855 controversia,
254 1832 339 1858 quum
354 1832 387 1850 ex
400 1823 553 1858 scriptionis
567 1824 667 1850 ratione
681 1823 784 1858 aliquid
795 1824 846 1850 du-

51 1858 89 1886 bii
102 1860 228 1887 nascitur.
269 1860 297 1887 Id
312 1860 340 1887 sit
353 1869 386 1887 ex
400 1861 533 1897 ambiguo,
550 1869 583 1887 ex
597 1861 694 1895 scripto
704 1866 846 1887 0150111011-

53 1897 100 1928 tia,
120 1905 154 1924 ex
171 1898 308 1924 contrariis
327 1897 441 1934 legibus,
463 1907 496 1925 ex
510 1898 716 1930 ratiocinatione,
733 1907 766 1924 ex
779 1898 845 1924 deli-

52 1935 160 1962 nitione.
194 1935 234 1962 Ex
257 1935 384 1971 ambiguo
405 1940 493 1962 autem
517 1936 634 1962 nascitur
655 1936 842 1967 controversia,

52 1979 144 2007 quum,
170 1972 236 2008 quid
258 1973 371 1999 senserit
393 1973 512 2008 scriptor,
539 1973 683 1999 obscurum
703 1977 755 2005 est,
772 1974 844 2008 quod

53 2009 180 2045 scriptum
199 2010 266 2036 duas
284 2010 409 2045 pluresve
429 2019 471 2037 res
489 2010 634 2045 significat,
655 2010 774 2037 adhunc
788 2019 845 2037 mo-

52 2045 130 2074 dum:
163 2047 367 2079 Paterfamilias,
388 2056 473 2083 quum
493 2048 579 2074 filium
597 2047 722 2074 heredem
737 2047 841 2080 faceret,

53 2092 175 2111 vasorum
194 2089 378 2121 argenteorum
396 2090 504 2112 centum
523 2084 611 2120 pondo
629 2085 705 2112 uxori
724 2094 787 2112 suae
806 2086 844 2112 sic

53 2119 162 2158 legavit:
192 2131 286 2149 nanas
313 2132 388 2150 maus
414 2131 502 2150 uxont
529 2131 607 2149 11111Λο
635 2132 769 2149 vasonum
796 2133 844 2149 ,111-

52 2166 226 2186 eanraonuu
258 2169 351 2186 roano
377 2169 505 2192 caurum,
530 2169 606 2190 Qum:
630 2169 734 2191 veter,
760 2169 842 2187 nmo.

52 2194 112 2223 Post
129 2200 240 2224 mortem
259 2197 317 2224 eius
335 2206 399 2224 vasa
417 2197 557 2234 magnilica
576 2201 601 2223 et
619 2197 732 2232 pretiose
746 2197 843 2224 caelata

52 2233 116 2268 petit
134 2243 148 2260 a
167 2233 221 2261 tilio
239 2238 330 2260 mater.
366 2234 413 2261 Illo
430 2243 471 2266 se,
492 2243 560 2270 quae
576 2235 633 2269 ipse
644 2234 731 2266 vellet,
747 2235 843 2261 debere

52 2269 124 2298 dicit.
159 2271 293 2303 Primum,
314 2272 336 2298 si
352 2271 407 2298 [ieri
422 2272 525 2307 poterit,
541 2271 778 2298 demonstrandum
793 2277 841 2304 est,

53 2315 103 2335 non
117 2316 175 2335 esse
186 2308 311 2345 ambigue
325 2309 464 2344 scriptum,
480 2313 617 2344 propterea
631 2309 703 2345 quod
717 2311 842 2336 omnesin

53 2345 243 2373 consuetudine
262 2347 392 2373 sermonis
411 2346 450 2373 sic
468 2347 507 2373 uti
526 2346 627 2373 soleant
642 2355 673 2373 eo
691 2347 772 2373 verbo
790 2356 843 2374 uno

52 2381 209 2418 pluribusve
222 2383 250 2410 in
264 2392 321 2410 eam
333 2384 500 2415 sententiam,
516 2384 544 2410 in
557 2392 638 2419 quam
652 2384 684 2416 is,
701 2385 748 2419 qui
762 2384 840 2416 dicet,

53 2420 236 2455 accipiendum
251 2429 310 2447 esse
323 2421 525 2447 demonstrabit.
564 2422 620 2447 117.
636 2422 736 2448 Deinde
750 2430 783 2448 ex
797 2431 844 2448 su-

52 2457 153 2492 periore
171 2461 196 2484 et
214 2466 247 2484 ex
264 2458 387 2485 inferiore
406 2459 537 2493 scriptura
554 2457 704 2484 docendum
718 2458 755 2490 id,
771 2459 843 2494 quod

52 2498 205 2529 quaeratur,
227 2495 282 2522 fieri
298 2496 480 2530 perspicuum.
520 2494 606 2527 Quare
624 2496 646 2522 si
666 2495 723 2530 ipsa
737 2505 844 2531 separa-

52 2531 99 2558 tim
118 2539 152 2558 ex
168 2540 197 2558 se
215 2533 294 2559 verba
308 2533 518 2564 considerentur,
534 2533 636 2564 omniu,
657 2538 702 2559 aut
716 2533 843 2569 pleraque

53 2568 177 2605 ambigua
196 2569 284 2596 visum
302 2570 348 2603 iri,
376 2579 444 2605 quae
458 2574 545 2596 autem
560 2578 593 2596 ex
606 2570 678 2596 omni
693 2571 843 2597 considera-

52 2608 78 2632 ta
94 2606 224 2641 scriptura
239 2607 380 2642 perspicua
394 2608 465 2639 siant,
482 2607 547 2633 baec
561 2606 685 2649 ambigua
700 2616 752 2633 non
766 2616 843 2643 opor-

52 2645 105 2669 tere
122 2643 276 2670 existimari.
298 2644 406 2676 Deinde,
423 2653 475 2679 qua
490 2645 517 2670 in
531 2648 660 2670 sententia
675 2644 787 2679 scriptor
802 2645 844 2671 l'u-

53 2679 108 2711 erit,
124 2688 158 2707 ex
168 2681 261 2707 ceteris
274 2681 332 2708 eius
346 2682 452 2717 scriptis
470 2686 539 2708 etex
553 2681 642 2711 iactis,
654 2681 741 2713 dictis,
756 2683 844 2709 animo

54 2720 131 2752 utque
149 2717 202 2744 vita
216 2718 274 2745 eius
287 2719 358 2745 sumi
372 2719 503 2754 oportebit
516 2723 541 2745 et
555 2727 611 2745 eam
627 2720 712 2754 ipsam
727 2719 843 2754 scriptu-

1047 181 1066 209 C
1080 182 1102 209 A
1115 183 1145 209 P.
1180 184 1211 209 35
1231 198 1267 202 -—
1289 184 1329 209 42.
1658 185 1690 210 65

899 261 968 284 ram,
988 253 1015 279 in
1033 262 1086 288 qua
1105 253 1183 279 inerit
1201 253 1269 279 illud
1283 253 1450 289 ambiguum,
1467 253 1499 279 de
1513 262 1567 288 quo
1580 262 1692 288 quaere-

899 295 949 322 tur,
970 294 1049 316 totam
1072 290 1198 317 omnibus
1216 299 1249 317 ex
1266 291 1386 325 partibus
1404 295 1563 326 pertentare,
1584 292 1607 317 si
1625 292 1691 326 quid

899 332 944 353 aut
958 327 990 354 ad
1004 327 1032 354 id
1046 328 1197 362 appositum
1212 328 1255 359 sit,
1271 327 1343 362 quod
1357 337 1404 354 nos
1419 328 1630 362 interpretemur,
1647 334 1692 354 aut

899 365 936 395 ci,
953 365 1025 400 quod
1040 365 1208 391 adversarius
1222 365 1361 401 intelligat,
1378 366 1541 391 adversetur.
1574 366 1639 391 Nam
1654 365 1692 391 sa-

899 402 962 433 cile,
983 402 1050 437 quid
1068 403 1123 428 veri
1142 402 1230 428 simile
1244 403 1278 428 sit
1291 411 1352 428 eum
1367 402 1497 433 voluisse,
1513 403 1560 437 qui
1575 403 1690 437 scripsit,

900 448 933 465 ex
951 440 1023 466 omni
1043 440 1173 474 scriptura
1196 444 1221 466 et
1241 448 1274 466 ex
1292 448 1403 474 persona
1417 440 1552 474 scriptoris
1567 444 1645 474 atque
1659 440 1692 466 iis

900 477 993 507 rebuS,
1013 486 1082 512 quae
1096 477 1216 511 personis
1228 477 1368 503 attributae
1382 482 1454 507 sunt,
1470 477 1690 503 considerabitur.

902 516 958 540 ll8.
978 514 1076 540 Deinde
1094 515 1143 540 erit
1161 514 1406 545 demonstrandum,
1427 515 1448 540 si
1468 514 1534 549 quid
1548 523 1581 540 ex
1595 523 1621 540 re
1635 515 1693 549 ipsa

900 551 1006 577 dabitur
1029 551 1175 582 facultatis,
1200 551 1240 582 id,
1266 551 1338 586 quod
1361 551 1528 578 adversarius
1551 551 1690 587 intelligat,

900 588 984 615 multo
1007 589 1097 614 minus
1120 589 1257 615 commode
1278 589 1334 615 [ieri
1357 597 1448 623 posse,
1469 597 1550 624 quam
1568 589 1604 619 id,
1621 589 1692 623 quod

901 635 948 652 nos
967 626 1126 660 accipimus,
1148 626 1219 660 quod
1235 625 1309 652 illius
1332 627 1369 652 rei
1392 635 1478 661 neque
1500 626 1693 652 administratio

901 672 987 698 neque
1002 663 1090 689 exitus
1108 662 1181 688 ullus
1200 667 1297 695 exstet,
1321 672 1367 689 nos
1386 664 1457 698 quod
1471 663 1600 695 dicamus,
1617 663 1693 690 facile

900 705 925 727 et
950 699 1088 726 commode
1114 700 1223 735 transigi
1246 709 1338 735 posse:
1361 705 1390 727 ut
1412 703 1440 727 in
1463 701 1511 727 hac
1535 701 1593 736 lege
1615 700 1692 736 (nihil

901 738 971 764 enim
990 737 1113 772 prohibet
1131 737 1217 763 fictam
1236 737 1352 772 exempli
1371 737 1427 764 loco
1440 747 1545 773 ponere,
1561 747 1615 773 quo
1629 738 1694 764 saci-

901 775 953 801 lius
974 784 1016 801 res
1031 774 1219 810 intelligatur).·
1245 784 1395 801 mene-snut
1415 785 1552 801 corrosam
1574 785 1691 802 ,1011οΑ11

901 822 934 838 NE
960 821 1085 844 aAnEr03
1112 821 1139 837 st
1165 821 1324 843 amemur,
1353 821 1477 839 pannea
1501 822 1582 843 asro,
1604 817 1692 839 contra

900 859 971 880 eum,
987 849 1034 884 qui
1049 849 1213 875 meretricem
1228 849 1359 884 publicari
1373 849 1443 876 dicat
1453 858 1486 876 ex
1496 850 1553 885 lege
1564 855 1690 884 oportere,

900 887 984 922 possit
1002 887 1054 913 dici
1069 895 1156 921 neque
1166 886 1421 914 administrationem
1435 896 1493 913 esse
1507 887 1588 913 ullam
1603 887 1694 922 publi-

900 934 944 951 cae
958 924 1103 950 meretricis
1118 932 1204 959 neque
1218 925 1320 950 exitum
1335 924 1401 960 legis
1416 925 1442 950 in
1457 925 1593 950 meretrice
1603 924 1693 959 publi-

899 962 991 993 canda,
1012 966 1037 988 at
1054 962 1082 987 in
1101 970 1164 988 auro
1178 961 1340 996 publicando
1355 967 1379 988 et
1395 962 1650 988 administrationem
1669 967 1694 988 et

900 1000 1002 1026 exitum
1033 998 1137 1025 facilem
1168 1007 1227 1025 esse
1258 1003 1282 1025 et
1313 999 1474 1026 incommodi
1500 999 1567 1025 nihil
1594 1000 1691 1025 inesse.

899 1037 968 1063 XLI.
988 1037 1044 1062 119.
1060 1036 1097 1062 Ac
1111 1036 1253 1072 diligenter
1266 1036 1334 1062 illud
1348 1045 1456 1071 quoque
1470 1036 1603 1063 attendere
1617 1045 1694 1071 opor-

900 1075 973 1105 tebit,
994 1083 1072 1105 num,
1089 1073 1135 1100 illo
1149 1074 1267 1108 probato,
1283 1074 1356 1109 quod
1370 1074 1538 1100 adversarius
1552 1074 1691 1110 intelligat,

899 1121 940 1138 res
959 1111 1049 1138 utilior
1067 1115 1112 1137 aut
1129 1111 1263 1138 honestior
1280 1116 1326 1138 aut
1339 1112 1424 1147 magis
1439 1112 1586 1137 necessaria
1601 1120 1614 1137 a
1629 1112 1694 1137 scri—

898 1154 972 1184 ptore
991 1148 1108 1184 neglecta
1126 1148 1257 1175 videatur.
1292 1149 1321 1175 Id
1340 1149 1397 1180 fiet,
1411 1149 1433 1175 si
1448 1149 1484 1180 id,
1500 1149 1572 1184 quod
1587 1158 1633 1175 nos
1647 1149 1694 1174 de-

899 1186 1121 1218 monstrabimus,
1141 1186 1282 1213 honestum
1303 1190 1348 1213 aut
1366 1186 1431 1212 utile
1450 1191 1495 1212 aut
1514 1187 1693 1212 necessarium

899 1224 1156 1256 demonstrabimus,
1179 1228 1205 1250 et
1230 1224 1253 1250 si
1276 1224 1316 1254 id,
1341 1223 1413 1259 quod
1433 1224 1465 1249 ab
1479 1224 1638 1250 adversariis
1653 1224 1694 1250 di-

898 1266 984 1293 cetur,
1010 1261 1121 1287 minime
1139 1261 1271 1288 eiusmodi
1289 1261 1410 1287 dicemus
1429 1270 1497 1287 esse.
1537 1262 1650 1292 Deinde,
1670 1262 1692 1287 si

898 1299 925 1326 in
948 1299 1007 1335 lege
1031 1299 1080 1325 erit
1098 1307 1130 1325 cx
1152 1299 1278 1335 ambiguo
1296 1299 1486 1330 controversia,
1507 1299 1569 1325 dare
1587 1307 1693 1333 operam

898 1337 1041 1372 oportebit,
1062 1340 1092 1362 ut
1109 1336 1142 1363 de
1161 1345 1203 1368 eo,
1220 1337 1292 1371 quod
1306 1336 1475 1363 adversarius
1490 1336 1626 1372 intelligat,
1643 1336 1693 1362 alia

898 1375 925 1401 in
945 1374 1002 1410 lege
1019 1378 1126 1400 cautum
1146 1382 1204 1400 esse
1218 1374 1351 1400 doceatur.
1388 1376 1444 1401 120,
1467 1374 1631 1400 Permultum
1646 1383 1694 1400 au-

898 1416 951 1438 tem
966 1411 1084 1446 proficiet
1101 1411 1169 1438 illud
1183 1411 1377 1443 demonstrare,
1391 1412 1617 1447 quemadmodum
1629 1412 1694 1438 scri-

899 1450 1009 1484 psisset,
1026 1449 1048 1475 si
1064 1449 1103 1480 id,
1119 1449 1190 1484 quod
1205 1449 1374 1476 adversarius
1388 1450 1507 1484 accipiat,
1525 1450 1578 1475 [ieri
1594 1453 1639 1475 aut
1653 1450 1694 1475 in-

900 1486 983 1522 telligi
1003 1486 1145 1513 voluisset:
1174 1491 1203 1513 ut
1220 1487 1248 1513 in
1267 1487 1315 1513 hae
1333 1496 1441 1518 caussa,
1462 1487 1489 1513 in
1508 1496 1560 1522 qua
1575 1486 1607 1512 de
1623 1487 1693 1513 vasis

899 1525 1030 1560 argenteis
1048 1524 1197 1559 quaeritur,
1218 1525 1302 1558 possit
1321 1524 1418 1550 mulier
1435 1524 1535 1555 dicere,
1552 1524 1619 1550 nihil
1634 1525 1694 1550 atti-

899 1563 991 1588 nuisse
1014 1561 1124 1592 ascribi,
1150 1570 1219 1596 quae
1238 1561 1316 1592 volet,
1333 1562 1355 1587 si
1371 1561 1476 1587 heredis
1491 1561 1620 1587 voluntati
1633 1570 1694 1596 per-

899 1600 1023 1626 mitteret.
1070 1599 1107 1625 Eo
1130 1599 1201 1624 enim
1220 1607 1271 1624 non
1287 1599 1413 1633 ascripto,
1431 1598 1497 1624 nihil
1513 1599 1599 1624 inesse
1613 1599 1694 1625 dubi>

899 1637 1017 1668 tationis,
1039 1637 1104 1671 quin
1119 1636 1204 1666 heres,
1220 1645 1289 1671 quae
1303 1637 1360 1670 ipse
1375 1636 1462 1665 vellet,
1479 1636 1560 1662 daret.
1595 1637 1694 1662 Amen-

899 1675 962 1700 tiam
993 1675 1075 1710 igitur
1098 1673 1190 1704 fuisse,
1216 1682 1301 1708 quum
1323 1674 1412 1699 heredi
1429 1673 1505 1699 vcllct
1531 1682 1637 1705 carcre,
1666 1673 1693 1700 id

899 1712 1040 1742 ascribere,
1057 1720 1110 1746 quo
1125 1719 1176 1737 non
1191 1711 1306 1745 ascripto
1320 1710 1496 1737 nihilominus
1511 1711 1601 1736 heredi
1616 1720 1693 1737 cave-

897 1754 978 1776 retur.
1016 1750 1073 1776 121,
1096 1748 1182 1781 Quare
1198 1748 1248 1775 hoc
1265 1757 1361 1784 genere
1384 1756 1480 1783 niagno
1497 1756 1575 1782 opere
1595 1748 1692 1774 talibus

897 1787 924 1814 in
938 1786 1040 1813 caussis
1055 1786 1093 1812 uti
1107 1786 1251 1820 oportebit:
1273 1786 1295 1812 si
1311 1785 1360 1812 boc
1375 1786 1453 1811 modo
1467 1786 1626 1820 scripsisset,
1644 1787 1693 1812 isto

897 1824 978 1851 verbo
1002 1832 1068 1850 usus
1092 1832 1144 1850 non
1167 1828 1249 1854 esset,
1275 1832 1326 1849 non
1345 1823 1396 1849 isto
1415 1822 1470 1849 loco
1489 1823 1600 1849 verbum
1621 1823 1692 1849 istud

895 1862 1059 1889 collocasset.
1099 1861 1166 1887 Nam
1181 1869 1214 1887 ex
1228 1860 1270 1887 1115
1284 1861 1413 1886 sententia
1427 1860 1563 1894 scriptoris
1578 1861 1692 1887 maxime

896 1899 1065 1935 perspicitur.
1095 1898 1195 1925 Deinde
1209 1907 1263 1933 quo
1277 1902 1394 1932 tempore
1408 1898 1537 1932 scriptum
1552 1898 1594 1927 sit,
1611 1907 1693 1933 quae-

897 1937 1010 1963 rendum
1029 1941 1077 1967 est,
1094 1940 1131 1967 ut,
1147 1935 1214 1970 quid
1229 1944 1290 1961 eum
1305 1935 1423 1962 voluisse
1438 1936 1464 1961 in
1479 1935 1610 1961 eiusmodi
1626 1940 1692 1962 tcm-

896 1983 958 2009 pore
977 1974 1033 2000 vcri
1053 1973 1140 1999 simile
1159 1973 1206 2003 sit,
1224 1973 1397 2008 intelligatur.
1438 1973 1500 1999 Post
1514 1981 1547 1998 ex
1561 1972 1693 1999 delibera-

896 2012 975 2038 tionis
990 2011 1123 2046 partibus,
1146 2010 1212 2045 quid
1228 2010 1329 2041 utilius,
1346 2010 1449 2045 etquid
1464 2010 1602 2036 honestius
1618 2016 1641 2037 ct
1653 2010 1691 2037 illi

895 2049 927 2075 ad
946 2048 1119 2075 scribendum
1138 2052 1163 2074 et
1177 2048 1220 2074 his
1234 2048 1267 2073 ad
1281 2047 1508 2082 comprobandum
1523 2048 1566 2078 sit,
1582 2048 1692 2074 ‹lemon-

895 2086 1048 2118 strandum3
1072 2090 1096 2112 et
1110 2094 1144 2112 cx
1157 2085 1209 2116 his,
1226 2085 1248 2111 si
1263 2085 1329 2120 quid
1344 2085 1558 2120 amplificationis
1573 2085 1688 2115 dabitur,

895 2124 1086 2151 communibus
1100 2123 1236 2158 utrimque
1252 2122 1316 2149 locis
1330 2123 1368 2148 uti
1383 2122 1522 2157 oportebit.

950 2161 1030 2187 XLll.
1053 2161 1094 2187 Ex
1112 2161 1211 2195 scripto
1228 2165 1253 2186 et
1270 2160 1399 2186 sententia
1413 2160 1590 2186 controversia
1604 2161 1691 2186 consi-

895 2199 953 2230 stit,
978 2207 1062 2233 quum
1082 2197 1147 2224 alter
1161 2198 1250 2224 verbis
1265 2198 1340 2232 ipsis,
1357 2206 1425 2232 quae
1439 2198 1535 2231 scripta
1550 2202 1620 2227 sunt,
1639 2198 1691 2223 uti-

896 2241 950 2267 tur,
971 2236 1036 2262 alter
1055 2235 1086 2261 ad
1101 2235 1137 2266 id,
1153 2235 1225 2270 quod
1240 2236 1394 2269 scriptorem
1410 2235 1526 2261 sensisse
1541 2234 1618 2265 dicct,
1634 2243 1690 2260 om-

895 2282 955 2300 nem
970 2273 1092 2308 adiungit
1106 2272 1259 2298 dictionem.
1291 2274 1346 2298 122.
1371 2272 1513 2306 Scriptoris
1527 2277 1614 2297 autem
1630 2281 1690 2298 sen-

896 2311 976 2337 tentia
995 2311 1027 2336 ab
1047 2319 1089 2341 co,
1109 2310 1156 2345 qui
1175 2310 1304 2336 sententia
1323 2319 1351 2335 sc
1366 2309 1497 2340 desendet,
1515 2314 1570 2334 tum
1586 2318 1690 2343 semper

894 2348 927 2374 ad
945 2348 1015 2374 idcm
1031 2352 1148 2382 spectare
1161 2352 1187 2373 et
1201 2347 1270 2373 idem
1286 2346 1353 2373 vclle
1367 2346 1604 2373 demonstrabitur:
1634 2351 1688 2372 lum

895 2390 939 2411 aut
953 2394 986 2411 cx
1001 2384 1068 2411 sacto
1082 2389 1127 2410 aut
1141 2393 1172 2410 ex
1187 2388 1284 2410 eventu
1299 2384 1388 2418 aliquo
1402 2383 1433 2409 ad
1449 2388 1554 2417 tempus
1570 2383 1604 2413 111,
1618 2384 1689 2418 quod

895 2422 1023 2452 instituit,
1040 2421 1292 2448 accommodabitur.
1333 2421 1442 2455 Semper
1456 2420 1488 2446 1111
1503 2420 1572 2446 idem
1587 2426 1689 2455 specla-

896 2468 931 2489 rc,
949 2459 997 2485 hoc
1010 2459 1101 2485 modo:
1118 2458 1310 2484 Paterfamilias
1321 2466 1406 2492 quum
1423 2458 1565 2483 liberorum
1582 2458 1689 2485 liaberet

896 2496 972 2527 1111111,
990 2504 1099 2522 uxorem
1114 2500 1202 2521 autem
1223 2495 1342 2525 liaberet,
1364 2495 1390 2521 in
1405 2499 1561 2521 testamento
1576 2495 1609 2521 ita
1624 2497 1689 2522 scri-

896 2534 962 2568 psit:
989 2542 1013 2559 sn
1041 2542 1103 2559 1111111
1131 2541 1229 2559 rimus
1257 2541 1400 2562 011111το11,
1428 2542 1500 2559 uuus
1526 2542 1685 2562 rennes-vr..

895 2580 919 2597 is
940 2579 1003 2597 1111111
1023 2579 1118 2596 irenes
1137 2579 1215 2595 saro.
1250 2569 1349 2595 Deinde
1363 2578 1431 2604 quae
1445 2569 1568 2596 assolent.
1586 2570 1686 2599 Postea.

894 2617 918 2634 si
939 2616 1037 2634 rietus
1057 2616 1129 2633 Λκτε
1151 2615 1290 2636 nomnen,
1314 2616 1391 2636 00Αο
1413 2616 1439 2633 ix
1460 2616 1592 2633 1011111111
1613 2617 1687 2634 suu

895 2654 1036 2675 venatur,
1072 2653 1126 2672 run
1157 2653 1234 2673 111111,
1265 2644 1383 2675 dicebat,
1415 2653 1565 2671 sectus-nus
1594 2654 1688 2671 1101105

894 2691 972 2708 asro.
1007 2681 1091 2708 Filius
1114 2686 1191 2707 nutus
1207 2690 1257 2708 non
1276 2686 1329 2707 cst:
1362 2681 1501 2717 ambigunt
1519 2682 1606 2717 agnati
1625 2690 1686 2708 cum

894 2728 937 2750 οο,
961 2720 1007 2755 qui
1027 2724 1066 2746 est
1080 2719 1168 2750 heres,
1184 2718 1206 2745 si
1223 2718 1294 2745 iilius
1308 2723 1375 2750 ante,
1391 2727 1472 2754 quum
1487 2719 1514 2745 in
1528 2728 1604 2746 suam
1620 2724 1688 2746 tute-

1467 2768 1481 2792 9
