1941 3052
228 152 273 177 ΗΟ

227 221 338 255 intelligi
358 225 451 256 potest.
486 220 531 247 llis
550 220 620 246 enim
639 218 808 249 consulibua,
830 224 858 245 ut
877 220 902 245 in
919 219 1014 245 veteri-

226 261 276 286 bus
289 259 485 285 commentariis
500 259 627 292 scriptum
639 262 686 286 eut,
702 257 817 282 Nuvviun
827 261 866 282 ent
877 261 1011 282 mortuus:

224 305 388 332 qimmqunm
405 296 482 321 vam-o
497 300 591 323 noste-r.
608 293 831 326 diligentissimus
843 294 1014 327 investigator

225 334 402 368 antiquitati-1,
429 336 502 366 putat
521 333 546 357 in
567 331 614 356 lios:
633 334 748 356 erratum
769 330 904 364 vitamque
923 330 1012 356 Naevii

226 370 347 406 producit
366 370 480 403 longius.
515 369 579 394 Nam
601 367 708 393 Plautus
728 367 755 392 P.
771 366 890 397 Claudio,
908 367 936 393 L.
953 368 1014 393 Por-

224 409 277 438 cio,
299 407 392 440 viginti
415 406 490 432 annis
514 409 571 438 post
591 404 662 434 illos,
682 412 750 438 quos
764 408 823 430 ante
837 403 902 435 dixi.
918 412 1015 430 consu-

226 445 296 471 libus
312 448 432 470 mortuns
447 447 493 471 est,
511 443 606 467 (latone
620 449 737 466 censore.

279 483 318 507 sst.
342 481 415 506 llnnc
435 480 515 513 igitur
533 478 679 510 Cethegum
698 481 857 504 consecutus
875 481 915 503 est
933 482 1014 504 aetate

225 519 300 548 Cato,
315 518 361 552 qui
378 517 453 542 annis
469 524 499 540 ix
519 519 576 549 post
593 523 654 540 eum
675 514 725 541 l'uit
746 514 850 541 consul.
885 514 952 540 Eum
968 523 1014 540 nos

225 560 254 582 ut
272 559 433 589 perveterem
455 552 598 582 babemus,
618 552 664 587 qui
685 552 714 578 L.
734 552 843 582 Marcio,
860 551 892 577 M·
908 551 1015 578 Manilio

224 591 379 618 vonsulibus
402 593 523 616 mortuus
545 593 598 619 est.
615 589 692 615 annis
715 597 846 615 Lxxxiii
866 589 932 623 ipsis
955 593 1015 614 ante

225 638 266 655 ine
276 627 422 654 consulem.
445 627 513 653 XVI.
531 627 583 652 Nec
598 635 659 652 vero
673 626 756 652 babeo
770 634 932 661 quemquam
948 626 1016 652 anti-

223 667 357 700 quiorem,
381 665 459 690 euius
483 663 592 699 quidem
616 664 712 698 scripta
734 663 888 698 proferenda
912 667 1012 698 putem,

225 703 274 729 nisi
293 711 373 737 quem
392 701 472 736 Appii
491 701 564 728 Caeci
585 701 666 727 oratio
684 701 747 727 haec
761 701 818 735 ipsa
833 700 865 726 de
880 700 980 736 Pyrrho
990 704 1015 726 et

225 739 366 766 nonnullae
397 743 561 765 mortuorum
593 737 757 764 laudationes
784 737 848 764 forte
873 737 1013 763 delectant.

223 779 264 804 62.
281 777 313 803 Et
331 775 452 803 hercules
472 776 519 802 bae
537 775 646 810 quidem
665 779 782 802 exstant:
805 775 877 809 ipsae
891 775 962 800 enim
977 774 1016 800 l'a-

225 814 312 840 miliae
327 822 374 839 sua
388 813 466 848 quasi
480 817 632 839 ornamenta
647 821 675 838 ac
691 816 860 839 monumenta
874 811 1016 838 servabant

223 856 249 878 et
261 851 293 877 ad
305 859 394 881 usum,
410 851 432 876 si
447 851 509 885 quis
523 849 642 876 eiusdem
656 849 761 883 ⁴generis
775 849 928 879 occidisset,
944 853 969 874 et
983 848 1015 874 ad

224 888 377 915 memoriam
397 887 505 914 laudum
525 883 729 913 domesticarum
748 891 773 912 et
787 885 1014 912 adillustrandam
1036 902 1045 924 ¹}

224 925 388 952 nobilitatem
400 933 486 951 suam.
504 924 670 959 Quamquam
679 923 1016 950 bislaudationibushisto-

223 963 260 989 ria
275 971 362 989 rerum
378 967 526 988 nostrarum
541 965 580 987 cst
592 961 656 987 lacta
668 960 827 987 mendosior.
850 960 932 986 Multa
943 961 1014 986 enim

223 1000 320 1034 scripta
331 1004 393 1026 sunt
403 999 430 1025 in
441 999 488 1030 eis,
502 1007 570 1034 quae
583 998 647 1024 facta
659 1006 710 1024 non
722 1002 793 1029 sunt,
808 997 1012 1032 salsitriumphi,

223 1037 313 1073 plures
331 1036 498 1067 consulatus,
519 1044 615 1070 genera
634 1035 712 1061 etiam
732 1034 796 1061 salsa
815 1039 841 1061 et
857 1034 890 1061 ad
909 1034 1014 1069 plebem

195 1087 200 1094 ι
224 1075 404 1104 transitiones,
426 1082 510 1108 quum
525 1068 657 1099 ‘homines
676 1072 832 1098 humiliores
851 1072 877 1098 in
898 1071 1013 1098 alienum
1036 1100 1037 1107 ἵ

223 1111 342 1138 eiusdem
356 1111 470 1137 nominis
482 1110 792 1143 infunderentur-genus:
807 1113 844 1139 ut,
861 1110 882 1135 si
894 1117 991 1143 egome
1001 1117 1015 1134 a

223 1149 256 1175 M*
268 1148 356 1175 Tullio
369 1157 427 1174 esse
441 1148 565 1178 dicerem,
581 1147 628 1182 qui
639 1147 765 1181 patricius
776 1155 837 1172 cum
849 1146 942 1172 Servio
953 1145 1015 1172 Sul-

224 1186 293 1220 picio
306 1185 398 1212 consul
413 1194 481 1211 anno
499 1193 527 1211 x.
548 1189 607 1219 post
620 1188 726 1210 exactos
740 1192 815 1219 reges
830 1183 887 1210 l'uit.
909 1185 950 1209 63.
966 1183 1015 1210 Ca-

223 1224 292 1250 tonis
314 1227 401 1249 autem
425 1223 554 1249 orationes
578 1230 629 1248 non
649 1221 738 1247 miuus
756 1220 855 1247 multae
873 1220 927 1247 sere
940 1224 1012 1251 sunt,

222 1269 303 1295 quam
318 1260 396 1287 Attici
408 1260 510 1295 Lysiae.
527 1259 605 1285 cuius
619 1258 730 1284 arbitror
743 1257 873 1293 plurimas
887 1266 959 1290 esse,
974 1262 1015 1284 est

223 1298 293 1324 enim
312 1297 428 1328 Atticus,
448 1297 574 1332 quoniam
593 1300 662 1322 certe
680 1295 791 1322 Athenis
810 1300 848 1322 est
862 1299 887 1321 et
898 1299 976 1321 natus
990 1299 1015 1321 et

223 1339 343 1361 mortuus
357 1338 382 1360 et
397 1333 504 1360 functus
517 1334 589 1360 omni
600 1333 700 1359 civium
711 1341 834 1365 munere;
850 1341 1013 1367 quamquam

222 1372 346 1398 Timaeus
369 1379 443 1403 eum,
468 1371 545 1406 quasi
564 1371 664 1397 Licinia
683 1374 708 1396 et
725 1370 811 1396 Mucia
830 1369 900 1405 lege,
921 1369 1015 1404 repetit

223 1409 377 1444 Syracusas
415 1409 447 1435 Et
470 1407 586 1443 quodam
608 1407 687 1433 modo
709 1411 750 1433 est
772 1407 898 1433 nonnulla
920 1407 948 1433 in
972 1406 1014 1432 his

222 1447 300 1472 etiam
324 1447 392 1472 inter
410 1445 482 1480 ipsos
501 1444 663 1471 similitudo:
685 1444 755 1471 acuti
773 1449 848 1474 sunt.
869 1443 1011 1479 elegantes,

222 1483 307 1514 faceti,
324 1483 432 1515 l›reves;
448 1482 550 1509 sedille
560 1482 678 1509 Graecus
687 1482 720 1507 ab
729 1482 802 1508 omni
814 1481 891 1507 laude
902 1480 1012 1507 felicior.

223 1522 264 1547 6⁴5.
281 1520 363 1547 Habet
389 1520 460 1546 enim
483 1524 567 1546 certos
590 1519 632 1545 sui
656 1518 802 1549 studiosos,
823 1519 871 1553 qui
891 1526 942 1544 non
961 1522 1013 1544 tam

222 1557 329 1584 babitus
343 1558 460 1592 corporis
473 1558 586 1591 opimos,
599 1564 680 1591 quam
691 1555 851 1592 gracilitates
861 1559 1015 1582 consecten-

222 1600 277 1627 tur,
299 1603 380 1630 quos,
397 1594 521 1621 valetudo
535 1593 613 1620 modo
627 1593 694 1620 bona
707 1594 750 1624 sit,
767 1593 882 1619 tenuitas
896 1593 953 1628 ipsa
968 1592 1015 1618 de-
1035 1607 1036 1610 =

223 1631 307 1658 lectat.
343 1631 510 1667 Quamquam
524 1631 551 1657 in
566 1631 644 1666 Lysia
658 1639 737 1665 saepe
750 1634 814 1656 sunt
824 1630 902 1656 etiam
914 1629 1011 1660 lacerti,

222 1669 260 1695 sic
282 1673 311 1695 ut
335 1669 390 1695 fieri
414 1668 480 1695 nibil
499 1669 584 1703 possit
601 1667 748 1694 valentius:
774 1675 868 1693 verum
887 1671 927 1693 est
944 1671 1014 1693 certe

221 1715 317 1742 genere
336 1711 388 1733 toto
403 1706 553 1741 strigosior‚
573 1705 620 1731 sed
642 1704 722 1731 babet
739 1709 826 1730 tamen
844 1712 908 1730 suos
922 1703 1014 1730 lauda-

223 1748 303 1775 tores,
324 1744 371 1778 qui
390 1743 439 1769 hac
452 1744 509 1777 ipsa
523 1743 582 1769 eius
595 1741 742 1768 subtilitate
755 1741 899 1767 admodum
913 1741 1014 1777 gaude-
1035 1768 1037 1775 ¹

222 1785 275 1806 ant.
309 1780 390 1807 XVII.
413 1781 452 1807 65.
472 1780 595 1807 Catonem
614 1787 675 1805 vero
689 1779 751 1813 quis
766 1783 915 1805 nostrorum
929 1782 1014 1804 orato-

222 1826 296 1849 rum,
321 1818 367 1852 qui
391 1817 500 1852 quidem
520 1825 590 1843 nunc
608 1821 684 1847 sunt,
702 1815 783 1852 legit‘?
802 1820 847 1842 aut
865 1815 927 1850 quis
941 1815 1014 1841 novit

222 1854 347 1881 omnino‘?
372 1854 405 1880 At
418 1863 498 1889 quem
514 1855 611 1885 virum,
627 1854 667 1880 Dii
682 1853 758 1879 boni!
781 1853 855 1879 mitto
868 1853 954 1878 civem
968 1856 1014 1878 aut

223 1896 368 1918 senatorem
387 1897 433 1918 aut
446 1892 644 1926 imperatorem:
666 1894 794 1917 oratorem
809 1890 878 1916 enim
894 1889 944 1916 hoc
958 1889 1014 1916 loco

222 1929 391 1964 quaerimus·,
417 1929 479 1964 quis
498 1928 544 1955 illo
561 1928 667 1964 gravior
685 1927 712 1953 in
727 1926 877 1953 laudando‘?
896 1927 1014 1953 acerbior

222 1967 250 1993 in
270 1965 464 2001 vituperando?
487 1966 515 1992 in
533 1965 672 1992 sententiis
695 1963 831 2000 argutior?
850 1965 877 1990 in
895 1963 1014 1990 docendo

223 2003 447 2038 edisserendoque
474 2001 617 2029 subtilior?
653 2001 773 2028 Refertae
798 2005 861 2027 sunt
882 2001 1013 2027 orationes

223 2040 339 2076 amplius
361 2045 467 2067 centum
485 2039 692 2075 quinquaginta,
712 2047 780 2074 quas
797 2038 908 2073 quidem
927 2038 1014 2064 adbuc

222 2078 371 2104 invenerim
390 2082 415 2104 et
433 2077 551 2113 legerim,
572 2081 598 2103 et
614 2076 703 2103 verbis
718 2080 743 2102 et
756 2075 836 2102 rebus
849 2075 1012 2102 illustribus.

223 2116 296 2142 Licet
309 2124 342 2142 ex
355 2115 397 2141 his
411 2114 510 2150 eligant
523 2123 562 2145 ea,
577 2122 646 2149 quae
659 2113 791 2140 notatione
805 2117 831 2139 et
845 2112 922 2138 laude
933 2112 1014 2148 digna

223 2153 289 2184 sint,
323 2160 415 2179 omnes
441 2152 567 2178 oratoriae
590 2151 702 2177 virtutes
724 2150 752 2176 in
775 2150 814 2176 eis
837 2150 1012 2184 reperientur.

223 2192 264 2216 66.
289 2190 343 2216 lam
366 2197 428 2216 vero
451 2188 574 2224 Origines
591 2189 650 2214 eius
672 2195 753 2222 quem
771 2186 861 2214 florem
879 2191 925 2213 aut
941 2187 1014 2222 quod

224 2227 314 2254 lumen
333 2226 499 2261 eloquentiae
517 2234 569 2252 non
591 2224 707 2251 habent?
731 2224 868 2251 Amatores
887 2223 950 2250 huic
967 2223 1015 2250 de-

223 2268 293 2296 sunt,
310 2264 388 2290 sicuti
403 2263 495 2290 multis
508 2263 561 2289 iam
575 2266 635 2289 ante
648 2261 762 2288 saeculis
776 2266 801 2287 et
814 2261 926 2287 Philisto
936 2261 1016 2296 Syra-

223 2302 297 2328 cusio
323 2306 348 2327 et
373 2301 424 2335 ipsi
447 2299 608 2336 Thucydidi.
642 2300 708 2325 Nam
731 2303 761 2325 ut
783 2298 879 2325 horum
901 2298 1015 2325 concisis

224 2338 374 2369 sententiis,
400 2337 535 2364 interdum
559 2337 636 2363 etiam
661 2345 712 2362 non
731 2336 795 2362 satis
813 2335 911 2370 apertis
928 2344 1014 2370 quum

224 2375 365 2406 brevitate,
391 2379 446 2401 tum
470 2375 553 2401 nimio
570 2374 705 2405 acumine,
726 2372 809 2399 officit
825 2373 1014 2407 Theopompus

225 2411 335 2438 elatione
359 2417 438 2447 atque
461 2411 601 2438 altitudine
622 2411 748 2437 orationis
766 2418 840 2441 suae,
856 2410 929 2444 quod
942 2410 1014 2436 idem

225 2449 318 2484 Lysiae
329 2449 531 2482 Demosthenes;
553 2449 592 2475 sic
605 2448 711 2475 Catonis
723 2447 872 2474 luminibus
881 2447 1015 2473 obstruxit

226 2485 289 2511 baec
319 2486 494 2520 posteriorum
523 2486 600 2521 quasi
632 2488 788 2520 exaggerata
814 2483 895 2510 altius
920 2484 1012 2510 oratio.

225 2523 266 2547 67.
287 2522 339 2548 Sed
352 2527 377 2548 et
394 2523 422 2549 in
436 2523 532 2549 nostris
546 2523 652 2549 inscitia
665 2526 714 2553 est,
729 2521 802 2556 quod
815 2522 835 2547 ii
848 2521 910 2556 ipsi,
926 2521 974 2556 qui
986 2521 1015 2547 in

226 2559 332 2585 Graecis
358 2560 514 2594 antiquitate
543 2559 708 2586 delectantur
743 2567 827 2593 eaque
857 2557 1012 2588 subtilitate,

225 2604 304 2630 quam
320 2596 430 2622 Atticam
446 2596 587 2631 appellant,
604 2597 672 2623 hanc
684 2597 713 2622 in
727 2595 824 2622 Catone
836 2603 870 2621 ne
883 2599 1015 2621 noverunt

225 2632 344 2667 quidem.
379 2633 526 2668 Hyperidae
545 2633 638 2660 volunt
655 2641 713 2659 esse
731 2636 756 2659 et
774 2632 878 2668 Lysiae.
911 2631 1012 2658 Laudo.

226 2669 279 2696 Sed
300 2678 348 2696 cur
370 2669 462 2696 nolunt
488 2669 612 2697 Catonis?
640 2670 726 2696 Attico
746 2678 843 2705 genere
860 2668 967 2695 dicendi
985 2677 1014 2695 se

801 149 840 174 10.
876 147 909 174 Μ.
938 148 967 174 Τ.
1002 146 1278 175 (ΣΙΩΕΠΟΝΙΕ

1040 219 1043 245 l
1064 218 1179 253 gaudere
1201 219 1302 245 dieunt.
1341 218 1479 253 Sapienter
1501 218 1527 245 id
1570 218 1669 245 uidem,
1703 221 1744 245 68.
1768 220 1854 255 Atque

1041 256 1044 313 l
1066 257 1165 282 utinam
1185 257 1364 285 imitarentur,
1385 264 1433 282 nec
1450 264 1509 282 oon
1527 265 1557 282 ιο
1569 265 1623 285 um.
1640 256 1686 282 sed
1700 257 1778 283 etiam
1793 266 1851 283 nn-

1064 293 1188 326 ,ruint-m!
1211 293 1321 318 Gratum
1335 297 1375 319 est
1389 297 1485 323 tamen,
1500 293 1572 328 quod
1588 293 1688 319 volunt.
1711 293 1765 320 Cur
1774 295 1855 328 igitur

1041 323 1044 353 l
1067 330 1158 365 hynian
1173 334 1197 355 et
1213 329 1359 364 Hyperides
1373 334 1484 360 amatur,
1499 338 1584 365 quum
1599 331 1705 365 penitus
1720 326 1855 366 ignoretur

1066 366 1147 393 Cato?
1166 367 1307 402 Antiquior
1324 371 1364 393 est
1383 366 1464 393 huius
1482 375 1569 393 nermo
1585 372 1611 393 et
1624 362 1755 402 quaedam
1771 368 1856 394 borri-

1042 390 1044 432 l
1065 404 1137 430 diora
1163 404 1255 430 verba:
1282 404 1317 430 ita
1339 404 1410 430 enim
1430 408 1486 430 tum
1505 403 1690 439 loquebantur.
1724 404 1752 431 ld
1771 410 1853 434 muta.

1042 433 1044 475 ἶ
1065 441 1137 476 quod
1155 445 1211 467 tum
1231 440 1274 467 ille
1289 449 1340 467 non
1360 442 1458 475 potuit.
1475 446 1501 467 et
1513 441 1580 467 adde
1594 450 1718 468 numeros
1732 446 1757 468 et
1771 442 1856 477 aptior

1035 478 1044 501 *ἰ
1066 479 1100 504 uit
1122 479 1217 508 oratio.
1234 479 1291 512 ipsa
1311 478 1389 504 verba
1407 486 1535 513 compone
1553 483 1579 504 οι
1595 479 1672 513 quui
1690 483 1854 513 coagmenta.

1042 512 1044 543 Ῐ
1065 515 1137 550 quod
1165 524 1197 541 ne
1220 515 1313 541 Graeci
1332 514 1441 550 quidem
1461 520 1563 541 veteres
1582 514 1780 542 factitaverunt:
1803 517 1854 542 iam

1042 559 1043 575 1
1067 553 1199 579 neminem
1228 557 1371 587 antepones
1397 552 1498 579 Catoni.
1532 553 1572 578 69.
1597 551 1689 579 Ornari
1711 553 1854 579 orationem

1042 590 1045 624 l
1066 590 1158 616 Graeci
1178 594 1283 624 putant,
1299 590 1321 615 si
1338 589 1479 616 verborum
1493 589 1723 615 immutationibus
1738 594 1852 616 utantur.

1066 635 1133 662 quos
1147 626 1282 662 appellant
1297 626 1418 661 τρόπους,
1432 631 1457 653 et
1471 627 1661 652 sententiarum
1675 627 1856 662 orationisque

1043 681 1045 698 ,
1067 663 1171 694 formis.
1195 672 1264 699 quae
1287 668 1380 690 vocant
1402 663 1535 698 σχήμαιαε
1563 672 1614 690 ιιοη
1633 664 1688 690 veri
1700 663 1788 690 similo
1805 669 1853 693 est.

1043 702 1045 708 '
1066 709 1146 736 quam
1170 702 1205 727 sit
1228 701 1253 727 in
1278 706 1390 736 utroque
1407 709 1503 736 genere
1522 705 1547 727 et
1564 700 1656 726 creber
1673 705 1698 727 et
1714 700 1856 727 distinctus

1044 760 1045 769 ,
1067 737 1138 765 Cato.
1172 738 1265 764 xviii.
1289 738 1341 764 Nec
1368 746 1429 764 vero
1451 739 1556 774 ignoro.
1578 737 1696 764 nondum
1715 746 1774 764 esse
1791 739 1856 765 satia

1043 776 1045 792 2
1067 774 1178 810 politum
1197 775 1268 801 hunc
1285 780 1427 805 oratorem,
1447 780 1473 801 et
1485 775 1667 810 quaerendum
1681 783 1740 801 esse
1753 774 1854 810 aliquid

1043 821 1045 842 ⁴,
1067 811 1222 847 perfectius:
1244 813 1345 847 quippe
1363 820 1448 847 quum
1466 813 1501 838 ita
1519 812 1553 838 sit
1571 812 1603 838 ad
1622 817 1770 838 nostrorum
1789 818 1856 839 tem-

1044 854 1045 859 *
1067 858 1161 884 porum
1185 850 1311 875 rationem
1335 854 1424 879 vetus,
1450 854 1478 875 ut
1501 848 1603 875 nullius
1621 850 1750 884 scriptum
1770 854 1855 876 exstet

1066 886 1178 922 dignum
1205 886 1314 921 quidem
1343 886 1467 916 lectione.
1487 886 1558 921 quod
1573 887 1608 912 sit
1621 887 1768 921 antiquius.
1803 886 1854 913 Sed

1067 924 1164 950 maiore
1183 923 1280 949 honore
1299 924 1325 949 in
1339 923 1465 949 omnibus
1478 923 1588 953 artibus,
1604 932 1685 958 quam
1699 924 1726 950 in
1741 924 1790 950 hac
1803 933 1855 950 una

1066 960 1186 990 dicendi,
1208 965 1327 986 versatur
1344 961 1497 995 antiquitas.
1527 961 1569 986 70.
1584 959 1650 992 Quis
1667 961 1738 987 enim
1753 969 1853 989 eorum.

1066 999 1112 1033 qui
1126 998 1189 1024 baec
1200 998 1299 1024 minora
1311 997 1533 1027 animadvertunt,
1542 997 1855 1033 nonintelligit,Canachi

1036 1041 1045 1062 1⁴
1066 1036 1142 1071 signa
1167 1035 1290 1070 rigidiora
1309 1043 1380 1065 esse,
1400 1043 1481 1069 quam
1500 1038 1529 1060 ut
1546 1035 1684 1061 imitentur
1702 1035 1858 1062 veritatem?

1066 1072 1210 1098 Calamidis
1220 1072 1286 1098 dura
1297 1071 1341 1098 illa
1352 1072 1472 1107 quidem,
1484 1071 1531 1098 sed
1541 1076 1627 1098 tamen
1638 1071 1766 1102 molliora.
1774 1081 1855 1108 quam

1066 1109 1193 1136 Canachi:
1217 1109 1334 1135 nondum
1353 1109 1470 1144 Myronis
1487 1109 1552 1135 satis
1569 1109 1602 1134 ad
1617 1110 1753 1135 veritatem
1771 1109 1857 1136 addu—

1065 1151 1119 1173 cta:
1142 1147 1194 1172 iam
1217 1151 1317 1177 tamen,
1341 1154 1409 1181 quae
1428 1154 1479 1172 non
1497 1145 1604 1172 dubites
1624 1145 1734 1181 pulchra
1752 1146 1854 1173 dicere:

1067 1183 1217 1219 pulchriora
1237 1184 1315 1210 etiam
1333 1183 1459 1219 Polycleti
1478 1187 1503 1209 et
1521 1184 1572 1209 iam
1592 1182 1669 1218 plane
1687 1183 1810 1218 perlecta,
1828 1189 1856 1210 ut

1067 1221 1131 1247 mihi
1150 1221 1260 1256 quidem
1279 1220 1363 1247 videri
1381 1220 1475 1247 solent.
1509 1219 1612 1247 Similis
1630 1221 1657 1247 in
1676 1221 1777 1255 pictura
1791 1222 1857 1248 ratio

1065 1262 1118 1284 est:
1145 1259 1172 1284 in
1194 1267 1246 1293 qua
1266 1258 1366 1284 Zeuxin
1384 1262 1409 1284 et
1428 1257 1603 1293 Polygnotum
1621 1263 1646 1284 et
1665 1258 1813 1284 Timantem
1831 1263 1857 1284 et

1065 1303 1170 1326 eorum,
1191 1295 1237 1330 qui
1258 1304 1308 1321 non
1323 1299 1385 1321 sunt
1399 1295 1440 1321 usi
1456 1294 1516 1329 plus
1530 1303 1610 1330 quam
1624 1299 1750 1330 quattuor
1761 1295 1857 1322 eolori-

1066 1333 1125 1363 bus,
1147 1332 1245 1359 formas
1263 1337 1288 1358 et
1303 1332 1458 1358 lineamenta
1474 1331 1628 1358 laudamus:
1649 1336 1674 1358 at
1688 1332 1714 1358 in
1728 1332 1854 1363 Echione,

1066 1369 1239 1400 Nicomacho,
1267 1369 1420 1405 Protogene,
1449 1368 1541 1404 Apelle
1570 1370 1623 1395 iam
1654 1368 1768 1404 perfecta
1792 1374 1857 1396 sunt

1065 1407 1163 1434 omnia.
1197 1407 1229 1433 Et
1243 1407 1332 1433 nescio
1345 1415 1378 1432 an
1389 1406 1500 1441 reliquis
1513 1406 1541 1432 in
1555 1406 1635 1432 rebus
1648 1406 1774 1433 omnibus
1784 1406 1856 1433 idem

1065 1444 1182 1470 eveniat:
1204 1443 1271 1470 nihil
1290 1448 1330 1470 est
1347 1444 1418 1470 enim
1436 1442 1517 1470 simul
1536 1447 1561 1469 et
1578 1443 1717 1470 inventum
1731 1448 1756 1470 et
1769 1443 1856 1479 perfe-

1065 1485 1152 1512 ctum:
1174 1482 1216 1507 7⁴.
1237 1489 1285 1507 nec
1304 1481 1420 1507 dubitari
1434 1480 1522 1512 debet,
1537 1481 1604 1516 quin
1619 1480 1718 1507 suerint
1731 1486 1791 1508 ante
1803 1481 1856 1508 Ho-

1066 1526 1169 1545 merum
1189 1523 1292 1553 poetae,
1312 1518 1385 1553 quod
1402 1526 1436 1544 ex
1452 1518 1491 1544 eis
1504 1517 1668 1544 carminibus
1681 1517 1795 1554 intelligi
1809 1526 1857 1553 po-

1065 1560 1123 1586 test,
1139 1564 1208 1590 quae
1221 1555 1292 1590 apud
1306 1555 1383 1582 illum
1397 1559 1422 1581 et
1435 1555 1462 1581 in
1473 1554 1622 1581 Phaeacum
1635 1559 1661 1581 et
1673 1555 1701 1581 in
1715 1563 1855 1590 procorum

1065 1592 1153 1628 epulis
1175 1597 1316 1619 canuntur.
1356 1591 1440 1625 Quid,
1469 1592 1551 1618 nostri
1574 1597 1677 1618 veteres
1695 1600 1790 1619 versus
1808 1592 1855 1618 ubi

1065 1629 1147 1656 sunt?

1102 1682 1138 1686 —
1147 1682 1183 1686 —
1193 1675 1256 1700 quos
1269 1667 1328 1693 olim
1338 1666 1424 1693 Fauni
1433 1671 1551 1700 vatesque
1562 1668 1694 1696 canebant,

1101 1713 1179 1738 quum
1194 1713 1273 1737 neque
1283 1704 1418 1730 Musarum
1430 1704 1548 1736 scopulos
1561 1706 1698 1737 quisquam
1707 1710 1853 1737 super-aral.

1102 1750 1147 1768 nec
1158 1743 1221 1768 dicii
1230 1743 1359 1767 studiosus
1367 1745 1423 1767 erat
1435 1755 1472 1760 -—-

1102 1783 1161 1804 unte
1173 1780 1253 1810 hunc,-

1065 1815 1100 1841 ait
1118 1816 1176 1850 ipse
1195 1815 1228 1841 de
1246 1823 1288 1846 se,
1308 1823 1356 1841 nec
1374 1815 1501 1840 mentitur
1518 1814 1546 1841 in
1559 1813 1710 1850 gloriando:
1731 1814 1771 1841 sic
1783 1815 1856 1841 enim

1064 1861 1122 1878 sese
1137 1861 1178 1878 res
1192 1852 1280 1878 babet.
1320 1852 1386 1878 Nam
1401 1856 1425 1878 et
1438 1851 1557 1887 Odyssea
1571 1851 1662 1877 Latina
1675 1855 1716 1877 est
1727 1851 1776 1882 sie,
1789 1856 1856 1878 tam-

1064 1898 1144 1924 quam
1163 1898 1231 1924 opus
1249 1889 1358 1924 aliquod
1376 1888 1491 1919 Daedali,
1506 1893 1532 1915 et
1545 1888 1670 1914 Livianae
1683 1887 1789 1914 fabulae
1803 1897 1855 1915 non

1064 1927 1128 1953 satis
1147 1926 1256 1962 dignae,
1277 1934 1346 1961 quae
1363 1926 1461 1952 iterum
1480 1925 1610 1961 legantur.
1644 1925 1686 1951 72.
1705 1925 1794 1960 Atque
1811 1925 1856 1952 hic

1064 1964 1167 1995 Livius,
1183 1964 1231 1998 qui
1246 1963 1349 1998 primus
1363 1962 1490 1994 fabulam,
1507 1963 1536 1989 C.
1551 1961 1662 1989 Claudio
1676 1961 1753 1989 Caeci
1766 1961 1822 1989 filio
1830 1967 1856 1989 et

1064 2001 1100 2027 M.
1116 2000 1247 2027 Tuditano
1264 2000 1435 2031 consulibus,
1450 1999 1540 2026 docuit
1552 2008 1620 2025 anno
1633 1999 1701 2034 ipso,
1713 2004 1855 2035 antequam

1065 2042 1142 2064 natus
1156 2042 1196 2064 est
1208 2038 1321 2069 Ennius,
1337 2042 1397 2072 post
1409 2037 1520 2063 Romam
1533 2036 1665 2063 conditam
1676 2040 1765 2063 autem
1775 2045 1856 2072 quar—

1066 2075 1195 2102 todecimo
1207 2080 1233 2102 et
1250 2074 1478 2110 quingentesimo.
1493 2078 1523 2100 ut
1536 2073 1579 2100 hic
1593 2073 1641 2104 ait,
1657 2082 1738 2108 quem
1751 2082 1800 2101 nos
1812 2082 1856 2100 se—

1065 2113 1188 2148 quimur,
1210 2116 1250 2138 est
1267 2112 1338 2138 enim
1356 2111 1425 2137 inter
1442 2112 1583 2146 scriptores
1601 2110 1635 2137 de
1650 2118 1761 2137 numero
1773 2119 1856 2138 anno-

1065 2159 1125 2176 rum
1139 2149 1326 2176 controversia.
1359 2148 1456 2175 Accius
1471 2152 1559 2174 autem
1572 2156 1587 2174 a
1599 2146 1631 2180 Q.
1647 2147 1763 2174 Maximo
1773 2148 1855 2183 quin—

1066 2191 1122 2213 tum
1143 2185 1253 2213 consule
1273 2190 1381 2220 captum
1404 2186 1508 2212 Tarenti
1527 2185 1635 2219 scripsit
1652 2184 1760 2211 Livium
1777 2185 1855 2211 annis

1063 2232 1134 2250 xxx
1150 2228 1222 2258 post,
1237 2231 1319 2258 quam
1333 2231 1396 2249 eum
1418 2222 1536 2249 fabulam
1558 2221 1682 2248 docuisse
1703 2225 1730 2248 et
1750 2221 1855 2248 Atticus

1065 2261 1157 2287 scribit
1179 2265 1205 2286 et
1226 2269 1274 2287 nos
1292 2261 1320 2286 in
1338 2260 1455 2295 antiquis
1471 2259 1668 2286 commentariis
1684 2259 1852 2286 invenimus.

1065 2299 1107 2325 73.
1122 2297 1246 2324 docuisse
1260 2302 1348 2324 autem
1364 2296 1481 2323 fabulam
1495 2297 1572 2323 annis
1584 2299 1645 2330 post
1656 2303 1699 2326 XI,
1715 2295 1745 2322 C.
1757 2295 1856 2322 Come-

1066 2335 1109 2366 lio,
1125 2334 1156 2367 Q.
1172 2335 1289 2361 Minucio
1302 2334 1468 2365 consulibus,
1481 2333 1553 2360 ludis
1562 2332 1716 2364 Iuventatis,
1728 2341 1797 2368 quos
1806 2331 1855 2359 Sa-

1066 2371 1161 2398 linator
1178 2371 1290 2398 Senensi
1308 2371 1408 2406 praelio
1422 2374 1537 2398 voverat.
1570 2370 1600 2396 ln
1613 2377 1668 2404 quo
1680 2374 1770 2396 tantus
1783 2377 1855 2397 error

1065 2409 1136 2435 Accii
1156 2408 1219 2439 suit,
1239 2413 1268 2435 ut
1282 2409 1324 2435 his
1337 2407 1494 2435 consulibus
1510 2415 1552 2432 n.
1564 2414 1648 2433 annos
1661 2411 1739 2433 natus
1750 2406 1855 2434 Ennius

1066 2446 1158 2472 fuerit:
1182 2446 1226 2472 cui
1242 2454 1328 2481 quum
1346 2444 1465 2480 aequalis
1483 2443 1563 2470 l'uerit
1580 2443 1684 2474 Livius,
1704 2444 1791 2470 minor
1802 2443 1855 2470 suit

1065 2483 1201 2518 aliquanto
1218 2483 1250 2514 is,
1266 2483 1314 2518 qui
1333 2483 1437 2517 primus
1450 2480 1568 2508 fabulam
1577 2480 1660 2511 dedit,
1671 2489 1754 2515 quam
1764 2481 1793 2512 ii,
1804 2481 1854 2516 qui

1065 2520 1164 2546 multas
1189 2520 1333 2546 docuerant
1354 2523 1414 2545 ante
1436 2518 1484 2545 hos
1501 2517 1638 2549 consules,
1657 2522 1684 2544 et
1699 2517 1811 2544 Plautus
1828 2522 1855 2544 et

1065 2558 1192 2583 Naevius.
1224 2557 1299 2583 XIX.
1319 2557 1361 2583 74.
1376 2556 1445 2582 Haec
1453 2556 1476 2581 si
1486 2555 1576 2581 minus
1587 2559 1646 2589 apta
1657 2554 1782 2581 videntur
1790 2554 1854 2581 huic

1065 2595 1194 2625 sermoni,
1213 2594 1306 2625 Brute,
1326 2593 1412 2619 Attico
1428 2593 1547 2628 assigna,
1563 2592 1610 2626 qui
1624 2599 1668 2618 me
1679 2590 1855 2618 inflammavit

1065 2631 1154 2657 studio
1174 2630 1322 2657 illustrium
1340 2629 1480 2656 hominum
1498 2633 1596 2655 aetates
1613 2633 1639 2655 et
1657 2633 1774 2663 tempora
1791 2636 1854 2663 per*-

1064 2667 1204 2703 sequendi.
1238 2668 1294 2704 Ego
1311 2675 1386 2698 vero,
1406 2667 1495 2701 inquit
1511 2666 1622 2695 Brutus,
1638 2669 1663 2691 et
1675 2664 1790 2692 delector
1802 2666 1853 2691 ista
