1941 3052
406 137 731 165 EPISTOLARUM
761 137 814 164 AD
843 137 1051 164 ATTICUM
1082 138 1162 164 LIB.
1184 138 1215 164 V.

71 209 227 246 praesertim
242 217 327 244 quum
343 208 433 234 virum
448 209 593 243 optimum,
611 209 808 243 Pompfinium,
831 217 864 234 ne

71 256 143 274 nunc
153 246 265 281 quidem
280 246 394 272 retinere
404 246 515 280 possim.
556 247 635 280 Rapit
645 247 716 271 enim
728 246 863 271 hominem

72 284 225 311 Postumius
237 283 357 314 Romam,
371 282 481 309 fortasse
493 283 573 309 etiam
584 284 730 309 Postumia.
756 285 795 308 10.
814 283 865 308 Ha-

71 321 119 348 bes
130 320 242 347 consilia
254 325 352 347 nostra.
384 321 460 346 Nunc
472 329 602 355 cognosce
613 320 645 346 de
656 321 745 346 Bruto.
777 320 866 346 Fami-

72 358 151 385 liares
167 358 247 384 habet
260 358 357 384 Brutus
373 362 435 384 tuus
451 357 582 392 quosdam
598 357 742 384 creditores
753 356 867 383 Salami-

71 396 179 422 niorum
190 403 224 421 ex
235 395 336 430 Cypro,
350 395 384 421 M.
398 394 536 429 Scaptium
548 399 573 421 et
584 395 612 421 P.
626 395 780 427 Matinium;
798 402 866 428 quos

73 432 142 459 mihi
157 432 286 458 maiorem
300 433 328 458 in
352 432 462 458 modum
478 432 685 458 commendavit.
726 432 866 457 Matinium

73 478 126 497 non
138 470 214 502 novi,
233 469 357 504 Scaptius
372 469 405 496 ad
418 478 459 495 me
471 470 498 495 in
510 474 594 495 castra
606 470 689 495 venit.
730 468 867 495 Pollicitus

73 515 134 534 sum
146 511 303 533 curaturum
315 516 371 538 me,
385 507 458 533 Bruti
469 515 578 537 caussa,
592 511 622 532 ut
632 507 656 532 ei
668 506 809 532 Salaminii
821 514 868 539 pe-

73 545 182 571 cuniam
194 543 338 571 solverent.
376 544 438 579 Egit
448 545 557 579 gratias
593 542 787 569 Praefecturam
799 543 868 577 peti-

73 582 123 608 vit.
155 582 258 617 Negavi
269 590 311 607 me
322 581 450 615 cuiquam
461 581 607 616 negotianti
619 580 694 612 dare,
712 580 783 614 quod
796 580 867 605 idem

74 619 125 646 tibi
140 619 319 645 ostenderam.
360 618 408 645 Cn.
421 619 548 652 Pompeio
563 618 662 652 petenti
674 617 815 652 probaram
827 617 869 642 in-

73 657 199 682 stitutum
210 665 314 688 meum;
328 656 395 690 quid
406 654 511 681 dicam‘?
522 655 667 689 Torquato,
680 654 712 680 de
723 655 758 680 M.
772 654 869 680 Laenio

74 697 129 724 tuo,
146 693 239 719 multis
251 693 321 719 aliis.
341 693 368 719 Si
380 692 529 727 praefectus
541 692 621 718 vellet
631 700 689 717 esse
700 691 868 727 syngraphae

74 739 184 762 caussa,
206 739 248 757 me
262 735 432 760 curaturum,
455 735 484 755 ut
504 730 632 764 exigeret.
673 729 778 755 Gratias
799 730 866 763 egit:

75 767 210 794 discessit.
248 767 353 802 Appius
365 771 454 793 noster
463 771 565 792 turmas
577 766 679 800 aliquot
689 767 811 800 equitum
823 767 870 792 de-

75 805 150 831 derat
161 805 224 831 huic
235 805 353 839 Scaptio,
374 813 422 838 per
432 812 499 838 quas
510 803 671 829 Salaminios
683 809 827 836 coerceret3
846 808 871 830 et

75 842 201 869 eumdem
214 842 343 868 habuerat
353 840 527 875 praefectum.
567 840 687 867 Vexabat
697 840 868 868 Salaminios.

74 879 132 915 Ego
147 880 251 914 equites
266 888 300 905 ex
315 878 402 914 Cypro
417 877 546 904 decedere
562 878 640 904 iussi.
680 878 789 905 Moleste
809 878 871 905 tulit

75 917 209 951 Scaptius.
252 918 292 942 Η.
314 915 385 948 Quid
400 914 502 941 multa‘?
517 915 550 941 Ut
565 916 589 941 ei
601 915 681 941 fidem
693 925 779 942 meam
793 925 871 951 prae-

75 958 186 986 starem,
210 962 295 988 quum
306 953 340 979 ad
351 961 393 979 me
405 952 547 979 Salaminii
557 953 670 978 Tarsum
682 954 833 985 venissent,
846 957 872 979 ct

76 999 129 1017 una
141 990 275 1025 Scaptius,
289 990 431 1025 imperavi,
445 994 474 1016 ut
485 991 628 1024 pecuniam
639 989 783 1017 solverent.
801 990 872 1017 Mul-

75 1033 100 1055 ta
112 1028 145 1054 de
157 1028 324 1064 syngrapha,
342 1027 374 1054 de
386 1027 486 1062 Scaptii
497 1028 615 1053 iniuriis.
655 1028 758 1064 Negavi
770 1037 812 1055 me
823 1037 872 1054 au-

75 1065 144 1092 dire.
175 1066 298 1092 Hortatus
309 1074 383 1097 sum;
397 1065 482 1099 petivi
493 1066 586 1095 etiam,
600 1073 647 1099 pro
658 1067 725 1092 meis
737 1067 764 1092 in
776 1067 872 1092 civita-

76 1107 129 1130 tem
144 1102 284 1129 beneficiis
298 1107 328 1128 ut
343 1103 479 1138 negotium
490 1102 663 1129 conficerent:
684 1103 801 1138 denique
813 1103 871 1129 dixi

76 1149 118 1166 me
129 1145 294 1167 coacturum.
324 1140 452 1166 Homines
463 1148 514 1165 non
527 1139 605 1166 modo
615 1149 667 1166 non
680 1149 811 1172 recusare,
824 1140 871 1166 sed

76 1178 157 1204 etiam
169 1178 218 1204 hoc
229 1177 332 1208 dicere,
350 1186 379 1203 se
390 1185 404 1203 a
416 1185 457 1203 me
469 1176 582 1203 solvere.
623 1178 700 1210 Quod
711 1179 783 1204 enim
795 1186 873 1213 prae-

76 1216 126 1242 tori
137 1215 200 1241 dare
211 1219 394 1245 consuessent,
408 1215 535 1249 quoniam
547 1223 596 1250 ego
608 1223 659 1241 non
671 1224 834 1250 acceperam,
844 1223 872 1241 se

76 1261 90 1278 a
102 1261 144 1278 me
155 1252 272 1287 quodam
285 1251 363 1278 modo
374 1252 450 1284 dare;
468 1256 548 1286 atque
560 1252 639 1278 etiam
651 1253 741 1279 minus
753 1261 812 1279 esse
823 1252 873 1278 ali—

76 1294 176 1324 quanto
188 1290 215 1315 in
222 1290 322 1324 Scaptii
333 1290 450 1320 nomine,
459 1297 540 1324 quam
552 1289 579 1315 in
592 1290 717 1325 vectigali
729 1291 871 1325 praetorio.

77 1327 235 1353 Collaudavi
248 1327 381 1353 homines.
398 1327 486 1357 Recte,
501 1326 733 1362 inquitScaptius:
747 1328 795 1354 sed
806 1327 873 1354 sub—

76 1364 209 1390 ducamus
220 1372 364 1390 summam.
395 1364 513 1394 Interim,
527 1373 612 1398 quum
624 1373 673 1400 ego
684 1365 711 1391 in
723 1365 809 1392 edicto
820 1369 873 1391 tra-

78 1401 174 1432 latitio,
191 1402 351 1428 centesimas
362 1410 405 1427 me
416 1401 636 1433 observaturum,
655 1402 796 1434 haberem,
809 1411 872 1428 cum

76 1439 239 1465 anatocismo
253 1439 436 1465 anniversario
451 1438 496 1464 ille
507 1447 541 1465 ex
555 1439 709 1474 syngrapha
720 1439 873 1474 postulabat

76 1481 230 1511 quaternas.
279 1476 351 1508 Quid
375 1475 434 1502 ais‘?
460 1476 585 1510 inquam,
613 1485 759 1511 possumne
782 1482 872 1504 contra

76 1522 167 1540 meum
187 1513 324 1540 edictum?
351 1514 385 1539 At
404 1512 450 1539 ille
469 1513 570 1548 profert
588 1518 698 1541 senatus
718 1514 872 1543 consultum

76 1550 190 1578 Lentulo
205 1551 385 1587 Philippoque
401 1551 573 1583 consulibus,
596 1562 642 1584 υτ,
665 1562 714 1583 oui
734 1563 871 1581 cuicum

75 1598 255 1620 oa‘riunnar,
276 1599 321 1615 rus
337 1599 371 1615 ax
391 1598 457 1615 1LLA
477 1598 648 1616 synemena
669 1600 806 1617 nicensi.
831 1593 870 1618 42.

76 1625 206 1653 Cohorrui
220 1627 320 1661 primo;
339 1627 438 1652 etenim
454 1631 510 1652 erat
521 1627 644 1653 interitus
655 1628 783 1655 civitatis.
820 1629 872 1655 Re-

75 1664 151 1698 perio
166 1663 220 1690 duo
235 1668 343 1690 senatus
359 1663 480 1690 consulta
496 1664 593 1690 iisdem
609 1665 768 1691 consulibus
783 1666 816 1692 de
827 1675 872 1692 ea-

76 1700 138 1727 dem
154 1701 317 1737 syngrapha.
358 1700 499 1727 Salaminii
514 1710 600 1736 quum
616 1703 713 1728 Romae
732 1711 871 1730 versuram

76 1737 163 1764 facere
178 1738 291 1770 vellent,
309 1747 360 1765 non
373 1742 506 1773 poterant,
524 1739 596 1773 quod
614 1739 657 1766 lex
668 1740 784 1767 Gabinia
798 1746 872 1768 veta-

75 1775 131 1802 bat.
172 1776 240 1803 Tum
252 1776 272 1802 ii
282 1776 356 1802 Bruti
368 1775 523 1807 familiares,
538 1775 598 1802 freti
609 1777 693 1812 gratia
706 1778 792 1810 Bruti,
809 1779 871 1805 dare

76 1812 203 1839 volebant
213 1814 360 1848 quaternis,
369 1813 392 1839 si
404 1813 457 1839 sibi
468 1818 577 1839 senatus
589 1814 711 1841 consulto
721 1821 870 1843 caveretur.

76 1849 119 1876 Fit
128 1851 213 1886 gratia
224 1851 298 1878 Bruti
308 1855 418 1877 senatus
429 1850 592 1882 consultum,
606 1861 639 1878 υτ
654 1861 688 1878 ΝΕ
697 1862 728 1878 νε
746 1862 872 1880 sunni-

76 1896 148 1918 uiis,
183 1897 259 1914 nava
289 1898 339 1919 oni
369 1897 414 1914 ais
444 1897 602 1920 DEDtsSET,
635 1898 743 1916 rmum
774 1900 870 1917 esser.

76 1924 221 1950 Pecuniam
243 1930 428 1952 numerarunt.
468 1926 501 1951 At
515 1930 606 1960 postea
622 1927 696 1953 venit
712 1927 738 1953 in
755 1933 871 1955 mentem

77 1961 303 1993 foeneratoribus,
321 1962 390 1988 nihil
407 1971 435 1988 se
451 1963 543 1988 iuvare
560 1963 628 1989 illud
643 1969 752 1990 senatus
764 1966 873 1992 consul—

77 2003 148 2029 tum,
165 1999 238 2033 quod
250 2007 284 2026 ex
294 1999 447 2035 syngrapha
459 2000 501 2025 ius
513 2000 567 2026 dici
580 1999 623 2026 lex
634 2001 749 2028 Gabinia
762 2008 871 2030 vetaret.

76 2035 146 2062 Tum
158 2036 186 2062 fit
197 2041 305 2063 senatus
316 2037 478 2067 consultum,
496 2046 548 2064 NON
564 2046 597 2063 ur
611 2046 677 2064 Atio
693 2047 727 2064 izA
742 2048 873 2067 svamm-

77 2082 132 2100 paa
151 2082 219 2100 iuni:
240 2083 339 2105 asser,
364 2083 441 2105 Quam
461 2082 610 2106 cercina,
637 2075 684 2089 *⁶*
700 2085 753 2102 εει)
769 2086 801 2103 υτ
822 2087 874 2104 ao·-

76 2111 148 2137 nnm!
166 2110 255 2143 Quum
268 2111 333 2137 haec
344 2111 548 2142 disseruissem,
561 2111 668 2139 seducit
679 2121 720 2139 me
732 2113 870 2149 Scaptius;

77 2148 114 2175 ait
128 2156 156 2174 se
172 2148 240 2174 nihil
257 2154 346 2175 contra
358 2149 460 2181 dicere,
479 2149 526 2175 sed
540 2148 599 2175 illos
610 2154 716 2184 putare,
735 2151 832 2178 talenta
843 2161 873 2178 cc

77 2193 106 2212 se
117 2185 228 2218 debere;
247 2194 277 2212 ea
292 2195 320 2212 se
339 2186 407 2212 velle
423 2187 557 2220 accipere3
576 2186 673 2213 debere
689 2193 777 2215 autem
791 2188 871 2226 [illos]

76 2222 168 2257 paullo
179 2223 283 2256 minus,
300 2228 381 2257 rogat,
395 2228 424 2250 ut
434 2232 479 2250 eos
490 2223 523 2249 ad
535 2231 565 2249 cc
577 2224 733 2258 perducam.
754 2226 871 2261 Optime,

77 2260 199 2295 inquam.
240 2261 310 2288 Voco
327 2261 386 2287 illos
403 2261 434 2287 ad
452 2270 506 2291 me.
531 2267 630 2288 remoto
645 2262 762 2297 Scaptio.
802 2265 873 2296 Quid

77 2296 143 2324 vos?
163 2302 304 2332 quantum,
325 2299 446 2333 inquam,
469 2298 592 2325 debetis?
612 2300 795 2334 Respondent,
819 2310 871 2328 cvi.

77 2333 172 2361 Refero
183 2335 216 2361 ad
227 2335 375 2370 Scaptium.
406 2336 488 2362 llomo
500 2335 624 2362 clamare.
656 2338 726 2369 Quid
738 2347 806 2372 opus
817 2339 874 2365 est‘?

77 2372 199 2406 inquam.
230 2373 354 2399 Rationes
365 2373 517 2400 conferatis,
548 2373 687 2405 Assidunt,
701 2375 871 2403 subducunt:

77 2408 111 2435 ad
122 2417 265 2436 nummum
276 2411 411 2437 convenit.
454 2411 494 2437 llli
505 2420 533 2437 se
546 2419 685 2437 numerare
698 2412 779 2445 velle,
794 2422 874 2449 urge-⁴

78 2454 115 2477 re,
130 2450 159 2473 ut
169 2447 311 2482 acciperet.
352 2448 477 2483 Scaptius
489 2457 530 2474 me
546 2457 639 2474 rursus
650 2449 768 2482 sedncit3
788 2455 871 2485 rogat,

77 2487 108 2509 ut
118 2491 174 2509 rem
185 2484 225 2510 sic
236 2484 397 2520 relinquam.
419 2485 483 2512 Dedi
497 2486 602 2512 veniam
615 2485 717 2512 homini
730 2487 874 2521 impuden-

77 2524 118 2546 ter
129 2521 238 2554 petenti.
279 2522 389 2549 Graecis
400 2523 590 2558 querentibus,
606 2528 633 2549 ut
646 2524 671 2549 in
685 2523 744 2550 fano
755 2524 874 2559 depone-

78 2562 150 2588 rent,
168 2557 381 2592 postulantibus,
403 2569 455 2586 non
473 2561 603 2586 concessi.
645 2560 765 2587 Clamare
780 2571 873 2588 omnes

79 2595 126 2629 qui
137 2594 260 2627 aderant,
277 2596 346 2623 nihil
362 2597 548 2632 impudentius
562 2598 681 2632 Scaptio,
699 2599 746 2633 qui
758 2600 873 2625 centesi-

79 2631 131 2657 mis
146 2640 209 2658 cum
224 2633 387 2661 anatocismo
402 2639 542 2662 contentus
555 2644 605 2661 non
620 2639 703 2661 esset:
725 2635 785 2666 ulii.
805 2636 872 2662 nihil

79 2668 198 2696 stultius.
237 2670 304 2698 Mihi
315 2676 404 2699 autem
417 2672 562 2708 impudens
574 2673 669 2708 magis,
683 2681 764 2708 quum
775 2673 873 2700 stultus

1246 139 1266 164 Ε
1280 139 1307 164 l'.
1331 140 1371 165 21.
1658 141 1707 166 857

916 208 1067 235 videbatur.
1098 209 1165 235 Nam
1176 213 1221 235 aut
1232 208 1301 235 bono
1313 210 1420 235 nomine
1431 209 1586 235 centesimis
1597 214 1706 236 conten-

916 250 958 271 tus
969 250 1036 276 erat,
1055 250 1112 277 aut,
1130 255 1182 272 non
1194 246 1276 277 bono,
1289 251 1432 281 quaternas
1443 247 1603 273 centesimas
1614 255 1707 281 spera-

917 283 970 309 bat.
1012 285 1052 309 13.
1075 283 1160 309 Habes
1177 292 1263 310 meam
1278 292 1415 316 caussam3
1439 292 1507 319 quae
1522 285 1546 310 si
1560 285 1640 311 Bruto
1656 293 1707 310 non

918 320 1056 354 probatur,
1074 321 1177 351 nescio,
1195 329 1244 347 cur
1259 320 1336 347 illum
1352 330 1487 347 amemus:
1510 321 1558 347 sed
1574 321 1708 348 avunculo

918 358 976 382 eius
991 362 1060 383 certe
1076 358 1245 391 probabitur,
1265 359 1419 392 praesertim
1430 367 1515 393 quum
1526 363 1634 385 senatus
1646 367 1708 385 con-

918 394 1019 420 sultum
1030 394 1108 421 modo
1120 394 1218 421 factum
1233 396 1280 426 sit,
1299 400 1376 430 puto,
1390 401 1531 430 postquam
1542 401 1570 422 tu
1582 405 1610 422 es
1621 395 1710 430 profe-

918 436 989 462 ctus,
1008 432 1035 457 in
1051 432 1212 458 creditorum
1231 441 1339 464 caussa,
1361 437 1390 459 ut
1405 434 1565 459 centesimae
1580 438 1709 468 perpetuo

920 467 1024 494 foenore
1036 468 1207 496 ducerentur.
1248 470 1300 496 Hoc
1312 470 1379 504 quid
1394 470 1510 500 intersit,
1528 471 1552 496 si
1566 475 1625 496 tuos
1637 470 1709 506 digi-

919 510 958 531 tos
974 506 1049 536 novi,
1071 511 1141 532 certe
1157 506 1240 532 hahes
1258 507 1431 534 subductum.
1470 508 1498 533 In
1515 516 1568 542 quo
1586 507 1707 542 quidem,

920 542 983 569 ὁδοῦ
993 543 1140 579 πάρεργον,
1157 544 1288 570 Lucceius
1299 545 1334 570 M.
1350 545 1379 571 F.
1392 545 1515 579 queritur
1525 545 1596 579 apud
1609 553 1651 571 me
1662 553 1710 579 per

922 579 1033 611 litteras,
1051 589 1188 606 summum
1200 589 1258 607 esse
1270 581 1434 616 periculum,
1452 590 1484 608 ne
1500 582 1578 616 culpa
1589 587 1707 612 senatus,

921 617 962 642 his
974 617 1101 648 decretis,
1119 626 1160 643 res
1175 618 1207 643 ad
1224 618 1328 644 tabulas
1346 628 1428 645 novas
1443 620 1591 653 perveniat.
1631 619 1710 645 Com-

921 659 1057 685 memorat,
1072 655 1138 689 quid
1150 655 1213 681 olim
1226 655 1289 681 mali
1301 656 1329 682 C.
1343 656 1426 682 Iulius
1439 656 1543 687 fecerit,
1557 665 1641 691 quum
1653 656 1711 682 die-

920 691 1008 717 culam
1023 691 1143 718 duxerit:
1166 701 1314 727 numquam
1330 693 1482 727 respublica
1497 693 1569 727 plus.
1610 693 1664 720 Sed
1678 693 1710 719 ad

921 737 976 754 rem
1007 729 1096 755 redeo.
1136 729 1263 756 Meditare
1288 730 1418 756 adversus
1448 731 1558 756 Brutum
1588 739 1710 757 caussam

921 774 1020 797 meam;
1038 767 1061 792 si
1075 766 1139 792 haec
1154 775 1248 793 caussa
1259 772 1311 797 est.
1329 772 1418 793 contra
1429 776 1511 802 quam
1523 767 1590 793 nihil
1604 768 1712 794 honeste

921 803 975 829 dici
990 808 1088 837 potest,
1106 800 1264 838 pfaesertim
1279 813 1364 839 quum
1380 805 1511 840 integram
1527 813 1582 830 rem
1597 810 1621 831 et
1635 814 1713 831 caus—

921 849 978 866 sam
995 840 1160 875 reliquerim.
1202 842 1241 867 14.
1264 841 1376 876 Reliqua
1397 846 1460 867 sunt
1482 841 1637 868 domestica.
1677 843 1712 869 De

922 877 1054 913 ἑνδομιὶχῳ
1065 878 1148 912 probo
1160 877 1241 909 idem,
1250 879 1322 913 quod
1334 879 1530 909 tu‚Postumiae
1543 879 1637 906 filium.
1646 888 1714 914 quo-

922 916 994 941 niam
1006 915 1126 941 Pontidia
1138 920 1264 950 nugatur.
1287 916 1339 941 Sed
1351 915 1448 942 vellem
1460 916 1578 942 adesses.
1597 917 1617 942 A
1629 916 1714 948 Quin-

922 957 948 979 to
964 952 1042 979 fratre
1058 952 1101 978 his
1115 953 1256 978 mensibus
1272 952 1339 979 nihil
1352 954 1526 987 exspectaris.
1566 954 1632 979 Nam
1645 954 1715 979 Tau-

923 999 968 1016 rus
989 994 1097 1025 propter
1113 990 1189 1016 nives
1205 995 1264 1016 ante
1280 999 1400 1016 mensem
1416 991 1523 1016 lunium
1539 991 1646 1016 transiri
1663 999 1713 1017 non

922 1032 1018 1062 potest.
1059 1027 1215 1058 Thermum,
1231 1032 1261 1053 ut
1271 1036 1357 1063 rogas,
1373 1027 1543 1054 creberrimis
1556 1027 1649 1054 litteris
1662 1028 1715 1054 ful-

922 1065 974 1091 cio.
1014 1065 1044 1091 P.
1059 1064 1197 1091 Valerium
1211 1070 1290 1100 negat
1305 1065 1403 1091 habere
1417 1065 1566 1100 quidquam
1578 1066 1715 1092 Deiotarus

923 1111 983 1134 rex,
1001 1110 1131 1136 eumque,
1150 1103 1198 1133 ait,
1213 1111 1227 1128 a
1238 1111 1266 1128 se
1278 1103 1431 1129 sustentari.
1472 1102 1560 1134 Quum
1573 1103 1651 1133 scies,
1665 1103 1717 1129 Ro-

923 1148 981 1166 mae
993 1139 1178 1166 intercalatum
1189 1140 1232 1170 sit,
1241 1148 1337 1171 necne;
1354 1139 1436 1166 velim
1448 1139 1481 1166 ad
1492 1148 1534 1165 me
1546 1140 1648 1166 scribas
1659 1148 1717 1166 cer-

923 1182 993 1208 tum,
1010 1185 1063 1211 quo
1074 1176 1118 1202 die
1129 1178 1255 1212 mysteria
1269 1177 1356 1203 futura
1368 1178 1431 1203 sint.
1471 1178 1583 1203 Litteras
1596 1182 1653 1203 tuas
1665 1178 1717 1203 mi-

924 1223 975 1240 nus
986 1214 1076 1249 paullo
1087 1219 1221 1249 exspecto,
1237 1223 1319 1250 quam
1330 1216 1353 1241 si
1365 1214 1462 1241 Romae
1473 1223 1556 1246 esseS,
1569 1214 1617 1241 sed
1628 1219 1715 1242 tamen

924 1256 1058 1287 exspecto.

1222 1330 1415 1343 deon——

1299 1512 1340 1537 95.

1035 1614 1259 1646 LIBER
1307 1614 1604 1643 SEXTUS.

976 1737 1051 1757 ΑΚΘ.
1068 1737 1140 1758 Huius
1159 1737 1213 1757 libri
1228 1737 1337 1764 epistulae
1351 1737 1447 1764 scriptae
1462 1740 1511 1757 sunt
1523 1743 1595 1757 onmes
1607 1742 1625 1756 n.
1640 1737 1686 1755 704.
1700 1741 1717 1754 ι.

923 1779 980 1793 ensa.
996 1773 1019 1793 1..
1031 1772 1127 1793 Aemilio
1142 1772 1231 1796 Paullo,
1247 1774 1271 1793 C.
1283 1773 1377 1793 Claudio
1389 1772 1504 1796 ntnrcello.
1521 1779 1582 1798 quem
1598 1772 1718 1793 Suetoniu-

924 1808 993 1828 Murci
1011 1807 1113 1829 Marcelli
1131 1807 1251 1834 patruelem
1272 1807 1338 1831 facit,
1361 1807 1403 1827 nin
1420 1807 1543 1831 sobrinum,
1560 1807 1599 1827 alii
1620 1808 1718 1828 fratrem.

924 1844 970 1863 Hoc
988 1843 1058 1868 igitur
1076 1843 1099 1863 in
1113 1842 1170 1863 libro
1187 1844 1243 1869 quod
1258 1843 1284 1863 ud
1300 1850 1366 1870 remp.
1379 1842 1496 1869 pertineat.
1508 1842 1564 1862 nihil
1580 1847 1718 1866 memoratur,

924 1877 969 1898 nini
987 1877 1068 1898 bellurn
1080 1877 1207 1898 Parthicum
1215 1893 1220 1901 ,
1231 1877 1297 1904 idque
1308 1878 1448 1898 turinianum
1459 1877 1536 1902 magis.
1552 1884 1614 1903 quani
1623 1884 1674 1897 κει-ε
1683 1884 1719 1902 ge-

923 1916 988 1938 ntum,
1003 1914 1021 1937 Ι,
1038 1915 1070 1933 Η.
1100 1912 1200 1938 Namque
1214 1918 1270 1931 anim
1286 1913 1407 1939 superiore,
1423 1913 1477 1937 nive,
1493 1917 1607 1940 postquam
1622 1915 1723 1938 coeptum

926 1952 985 1973 erat,
1001 1950 1091 1975 quartu,
1106 1947 1192 1968 finitum
1208 1947 1287 1968 fuerat.
1315 1947 1392 1975 nuque
1407 1948 1472 1968 etium
1489 1955 1548 1975 spem
1565 1947 1672 1974 triumphi
1688 1946 1723 1967 nui

924 1986 1077 2003 ι-οιιιιιιωιιοτιῑ
1087 1987 1121 2003 Vl.
1133 1986 1155 2003 et
1165 1986 1221 2003 vill.
1241 1984 1361 2004 Praeterea
1370 1984 1396 2003 de
1407 1982 1534 2010 provinciae
1544 1982 1650 2003 extremi}
1661 1989 1718 2002 men-

924 2018 986 2039 sibun
1001 2018 1190 2038 administrandae
1202 2018 1335 2039 difficultate
1349 2017 1449 2044 queritur
1460 2021 1493 2038 lv.
1518 2018 1602 2037 nunu-
1617 2018 1643 2037 de
1658 2017 1719 2037 Uirri

925 2053 1013 2080 ropulua
1023 2054 1101 2074 scribit
1116 2057 1170 2074 vm.
1193 2054 1227 2074 De
1237 2054 1301 2074 rebus
1311 2053 1402 2074 urbani·
1413 2053 1490 2073 udiosn
1501 2053 1604 2079 quaedam
1612 2053 1719 2073 necin-ro

925 2089 1014 2109 audine
1034 2092 1089 2109 vni.
1109 2088 1196 2109 scribit.
1221 2090 1303 2110 ene-nr
1318 2096 1382 2115 quum
1400 2092 1519 2112 ureretur,
1531 2095 1558 2108 ne
1567 2095 1590 2108 ιο
1601 2087 1672 2114 iniqui
1684 2087 1719 2108 nui

925 2123 1039 2150 provincia
1050 2126 1114 2150 atque
1125 2123 1225 2144 exercitu
1236 2123 1371 2151 spoliarent,
1392 2123 1467 2150 uirque
1477 2126 1598 2148 cogeretur,
1611 2122 1630 2143 ui
1642 2121 1718 2143 comui

904 2184 905 2188 Ἰ
925 2158 972 2178 fieri
987 2158 1062 2180 vellet,
1080 2158 1181 2185 privetu·
1196 2165 1220 2179 ac
1236 2165 1340 2185 praeuen-
1356 2162 1441 2185 petere:
1460 2159 1484 2178 1..
1494 2158 1597 2179 Paullum
1607 2157 1719 2178 cun-ulam

925 2197 946 2213 et
957 2194 980 2214 C.
993 2193 1109 2213 Curionem
1125 2193 1237 2214 tribunum
1248 2193 1286 2220 pl..
1299 2197 1363 2213 aulen
1374 2193 1421 2213 ιιιίι
1432 2193 1557 2213 neri-›nilm-
1568 2193 1718 2214 adu-runnu,

925 2228 1001 2254 grandi
1013 2228 1110 2249 mercede
1120 2228 1163 2248 nihi
1174 2228 1312 2249 conciliarit:
1333 2235 1423 2254 quornm
1434 2235 1499 2254 uperi·
1511 2228 1590 2248 fuctum
1602 2231 1642 2250 ut.
1653 2230 1676 2247 ut
1686 2233 1718 2246 re-

925 2263 1007 2283 tineret
1026 2263 1154 2283 exori-itum.
1179 2263 1234 2283 Nam
1253 2270 1318 2288 «fluum
1337 2263 1363 2282 do
1383 2262 1422 2282 illu
1441 2263 1572 2282 remittendo
1591 2262 1718 2284 referretur.

925 2298 992 2319 Curio
1004 2298 1036 2318 ita
1047 2301 1079 2318 ent
1090 2304 1202 2320 naneti-uu,
1214 2296 1233 2316 ni
1244 2296 1324 2322 reliqui
1335 2303 1420 2322 quuqne
1430 2296 1574 2320 ‹limine-reni,
1592 2296 1718 2323 Pninpeinm

926 2337 1004 2354 numn-
1023 2333 1071 2353 niue
1086 2332 1160 2353 dubio.
1191 2332 1224 2351 Λι1
1239 2331 1292 2351 liner
1306 2330 1437 2351 mentionem
1453 2331 1505 2351 furit
1521 2332 1547 2351 dr·
1563 2331 1629 2358 Appii
1640 2337 1719 2350 can-u

927 2373 952 2389 11,
970 2372 990 2388 ct
1001 2369 1028 2388 de
1038 2373 1107 2388 morte
1118 2366 1233 2387 nni-«unii
1245 2370 1278 2386 Vl.
1309 2367 1356 2386 nnc
1366 2372 1422 2385 nunu
1434 2365 1510 2385 vim·-
1520 2367 1546 2385 d·-
1557 2365 1670 2393 prminri·
1681 2365 1718 2385 de-

926 2403 993 2423 venit
1014 2406 1049 2423 ΙΙΙ.
1067 2402 1160 2422 Kalen-t.
1178 2403 1240 2421 Sext.
1256 2408 1289 2428 ep.
1307 2404 1340 2421 Π.
1357 2405 1421 2427 utque
1435 2401 1490 2420 ldil».
1503 2403 1548 2420 Ort.
1562 2400 1656 2420 Amani·
1667 2399 1718 2423 tuit,

926 2439 982 2458 nudo
997 2441 1109 2464 pnntrenm
1126 2437 1192 2457 ΙΙΙΙίιιι
1207 2436 1259 2456 libri
1270 2436 1365 2462 epi-tuln
1375 2436 1426 2456 ulain
1437 2439 1477 2455 ut.
1508 2435 1600 2461 Reliqua
1612 2440 1661 2455 nint
1673 2435 1718 2462 pri-

925 2477 974 2493 υιιιι
989 2476 1054 2498 utque
1068 2472 1198 2492 :tunm-tien:
1218 2472 1244 2492 de
1254 2471 1333 2492 'rultin
1344 2470 1474 2491 nulum-ltcu-
1484 2470 1612 2490 collocanda
1625 2474 1639 2493 ΙΙ
1647 2472 1670 2490 lt!
1684 2473 1693 2489 1
1703 2473 1716 2489 Ι.

927 2512 962 2528 lx.
983 2508 1009 2527 do
1023 2507 1169 2528 Cicerunihu·
1184 2506 1259 2534 pueri·
1277 2506 1359 2529 urg-de
1369 2508 1394 2529 Ιρ,
1407 2505 1484 2525 fruri-
1495 2509 1515 2525 ει
1528 2504 1662 2532 Pomponi-e
1672 2504 1718 2525 diu-

925 2542 991 2562 nidiin
1004 2542 1151 2567 gli-contitui-
1167 2546 1192 2562 Η.
1206 2546 1242 2562 lu.
1255 2542 1292 2561 ned
1303 2545 1374 2560 tumen
1385 2540 1426 2560 tilii
1437 2540 1520 2566 pietate
1531 2539 1660 2567 compo-itin
1673 2543 1716 2560 ⁸11.

925 2578 950 2597 de
962 2577 1031 2598 Anici
1043 2578 1116 2597 morbo
1129 2581 1166 2598 Lx.
1179 2578 1205 2597 dr·
1215 2576 1310 2597 'l'irnnin
1321 2576 1412 2595 adver-n
1422 2575 1549 2595 ulotmline
1561 2578 1605 2594 vn.
1617 2575 1643 2594 dn
1655 2574 1718 2594 urnii

925 2612 1014 2637 neg-nio
1024 2619 1071 2632 cum
1081 2612 1210 2632 Sat-minii·
1223 2616 1248 2632 11.
1261 2615 1298 2631 111.
1309 2611 1335 2630 dr·
1346 2611 1374 2631 Μ,
1387 2611 1472 2631 uetuit
1483 2614 1502 2630 et
1515 2609 1586 2630 vnn-lii
1598 2609 1718 2636 pin-(nlnti-

926 2651 940 2668 Ι,
950 2648 983 2667 21.
995 2647 1021 2667 de
1032 2646 1149 2668 Philotimi
1161 2647 1182 2667 in
1194 2646 1298 2667 Milonem
1310 2645 1429 2672 iniquitate
1441 2649 1472 2665 Π.
1489 2645 1522 2665 ita
1533 2652 1601 2672 paura
1612 2644 1716 2665 miamin-

925 2686 975 2703 nunt
989 2681 1102 2703 ducii-inne
1117 2685 1137 2703 et
1149 2681 1271 2703 litterarum
1282 2680 1384 2706 ieutigin,
1397 2685 1419 2701 ut
1430 2681 1456 2701 de
1466 2679 1578 2701 erroribu-
1588 2679 1717 2706 quit-uniam

1467 2721 1513 2744 tus
