1941 3052
213 149 261 174 ‘238
794 149 821 172 lt(
863 147 884 172 M
891 167 896 172 .
927 147 955 172 '12

213 218 354 245 titudinem
369 220 397 244 (ἶ.
412 217 498 243 Verri»
514 217 620 243 infamia
631 217 804 243 concitatum:
821 221 947 251 quantam)
958 216 1005 242 de·
1026 219 1027 223 ’

213 257 294 290 nique
313 255 473 281 :ntulit-utiam
493 255 602 280 urationi
621 262 692 279 ini-ae
709 254 863 288 improbitati
878 253 951 279 illius
967 253 1005 279 fa·
1026 267 1027 270 =

212 298 295 319 ctum.
322 296 394 324 Quae
408 300 492 326 quum
507 292 601 323 rogito,
619 292 670 316 iam
686 299 756 316 nun«-
771 291 859 320 timeo,
875 290 1004 325 quidnam

214 339 260 364 pro
278 330 420 355 offensione
440 329 590 357 lnnninnm,
611 328 658 361 qui
679 327 716 352 illi
738 328 838 353 inimici
854 326 1005 362 infensique

212 371 284 395 sunt,
301 372 324 391 et
339 366 532 400 ··x.-.›·-‹·i;·ii‹‚1···
547 364 666 389 oninium
681 369 705 389 et
720 364 904 397 magnitudine
917 373 1004 390 rerum

212 403 323 437 dignuin
340 403 427 437 eloqui
444 402 552 435 possim.
595 401 634 426 63.
651 401 688 426 Tu
706 401 799 427 lioruin
815 401 881 427 niliil
897 402 1002 432 nietuis,

213 440 278 467 niliil
294 441 406 473 cogntus,
424 438 489 464 nibil
507 437 627 463 laboras?
652 439 712 463 etsi
727 438 793 472 quid
808 447 840 464 ex
856 443 942 464 vetere
957 438 1005 464 ali-

212 487 263 512 qua
287 478 415 506 oratione,
439 484 529 500 invia
550 484 604 500 ειη»
621 484 750 501 «ιντιιιυιι
770 484 920 501 ιιΛιιιιιιιιε
949 481 1002 505 aut,

214 523 342 542 νειωιιι,
358 523 383 538 si
400 521 479 538 γιιιιιι
496 520 668 542 eureissur,
689 521 823 538 remees:
844 517 889 538 aut
902 512 1004 547 aliquid

211 550 343 577 eiusmodi
362 550 478 575 ediscere
502 549 632 583 potueris.
655 549 789 603 praeclare
805 554 828 576 te
843 554 963 584 paratum
978 550 1004 576 in

212 588 341 614 iudiciuin
358 591 499 613 venturum
514 586 663 612 arbitraris.

266 626 306 651 lt.
335 626 371 650 Ac
399 625 421 650 si
445 623 492 649 tibi
512 632 590 649 nenio
609 632 788 657 responsurus
806 628 890 655 esset,
917 628 1004 650 tamen
1026 642 1035 656 ,-

211 663 297 697 ipsam
308 670 441 691 caussam.
459 665 486 687 ut
496 670 545 696 ego
555 661 675 691 arbitror,
688 660 869 687 demonstrare
880 670 931 688 non
943 670 1006 696 pos-

211 708 262 725 ses.
286 700 361 725 Nunc
376 707 408 725 ne
423 698 490 724 illud
505 698 616 733 quidem
629 698 740 733 cogitas,
758 699 804 724 tibi
819 707 881 725 cum
898 698 1005 725 lioniine

210 736 390 762 disertissimo
400 735 467 762 etad
478 735 622 762 dicendum
635 736 803 770 paratissimo
813 735 933 762 futurum
945 744 1004 761 esse
1026 754 1027 759 ,

209 778 357 805 certamen,
382 774 492 808 quicum
512 773 590 799 niodo
608 773 810 804 disserendum,
836 773 914 799 modo
931 773 1003 799 omni
1026 777 1027 802 ἒ

211 812 311 837 ratione
325 810 500 846 pugnandum
515 809 726 845 certandumque
739 810 793 836 sit‘?
806 810 890 837 Cuius
905 819 953 845 ego
964 811 1005 836 in·
1026 830 1027 842 2

209 849 319 883 genium
335 848 369 874 ita
386 847 476 878 laudo,
493 852 522 873 ut
536 856 587 873 non
602 847 802 882 pertimescam,
819 848 853 874 ita
868 848 958 882 probo,
977 852 1005 873 ut
1026 862 1027 867 =

210 894 252 911 me
266 885 299 911 ab
313 893 344 911 eo
353 885 478 912 delectari
490 884 605 915 facilius,
620 893 702 919 quam
712 884 798 920 decipi
811 890 902 920 putem
914 894 1002 919 posse.
1026 905 1027 923 3

210 922 279 949 xlv.
296 923 448 957 Numquam
464 922 508 948 ille
520 931 561 948 me
572 922 838 956 opprimetconsilio:
855 931 1003 957 numquam

211 959 266 986 ullo
279 960 390 986 artilicio
404 963 550 994 pervertet:
567 968 716 994 numquam
731 960 838 995 ingenio
853 969 894 986 nie
905 969 955 986 suo
966 960 1004 985 la-

210 996 341 1023 befactare
355 1001 435 1032 atque
450 997 583 1023 infirmare
597 997 746 1023 conabitur.
771 997 944 1025 Noviomnes
956 997 1004 1023 lio-

210 1035 291 1061 minis
302 1035 442 1069 petitiones
454 1035 622 1068 rationesque
633 1034 753 1060 dicendi:
765 1043 845 1069 saepe
856 1035 883 1061 iu
894 1034 1000 1066 iisdem,

202 1080 288 1106 =saepe
303 1072 330 1098 in
344 1071 482 1098 contrariis
496 1072 601 1098 caussis
616 1072 712 1097 versati
728 1080 834 1098 sumus.
863 1073 899 1098 lta
913 1077 1002 1098 contra

210 1117 252 1135 me
266 1108 311 1136 ille
325 1108 408 1140 dicet,
425 1109 550 1144 quamvis
565 1109 600 1135 sit
614 1109 781 1144 ingeniosus,
799 1114 827 1135 ut
842 1109 1001 1136 nonnullum

208 1146 288 1172 etiam
302 1145 335 1172 de
349 1154 399 1173 suo
413 1147 521 1182 ingenio
531 1146 661 1172 iudicium
674 1146 729 1172 fieri
740 1147 892 1173 arbitretur.
918 1147 1002 1173 fiisse

209 1192 280 1215 vero,
288 1183 393 1213 Caecili,
406 1183 634 1218 quemadmodum
645 1184 680 1210 sit
690 1183 826 1216 elusurus,
837 1193 919 1219 quam
930 1184 1001 1210 omni

208 1221 308 1247 ratione
322 1221 476 1252 iactaturus,
494 1221 584 1247 videre
598 1221 650 1247 iam
662 1221 766 1248 videor:
782 1222 888 1256 quoties
899 1221 943 1248 ille
954 1222 1002 1247 tibi

209 1262 365 1292 potestatem
379 1258 569 1293 optionemque
583 1258 701 1284 facturus
715 1259 758 1289 sit,
775 1263 805 1285 ut
817 1258 900 1294 eligas
912 1263 1001 1285 utrum

209 1295 290 1328 velis;
312 1295 410 1322 factum
425 1304 498 1326 esse,
520 1304 615 1328 necne;
637 1304 730 1322 verum
745 1304 818 1326 esse,
839 1305 872 1322 an
887 1295 1000 1322 falsum:

208 1337 298 1358 utrum
309 1332 418 1364 dixeris,
431 1332 458 1358 id
469 1337 557 1359 contra
573 1337 597 1359 te
613 1332 744 1359 futurum.
771 1332 823 1365 Qui
838 1333 884 1359 tibi
899 1338 1000 1364 aestus,

206 1370 254 1404 qui
269 1378 348 1401 error,
364 1378 433 1405 quae
448 1370 584 1400 tenebrae,
600 1370 636 1396 dii
652 1370 830 1397 immortales!
851 1375 937 1401 erunt,
954 1370 1003 1397 ho—

208 1407 274 1433 miui
293 1407 404 1433 minime
422 1406 510 1433 malo?
532 1406 621 1439 Quid?
641 1416 726 1442 quum
745 1408 922 1434 accusationis
942 1411 1002 1433 tuae
1024 1434 1025 1448 χ

208 1444 327 1470 membra
345 1444 466 1470 dividere
483 1445 600 1479 coeperit
617 1449 642 1470 et
656 1445 683 1470 in
698 1445 792 1480 digitis
806 1445 864 1471 suis
879 1444 1001 1480 singulas

1024 1315 1026 1357 l

988 146 1262 173 (fluitanteis

1057 221 1113 246 tus.
1139 221 1222 242 totum
1242 216 1372 243 iudicium
1391 217 1545 244 anatim-bit.
1586 218 1619 244 At
1637 226 1670 244 ne
1692 219 1715 245 is
1736 218 1846 253 quidem

1057 258 1158 279 tantum
1177 253 1342 279 contendet'
1336 262 1362 280 ιιι
1380 253 1506 284 dicendo,
1526 259 1657 289 quantum
1676 260 1774 290 potest:
1800 256 1846 282 sed

1056 290 1177 316 ‹crisulet
1192 290 1264 316 laudi
1278 294 1303 316 et
1317 291 1507 318 existimationi
1523 296 1596 318 tuae:
1617 296 1643 318 et
1661 301 1694 318 ex
1711 301 1755 323 eo,
1775 292 1847 328 quod

1057 328 1114 361 ipse
1130 332 1188 361 pott-
1192 331 1215 353 st
1230 328 1256 353 in
1270 327 1391 357 dicendo,
1407 328 1575 363 aliquantum
1590 329 1715 360 remittet
1733 334 1760 355 ut
1771 335 1798 356 tu
1810 335 1848 356 ta-

1058 373 1117 390 men
1137 364 1240 399 aliquid
1259 373 1318 390 esse
1334 364 1450 391 videare.
1490 365 1522 392 Ut
1541 367 1567 392 in
1586 366 1720 392 actoribus
1739 366 1848 393 Graecis

1057 401 1113 427 lieri
1134 401 1270 430 ιίιΙυιιιιιε,
1287 410 1366 436 saepe
1381 401 1471 432 illurn,
1491 403 1539 437 qui
1557 408 1598 429 eat
1611 403 1789 430 secundarum
1804 408 1850 430 aut

1057 439 1192 464 tertiarum
1209 439 1332 473 partium,
1348 447 1433 473 quum
1449 440 1534 474 possit
1547 440 1683 475 aliquanto
1696 441 1794 468 clarius
1807 441 1849 467 di-

1034 475 1035 478 ’
1056 484 1127 506 cere,
1148 484 1229 510 qnam
1246 476 1303 510 ipse
1317 476 1477 510 primarum,
1498 476 1612 504 multum
1627 479 1803 507 summittere.
1821 482 1850 505 ut

1058 512 1102 538 ille
1117 513 1241 547 print-eps
1255 521 1336 547 quarn
1352 514 1467 539 maxime
1481 514 1606 540 excellat:
1622 515 1661 541 sic
1675 515 1753 541 faciet
1767 514 1849 541 Allie-

1057 558 1122 576 nus:
1140 550 1187 576 tibi
1202 551 1309 581 serviet,
1327 550 1374 576 tibi
1387 550 1594 578 lenocinabitur:
1611 552 1701 578 minus
1711 552 1850 587 aliquanto

1057 587 1211 617 contendet.
1231 596 1312 622 quam
1333 592 1428 622 potest.
1470 589 1510 614 49.
1533 588 1586 614 fam
1606 588 1654 615 hoc
1672 589 1846 618 considerate.

1056 624 1207 650 cuiusmodi
1221 629 1387 651 accusatores
1403 625 1429 651 in
1445 629 1516 651 tanto
1529 625 1629 652 iudicio
1642 627 1728 652 simus
1743 626 1850 653 habitu-

1057 661 1091 691 ri,
1112 670 1196 696 quum
1211 666 1237 688 et
1254 662 1313 696 ipse
1326 662 1449 688 Allienus
1468 671 1501 689 cx
1519 671 1547 688 ea
1567 662 1705 694 facultate,
1726 663 1748 689 si
1766 672 1848 698 quam

1057 698 1150 729 habet,
1170 698 1339 734 aliquantum
1354 700 1522 726 detracturus
1537 700 1585 730 sit,
1605 704 1631 726 et
1645 699 1777 727 Caecilius
1791 705 1848 727 tum

1056 735 1173 771 denique
1187 745 1216 762 se
1230 736 1332 771 aliquid
1348 735 1468 763 futurum
1484 742 1567 772 putet,
1583 737 1606 763 ai
1621 737 1743 764 Allienus
1758 738 1848 764 minus

1057 773 1201 800 vehemens
1212 773 1291 800 fuerit
1305 779 1331 800 et
1344 774 1396 800 sibi
1412 774 1512 808 primas
1528 775 1553 800 in
1564 774 1678 801 dicendo
1687 779 1776 809 partes
1786 783 1849 801 oon-

1055 811 1175 836 cesserit.
1215 810 1344 843 Quartum
1363 820 1444 846 quem
1463 812 1499 838 sit
1517 811 1667 842 habiturus,
1689 820 1740 838 non
1760 811 1846 843 video,

1057 847 1108 873 nisi
1122 856 1203 882 quem
1219 847 1284 874 forte
1295 857 1327 874 ex
1337 847 1384 875 illo
1393 857 1473 884 grege
1483 853 1654 878 moratorum.
1670 849 1717 884 qui
1729 849 1848 875 subscri-

1057 885 1173 919 ptionem
1188 885 1241 911 sibi
1257 885 1434 920 postularunt,
1450 887 1613 920 cuicumque
1627 895 1674 912 vos
1688 886 1847 912 delationem

1055 922 1209 948 dedissetis.
1234 924 1275 948 50.
1287 923 1327 948 Ex
1337 923 1438 957 quilius
1453 923 1628 949 alienissimis
1643 923 1797 949 hominibus
1814 924 1847 949 ita

1056 963 1164 993 paratus
1179 960 1268 990 venis,
1286 964 1314 986 ut
1329 960 1376 986 tibi
1391 959 1489 994 hospes
1504 960 1603 995 aliquis
1617 961 1652 986 sit
1666 961 1847 995 recipiendus.

1055 996 1160 1028 Quibus
1175 1005 1224 1033 ego
1237 1006 1289 1024 non
1304 1006 1364 1023 sum
1380 1001 1482 1023 tantum
1498 997 1624 1023 bonorem
1644 997 1799 1028 habiturus,
1820 1002 1849 1024 ut

1055 1033 1088 1060 ad
1106 1043 1149 1065 ea,
1170 1043 1239 1069 quae
1257 1035 1387 1065 dixerint,
1408 1039 1478 1061 certo
1498 1034 1554 1061 loco
1571 1039 1616 1060 aut
1630 1035 1786 1070 singulatim
1802 1035 1848 1062 uni

1054 1072 1152 1107 cuique
1166 1072 1355 1107 respondeam:
1375 1072 1415 1098 sic
1428 1071 1557 1102 breviter,
1577 1072 1705 1107 quoniam
1719 1080 1772 1098 non
1785 1080 1850 1098 con-

1054 1109 1138 1140 sulto,
1163 1109 1211 1135 sed
1229 1118 1292 1135 casu
1312 1110 1339 1136 in
1358 1117 1449 1136 eorum
1469 1109 1630 1135 mentionem
1650 1109 1745 1140 incidi,
1769 1109 1848 1144 quasi

1055 1146 1217 1180 praeteriens
1231 1145 1393 1173 satisfaciam
1409 1146 1554 1172 universis.
1586 1146 1655 1172 ΧΠ.
1671 1146 1788 1172 Tantane
1802 1155 1849 1172 vo-

1054 1184 1096 1210 bis
1111 1184 1200 1218 inopia
1215 1183 1307 1210 videor
1320 1192 1380 1210 esse
1393 1184 1550 1214 amicorum,
1567 1189 1595 1210 ut
1610 1184 1677 1210 mihi
1688 1192 1739 1210 non
1750 1192 1784 1210 ex
1794 1183 1845 1213 bis.

1031 1232 1033 1239 ι
1053 1229 1122 1255 quos
1141 1229 1246 1247 mecum
1266 1220 1439 1252 adduxerim,
1460 1221 1507 1247 sed
1522 1221 1555 1247 de
1569 1220 1668 1256 populo
1682 1221 1849 1255 subscriptor

1053 1257 1184 1284 addatur?
1198 1258 1274 1284 vobis
1285 1263 1372 1284 autem
1385 1263 1454 1284 tanta
1466 1258 1553 1292 inopia
1565 1266 1669 1284 reorum
1680 1262 1730 1288 est,
1743 1262 1771 1284 ut
1781 1258 1846 1284 mihi

1053 1304 1177 1322 caussam
1192 1296 1342 1330 praeripere
1355 1295 1488 1322 conemini
1503 1296 1602 1330 potius,
1617 1304 1699 1330 quam
1714 1294 1820 1330 aliquos
1833 1303 1847 1321 a

1053 1332 1176 1359 columna
1190 1333 1292 1359 Maenia
1307 1333 1388 1359 vestri
1402 1332 1504 1359 ordinis
1515 1341 1573 1358 reos
1583 1331 1740 1367 reperiatis‘.²
1753 1332 1849 1359 Custo-

1053 1369 1128 1400 dem,
1149 1370 1251 1404 inquit,
1272 1369 1360 1396 Tullio
1378 1378 1421 1396 me
1438 1371 1574 1404 apponite.
1614 1371 1656 1396 5«.
1675 1368 1765 1401 Quid?
1782 1369 1848 1396 Mihi

1053 1415 1135 1442 quam
1146 1407 1239 1433 multis
1249 1407 1408 1433 custodibus
1418 1415 1487 1441 opus
1497 1407 1556 1438 erit,
1568 1407 1592 1433 si
1603 1410 1627 1433 te
1637 1406 1720 1433 semel
1731 1406 1763 1433 ad
1774 1415 1848 1433 meas

1024 1451 1025 1458 ¹
1053 1452 1148 1479 capsas
1166 1444 1318 1471 admisero‘?
1339 1445 1386 1479 qui
1405 1453 1457 1470 non
1475 1443 1564 1471 solum
1583 1452 1616 1470 ne
1633 1443 1700 1479 quid
1713 1445 1846 1475 enunties.

207 1486 295 1515 partes
309 1490 419 1508 caussae
429 1481 609 1508 constituere?
621 1481 710 1513 Quid?
722 1491 808 1516 quum
820 1490 903 1508 unum
915 1482 1002 1517 quod·
1024 1480 1025 1505 ἶ

206 1527 260 1553 que
278 1519 439 1554 transigere,
460 1519 600 1553 expedire,
621 1518 779 1545 absolvere?
805 1520 866 1554 Ipse
884 1519 1002 1554 profecto

206 1560 324 1582 metuere
338 1556 465 1591 incipies,
487 1565 520 1582 ne
534 1557 668 1582 innocenti
683 1556 833 1591 periculum
849 1555 999 1583 facesseris.

207 1594 247 1620 46.
259 1592 348 1625 Quid?
358 1602 444 1628 quum
455 1593 646 1625 commiserari,
659 1594 787 1628 conqueri
797 1598 823 1620 et
832 1602 864 1620 ex
875 1593 949 1620 illius
959 1594 1002 1620 in-

207 1630 279 1656 vidia
300 1630 444 1657 deonerare
465 1630 569 1665 aliquid
591 1635 617 1657 et
638 1631 666 1657 in
690 1635 714 1657 te
732 1631 851 1658 traiicere
869 1630 1002 1665 coeperit?
1024 1653 1025 1656 ,

1023 1569 1025 1595 l

1023 1629 1025 1642 l

205 1676 412 1694 commemorare
429 1668 580 1702 quaestoris
597 1676 659 1694 cum
682 1672 801 1702 praetore
823 1667 1002 1694 necessitudi-
1023 1675 1025 1700 ;

207 1713 267 1731 nem
286 1704 478 1731 constitutam‘.>
499 1713 600 1731 morem
619 1704 770 1731 maiorum?
791 1706 871 1732 sortis
894 1705 1002 1739 religio—
1022 1714 1025 1743 j

207 1741 286 1768 nem‘?
300 1742 435 1768 Poterisne
449 1742 508 1768 eius
522 1742 648 1768 orationis
662 1742 754 1768 subire
768 1741 918 1769 iuvidiam?
934 1742 1000 1769 Vide
1023 1749 1025 1759 ¹

207 1778 299 1805 modo:
319 1780 400 1805 etiam
417 1783 498 1814 atque
512 1779 592 1805 etiam
605 1779 754 1806 considera.
793 1780 861 1806 Mihi
874 1779 946 1806 enim
961 1780 1002 1805 vi-

205 1815 284 1842 detur
305 1816 456 1851 periculum
480 1816 546 1847 fore,

206 1853 314 1885 obruat,
334 1853 381 1879 sed
395 1858 473 1889 gestu
487 1854 547 1888 ipso
560 1862 590 1879 ac
604 1858 677 1880 motu
691 1854 808 1888 corporis
823 1853 1000 1889 praestringat

205 1891 288 1917 aciem
303 1891 405 1926 ingenii
420 1891 467 1922 tui,
484 1895 563 1925 teque
576 1890 610 1916 ab
623 1891 754 1917 institutis
769 1891 822 1917 tuis
833 1892 1000 1927 cogitationi-

206 1927 312 1962 busque
325 1927 449 1954 abducat.
472 1929 512 1954 47.
525 1929 612 1962 Atque
622 1927 735 1954 huiusce
749 1929 787 1954 rei
800 1928 932 1955 iudicium
946 1929 999 1954 iam

1022 1763 1025 1798 l

576 1824 609 1842 ne
631 1816 676 1842 ille
699 1825 751 1843 non
769 1817 848 1843 modo
867 1816 956 1843 verbis
976 1821 1000 1842 te
1023 1830 1025 1832 ·

1053 1481 1101 1507 sed
1115 1481 1194 1507 etiam
1209 1490 1242 1508 ne
1256 1481 1323 1516 quid
1336 1481 1441 1508 auferas
1455 1481 1648 1508 custodiendus
1662 1481 1710 1508 sis.
1749 1480 1801 1507 Sed
1814 1481 1848 1508 de

1053 1519 1105 1545 isto
1122 1518 1233 1545 custode
1252 1523 1305 1545 toto
1322 1519 1362 1545 sic
1384 1519 1460 1545 vobis
1483 1519 1643 1545 brevissime
1665 1518 1845 1553 respondebo:

1053 1564 1106 1582 non
1120 1564 1180 1582 esse
1194 1555 1242 1582 hos
1257 1555 1323 1582 tales
1337 1556 1409 1583 viros
1423 1556 1625 1586 commissuros,
1643 1559 1671 1582 ut
1680 1555 1713 1582 ad
1723 1564 1846 1582 caussam

1054 1597 1153 1619 tantam
1172 1601 1186 1619 a
1205 1601 1248 1619 me
1266 1598 1433 1628 susceptam,
1461 1592 1528 1619 mihi
1550 1592 1678 1619 creditam
1700 1593 1846 1628 quisquam

1053 1629 1220 1664 subscriptor
1234 1638 1276 1656 me
1291 1630 1376 1656 invito
1389 1630 1506 1664 aspirare
1520 1630 1615 1664 possit.
1658 1630 1765 1656 Etenim
1780 1630 1847 1656 fides

1053 1676 1111 1693 inea
1125 1666 1262 1694 custodem
1278 1667 1414 1702 repudiat,
1435 1666 1574 1703 diligentia
1592 1666 1787 1702 speculatorem
1805 1675 1847 1694 re-

1054 1704 1188 1731 formidat.

1108 1743 1150 1768 52.
1163 1741 1261 1768 Verum
1275 1745 1305 1767 ut
1318 1741 1351 1767 ad
1366 1745 1400 1773 te,
1415 1740 1523 1772 Caecili,
1539 1741 1654 1772 redeam,
1670 1749 1752 1776 quam
1763 1740 1847 1768 multa

1053 1783 1078 1805 te
1091 1778 1225 1809 deficiant,
1241 1777 1332 1805 vides:
1347 1787 1430 1813 quam
1444 1778 1528 1804 multa
1542 1779 1597 1805 sint
1610 1779 1638 1805 in
1653 1783 1686 1809 te,
1701 1786 1771 1814 quae
1785 1787 1847 1805 reus

1053 1824 1151 1843 nocens
1165 1816 1193 1842 in
1207 1820 1359 1842 accusatore
1373 1824 1422 1842 suo
1431 1816 1521 1850 cupiat
1531 1824 1600 1847 esse,
1616 1815 1733 1850 profecto
1742 1816 1795 1842 iam
1805 1816 1847 1842 in-

1053 1853 1163 1889 telligis.
1190 1852 1261 1885 Quid
1274 1853 1308 1879 ad
1322 1853 1386 1879 haec
1399 1853 1453 1879 dici
1467 1852 1572 1888 potest?
1585 1862 1637 1880 non
1651 1853 1722 1879 enim
1735 1861 1845 1888 quaero,

1051 1890 1118 1926 quid
1132 1895 1161 1916 tu
1174 1890 1296 1916 dicturus
1310 1890 1363 1917 sis:
1379 1890 1466 1921 video,
1483 1890 1550 1917 mihi
1561 1899 1613 1917 non
1624 1894 1658 1921 te,
1673 1889 1722 1916 sed
1731 1889 1804 1917 hunc
1814 1889 1847 1916 li-

1022 1931 1024 1934 ⁴
1052 1927 1131 1954 brum
1145 1936 1204 1954 esse
1218 1935 1425 1962 responsurum,
1449 1936 1531 1962 quem
1546 1927 1661 1954 monitor
1674 1931 1737 1954 tuus
1750 1927 1795 1954 hic
1807 1931 1847 1954 te—

204 1966 332 1992 continuo
345 1965 423 1991 video
436 1965 568 1991 futurum.
593 1965 620 1991 Si
635 1965 706 1991 enim
723 1965 789 1991 mihi
800 1965 879 1992 hodie
889 1974 1000 2000 respon·
1021 1980 1024 1990 ·

204 2002 267 2029 dere
289 2002 322 2028 ad
345 2002 410 2029 haec
431 2011 500 2037 quae
519 2002 578 2028 dico
596 2002 729 2037 potueris:
753 2003 777 2028 si
796 2003 830 2029 ab
848 2004 900 2030 isto
920 2003 996 2034 libro,

204 2048 286 2074 quem
307 2040 355 2066 tibi
370 2040 497 2075 magister
511 2039 566 2065 ludi
582 2040 672 2066 nescio
685 2040 733 2074 qui
747 2048 781 2066 ex
793 2039 888 2067 alienis
903 2041 999 2067 oratio-

1053 1970 1109 1991 net:
1129 1965 1192 1999 qui,
1213 1965 1236 1990 si
1251 1969 1276 1991 te
1289 1969 1359 1990 recte
1372 1973 1480 1991 monere
1494 1964 1578 1996 volet,
1598 1964 1724 1991 suadebit
1737 1964 1800 1996 tibi,
1816 1969 1847 1991 ut

1052 2002 1114 2028 hinc
1127 2001 1250 2028 discedas
1261 2010 1348 2036 neque
1363 2001 1430 2028 mihi
1444 2001 1557 2028 verbum
1571 2001 1658 2028 ullum
1672 2001 1844 2036 respondeas.

1022 2043 1023 2066 l
1051 2038 1122 2071 Quid
1136 2039 1207 2065 enim
1221 2038 1315 2065 dices?
1327 2047 1360 2065 an
1375 2039 1403 2065 id
1420 2038 1494 2074 quod
1511 2039 1632 2070 dictitas,
1652 2039 1777 2066 iniuriam
1796 2039 1846 2066 tibi

205 2076 286 2103 nibus
299 2077 478 2111 compositum
492 2076 574 2108 dedit,
591 2076 672 2103 verbo
687 2085 739 2103 uno
748 2076 921 2104 discesseris:
937 2086 1000 2112 pos-
1022 2073 1023 2107 l

205 2122 234 2140 se
253 2118 279 2140 te
293 2118 319 2140 et
332 2114 372 2140 illi
385 2122 494 2149 quoque
507 2113 607 2140 iudicio
621 2122 674 2140 non
687 2113 782 2140 deesse
796 2119 822 2141 et
835 2123 946 2141 caussae
960 2119 1000 2141 at-

204 2159 258 2186 que
271 2150 359 2178 officio
373 2155 418 2178 tuo
432 2150 584 2178 satisfacere
602 2151 763 2178 arbitrabor:
784 2152 827 2178 sin
846 2160 952 2178 mecum
971 2153 998 2178 in

205 2188 255 2214 hac
273 2188 427 2223 prolusione
444 2188 513 2215 nihil
532 2187 629 2214 fueris:
649 2196 731 2223 quem
750 2193 775 2214 te
793 2189 821 2215 in
835 2190 894 2224 ipsa
908 2198 999 2225 pugna

203 2234 265 2252 cum
280 2226 407 2252 acerrimo
421 2225 573 2252 adversario
586 2225 641 2252 fore
654 2225 800 2260 putemus?

260 2263 318 2289 XV.
333 2263 412 2289 Esto:
428 2263 486 2297 ipse
496 2262 563 2289 nihil
575 2267 623 2294 est,
636 2262 704 2289 nihil
715 2267 816 2297 potest:
832 2268 859 2290 at
869 2264 942 2290 venit
951 2272 999 2298 pa—

204 2305 277 2326 ratus
291 2308 354 2326 cum
368 2300 598 2335 subscriptoribus
613 2300 764 2326 exercitatis
774 2304 800 2326 et
808 2300 927 2327 disertis.
951 2301 999 2327 Est

205 2342 293 2363 tamen
307 2337 357 2363 hoc
370 2337 487 2372 aliquid:
509 2337 614 2363 tametsi
628 2346 680 2364 non
694 2342 736 2363 est
748 2338 824 2364 satis.
864 2338 998 2364 Omnibus

204 2375 276 2400 enim
291 2374 372 2401 rebus
386 2375 418 2406 is,
435 2375 483 2410 qui
496 2375 621 2409 princeps
635 2374 663 2400 in
677 2374 780 2410 agendo
793 2379 843 2406 est,
859 2375 999 2402 ornatissi-

205 2420 266 2438 mus
276 2416 302 2438 et
311 2412 500 2446 paratissimus
510 2420 570 2438 esse
579 2411 668 2438 debet.
701 2412 891 2439 Verumtamen
901 2413 931 2438 L.
942 2412 999 2447 Ap-

206 2448 325 2482 puleium
340 2457 399 2475 esse
413 2449 491 2476 video
504 2449 657 2483 proximum
671 2448 894 2484 subscriptorem,
911 2449 998 2476 homi-

205 2493 265 2511 nem
281 2494 333 2512 non
348 2491 445 2517 aetate,
466 2487 514 2513 sed
531 2495 583 2512 usu
603 2485 702 2512 forensi
715 2490 796 2521 atque
809 2487 997 2513 exercitatione

205 2523 326 2548 tironem.
349 2524 390 2549 48.
402 2524 510 2555 Deinde,
524 2528 553 2549 ut
562 2523 664 2558 opinor,
678 2523 758 2549 habet
766 2523 912 2555 Allienum,
925 2523 997 2550 hunc

206 2564 294 2585 tamen
312 2559 346 2585 ab
368 2560 521 2587 subselliis:
549 2561 597 2595 qui
618 2559 686 2595 quid
708 2561 736 2586 in
758 2560 872 2587 dicendo
894 2564 994 2595 posset,

204 2604 353 2631 numquam
371 2598 436 2623 satis
454 2597 567 2624 attendi:
588 2598 616 2623 in
633 2597 773 2624 clamando
789 2597 900 2632 quidem
918 2597 997 2624 video

203 2641 266 2659 eum
280 2641 340 2659 esse
352 2633 421 2660 bene
433 2634 574 2661 robustum
587 2639 667 2669 atque
681 2635 864 2661 exercitatum.
904 2636 933 2661 ln
948 2634 997 2661 hoc-

204 2678 268 2705 spes
282 2675 342 2697 tuae
355 2676 420 2698 sunt
433 2680 540 2704 omues;
565 2671 616 2702 hic,
633 2671 657 2698 si
671 2675 700 2698 tu
714 2672 766 2698 eris
780 2675 852 2698 actor
865 2672 996 2698 constitu-

1052 2075 1148 2103 t’ecisse
1162 2075 1290 2102 Verrem?
1302 2075 1432 2102 Arbitror.
1460 2076 1553 2111 Neque
1566 2077 1638 2102 enim
1652 2080 1724 2103 esset
1737 2077 1794 2103 veri
1807 2077 1843 2103 si-

1051 2113 1128 2145 mile,
1149 2122 1234 2148 quum
1248 2113 1375 2140 omnibus
1389 2113 1487 2140 Siculis
1501 2113 1599 2140 faceret
1616 2113 1742 2144 iniurias,
1762 2117 1787 2140 te
1805 2113 1845 2140 illi

1051 2159 1136 2177 unum
1146 2151 1287 2181 eximium,
1303 2151 1346 2177 cui
1356 2150 1516 2181 consuleret,
1529 2149 1623 2177 fuisse.
1650 2151 1692 2177 53.
1703 2149 1756 2177 Sed
1764 2151 1845 2177 ceteri

1051 2187 1134 2214 Siculi
1152 2187 1266 2214 ultorem
1284 2196 1396 2214 suarum
1418 2187 1579 2214 iniuriarum
1601 2187 1776 2214 invenerunt:
1804 2192 1842 2219 tu,

1028 2225 1116 2252 dum
1127 2230 1186 2251 tuas
1197 2225 1309 2251 iniurias
1319 2233 1367 2260 per
1378 2229 1412 2255 te,
1427 2224 1455 2251 id
1465 2224 1538 2260 quod
1552 2233 1604 2251 non
1617 2228 1702 2267 potes,
1717 2225 1845 2260 persequi

1049 2263 1167 2293 conaris,
1188 2261 1216 2288 id
1229 2262 1302 2297 agis,
1324 2267 1353 2288 ut
1370 2267 1519 2289 ceterorum
1535 2269 1644 2297 quoque
1662 2261 1777 2288 iniuriae
1789 2263 1845 2288 sint

1049 2299 1199 2334 impunitae
1212 2304 1293 2334 atque
1306 2299 1421 2326 inultae:
1441 2304 1468 2326 et
1481 2298 1530 2326 hoc
1544 2303 1569 2325 te
1586 2298 1724 2334 praeterit,
1744 2307 1798 2325 non
1816 2299 1844 2326 id

1049 2336 1137 2363 solum
1156 2336 1272 2371 spectari
1289 2336 1388 2367 solere,
1408 2336 1457 2371 qui
1475 2335 1582 2366 debeat,
1603 2335 1651 2362 sed
1669 2336 1749 2362 etiam
1763 2335 1840 2367 illud,

1048 2374 1096 2409 qui
1110 2374 1197 2408 possit
1210 2373 1319 2400 ulcisci:
1340 2373 1366 2399 in
1380 2382 1435 2408 quo
1448 2377 1594 2408 utrumque
1611 2373 1660 2403 sit,
1680 2381 1743 2399 eum
1761 2381 1844 2408 supe-

1049 2412 1145 2437 riorem
1159 2419 1234 2443 esse3
1249 2411 1277 2437 in
1290 2419 1346 2446 quo
1358 2409 1480 2441 alterum,
1495 2410 1524 2436 in
1537 2417 1569 2436 eo
1578 2418 1640 2441 nou,
1655 2409 1723 2444 quid
1733 2410 1757 2436 is
1768 2409 1840 2441 velit,

1048 2448 1096 2474 sed
1109 2448 1177 2483 quid
1191 2447 1276 2474 facere
1290 2447 1384 2482 possit,
1398 2447 1492 2482 quaeri
1505 2446 1600 2473 solere.
1632 2447 1674 2473 5⁴.
1689 2446 1767 2479 Quod
1780 2447 1805 2474 si
1817 2448 1841 2474 ei

1048 2485 1221 2520 potissimum
1239 2493 1333 2511 censes
1346 2484 1463 2519 permitti
1476 2488 1596 2518 oportere
1610 2483 1754 2510 accusandi
1767 2488 1843 2519 pote-

1047 2527 1158 2553 statem,
1183 2522 1228 2548 cui
1250 2522 1395 2548 maximam
1417 2520 1447 2547 C.
1467 2521 1562 2547 Verres
1585 2521 1711 2547 iniuriam
1733 2520 1839 2548 fecerit:

1048 2564 1139 2586 utrum
1152 2559 1260 2585 tandem
1272 2567 1366 2585 censes
1379 2558 1429 2584 hoc
1442 2557 1545 2584 iudices
1558 2558 1668 2594 graw'us
1682 2557 1750 2584 ferre
1763 2566 1842 2593 opor-

1049 2601 1117 2628 tere,
1135 2601 1161 2623 te
1174 2595 1208 2622 ab
1221 2595 1269 2622 illo
1281 2603 1342 2622 esse
1356 2595 1471 2626 laesum,
1491 2603 1525 2621 an
1543 2595 1709 2630 provinciam
1722 2595 1839 2622 Siciliam

1047 2642 1108 2660 esse
1121 2637 1244 2660 vexatam
1257 2641 1288 2659 ac
1300 2631 1451 2668 perditam?
1471 2631 1586 2667 Opinor,
1601 2631 1739 2664 concedis,
1754 2631 1841 2659 multo

1047 2670 1096 2697 hoc
1109 2675 1135 2697 et
1148 2678 1208 2697 esse
1220 2670 1331 2706 gravius
1345 2674 1370 2696 et
1383 2669 1416 2696 ab
1429 2669 1556 2697 omnibus
1569 2669 1633 2696 ferri
1641 2669 1752 2706 gravius
1761 2677 1841 2704 opor-
