1941 3052
251 88 298 110 amr.
823 82 864 107 Ἡ.
901 81 935 107 Μ.

252 158 353 190 pinquo
365 155 420 181 tom.
432 163 490 186 rege
502 153 635 180 collocato.
650 156 673 178 te
684 160 744 177 cum
757 151 841 177 classe
852 156 932 186 atquc
943 151 1045 177 exerci-

252 199 278 219 tu
292 193 420 227 prolivisvi
435 190 634 217 Alexandriam:
654 193 690 218 ut.
703 197 788 223 quum
801 197 858 214 eam
871 197 933 222 pace
945 189 1045 222 praeni-

251 231 356 264 diisqm·
374 229 499 257 tir-maris.
524 227 688 252 Ptole-inacus
705 226 792 251 redeat
817 227 842 251 in
860 234 986 260 regnum:
1010 226 1043 251 ita

252 267 314 298 fore.
329 272 356 292 ut
369 275 414 300 per
425 271 449 291 tu
461 265 622 293 restituatur.
633 262 861 297 quemadmodum
874 267 981 288 senatus
994 263 1045 288 ini-

251 305 286 330 tio
296 307 408 333 censuit.
425 307 449 328 et
460 302 517 327 sinc
529 300 700 326 multitudine
712 299 862 329 reducatur.
870 299 1044 334 quemadmo-

251 342 314 366 ιΙιιιιι
328 341 447 366 homines
464 338 580 371 religiosi
593 337 711 373 Sibyllae
728 336 830 372 placere
841 337 976 363 dixerunt.
1017 338 1041 362 5.

250 378 302 403 Sed
316 378 377 403 haec
392 376 520 402 sententia
532 375 570 400 sic
581 379 607 401 et
618 374 656 400 illi
668 379 694 400 et
705 374 781 400 nohis
793 374 962 409 probabatur.
973 379 1000 400 ut
1011 383 1043 400 ex

250 419 344 441 eventu
361 414 482 440 homines
498 412 530 439 do
546 417 590 438 tuo
604 411 716 438 consitio
730 411 928 438 existimaturos
941 411 1044 437 videre-

250 461 323 478 mus:
338 452 360 477 si
372 451 519 481 cecidisset.
534 454 562 476 ut
574 449 699 476 volumus
710 454 735 474 et
746 453 1009 484 optamus.omneste
1019 453 1044 474 et

249 489 383 523 sapienter
397 493 422 514 et
439 488 551 518 fortiter,
568 487 611 513 sin
626 486 730 522 aliquid
741 491 811 513 essct
824 486 968 517 offensum.
985 494 1044 512 eos-

250 527 309 552 dem
322 525 391 556 illos.
404 529 429 551 ct
439 524 537 559 cupide
547 529 572 551 et
584 529 682 550 temere
694 523 934 554 fecisse.dicturos.
957 524 1044 556 Quare

249 563 314 598 quid
331 563 437 598 assequi
455 563 555 597 possis.
578 570 628 588 non
645 566 696 588 tam
714 561 790 587 facilc
804 566 843 587 cst
855 561 946 591 nobis.
961 570 1043 595 quam

251 601 296 627 tihi
307 621 311 631 .
324 601 403 627 cuius
415 608 496 635 prope
507 600 533 626 in
544 603 688 634 conspectu
701 599 838 634 Aegyptus
848 603 900 628 est,
915 598 1042 625 iudicare.

250 638 302 664 Nos
314 638 423 673 quidem
437 638 485 664 hoc
496 637 640 663 sentimus:
653 637 676 662 si
688 635 853 671 exploratum
866 636 913 662 tibi
926 636 968 666 sit.
983 645 1044 670 pos-

249 684 277 701 se
290 680 313 701 tc
326 675 399 701 illius
411 675 484 710 regni
501 675 592 709 potiri.
614 682 665 700 non
677 682 736 700 csse
746 673 941 700 cunctandum:
959 674 981 699 si
993 673 1045 699 (lu-

250 712 324 739 bium
341 713 388 744 sit.
407 721 457 739 non
474 719 532 738 esse
547 711 708 738 conandum.
749 710 817 737 lllud
829 711 876 737 tihi
888 710 1003 740 affirmo.
1021 711 1043 737 si

249 758 305 776 rem
317 750 395 776 istam
407 758 440 776 ex
450 749 579 776 sententia
590 749 715 785 gesseris.
730 747 792 778 fore.
802 753 831 774 ut
840 748 936 774 absens
948 757 960 773 a
974 747 1044 774 mul-

250 788 292 818 tis,
306 796 390 822 quum
403 787 522 817 redieris,
535 787 568 813 ab
579 786 704 812 omnibus
715 785 874 812 collaudere.
914 784 1046 812 offensio-

250 833 310 851 nem
323 833 380 851 esse
397 823 573 859 periculosam
588 828 694 859 propter
709 823 892 858 interpositam
904 823 1045 849 auctorita-

249 866 302 888 tem
319 862 529 898 religionemque
545 861 632 888 video.
673 860 725 887 Sed
741 869 790 896 ego
806 865 842 890 te.
860 865 890 886 ut
903 860 935 886 ad
945 865 1043 886 certam

250 898 356 925 laudem
368 899 503 929 adhortor,
516 899 554 925 sic
564 907 578 925 a
589 898 758 925 dimicatione
768 898 899 924 deterreo:
913 897 1045 932 redeoque

208 967 212 974 ι
249 936 282 962 ad
294 936 374 967 illud.
393 936 465 972 quod
476 937 552 963 initio
563 937 672 971 scripsi.
690 936 770 962 totius
787 935 847 961 facti
864 936 901 962 tui
914 935 1043 961 iudicium

249 978 365 1000 nontam
377 982 410 1001 ex
420 974 532 1001 consilio
542 978 595 1004 tuo.
609 982 688 1009 quam
702 981 735 1000 ex
745 978 841 999 eventu
853 973 974 999 homines
986 980 1045 998 esse

249 1010 375 1037 facturos.
415 1013 439 1038 6.
461 1011 537 1043 Quod
552 1011 574 1037 si
592 1011 656 1037 hacc
671 1011 736 1037 ratio
748 1011 785 1036 rei
796 1011 927 1046 gerendae
939 1010 1045 1045 pericu-

249 1048 304 1075 losa
315 1048 362 1075 tibi
373 1057 431 1075 esse
444 1048 591 1080 videbitur,
605 1048 724 1083 placebat
735 1048 817 1078 illud.
831 1053 868 1078 ut.
885 1049 907 1074 si
919 1056 967 1074 rex
977 1048 1045 1073 ami-

248 1086 287 1112 cis
299 1086 365 1117 tuis.
383 1087 430 1121 qui
443 1094 489 1121 per
500 1086 664 1121 provinciam
676 1090 755 1120 atque
767 1086 872 1120 imperii
886 1086 923 1111 tui
935 1085 1045 1120 provin—

248 1123 302 1149 cias
314 1124 337 1150 ei
348 1123 534 1153 credidissent,
549 1123 627 1150 fidem
641 1132 717 1150 suam
730 1123 916 1157 praestitisset.
930 1127 956 1149 et
967 1123 1045 1149 auxi-

249 1159 293 1186 liis
304 1169 365 1187 eum
378 1161 431 1187 tuis
443 1165 468 1187 et
478 1162 562 1195 copiis
573 1161 727 1188 adiuvaresz
746 1168 804 1186 eam
816 1168 874 1186 esse
887 1164 1006 1186 naturam
1018 1164 1043 1185 et

248 1198 382 1233 regionem
398 1199 549 1233 provinciae
565 1202 638 1230 tuae,
656 1202 686 1224 ut
700 1197 774 1224 illius
785 1197 900 1224 reditum
913 1197 954 1224 vel
967 1197 1044 1223 adiu-

247 1235 335 1261 vando
350 1235 520 1262 confirmares
537 1235 577 1261 vel
590 1235 749 1271 negligendo
761 1235 914 1270 impedires.
954 1235 982 1261 ln
995 1234 1044 1261 hac

247 1273 346 1298 ratione
361 1272 428 1307 quid
443 1281 499 1303 res.
516 1273 582 1307 quid
593 1281 701 1304 caussa,
718 1272 785 1307 quid
800 1277 907 1307 tempus
918 1271 996 1303 ferat.
1015 1276 1043 1298 tu

247 1307 373 1335 facillime
384 1310 538 1345 optimeque
549 1310 708 1345 perspicies:
720 1309 787 1344 quid
800 1310 876 1336 nobis
888 1309 1041 1344 placuisset.

246 1354 279 1373 ex
291 1355 333 1373 me
344 1348 514 1382 potissimum
527 1348 618 1382 putavi
633 1352 657 1374 te
672 1347 740 1374 scire
750 1351 879 1382 oportere.
919 1347 946 1373 7.
967 1346 1044 1379 Quod

246 1383 314 1410 mihi
325 1384 358 1410 de
369 1389 459 1411 nostro
469 1389 553 1416 statu,
566 1384 600 1411 de
610 1384 717 1412 Milonis
732 1384 919 1415 familiaritate,
932 1384 965 1411 de
977 1384 1044 1411 levi-

246 1421 771 1458 tateetimbecillitateClodiigratularis;
784 1422 1040 1453 minimemiramur.

246 1462 271 1484 te
283 1459 345 1490 tuis,
359 1464 389 1486 ut
399 1460 537 1495 egregium
549 1460 685 1491 artificem,
699 1459 840 1495 praeclaris
851 1459 978 1494 operibus
991 1459 1045 1485 lae-

246 1496 309 1528 tari3
322 1505 486 1532 quamquam
498 1502 539 1524 est
552 1497 863 1524 incredibilishominum
871 1497 1041 1532 perversitas,

246 1533 370 1568 (graviori
385 1535 457 1561 enim
472 1535 553 1561 verbo
568 1535 607 1561 uti
619 1543 671 1562 non
684 1534 769 1570 libet.)
783 1535 832 1570 qui
847 1543 908 1565 noaz,
925 1542 993 1569 quos
1004 1533 1044 1560 fa-

246 1570 333 1597 vendo
343 1571 370 1597 in
382 1573 518 1598 communi
529 1580 624 1599 caussa
636 1573 749 1599 retinere
759 1576 911 1607 potuerunt.
920 1571 1045 1598 inviden-

246 1607 280 1633 do
291 1607 489 1641 abalienarunt3
506 1617 621 1644 quorum
638 1609 902 1636 malevolentissimis
913 1609 1044 1635 obtrecta-

246 1645 364 1671 tionibus
384 1654 432 1672 nos
452 1647 518 1673 scito
538 1647 571 1673 de
591 1651 678 1673 vetere
693 1646 739 1673 illa
755 1650 843 1674 nostra
862 1645 1043 1681 diuturnaque

245 1683 375 1708 sententia
387 1691 468 1718 prope
479 1684 532 1710 iam
544 1692 603 1710 esse
613 1683 741 1719 depulsos
749 1705 755 1715 ,
769 1693 822 1711 non
833 1692 881 1710 nos
892 1683 1002 1718 quidem
1014 1687 1044 1709 ut

246 1723 349 1745 nostrae
360 1719 498 1756 dignitatis
509 1722 596 1747 simus
607 1721 692 1752 obliti.
706 1721 754 1748 sed
765 1726 795 1748 ut
805 1720 952 1747 habeamus
964 1721 1044 1747 ratio-

247 1764 308 1782 nem
319 1756 463 1792 aliquando
473 1759 552 1784 etiam
563 1758 668 1785 salutis.
696 1759 799 1785 Poterat
811 1763 956 1793 utrumque
967 1766 1044 1793 prae-

246 1793 329 1824 clare,
342 1795 365 1820 si
376 1799 446 1821 esset
457 1795 535 1826 fides,
551 1796 574 1822 si
585 1797 701 1832 gravitas
712 1796 740 1822 in
752 1795 908 1822 hominibus
918 1795 1044 1822 consula-

246 1830 336 1857 ribus:
358 1832 405 1858 sed
421 1837 491 1858 tanta
507 1837 547 1859 est
561 1833 588 1859 in
605 1832 743 1868 plerisque
757 1833 863 1864 levitas.
888 1837 916 1859 ut
929 1841 974 1859 eos
990 1841 1041 1859 non

247 1872 299 1894 tam
319 1870 465 1895 constantia
486 1870 514 1896 in
534 1869 671 1905 republica
694 1875 783 1897 nostra
809 1870 934 1901 delectet.
960 1878 1040 1905 quam

247 1904 372 1940 splendor
382 1906 505 1934 offendat.
547 1909 572 1933 8.
593 1906 670 1939 Quod
685 1916 716 1935 eo
731 1907 843 1934 liberius
858 1907 892 1934 ad
907 1912 932 1934 te
943 1907 1039 1938 scribo.

246 1943 293 1977 qui
312 1951 363 1969 non
379 1943 466 1970 solum
483 1945 648 1979 temporibus
665 1945 712 1976 iis,
730 1953 799 1980 quae
815 1953 861 1980 per
872 1949 967 1971 tesam
979 1945 1043 1971 ade-

245 1980 373 2014 ptus,sed
384 1981 436 2007 iam
448 1981 512 2008 olim
524 1983 642 2008 nascenti
653 1991 735 2017 prope
747 1987 850 2009 nostrae
863 1982 935 2008 laudi
953 1982 1042 2018 digni-

245 2018 347 2052 tatique
369 2017 470 2045 favisti:
493 2019 575 2046 simul
591 2019 664 2054 quod
684 2020 775 2050 video,
799 2028 865 2051 non,
887 2024 917 2046 ut
931 2020 1042 2046 antehac

246 2055 371 2089 putabam
380 2076 387 2086 ,
400 2056 509 2082 novitati
520 2065 580 2083 esse
591 2057 709 2084 invisum
721 2065 808 2083 meae:
826 2058 853 2083 in
865 2061 889 2083 te
899 2057 980 2088 enim.
994 2057 1042 2083 ho-

246 2092 318 2118 mine
337 2093 458 2119 omnium
480 2093 660 2125 nobilissimo,
683 2094 782 2121 similia
802 2094 956 2121 invidorum
977 2095 1041 2120 vitia

245 2130 384 2164 perspexi:
407 2139 487 2165 quem
503 2136 592 2158 tamen
609 2131 648 2158 illi
663 2140 722 2158 esse
737 2132 764 2158 in
781 2131 949 2166 principibus
965 2131 1041 2158 facile

245 2171 309 2192 sunt
323 2168 408 2201 passi.
431 2167 535 2194 evolare
553 2168 633 2195 altius
653 2174 723 2195 certe
738 2169 891 2196 noluerunt.
932 2169 1042 2196 Gaudeo

245 2207 318 2230 tuam
334 2204 494 2231 dissimilem
511 2205 594 2232 fuisse
610 2205 757 2233 fortunam:
779 2206 896 2233 multum
914 2207 986 2233 enim
999 2207 1043 2233 in—

245 2245 338 2272 terest,
361 2247 451 2268 utrum
467 2242 525 2269 laus
543 2243 733 2275 imminuatur,
757 2252 790 2270 an
805 2243 879 2271 salus
892 2243 1039 2270 deseratur.

244 2278 287 2304 Me
297 2287 371 2306 meae
382 2283 470 2306 tamen
481 2288 514 2306 ne
525 2281 605 2307 nimis
617 2281 776 2316 poeniteret,
790 2285 834 2307 tua
844 2282 943 2308 virtute
954 2281 1042 2316 perfe-

244 2320 318 2342 ctum
329 2321 378 2342 est.
419 2317 523 2344 Curasti
538 2319 624 2349 enim,
641 2323 671 2344 ut
686 2318 748 2353 plus
763 2318 884 2345 additum
896 2318 929 2344 ad
940 2327 1041 2345 memo-

245 2353 310 2379 riam
323 2354 438 2380 nominis
451 2356 542 2386 nostri,
561 2364 642 2390 quam
654 2355 794 2390 demptum
804 2355 838 2382 de
850 2355 954 2382 fortuna
967 2355 1042 2382 vide-

245 2394 328 2415 retur.
368 2392 392 2416 9.
409 2392 445 2418 'I'e
455 2401 517 2419 vero
528 2401 646 2424 emoneo,
660 2401 746 2428 quum
758 2393 895 2419 beneficiis
906 2393 969 2423 tuis.
982 2397 1039 2419 tum

246 2434 334 2452 amore
349 2427 473 2455 incitatus
484 2438 556 2461 meo,
574 2433 605 2456 ut
614 2438 721 2456 omnem
737 2429 863 2466 gloriam,
881 2430 914 2456 ad
929 2438 1011 2465 quam
1026 2438 1040 2456 a

247 2463 358 2496 pueritia
370 2464 549 2493 inflammatus
561 2466 649 2498 fuisti.
661 2468 734 2494 omni
745 2475 808 2493 cura
819 2472 898 2502 atque
909 2467 1040 2494 industria

246 2507 421 2534 consequare,
439 2504 706 2539 magnitudinemque
722 2504 804 2530 animi
820 2505 874 2535 tui,
894 2513 976 2539 quam
991 2513 1041 2540 ego

246 2543 353 2577 semper
362 2546 422 2564 sum
434 2539 579 2567 admiratus
591 2549 751 2577 semperque
761 2542 859 2572 amavi,
867 2550 899 2568 ne
910 2550 1040 2577 umquam

246 2571 364 2614 inflectas
384 2575 544 2611 cuiusquam
568 2579 676 2605 iniuria.
716 2579 812 2614 Magna
835 2583 875 2605 est
899 2579 1040 2605 hominum

247 2617 338 2644 opinio
347 2610 380 2638 de
390 2616 423 2644 te,
436 2621 530 2649 magna
541 2615 736 2642 commendatio
747 2615 912 2643 liberalitatis
920 2636 926 2648 ,
943 2624 1040 2652 magna

1070 1993 1072 1999 ι
1094 1983 1266 2019 ligentissimi
1289 1984 1476 2019 praetermisit.

1070 2024 1071 2030 ¹
1093 2029 1183 2047 rerum
1193 2022 1379 2048 communium
1390 2029 1547 2057 cognosces,
1565 2028 1635 2055 quae
1647 2019 1741 2055 quales
1752 2019 1819 2051 sint,
1837 2027 1890 2046 non

969 81 998 107 T.
1033 81 1306 108 ‹lttltittoxts'

1097 152 1222 178 memoria
1233 152 1389 179 consulatus
1401 154 1449 179 tui.
1490 153 1557 179 Haec
1574 154 1690 188 profecto
1705 155 1778 181 vides
1790 161 1891 191 quanto

1096 189 1276 223 expressiora.
1293 195 1447 224 quantoque
1461 190 1604 217 illustriora
1617 191 1704 218 futura
1720 194 1786 223 sint.
1803 201 1888 227 quum

1096 225 1263 260 aliquantum
1279 235 1312 253 cx
1329 228 1464 261 prm-incia
1478 233 1557 263 atque
1571 237 1605 255 ex
1621 229 1733 264 imperio
1749 230 1834 256 tandin
1846 239 1891 256 uc-

1073 261 1075 270 *
1095 263 1214 289 cesserit.
1236 264 1404 298 Quamquam
1417 269 1442 290 te
1452 265 1487 290 ita
1499 274 1589 299 gerere
1601 266 1745 302 volo.quae
1757 276 1804 302 per
1814 275 1891 294 exer-

1095 300 1178 326 citurn
1194 305 1274 335 atque
1290 301 1432 336 imperium
1448 302 1563 337 gerenda
1578 308 1654 333 sunt.
1677 309 1705 330 ut
1721 304 1785 330 haec
1806 305 1891 331 multo

1073 346 1075 352 ¹
1096 341 1155 363 ante
1172 337 1311 367 meditere.
1333 338 1384 364 huc
1396 344 1420 365 tc
1431 347 1522 373 pares.
1540 339 1603 366 haec
1614 341 1728 375 cogites.
1745 341 1777 367 nd
1791 342 1854 368 haec
1865 346 1891 368 te

1073 401 1075 411 .
1096 383 1232 405 exerceas,
1248 376 1402 410 sentiasque
1413 376 1454 404 id.
1467 376 1562 411 (quod.
1574 377 1638 411 quia
1650 386 1755 413 semper
1765 379 1889 413 sperasti,

1073 427 1075 435 .
1096 421 1147 438 non
1159 412 1476 448 duhito,quin‚adeptus.
1490 414 1645 449 intelligas.)
1655 419 1679 440 te
1692 415 1817 442 facillime
1828 425 1891 451 pos-

1096 458 1124 475 sc
1143 450 1262 476 obtinere
1277 459 1415 476 summum
1431 456 1511 486 atque
1526 451 1688 478 altissimum
1699 452 1812 486 gradum
1823 454 1891 480 civi-

1096 487 1166 513 tatis.
1205 488 1278 519 Quae
1294 488 1404 522 quidem
1421 496 1478 514 mea
1488 488 1632 515 cohortatio
1642 497 1675 516 ne
1686 490 1734 516 tibi
1749 491 1834 517 inanis
1845 495 1892 517 aut

1072 549 1074 557 ,
1095 525 1154 551 sine
1165 532 1258 550 caussa
1270 530 1394 559 suscepta
1406 525 1540 556 videatur.
1559 526 1603 552 illa
1619 535 1661 552 me
1672 528 1737 553 ratio
1747 529 1843 559 movit.
1861 532 1891 554 ut

1073 562 1074 565 ’
1096 566 1120 587 tc
1131 570 1164 587 ex
1176 562 1273 588 nostris
1288 563 1390 589 eventis
1401 563 1592 589 communibus
1603 563 1800 590 admonendum
1813 570 1891 599 puta-

1096 607 1160 629 rem.
1175 604 1202 625 ut
1213 599 1403 630 considerares.
1413 600 1438 626 in
1449 601 1521 627 omni
1533 600 1634 636 reliqua
1648 602 1710 631 vita.
1722 602 1823 636 quibus
1833 610 1890 628 cre-

1095 636 1185 666 deres,
1203 645 1270 672 quos
1281 646 1399 663 caveres.
1441 639 1481 664 10.
1503 637 1579 670 Quod
1590 638 1685 665 scribis
1697 643 1721 665 tc
1734 639 1800 665 velle
1811 640 1889 670 scire,

1095 674 1142 708 qui
1158 674 1192 699 sit
1207 674 1369 708 reipublicae
1386 679 1484 701 status:
1507 684 1613 701 summa
1628 676 1762 703 dissensio
1772 681 1826 707 est,
1843 676 1891 704 sed

1095 712 1228 738 contentio
1238 712 1338 746 dispar.
1365 712 1430 738 Nam
1441 713 1488 747 qui
1501 712 1562 747 plus
1573 713 1681 747 opibus,
1694 714 1784 744 armis,
1799 719 1891 748 poten-

1096 748 1130 774 tia
1143 748 1230 775 valent
1240 769 1246 779 ,
1260 748 1402 783 profecisse
1414 754 1516 776 tantum
1529 750 1594 776 mihi
1608 750 1732 777 videntur
1742 751 1854 777 stultitia
1865 756 1891 778 et

1096 785 1270 812 inconstantia
1286 786 1513 818 adversariorum.
1536 792 1564 813 ut
1579 788 1658 814 etiam
1672 789 1825 815 auctoritate
1837 789 1889 815 iam

1096 822 1157 857 plus
1165 823 1290 850 valerent.
1313 824 1412 858 ltaque.
1422 824 1888 859 perpaucisadversantibus.omnia.

1073 868 1075 876 ι
1095 868 1164 895 quae
1175 869 1207 886 ne
1218 869 1264 895 per
1271 861 1400 896 populum
1412 862 1522 897 quidem
1534 863 1592 888 sine
1603 862 1733 889 seditione
1743 871 1772 889 se
1782 863 1890 898 assequi

1095 906 1174 932 posse
1186 899 1389 929 arbitrabantur,
1404 908 1450 934 per
1460 904 1582 926 senatum
1593 900 1727 926 consecuti
1738 905 1814 926 sunt:
1829 909 1890 926 nam

1073 951 1075 974 ¹.
1095 935 1291 970 etstipendium
1299 936 1404 962 Caesari
1412 936 1548 963 decretum
1561 941 1644 966 est,et
1653 937 1744 963 decem
1758 937 1888 973 legati.et,

1073 980 1075 996 τ
1096 981 1128 998 ne
1141 972 1197 1008 lege
1208 972 1364 1007 Sempronia
1374 974 1574 1005 succederetur,
1593 973 1669 1000 facile
1680 974 1827 1009 perfectum
1839 981 1889 1001 est.

1095 1010 1171 1042 Quod
1182 1018 1231 1046 ego
1241 1010 1274 1036 ad
1285 1015 1310 1036 te
1322 1010 1431 1037 brevius
1444 1011 1545 1041 scribo.
1561 1012 1624 1046 quia
1636 1020 1678 1038 me
1688 1016 1774 1037 status
1786 1012 1829 1038 hic
1840 1012 1891 1038 rei-

1095 1046 1219 1082 publicae
1230 1056 1281 1074 non
1291 1047 1416 1074 delectat:
1438 1049 1526 1075 scribo
1537 1053 1634 1079 tamen.
1647 1054 1677 1075 ut
1687 1053 1712 1074 te
1723 1049 1889 1081 admoneam,

1095 1084 1166 1119 quod
1179 1085 1248 1119 ipse,
1267 1085 1360 1111 litteris
1371 1086 1498 1112 omuibus
1513 1094 1527 1111 a
1544 1087 1656 1120 pueritia
1671 1085 1792 1117 deditus.
1809 1095 1892 1121 expe-

1095 1122 1187 1148 riendo
1199 1127 1286 1149 tamen
1298 1124 1393 1158 magis.
1405 1131 1487 1158 quarn
1498 1123 1626 1150 discendo
1636 1124 1764 1159 cognovi:
1785 1128 1823 1154 tu.
1837 1124 1890 1150 tuis

1095 1159 1175 1186 rebus
1187 1160 1306 1195 integris
1319 1159 1421 1191 discas.
1443 1168 1531 1196 neque
1541 1160 1636 1187 salutis
1647 1166 1751 1187 nostrae
1762 1161 1889 1187 rationem

1096 1197 1244 1223 habendam
1256 1197 1333 1224 nobis
1344 1205 1403 1224 esse
1418 1198 1476 1224 sine
1491 1198 1632 1234 dignitate.
1651 1206 1736 1233 neque
1752 1198 1890 1233 dignitatis

1094 1235 1153 1260 sine
1163 1234 1260 1261 salute.
1302 1236 1343 1261 41.
1364 1234 1441 1267 Quod
1455 1235 1522 1261 mihi
1538 1235 1571 1262 de
1587 1235 1639 1262 filia
1654 1240 1679 1262 et
1689 1235 1722 1262 de
1733 1235 1892 1270 Crassipede

1094 1271 1250 1307 gratularis,
1267 1280 1382 1307 agnosco
1397 1272 1590 1299 humanitatem
1606 1277 1694 1299 tuam:
1714 1281 1846 1308 speroque
1865 1278 1892 1300 et

1095 1314 1168 1344 opto.
1190 1309 1267 1336 nobis
1282 1309 1350 1336 hanc
1364 1310 1578 1337 coniunctionem
1594 1310 1723 1345 voluptati
1742 1309 1806 1337 fore.
1848 1311 1889 1337 12.

1095 1346 1239 1373 Lentulum
1251 1352 1371 1374 nostrum
1381 1348 1479 1374 eximia
1490 1356 1552 1383 spe.
1569 1356 1691 1374 summae
1705 1348 1812 1374 virtutis
1827 1347 1892 1374 ado-

1095 1383 1253 1415 lescentem.
1275 1393 1362 1420 quum
1382 1385 1477 1411 ceteris
1496 1385 1611 1416 artibus.
1636 1385 1738 1420 quibus
1761 1384 1890 1412 studuisti

1095 1429 1201 1457 semper
1211 1422 1278 1457 ipse.
1293 1427 1350 1448 tum
1360 1423 1388 1449 in
1402 1423 1496 1457 primis
1507 1423 1655 1449 imitatione
1665 1423 1705 1449 tui
1716 1422 1757 1449 fae
1767 1422 1888 1449 erudias:

1095 1459 1168 1485 nulla
1180 1460 1251 1486 enim
1262 1460 1312 1486 erit
1323 1459 1372 1486 hac
1383 1460 1558 1494 praestantior
1567 1459 1724 1494 disciplina:
1737 1468 1819 1495 quem
1830 1467 1888 1490 nos.

1094 1501 1120 1522 et
1133 1497 1198 1532 quia
1215 1501 1292 1528 tuuS.
1308 1501 1335 1523 et
1349 1497 1412 1532 quia
1427 1502 1452 1524 te
1462 1496 1563 1533 dignus
1573 1501 1614 1524 est
1625 1497 1710 1528 filius.
1728 1501 1754 1523 et
1768 1497 1830 1532 quia
1843 1505 1891 1523 nos

1094 1533 1184 1570 diligit
1197 1542 1359 1570 semperque
1373 1534 1481 1566 dilexit.
1498 1535 1526 1561 in
1541 1534 1638 1570 primis
1653 1543 1776 1561 amamus
1784 1542 1892 1561 carum-

1093 1579 1146 1606 que
1158 1571 1299 1598 habemus.

1148 1640 1208 1661 vm.
1221 1640 1298 1660 ARG.
1314 1640 1347 1660 De
1361 1646 1385 1660 re
1399 1639 1488 1667 publiea
1503 1644 1606 1667 quentin,
1623 1639 1739 1661 Lentulum
1756 1639 1842 1660 sotatur
1852 1647 1892 1668 ape

1093 1674 1178 1695 minuta
1187 1682 1281 1696 eun-ue
1291 1675 1365 1700 regine
1375 1678 1412 1695 aut
1422 1681 1492 1702 poene
1502 1676 1583 1696 frneta:
1593 1676 1621 1696 ob
1631 1682 1666 1696 ren
1676 1676 1731 1695 bene
1741 1679 1814 1699 gestu
1822 1674 1889 1695 honn-

1093 1716 1140 1730 rnm
1151 1716 1190 1737 {pe
1200 1710 1274 1735 erigit.
1303 1713 1384 1735 (Romae
1394 1711 1484 1735 Pompeio
1494 1712 1519 1729 11.
1531 1712 1595 1730 Cano
1606 1712 1629 1730 n.
1639 1718 1687 1730 tou.
1697 1714 1754 1732 699.)

1158 1751 1194 1777 M.
1211 1751 1241 1777 T.
1259 1751 1288 1778 C.
1306 1751 1334 1778 S.
1352 1751 1382 1777 D.
1399 1751 1428 1777 P.
1451 1750 1636 1777 LENTULO
1655 1749 1819 1777 PROCOS.

1150 1798 1173 1822 l.
1195 1792 1240 1823 De
1250 1797 1376 1823 omnibus
1387 1796 1481 1827 rebus.
1499 1805 1568 1831 quae
1578 1796 1611 1822 ad
1625 1801 1650 1822 te
1659 1797 1806 1831 pertinent,
1822 1795 1890 1831 quid

1093 1838 1191 1865 aetum.
1199 1834 1266 1869 quid
1271 1835 1447 1861 constitutum
1453 1835 1497 1864 sit,
1506 1833 1574 1869 quid
1579 1833 1888 1868 Pompeiussusoeperit‚

1093 1872 1193 1906 optime
1204 1880 1237 1898 ex
1248 1872 1284 1898 M.
1296 1871 1426 1898 Plaetorio
1440 1879 1598 1907 cognosces,
1615 1871 1663 1906 qui
1678 1879 1730 1897 non
1745 1869 1833 1897 sotum
1847 1871 1891 1897 in-

1093 1908 1184 1935 terfuit
1195 1909 1236 1936 his
1247 1909 1337 1940 rebus.
1354 1908 1401 1935 sed
1413 1909 1492 1935 etiam
1503 1907 1632 1944 praefuit:
1653 1916 1741 1943 neque
1752 1907 1839 1934 ullum
1849 1907 1891 1934 of-

1094 1945 1182 1972 ficium
1195 1955 1255 1982 erga
1267 1951 1292 1973 te
1303 1946 1420 1973 hominis
1431 1946 1618 1977 amantissimi,
1627 1944 1891 1980 prudentissimi‚di-

1515 1983 1558 2010 Ex
1576 1982 1669 2010 eodem
1689 1982 1723 2009 de
1743 1986 1796 2009 toto
1818 1986 1889 2009 statu

1093 2057 1170 2084 facile
1185 2063 1226 2085 est
1240 2058 1367 2085 scribere.
1407 2058 1476 2084 Sunt
1489 2057 1600 2093 quidem
1614 2062 1685 2084 certe
1698 2057 1727 2083 in
1742 2057 1889 2083 amicorum

1093 2099 1244 2122 nostrorum
1255 2100 1396 2130 potestate,
1409 2100 1489 2130 atque
1499 2096 1534 2122 ita
1542 2116 1548 2126 .
1561 2099 1592 2122 ut
1602 2094 1704 2121 nullam
1715 2094 1889 2120 mutationem

1092 2141 1223 2168 umquam
1234 2133 1284 2159 hac
1294 2133 1435 2160 hominum
1445 2137 1529 2159 aetate
1540 2132 1663 2159 habitura
1672 2139 1715 2158 res
1726 2139 1787 2158 aese
1796 2130 1890 2158 videa—

1092 2175 1145 2196 tur.
1176 2172 1202 2198 2.
1217 2170 1274 2206 Ego
1283 2170 1403 2205 quidem,
1416 2174 1446 2196 ut
1456 2170 1548 2200 debeo.
1561 2174 1587 2196 et
1598 2173 1628 2196 ut
1638 2173 1694 2196 tute
1704 2168 1772 2195 mihi
1782 2175 1890 2203 praece-

1093 2207 1170 2242 pisti,
1191 2211 1217 2234 et
1230 2212 1260 2234 ut
1275 2216 1318 2234 me
1331 2207 1449 2244 dignitas
1462 2206 1620 2242 utilitasque
1632 2206 1715 2242 cogit,
1733 2213 1776 2231 me
1787 2205 1820 2231 ad
1829 2205 1891 2232 eius

1093 2245 1207 2271 rationes
1218 2245 1336 2281 adiungo
1343 2265 1349 2276 ,
1362 2253 1442 2280 quem
1454 2249 1483 2271 tu
1494 2244 1522 2271 in
1532 2244 1600 2270 meis
1610 2242 1758 2270 rationibus
1768 2242 1817 2268 tibi
1827 2250 1890 2269 esse

1092 2281 1294 2318 adiungendum
1306 2282 1415 2317 putasti.
1450 2281 1503 2308 Sed
1514 2286 1539 2308 te
1549 2289 1602 2308 non
1612 2280 1746 2315 praeterit,
1758 2287 1841 2314 quam
1851 2280 1889 2306 sit

1092 2318 1214 2350 difficile.
1237 2328 1347 2346 sensum
1362 2319 1390 2346 in
1405 2318 1555 2354 republica,
1572 2317 1728 2353 praesertim
1743 2321 1847 2344 rectum
1861 2321 1889 2346 et

1091 2356 1292 2388 confirmatum,
1313 2356 1456 2391 deponere.
1495 2356 1683 2382 Verumtamen
1697 2354 1757 2389 ipse
1770 2361 1814 2380 me
1823 2362 1888 2380 oon·

1092 2393 1177 2420 formo
1191 2393 1225 2420 ad
1238 2395 1297 2420 eius
1311 2394 1488 2424 voluntatem.
1511 2401 1526 2419 a
1542 2400 1598 2427 quo
1614 2391 1726 2418 honeste
1744 2391 1887 2418 dissentire

1092 2439 1144 2457 non
1159 2439 1286 2466 possum:
1309 2439 1396 2466 neque
1410 2431 1439 2457 id
1454 2430 1533 2460 facio,
1550 2433 1580 2455 ιιι
1595 2428 1704 2455 forsitan
1720 2428 1887 2463 quibusdam

1092 2468 1198 2499 videar.
1216 2467 1402 2495 simulatione:
1424 2472 1527 2494 tantum
1542 2467 1615 2492 enim
1633 2466 1718 2492 animi
1728 2465 1850 2492 inductio
1859 2469 1887 2492 et

1091 2505 1246 2532 mehercule
1254 2526 1260 2536 ,
1278 2513 1352 2532 amor
1366 2513 1430 2540 erga
1443 2504 1603 2539 Pompeium
1614 2502 1687 2538 apud
1698 2511 1741 2529 me
1752 2502 1831 2533 valet,
1843 2506 1883 2534 ut,

1091 2551 1160 2577 quae
1175 2542 1217 2569 illi
1232 2542 1308 2569 utilia
1322 2546 1399 2573 sunt,
1415 2546 1442 2568 et
1454 2549 1523 2576 quae
1533 2540 1578 2567 ille
1588 2541 1660 2571 vult,
1677 2548 1707 2566 ea
1719 2540 1786 2566 mihi
1795 2539 1886 2566 omnia

1091 2580 1144 2606 iam
1160 2584 1186 2606 et
1199 2584 1269 2606 recta
1283 2584 1310 2606 et
1323 2587 1386 2606 vera
1398 2578 1549 2605 videantur.
1588 2578 1694 2613 Neque,
1711 2581 1742 2604 ιιι
1753 2585 1804 2613 ego
1813 2576 1885 2603 arbi-

1091 2620 1158 2648 tror,
1175 2621 1305 2649 errarent,
1322 2624 1355 2644 ne
1369 2615 1514 2643 adversarii
1529 2615 1640 2651 quidem
1654 2616 1727 2646 eius,
1743 2615 1781 2646 si,
1797 2621 1885 2650 quum
