<?xml version="1.0" encoding="UTF-8"?>
<!DOCTYPE html PUBLIC "-//W3C//DTD XHTML 1.0 Transitional//EN"
    "http://www.w3.org/TR/xhtml1/DTD/xhtml1-transitional.dtd">
<html xmlns="http://www.w3.org/1999/xhtml" xml:lang="en" lang="en">
 <head>
  <title>
</title>
<meta http-equiv="Content-Type" content="text/html;charset=utf-8" />
  <meta name='ocr-system' content='tesseract 3.04.00' />
  <meta name='ocr-capabilities' content='ocr_page ocr_carea ocr_par ocr_line ocrx_word'/>
</head>
<body>
  <div class='ocr_page' id='page_1' title='image "./operaomniaunovol00ciceuoft_0941.png"; bbox 0 0 1941 3052; ppageno 0'>
   <div class='ocr_carea' id='block_1_1' title="bbox 331 144 1176 172">
    <p class='ocr_par' dir='ltr' id='par_1_1' title="bbox 331 144 1176 172">
     <span class='ocr_line' id='line_1_1' title="bbox 331 144 1176 172; baseline -0.002 0"><span class='ocrx_word' id='word_1_1' title='bbox 331 145 655 172; x_wconf 79' lang='lat' dir='ltr'>EPISTOLARUM</span> <span class='ocrx_word' id='word_1_2' title='bbox 686 145 738 171; x_wconf 70' lang='lat' dir='ltr'>AD</span> <span class='ocrx_word' id='word_1_3' title='bbox 768 144 974 171; x_wconf 80' lang='lat' dir='ltr'>ATTICUM</span> <span class='ocrx_word' id='word_1_4' title='bbox 1006 145 1087 170; x_wconf 86' lang='lat' dir='ltr'>LIB.</span> <span class='ocrx_word' id='word_1_5' title='bbox 1109 145 1176 170; x_wconf 78' lang='lat' dir='ltr'>XII.</span> 
     </span>
    </p>
   </div>
   <div class='ocr_carea' id='block_1_2' title="bbox 67 215 864 285">
    <p class='ocr_par' dir='ltr' id='par_1_2' title="bbox 67 215 864 285">
     <span class='ocr_line' id='line_1_2' title="bbox 68 215 862 251; baseline -0.004 -7"><span class='ocrx_word' id='word_1_6' title='bbox 68 217 173 244; x_wconf 86' lang='lat' dir='ltr'>litatum</span> <span class='ocrx_word' id='word_1_7' title='bbox 179 220 281 251; x_wconf 82' lang='lat' dir='ltr'>putant,</span> <span class='ocrx_word' id='word_1_8' title='bbox 290 216 384 247; x_wconf 82' lang='lat' dir='ltr'>sciant,</span> <span class='ocrx_word' id='word_1_9' title='bbox 392 215 459 251; x_wconf 93' lang='lat' dir='ltr'>quid</span> <span class='ocrx_word' id='word_1_10' title='bbox 471 215 620 242; x_wconf 87' lang='lat' dir='ltr'>litterarum</span> <span class='ocrx_word' id='word_1_11' title='bbox 629 220 655 242; x_wconf 92' lang='lat' dir='ltr'>et</span> <span class='ocrx_word' id='word_1_12' title='bbox 665 217 744 242; x_wconf 89' lang='lat' dir='ltr'>cuius</span> <span class='ocrx_word' id='word_1_13' title='bbox 755 215 862 251; x_wconf 82' lang='lat' dir='ltr'>generis</span> 
     </span>
     <span class='ocr_line' id='line_1_3' title="bbox 67 252 864 285; baseline -0.005 -3"><span class='ocrx_word' id='word_1_14' title='bbox 67 254 221 285; x_wconf 75' lang='lat' dir='ltr'>conficiam,</span> <span class='ocrx_word' id='word_1_15' title='bbox 238 252 330 284; x_wconf 88' lang='lat' dir='ltr'>credo,</span> <span class='ocrx_word' id='word_1_16' title='bbox 348 254 372 279; x_wconf 89' lang='lat' dir='ltr'>si</span> <span class='ocrx_word' id='word_1_17' title='bbox 388 253 466 279; x_wconf 90' lang='lat' dir='ltr'>modo</span> <span class='ocrx_word' id='word_1_18' title='bbox 481 253 604 279; x_wconf 91' lang='lat' dir='ltr'>homines</span> <span class='ocrx_word' id='word_1_19' title='bbox 620 253 687 283; x_wconf 88' lang='lat' dir='ltr'>sint,</span> <span class='ocrx_word' id='word_1_20' title='bbox 708 253 864 279; x_wconf 75' lang='lat' dir='ltr'><strong>existiment</strong></span> 
     </span>
    </p>
   </div>
   <div class='ocr_carea' id='block_1_3' title="bbox 68 287 886 322">
    <p class='ocr_par' dir='ltr' id='par_1_3' title="bbox 68 287 886 322">
     <span class='ocr_line' id='line_1_4' title="bbox 68 287 886 322; baseline -0.004 -4"><span class='ocrx_word' id='word_1_21' title='bbox 68 300 125 322; x_wconf 86' lang='lat' dir='ltr'>me,</span> <span class='ocrx_word' id='word_1_22' title='bbox 147 292 205 317; x_wconf 86' lang='lat' dir='ltr'>sive</span> <span class='ocrx_word' id='word_1_23' title='bbox 221 291 257 316; x_wconf 89' lang='lat' dir='ltr'>ita</span> <span class='ocrx_word' id='word_1_24' title='bbox 273 289 376 316; x_wconf 85' lang='lat' dir='ltr'>levatus</span> <span class='ocrx_word' id='word_1_25' title='bbox 387 291 452 320; x_wconf 90' lang='lat' dir='ltr'>sim,</span> <span class='ocrx_word' id='word_1_26' title='bbox 476 295 505 316; x_wconf 88' lang='lat' dir='ltr'>ut</span> <span class='ocrx_word' id='word_1_27' title='bbox 515 291 636 316; x_wconf 86' lang='lat' dir='ltr'>animum</span> <span class='ocrx_word' id='word_1_28' title='bbox 648 299 764 316; x_wconf 80' lang='lat' dir='ltr'>vacuum</span> <span class='ocrx_word' id='word_1_29' title='bbox 776 290 808 315; x_wconf 91' lang='lat' dir='ltr'>ad</span> <span class='ocrx_word' id='word_1_30' title='bbox 821 298 862 315; x_wconf 81' lang='lat' dir='ltr'>res</span> <span class='ocrx_word' id='word_1_31' title='bbox 885 287 886 290; x_wconf 65' lang='grc'>’</span> 
     </span>
    </p>
   </div>
   <div class='ocr_carea' id='block_1_4' title="bbox 68 327 867 770">
    <p class='ocr_par' dir='ltr' id='par_1_4' title="bbox 68 327 867 770">
     <span class='ocr_line' id='line_1_5' title="bbox 68 327 864 362; baseline -0.004 -7"><span class='ocrx_word' id='word_1_32' title='bbox 68 327 195 355; x_wconf 86' lang='lat' dir='ltr'>difficiles</span> <span class='ocrx_word' id='word_1_33' title='bbox 207 327 363 353; x_wconf 87' lang='lat' dir='ltr'>scribendas</span> <span class='ocrx_word' id='word_1_34' title='bbox 369 327 486 357; x_wconf 82' lang='lat' dir='ltr'>afferam,</span> <span class='ocrx_word' id='word_1_35' title='bbox 495 327 747 362; x_wconf 88' lang='lat' dir='ltr'>reprehendendum</span> <span class='ocrx_word' id='word_1_36' title='bbox 758 335 810 353; x_wconf 88' lang='lat' dir='ltr'>non</span> <span class='ocrx_word' id='word_1_37' title='bbox 821 335 864 352; x_wconf 88' lang='lat' dir='ltr'>es-</span> 
     </span>
     <span class='ocr_line' id='line_1_6' title="bbox 68 364 863 399; baseline -0.004 -7"><span class='ocrx_word' id='word_1_38' title='bbox 68 374 110 396; x_wconf 88' lang='lat' dir='ltr'>se,</span> <span class='ocrx_word' id='word_1_39' title='bbox 128 366 186 391; x_wconf 86' lang='lat' dir='ltr'>sive</span> <span class='ocrx_word' id='word_1_40' title='bbox 198 364 267 390; x_wconf 85' lang='lat' dir='ltr'>hanc</span> <span class='ocrx_word' id='word_1_41' title='bbox 278 364 472 391; x_wconf 84' lang='lat' dir='ltr'>aberrationem</span> <span class='ocrx_word' id='word_1_42' title='bbox 484 373 497 390; x_wconf 92' lang='lat' dir='ltr'>a</span> <span class='ocrx_word' id='word_1_43' title='bbox 509 364 599 391; x_wconf 88' lang='lat' dir='ltr'>dolore</span> <span class='ocrx_word' id='word_1_44' title='bbox 614 364 776 399; x_wconf 76' lang='lat' dir='ltr'>delegerim,</span> <span class='ocrx_word' id='word_1_45' title='bbox 794 372 863 398; x_wconf 92' lang='lat' dir='ltr'>quae</span> 
     </span>
     <span class='ocr_line' id='line_1_7' title="bbox 70 401 861 436; baseline -0.003 -7"><span class='ocrx_word' id='word_1_46' title='bbox 70 403 186 429; x_wconf 77' lang='lat' dir='ltr'>maxime</span> <span class='ocrx_word' id='word_1_47' title='bbox 201 401 392 428; x_wconf 86' lang='lat' dir='ltr'>liberalissima</span> <span class='ocrx_word' id='word_1_48' title='bbox 411 401 543 436; x_wconf 91' lang='lat' dir='ltr'>doctoque</span> <span class='ocrx_word' id='word_1_49' title='bbox 564 402 673 427; x_wconf 91' lang='lat' dir='ltr'>homine</span> <span class='ocrx_word' id='word_1_50' title='bbox 690 401 861 436; x_wconf 68' lang='lat' dir='ltr'>dignissima,</span> 
     </span>
     <span class='ocr_line' id='line_1_8' title="bbox 71 437 864 473; baseline -0.004 -7"><span class='ocrx_word' id='word_1_51' title='bbox 71 440 174 466; x_wconf 90' lang='lat' dir='ltr'>laudari</span> <span class='ocrx_word' id='word_1_52' title='bbox 185 447 227 465; x_wconf 91' lang='lat' dir='ltr'>me</span> <span class='ocrx_word' id='word_1_53' title='bbox 239 439 318 465; x_wconf 90' lang='lat' dir='ltr'>etiam</span> <span class='ocrx_word' id='word_1_54' title='bbox 329 443 460 473; x_wconf 80' lang='lat' dir='ltr'>oportere.</span> <span class='ocrx_word' id='word_1_55' title='bbox 492 440 516 465; x_wconf 77' lang='lat'>4.</span> <span class='ocrx_word' id='word_1_56' title='bbox 538 438 598 469; x_wconf 85' lang='lat' dir='ltr'>Sed,</span> <span class='ocrx_word' id='word_1_57' title='bbox 613 447 697 473; x_wconf 88' lang='lat' dir='ltr'>quum</span> <span class='ocrx_word' id='word_1_58' title='bbox 709 447 758 473; x_wconf 78' lang='lat' dir='ltr'>ego</span> <span class='ocrx_word' id='word_1_59' title='bbox 769 437 864 464; x_wconf 82' lang='lat' dir='ltr'>faciam</span> 
     </span>
     <span class='ocr_line' id='line_1_9' title="bbox 69 474 866 511; baseline -0.003 -8"><span class='ocrx_word' id='word_1_60' title='bbox 69 477 169 508; x_wconf 85' lang='lat' dir='ltr'>omnia,</span> <span class='ocrx_word' id='word_1_61' title='bbox 182 485 251 511; x_wconf 88' lang='lat' dir='ltr'>quae</span> <span class='ocrx_word' id='word_1_62' title='bbox 263 475 348 502; x_wconf 88' lang='lat' dir='ltr'>facere</span> <span class='ocrx_word' id='word_1_63' title='bbox 360 476 462 510; x_wconf 85' lang='lat' dir='ltr'>possim</span> <span class='ocrx_word' id='word_1_64' title='bbox 473 476 506 501; x_wconf 87' lang='lat' dir='ltr'>ad</span> <span class='ocrx_word' id='word_1_65' title='bbox 518 484 559 501; x_wconf 89' lang='lat' dir='ltr'>me</span> <span class='ocrx_word' id='word_1_66' title='bbox 571 475 769 507; x_wconf 69' lang='lat' dir='ltr'>adiuvandum3</span> <span class='ocrx_word' id='word_1_67' title='bbox 784 480 812 502; x_wconf 87' lang='lat' dir='ltr'>tu</span> <span class='ocrx_word' id='word_1_68' title='bbox 824 474 866 501; x_wconf 83' lang='lat' dir='ltr'>es-</span> 
     </span>
     <span class='ocr_line' id='line_1_10' title="bbox 70 512 863 548; baseline -0.003 -8"><span class='ocrx_word' id='word_1_69' title='bbox 70 514 119 540; x_wconf 82' lang='lat' dir='ltr'>Iice</span> <span class='ocrx_word' id='word_1_70' title='bbox 130 513 171 544; x_wconf 87' lang='lat' dir='ltr'>id,</span> <span class='ocrx_word' id='word_1_71' title='bbox 189 513 261 548; x_wconf 91' lang='lat' dir='ltr'>quod</span> <span class='ocrx_word' id='word_1_72' title='bbox 272 513 351 539; x_wconf 84' lang='lat' dir='ltr'>video</span> <span class='ocrx_word' id='word_1_73' title='bbox 362 518 387 539; x_wconf 90' lang='lat' dir='ltr'>te</span> <span class='ocrx_word' id='word_1_74' title='bbox 399 522 451 540; x_wconf 92' lang='lat' dir='ltr'>non</span> <span class='ocrx_word' id='word_1_75' title='bbox 462 514 566 543; x_wconf 90' lang='lat' dir='ltr'>minus,</span> <span class='ocrx_word' id='word_1_76' title='bbox 587 521 668 547; x_wconf 90' lang='lat' dir='ltr'>quam</span> <span class='ocrx_word' id='word_1_77' title='bbox 680 521 722 538; x_wconf 88' lang='lat' dir='ltr'>me</span> <span class='ocrx_word' id='word_1_78' title='bbox 734 512 863 539; x_wconf 88' lang='lat' dir='ltr'>laborare.</span> 
     </span>
     <span class='ocr_line' id='line_1_11' title="bbox 69 549 866 585; baseline -0.004 -7"><span class='ocrx_word' id='word_1_79' title='bbox 69 552 124 578; x_wconf 82' lang='lat' dir='ltr'>Hoc</span> <span class='ocrx_word' id='word_1_80' title='bbox 135 551 203 577; x_wconf 89' lang='lat' dir='ltr'>mihi</span> <span class='ocrx_word' id='word_1_81' title='bbox 215 550 313 576; x_wconf 89' lang='lat' dir='ltr'>debere</span> <span class='ocrx_word' id='word_1_82' title='bbox 324 550 429 581; x_wconf 91' lang='lat' dir='ltr'>videor,</span> <span class='ocrx_word' id='word_1_83' title='bbox 447 558 533 585; x_wconf 89' lang='lat' dir='ltr'>neque</span> <span class='ocrx_word' id='word_1_84' title='bbox 546 550 629 576; x_wconf 86' lang='lat' dir='ltr'>levari</span> <span class='ocrx_word' id='word_1_85' title='bbox 641 558 733 584; x_wconf 86' lang='lat' dir='ltr'>posse,</span> <span class='ocrx_word' id='word_1_86' title='bbox 747 550 801 576; x_wconf 88' lang='lat' dir='ltr'>uisi</span> <span class='ocrx_word' id='word_1_87' title='bbox 812 549 866 576; x_wconf 89' lang='lat' dir='ltr'>sol-</span> 
     </span>
     <span class='ocr_line' id='line_1_12' title="bbox 70 586 863 622; baseline -0.004 -7"><span class='ocrx_word' id='word_1_88' title='bbox 70 597 148 619; x_wconf 86' lang='lat' dir='ltr'>vero,</span> <span class='ocrx_word' id='word_1_89' title='bbox 171 593 216 614; x_wconf 88' lang='lat' dir='ltr'>aut</span> <span class='ocrx_word' id='word_1_90' title='bbox 235 588 342 619; x_wconf 85' lang='lat' dir='ltr'>videro,</span> <span class='ocrx_word' id='word_1_91' title='bbox 364 596 407 613; x_wconf 88' lang='lat' dir='ltr'>me</span> <span class='ocrx_word' id='word_1_92' title='bbox 426 596 505 622; x_wconf 86' lang='lat' dir='ltr'>posse</span> <span class='ocrx_word' id='word_1_93' title='bbox 521 587 638 618; x_wconf 79' lang='lat' dir='ltr'>solvere,</span> <span class='ocrx_word' id='word_1_94' title='bbox 662 587 688 612; x_wconf 92' lang='lat' dir='ltr'>id</span> <span class='ocrx_word' id='word_1_95' title='bbox 705 591 745 613; x_wconf 86' lang='lat' dir='ltr'>est</span> <span class='ocrx_word' id='word_1_96' title='bbox 765 586 863 617; x_wconf 85' lang='lat' dir='ltr'>locum,</span> 
     </span>
     <span class='ocr_line' id='line_1_13' title="bbox 71 623 866 661; baseline -0.001 -10"><span class='ocrx_word' id='word_1_97' title='bbox 71 625 179 661; x_wconf 87' lang='lat' dir='ltr'>qualem</span> <span class='ocrx_word' id='word_1_98' title='bbox 195 624 268 656; x_wconf 83' lang='lat' dir='ltr'>volo,</span> <span class='ocrx_word' id='word_1_99' title='bbox 286 625 424 651; x_wconf 90' lang='lat' dir='ltr'>invenero.</span> <span class='ocrx_word' id='word_1_100' title='bbox 464 624 580 650; x_wconf 79' lang='lat' dir='ltr'>Heredes</span> <span class='ocrx_word' id='word_1_101' title='bbox 596 623 740 658; x_wconf 77' lang='lat' dir='ltr'>Scapulae,</span> <span class='ocrx_word' id='word_1_102' title='bbox 761 624 785 650; x_wconf 90' lang='lat' dir='ltr'>si</span> <span class='ocrx_word' id='word_1_103' title='bbox 801 625 866 650; x_wconf 89' lang='lat' dir='ltr'>istos</span> 
     </span>
     <span class='ocr_line' id='line_1_14' title="bbox 71 661 867 695; baseline -0.004 -6"><span class='ocrx_word' id='word_1_104' title='bbox 71 663 171 694; x_wconf 91' lang='lat' dir='ltr'>hortos,</span> <span class='ocrx_word' id='word_1_105' title='bbox 184 667 214 688; x_wconf 86' lang='lat' dir='ltr'>ut</span> <span class='ocrx_word' id='word_1_106' title='bbox 223 662 321 688; x_wconf 86' lang='lat' dir='ltr'>scribis</span> <span class='ocrx_word' id='word_1_107' title='bbox 333 661 521 688; x_wconf 88' lang='lat' dir='ltr'>tibiOthonem</span> <span class='ocrx_word' id='word_1_108' title='bbox 532 661 644 692; x_wconf 76' lang='lat' dir='ltr'>dixisse,</span> <span class='ocrx_word' id='word_1_109' title='bbox 653 661 776 695; x_wconf 90' lang='lat' dir='ltr'>partibus</span> <span class='ocrx_word' id='word_1_110' title='bbox 788 666 867 695; x_wconf 87' lang='lat' dir='ltr'>quat-</span> 
     </span>
     <span class='ocr_line' id='line_1_15' title="bbox 72 697 866 734; baseline -0.003 -8"><span class='ocrx_word' id='word_1_111' title='bbox 72 706 131 727; x_wconf 82' lang='lat' dir='ltr'>tuor</span> <span class='ocrx_word' id='word_1_112' title='bbox 146 700 236 730; x_wconf 80' lang='lat' dir='ltr'>factis,</span> <span class='ocrx_word' id='word_1_113' title='bbox 255 699 329 725; x_wconf 88' lang='lat' dir='ltr'>liceri</span> <span class='ocrx_word' id='word_1_114' title='bbox 344 699 474 734; x_wconf 79' lang='lat' dir='ltr'>cogitant:</span> <span class='ocrx_word' id='word_1_115' title='bbox 497 698 566 724; x_wconf 89' lang='lat' dir='ltr'>nihil</span> <span class='ocrx_word' id='word_1_116' title='bbox 582 703 622 724; x_wconf 88' lang='lat' dir='ltr'>est</span> <span class='ocrx_word' id='word_1_117' title='bbox 637 697 742 724; x_wconf 88' lang='lat' dir='ltr'>scilicet</span> <span class='ocrx_word' id='word_1_118' title='bbox 752 699 866 732; x_wconf 87' lang='lat' dir='ltr'>emptori</span> 
     </span>
     <span class='ocr_line' id='line_1_16' title="bbox 73 735 865 770; baseline -0.003 -7"><span class='ocrx_word' id='word_1_119' title='bbox 73 738 134 764; x_wconf 88' lang='lat' dir='ltr'>loci.</span> <span class='ocrx_word' id='word_1_120' title='bbox 174 737 220 763; x_wconf 86' lang='lat' dir='ltr'>Sin</span> <span class='ocrx_word' id='word_1_121' title='bbox 241 736 385 762; x_wconf 85' lang='lat' dir='ltr'>venibunt:</span> <span class='ocrx_word' id='word_1_122' title='bbox 413 735 479 770; x_wconf 90' lang='lat' dir='ltr'>quid</span> <span class='ocrx_word' id='word_1_123' title='bbox 501 735 558 761; x_wconf 85' lang='lat' dir='ltr'>fieri</span> <span class='ocrx_word' id='word_1_124' title='bbox 578 736 677 770; x_wconf 85' lang='lat' dir='ltr'>possit,</span> <span class='ocrx_word' id='word_1_125' title='bbox 700 735 865 761; x_wconf 85' lang='lat' dir='ltr'>videbimus.</span> 
     </span>
    </p>
   </div>
   <div class='ocr_carea' id='block_1_5' title="bbox 71 772 890 807">
    <p class='ocr_par' dir='ltr' id='par_1_5' title="bbox 71 772 890 807">
     <span class='ocr_line' id='line_1_17' title="bbox 71 772 890 807; baseline -0.004 -6"><span class='ocrx_word' id='word_1_126' title='bbox 71 776 139 801; x_wconf 83' lang='lat' dir='ltr'>Nam</span> <span class='ocrx_word' id='word_1_127' title='bbox 155 774 200 801; x_wconf 90' lang='lat' dir='ltr'>ille</span> <span class='ocrx_word' id='word_1_128' title='bbox 216 773 289 800; x_wconf 89' lang='lat' dir='ltr'>locus</span> <span class='ocrx_word' id='word_1_129' title='bbox 300 772 488 803; x_wconf 84' lang='lat' dir='ltr'>Publicianus,</span> <span class='ocrx_word' id='word_1_130' title='bbox 505 773 553 807; x_wconf 90' lang='lat' dir='ltr'>qui</span> <span class='ocrx_word' id='word_1_131' title='bbox 564 777 605 799; x_wconf 90' lang='lat' dir='ltr'>est</span> <span class='ocrx_word' id='word_1_132' title='bbox 615 772 741 798; x_wconf 86' lang='lat' dir='ltr'>Trebonii</span> <span class='ocrx_word' id='word_1_133' title='bbox 752 777 778 799; x_wconf 88' lang='lat' dir='ltr'>et</span> <span class='ocrx_word' id='word_1_134' title='bbox 788 772 868 799; x_wconf 91' lang='lat' dir='ltr'>Cusi-</span> <span class='ocrx_word' id='word_1_135' title='bbox 889 795 890 798; x_wconf 74' lang='grc'>,</span> 
     </span>
    </p>
   </div>
   <div class='ocr_carea' id='block_1_6' title="bbox 72 809 869 1107">
    <p class='ocr_par' dir='ltr' id='par_1_6' title="bbox 72 809 869 1107">
     <span class='ocr_line' id='line_1_18' title="bbox 73 809 867 842; baseline -0.004 -4"><span class='ocrx_word' id='word_1_136' title='bbox 73 813 125 842; x_wconf 92' lang='lat' dir='ltr'>nii,</span> <span class='ocrx_word' id='word_1_137' title='bbox 139 816 193 838; x_wconf 86' lang='lat' dir='ltr'>erat</span> <span class='ocrx_word' id='word_1_138' title='bbox 204 810 237 837; x_wconf 87' lang='lat' dir='ltr'>ad</span> <span class='ocrx_word' id='word_1_139' title='bbox 249 819 290 836; x_wconf 90' lang='lat' dir='ltr'>me</span> <span class='ocrx_word' id='word_1_140' title='bbox 302 810 408 836; x_wconf 87' lang='lat' dir='ltr'>allatus.</span> <span class='ocrx_word' id='word_1_141' title='bbox 448 809 501 836; x_wconf 85' lang='lat' dir='ltr'>Sed</span> <span class='ocrx_word' id='word_1_142' title='bbox 512 810 565 835; x_wconf 89' lang='lat' dir='ltr'>scis</span> <span class='ocrx_word' id='word_1_143' title='bbox 576 818 665 836; x_wconf 83' lang='lat' dir='ltr'>aream</span> <span class='ocrx_word' id='word_1_144' title='bbox 676 818 746 836; x_wconf 85' lang='lat' dir='ltr'>esse.</span> <span class='ocrx_word' id='word_1_145' title='bbox 786 809 867 836; x_wconf 90' lang='lat' dir='ltr'>Nullo</span> 
     </span>
     <span class='ocr_line' id='line_1_19' title="bbox 72 846 867 884; baseline -0.004 -9"><span class='ocrx_word' id='word_1_146' title='bbox 72 854 149 884; x_wconf 87' lang='lat' dir='ltr'>pacto</span> <span class='ocrx_word' id='word_1_147' title='bbox 160 848 253 883; x_wconf 89' lang='lat' dir='ltr'>probo.</span> <span class='ocrx_word' id='word_1_148' title='bbox 283 847 391 874; x_wconf 84' lang='lat' dir='ltr'>Clodiae</span> <span class='ocrx_word' id='word_1_149' title='bbox 402 855 466 874; x_wconf 87' lang='lat' dir='ltr'>sane</span> <span class='ocrx_word' id='word_1_150' title='bbox 477 846 595 881; x_wconf 68' lang='lat' dir='ltr'>placent,</span> <span class='ocrx_word' id='word_1_151' title='bbox 609 846 657 873; x_wconf 89' lang='lat' dir='ltr'>sed</span> <span class='ocrx_word' id='word_1_152' title='bbox 669 855 721 873; x_wconf 91' lang='lat' dir='ltr'>non</span> <span class='ocrx_word' id='word_1_153' title='bbox 732 851 797 881; x_wconf 85' lang='lat' dir='ltr'>puto</span> <span class='ocrx_word' id='word_1_154' title='bbox 809 855 867 873; x_wconf 85' lang='lat' dir='ltr'>esse</span> 
     </span>
     <span class='ocr_line' id='line_1_20' title="bbox 73 884 865 918; baseline -0.004 -5"><span class='ocrx_word' id='word_1_155' title='bbox 73 885 191 913; x_wconf 82' lang='lat' dir='ltr'>venales.</span> <span class='ocrx_word' id='word_1_156' title='bbox 224 886 261 911; x_wconf 91' lang='lat' dir='ltr'>De</span> <span class='ocrx_word' id='word_1_157' title='bbox 271 885 350 910; x_wconf 88' lang='lat' dir='ltr'>Drusi</span> <span class='ocrx_word' id='word_1_158' title='bbox 362 884 459 913; x_wconf 82' lang='lat' dir='ltr'>hortis,</span> <span class='ocrx_word' id='word_1_159' title='bbox 478 884 604 918; x_wconf 81' lang='lat' dir='ltr'>quamvis</span> <span class='ocrx_word' id='word_1_160' title='bbox 620 884 653 910; x_wconf 96' lang='lat' dir='ltr'>ab</span> <span class='ocrx_word' id='word_1_161' title='bbox 666 884 700 909; x_wconf 92' lang='lat' dir='ltr'>iis</span> <span class='ocrx_word' id='word_1_162' title='bbox 711 884 865 915; x_wconf 85' lang='lat' dir='ltr'>abhorreas,</span> 
     </span>
     <span class='ocr_line' id='line_1_21' title="bbox 72 920 866 957; baseline -0.004 -7"><span class='ocrx_word' id='word_1_163' title='bbox 72 929 102 950; x_wconf 91' lang='lat' dir='ltr'>ut</span> <span class='ocrx_word' id='word_1_164' title='bbox 113 923 223 953; x_wconf 89' lang='lat' dir='ltr'>scribis,</span> <span class='ocrx_word' id='word_1_165' title='bbox 241 927 327 948; x_wconf 88' lang='lat' dir='ltr'>tamen</span> <span class='ocrx_word' id='word_1_166' title='bbox 340 930 370 947; x_wconf 89' lang='lat' dir='ltr'>eo</span> <span class='ocrx_word' id='word_1_167' title='bbox 381 920 549 957; x_wconf 77' lang='lat' dir='ltr'>confugiam,</span> <span class='ocrx_word' id='word_1_168' title='bbox 567 921 621 947; x_wconf 91' lang='lat' dir='ltr'>nisi</span> <span class='ocrx_word' id='word_1_169' title='bbox 635 921 702 955; x_wconf 88' lang='lat' dir='ltr'>quid</span> <span class='ocrx_word' id='word_1_170' title='bbox 718 922 866 948; x_wconf 80' lang='lat' dir='ltr'>inveneris.</span> 
     </span>
     <span class='ocr_line' id='line_1_22' title="bbox 72 957 869 987; baseline -0.003 -1"><span class='ocrx_word' id='word_1_171' title='bbox 72 960 228 987; x_wconf 74' lang='lat' dir='ltr'>Aedificatio</span> <span class='ocrx_word' id='word_1_172' title='bbox 244 968 286 985; x_wconf 92' lang='lat' dir='ltr'>me</span> <span class='ocrx_word' id='word_1_173' title='bbox 302 967 354 985; x_wconf 92' lang='lat' dir='ltr'>non</span> <span class='ocrx_word' id='word_1_174' title='bbox 371 963 469 984; x_wconf 88' lang='lat' dir='ltr'>movet.</span> <span class='ocrx_word' id='word_1_175' title='bbox 511 958 584 984; x_wconf 87' lang='lat' dir='ltr'>Nihil</span> <span class='ocrx_word' id='word_1_176' title='bbox 601 958 674 984; x_wconf 91' lang='lat' dir='ltr'>enim</span> <span class='ocrx_word' id='word_1_177' title='bbox 689 957 763 985; x_wconf 92' lang='lat' dir='ltr'>aliud</span> <span class='ocrx_word' id='word_1_178' title='bbox 775 958 869 984; x_wconf 82' lang='lat' dir='ltr'>aedifi-</span> 
     </span>
     <span class='ocr_line' id='line_1_23' title="bbox 72 995 868 1031; baseline -0.001 -7"><span class='ocrx_word' id='word_1_179' title='bbox 72 997 147 1028; x_wconf 84' lang='lat' dir='ltr'>cabo,</span> <span class='ocrx_word' id='word_1_180' title='bbox 156 997 209 1023; x_wconf 88' lang='lat' dir='ltr'>nisi</span> <span class='ocrx_word' id='word_1_181' title='bbox 221 996 257 1027; x_wconf 78' lang='lat' dir='ltr'>id,</span> <span class='ocrx_word' id='word_1_182' title='bbox 270 996 342 1031; x_wconf 90' lang='lat' dir='ltr'>quod</span> <span class='ocrx_word' id='word_1_183' title='bbox 354 996 443 1027; x_wconf 86' lang='lat' dir='ltr'>etiam,</span> <span class='ocrx_word' id='word_1_184' title='bbox 452 996 476 1022; x_wconf 89' lang='lat' dir='ltr'>si</span> <span class='ocrx_word' id='word_1_185' title='bbox 486 995 547 1022; x_wconf 92' lang='lat' dir='ltr'>illos</span> <span class='ocrx_word' id='word_1_186' title='bbox 559 1004 611 1022; x_wconf 91' lang='lat' dir='ltr'>non</span> <span class='ocrx_word' id='word_1_187' title='bbox 622 995 752 1022; x_wconf 83' lang='lat' dir='ltr'>habuero.</span> <span class='ocrx_word' id='word_1_188' title='bbox 774 997 799 1022; x_wconf 84' lang='lat'>5.</span> <span class='ocrx_word' id='word_1_189' title='bbox 812 999 868 1023; x_wconf 73' lang='grc' dir='ltr'>Κῦ-</span> 
     </span>
     <span class='ocr_line' id='line_1_24' title="bbox 72 1032 869 1071; baseline -0.003 -9"><span class='ocrx_word' id='word_1_190' title='bbox 72 1045 118 1071; x_wconf 71' lang='grc' dir='ltr'>ρος</span> <span class='ocrx_word' id='word_1_191' title='bbox 129 1034 151 1066; x_wconf 85' lang='grc' dir='ltr'>δ,</span> <span class='ocrx_word' id='word_1_192' title='bbox 163 1045 184 1066; x_wconf 83' lang='grc' dir='ltr'>ε,</span> <span class='ocrx_word' id='word_1_193' title='bbox 194 1034 262 1060; x_wconf 91' lang='lat' dir='ltr'>mihi</span> <span class='ocrx_word' id='word_1_194' title='bbox 273 1034 313 1059; x_wconf 87' lang='lat' dir='ltr'>sic</span> <span class='ocrx_word' id='word_1_195' title='bbox 323 1032 438 1068; x_wconf 85' lang='lat' dir='ltr'>placuit,</span> <span class='ocrx_word' id='word_1_196' title='bbox 451 1037 481 1059; x_wconf 93' lang='lat' dir='ltr'>ut</span> <span class='ocrx_word' id='word_1_197' title='bbox 491 1038 578 1059; x_wconf 89' lang='lat' dir='ltr'>cetera</span> <span class='ocrx_word' id='word_1_198' title='bbox 588 1033 767 1065; x_wconf 81' lang='lat' dir='ltr'>Antisthenis,</span> <span class='ocrx_word' id='word_1_199' title='bbox 781 1033 869 1060; x_wconf 90' lang='lat' dir='ltr'>homi-</span> 
     </span>
     <span class='ocr_line' id='line_1_25' title="bbox 73 1070 521 1107; baseline -0.004 -9"><span class='ocrx_word' id='word_1_200' title='bbox 73 1073 115 1098; x_wconf 90' lang='lat' dir='ltr'>nis</span> <span class='ocrx_word' id='word_1_201' title='bbox 126 1072 197 1098; x_wconf 89' lang='lat' dir='ltr'>acuti</span> <span class='ocrx_word' id='word_1_202' title='bbox 209 1071 305 1107; x_wconf 78' lang='lat' dir='ltr'>magis,</span> <span class='ocrx_word' id='word_1_203' title='bbox 319 1079 401 1106; x_wconf 89' lang='lat' dir='ltr'>quam</span> <span class='ocrx_word' id='word_1_204' title='bbox 412 1070 521 1096; x_wconf 86' lang='lat' dir='ltr'>eruditi.</span> 
     </span>
    </p>
   </div>
   <div class='ocr_carea' id='block_1_7' title="bbox 126 1140 693 1164">
    <p class='ocr_par' dir='ltr' id='par_1_7' title="bbox 126 1140 693 1164">
     <span class='ocr_line' id='line_1_26' title="bbox 126 1140 693 1164; baseline -0.004 -3"><span class='ocrx_word' id='word_1_205' title='bbox 126 1140 240 1162; x_wconf 59' lang='lat' dir='ltr'>xxxix.</span> <span class='ocrx_word' id='word_1_206' title='bbox 268 1142 364 1164; x_wconf 58' lang='lat' dir='ltr'>(Asturae.</span> <span class='ocrx_word' id='word_1_207' title='bbox 375 1142 454 1159; x_wconf 64' lang='lat' dir='ltr'>Caesare</span> <span class='ocrx_word' id='word_1_208' title='bbox 464 1142 496 1158; x_wconf 89' lang='lat' dir='ltr'>lv.</span> <span class='ocrx_word' id='word_1_209' title='bbox 508 1148 544 1159; x_wconf 49' lang='lat' dir='ltr'>ene,</span> <span class='ocrx_word' id='word_1_210' title='bbox 556 1148 570 1158; x_wconf 51' lang='lat' dir='ltr'>s,</span> <span class='ocrx_word' id='word_1_211' title='bbox 582 1141 626 1159; x_wconf 75' lang='lat' dir='ltr'>coll.</span> <span class='ocrx_word' id='word_1_212' title='bbox 638 1142 693 1162; x_wconf 66' lang='lat'><strong>70¹³.)</strong></span> 
     </span>
    </p>
   </div>
   <div class='ocr_carea' id='block_1_8' title="bbox 73 1184 872 1854">
    <p class='ocr_par' dir='ltr' id='par_1_8' title="bbox 258 1184 682 1212">
     <span class='ocr_line' id='line_1_27' title="bbox 258 1184 682 1212; baseline 0 -1"><span class='ocrx_word' id='word_1_213' title='bbox 258 1184 425 1212; x_wconf 82' lang='lat' dir='ltr'>CICERO</span> <span class='ocrx_word' id='word_1_214' title='bbox 453 1184 623 1211; x_wconf 84' lang='lat' dir='ltr'>ATTICO</span> <span class='ocrx_word' id='word_1_215' title='bbox 654 1184 682 1211; x_wconf 91' lang='lat' dir='ltr'>S.</span> 
     </span>
    </p>

    <p class='ocr_par' dir='ltr' id='par_1_9' title="bbox 73 1218 872 1854">
     <span class='ocr_line' id='line_1_28' title="bbox 132 1218 870 1257; baseline -0.003 -7"><span class='ocrx_word' id='word_1_216' title='bbox 132 1225 155 1250; x_wconf 81' lang='lat' dir='ltr'>l.</span> <span class='ocrx_word' id='word_1_217' title='bbox 170 1218 346 1249; x_wconf 84' lang='lat' dir='ltr'>Tabellarius</span> <span class='ocrx_word' id='word_1_218' title='bbox 361 1222 394 1248; x_wconf 90' lang='lat' dir='ltr'>ad</span> <span class='ocrx_word' id='word_1_219' title='bbox 410 1230 452 1248; x_wconf 92' lang='lat' dir='ltr'>me</span> <span class='ocrx_word' id='word_1_220' title='bbox 467 1231 553 1257; x_wconf 92' lang='lat' dir='ltr'>quum</span> <span class='ocrx_word' id='word_1_221' title='bbox 568 1223 627 1248; x_wconf 90' lang='lat' dir='ltr'>sine</span> <span class='ocrx_word' id='word_1_222' title='bbox 643 1221 739 1249; x_wconf 88' lang='lat' dir='ltr'>litteris</span> <span class='ocrx_word' id='word_1_223' title='bbox 754 1222 808 1249; x_wconf 88' lang='lat' dir='ltr'>tuis</span> <span class='ocrx_word' id='word_1_224' title='bbox 822 1230 870 1248; x_wconf 88' lang='lat' dir='ltr'>ve-</span> 
     </span>
     <span class='ocr_line' id='line_1_29' title="bbox 75 1258 870 1291; baseline -0.001 -4"><span class='ocrx_word' id='word_1_225' title='bbox 75 1261 166 1291; x_wconf 82' lang='lat' dir='ltr'>nisset,</span> <span class='ocrx_word' id='word_1_226' title='bbox 180 1260 336 1287; x_wconf 78' lang='lat' dir='ltr'>existimavi</span> <span class='ocrx_word' id='word_1_227' title='bbox 348 1259 397 1286; x_wconf 88' lang='lat' dir='ltr'>tibi</span> <span class='ocrx_word' id='word_1_228' title='bbox 408 1268 467 1286; x_wconf 86' lang='lat' dir='ltr'>eam</span> <span class='ocrx_word' id='word_1_229' title='bbox 478 1268 601 1286; x_wconf 81' lang='lat' dir='ltr'>caussam</span> <span class='ocrx_word' id='word_1_230' title='bbox 614 1268 666 1286; x_wconf 92' lang='lat' dir='ltr'>non</span> <span class='ocrx_word' id='word_1_231' title='bbox 677 1259 814 1286; x_wconf 89' lang='lat' dir='ltr'>scribendi</span> <span class='ocrx_word' id='word_1_232' title='bbox 827 1258 870 1286; x_wconf 81' lang='lat' dir='ltr'>su-</span> 
     </span>
     <span class='ocr_line' id='line_1_30' title="bbox 74 1297 870 1332; baseline -0.001 -8"><span class='ocrx_word' id='word_1_233' title='bbox 74 1299 142 1327; x_wconf 84' lang='lat' dir='ltr'>isse,</span> <span class='ocrx_word' id='word_1_234' title='bbox 160 1297 232 1332; x_wconf 84' lang='lat' dir='ltr'>quod</span> <span class='ocrx_word' id='word_1_235' title='bbox 248 1297 335 1332; x_wconf 90' lang='lat' dir='ltr'>pridie</span> <span class='ocrx_word' id='word_1_236' title='bbox 347 1297 504 1332; x_wconf 81' lang='lat' dir='ltr'>scripsisses</span> <span class='ocrx_word' id='word_1_237' title='bbox 516 1306 545 1323; x_wconf 91' lang='lat' dir='ltr'>ea</span> <span class='ocrx_word' id='word_1_238' title='bbox 558 1298 625 1332; x_wconf 89' lang='lat' dir='ltr'>ipsa,</span> <span class='ocrx_word' id='word_1_239' title='bbox 639 1297 672 1323; x_wconf 90' lang='lat' dir='ltr'>ad</span> <span class='ocrx_word' id='word_1_240' title='bbox 683 1305 752 1332; x_wconf 90' lang='lat' dir='ltr'>quae</span> <span class='ocrx_word' id='word_1_241' title='bbox 773 1297 870 1323; x_wconf 89' lang='lat' dir='ltr'>rescri-</span> 
     </span>
     <span class='ocr_line' id='line_1_31' title="bbox 74 1333 870 1370; baseline -0.001 -9"><span class='ocrx_word' id='word_1_242' title='bbox 74 1335 117 1370; x_wconf 90' lang='lat' dir='ltr'>psi</span> <span class='ocrx_word' id='word_1_243' title='bbox 132 1335 181 1361; x_wconf 80' lang='lat' dir='ltr'>hac</span> <span class='ocrx_word' id='word_1_244' title='bbox 192 1334 314 1369; x_wconf 89' lang='lat' dir='ltr'>epistola.</span> <span class='ocrx_word' id='word_1_245' title='bbox 336 1335 526 1368; x_wconf 85' lang='lat' dir='ltr'>Exspectaram</span> <span class='ocrx_word' id='word_1_246' title='bbox 541 1339 629 1361; x_wconf 91' lang='lat' dir='ltr'>tamen</span> <span class='ocrx_word' id='word_1_247' title='bbox 643 1333 787 1369; x_wconf 86' lang='lat' dir='ltr'>aliquidde</span> <span class='ocrx_word' id='word_1_248' title='bbox 799 1334 870 1361; x_wconf 90' lang='lat' dir='ltr'>litte-</span> 
     </span>
     <span class='ocr_line' id='line_1_32' title="bbox 73 1371 870 1406; baseline -0.001 -7"><span class='ocrx_word' id='word_1_249' title='bbox 73 1373 112 1399; x_wconf 88' lang='lat' dir='ltr'>ris</span> <span class='ocrx_word' id='word_1_250' title='bbox 123 1371 354 1399; x_wconf 76' lang='lat' dir='ltr'>AsiniiPollionis.</span> <span class='ocrx_word' id='word_1_251' title='bbox 377 1371 429 1397; x_wconf 89' lang='lat' dir='ltr'>Sed</span> <span class='ocrx_word' id='word_1_252' title='bbox 437 1372 870 1406; x_wconf 83' lang='lat' dir='ltr'>nimiumexmeootiotuumspe-</span> 
     </span>
     <span class='ocr_line' id='line_1_33' title="bbox 74 1409 867 1444; baseline -0.001 -8"><span class='ocrx_word' id='word_1_253' title='bbox 74 1415 125 1436; x_wconf 91' lang='lat' dir='ltr'>cto.</span> <span class='ocrx_word' id='word_1_254' title='bbox 166 1409 335 1444; x_wconf 86' lang='lat' dir='ltr'>Quamquam</span> <span class='ocrx_word' id='word_1_255' title='bbox 347 1409 397 1435; x_wconf 80' lang='lat' dir='ltr'>tibi</span> <span class='ocrx_word' id='word_1_256' title='bbox 408 1409 527 1440; x_wconf 88' lang='lat' dir='ltr'>remitto,</span> <span class='ocrx_word' id='word_1_257' title='bbox 541 1409 594 1435; x_wconf 88' lang='lat' dir='ltr'>nisi</span> <span class='ocrx_word' id='word_1_258' title='bbox 608 1409 675 1444; x_wconf 92' lang='lat' dir='ltr'>quid</span> <span class='ocrx_word' id='word_1_259' title='bbox 687 1417 797 1435; x_wconf 90' lang='lat' dir='ltr'>necesse</span> <span class='ocrx_word' id='word_1_260' title='bbox 808 1409 867 1440; x_wconf 84' lang='lat' dir='ltr'>erit,</span> 
     </span>
     <span class='ocr_line' id='line_1_34' title="bbox 74 1445 868 1477; baseline -0.001 -4"><span class='ocrx_word' id='word_1_261' title='bbox 74 1455 184 1473; x_wconf 87' lang='lat' dir='ltr'>necesse</span> <span class='ocrx_word' id='word_1_262' title='bbox 199 1455 232 1473; x_wconf 92' lang='lat' dir='ltr'>ne</span> <span class='ocrx_word' id='word_1_263' title='bbox 247 1446 346 1473; x_wconf 86' lang='lat' dir='ltr'>habeas</span> <span class='ocrx_word' id='word_1_264' title='bbox 362 1446 493 1477; x_wconf 86' lang='lat' dir='ltr'>scribere,</span> <span class='ocrx_word' id='word_1_265' title='bbox 511 1447 565 1472; x_wconf 90' lang='lat' dir='ltr'>nisi</span> <span class='ocrx_word' id='word_1_266' title='bbox 581 1454 634 1472; x_wconf 87' lang='lat' dir='ltr'>eris</span> <span class='ocrx_word' id='word_1_267' title='bbox 654 1445 733 1472; x_wconf 85' lang='lat' dir='ltr'>valde</span> <span class='ocrx_word' id='word_1_268' title='bbox 754 1447 868 1473; x_wconf 89' lang='lat' dir='ltr'>otiosus.</span> 
     </span>
     <span class='ocr_line' id='line_1_35' title="bbox 74 1483 870 1518; baseline -0.001 -8"><span class='ocrx_word' id='word_1_269' title='bbox 74 1486 100 1510; x_wconf 75' lang='lat'>2.</span> <span class='ocrx_word' id='word_1_270' title='bbox 115 1485 151 1510; x_wconf 91' lang='lat' dir='ltr'>De</span> <span class='ocrx_word' id='word_1_271' title='bbox 166 1483 314 1510; x_wconf 84' lang='lat' dir='ltr'>tabellariis</span> <span class='ocrx_word' id='word_1_272' title='bbox 330 1483 443 1509; x_wconf 79' lang='lat' dir='ltr'>facerem</span> <span class='ocrx_word' id='word_1_273' title='bbox 455 1483 527 1518; x_wconf 90' lang='lat' dir='ltr'>quod</span> <span class='ocrx_word' id='word_1_274' title='bbox 537 1483 649 1515; x_wconf 88' lang='lat' dir='ltr'>suades,</span> <span class='ocrx_word' id='word_1_275' title='bbox 663 1484 686 1510; x_wconf 90' lang='lat' dir='ltr'>si</span> <span class='ocrx_word' id='word_1_276' title='bbox 698 1488 788 1510; x_wconf 87' lang='lat' dir='ltr'>essent</span> <span class='ocrx_word' id='word_1_277' title='bbox 798 1483 870 1509; x_wconf 89' lang='lat' dir='ltr'>ullae</span> 
     </span>
     <span class='ocr_line' id='line_1_36' title="bbox 75 1520 870 1556; baseline -0.001 -8"><span class='ocrx_word' id='word_1_278' title='bbox 75 1522 242 1548; x_wconf 83' lang='lat' dir='ltr'>necessariae</span> <span class='ocrx_word' id='word_1_279' title='bbox 254 1520 364 1551; x_wconf 80' lang='lat' dir='ltr'>litterae,</span> <span class='ocrx_word' id='word_1_280' title='bbox 378 1525 408 1547; x_wconf 88' lang='lat' dir='ltr'>ut</span> <span class='ocrx_word' id='word_1_281' title='bbox 418 1520 572 1552; x_wconf 88' lang='lat' dir='ltr'>erantolim,</span> <span class='ocrx_word' id='word_1_282' title='bbox 587 1529 683 1556; x_wconf 87' lang='lat' dir='ltr'>quum,</span> <span class='ocrx_word' id='word_1_283' title='bbox 697 1520 870 1547; x_wconf 88' lang='lat' dir='ltr'>brevioribus</span> 
     </span>
     <span class='ocr_line' id='line_1_37' title="bbox 74 1557 870 1593; baseline -0.003 -8"><span class='ocrx_word' id='word_1_284' title='bbox 74 1558 187 1590; x_wconf 88' lang='lat' dir='ltr'>dicbus,</span> <span class='ocrx_word' id='word_1_285' title='bbox 205 1563 293 1585; x_wconf 85' lang='lat' dir='ltr'>tamen</span> <span class='ocrx_word' id='word_1_286' title='bbox 309 1557 430 1592; x_wconf 86' lang='lat' dir='ltr'>quotidie</span> <span class='ocrx_word' id='word_1_287' title='bbox 446 1558 644 1593; x_wconf 86' lang='lat' dir='ltr'>respondebunt</span> <span class='ocrx_word' id='word_1_288' title='bbox 659 1559 773 1593; x_wconf 82' lang='lat' dir='ltr'>tempori</span> <span class='ocrx_word' id='word_1_289' title='bbox 784 1557 870 1584; x_wconf 86' lang='lat' dir='ltr'>tabel-</span> 
     </span>
     <span class='ocr_line' id='line_1_38' title="bbox 76 1594 868 1631; baseline -0.001 -9"><span class='ocrx_word' id='word_1_290' title='bbox 76 1596 148 1629; x_wconf 68' lang='lat' dir='ltr'>larii,</span> <span class='ocrx_word' id='word_1_291' title='bbox 180 1600 206 1622; x_wconf 91' lang='lat' dir='ltr'>et</span> <span class='ocrx_word' id='word_1_292' title='bbox 221 1600 275 1622; x_wconf 88' lang='lat' dir='ltr'>erat</span> <span class='ocrx_word' id='word_1_293' title='bbox 287 1594 405 1630; x_wconf 91' lang='lat' dir='ltr'>aliquid,</span> <span class='ocrx_word' id='word_1_294' title='bbox 419 1594 517 1627; x_wconf 81' lang='lat' dir='ltr'>Silius,</span> <span class='ocrx_word' id='word_1_295' title='bbox 530 1596 647 1626; x_wconf 82' lang='lat' dir='ltr'>Drusus,</span> <span class='ocrx_word' id='word_1_296' title='bbox 661 1595 712 1621; x_wconf 91' lang='lat' dir='ltr'>alia</span> <span class='ocrx_word' id='word_1_297' title='bbox 724 1595 868 1631; x_wconf 89' lang='lat' dir='ltr'>quaedam.</span> 
     </span>
     <span class='ocr_line' id='line_1_39' title="bbox 74 1632 869 1668; baseline 0 -9"><span class='ocrx_word' id='word_1_298' title='bbox 74 1633 167 1664; x_wconf 89' lang='lat' dir='ltr'>Nunc,</span> <span class='ocrx_word' id='word_1_299' title='bbox 190 1633 243 1659; x_wconf 91' lang='lat' dir='ltr'>nisi</span> <span class='ocrx_word' id='word_1_300' title='bbox 263 1632 332 1659; x_wconf 88' lang='lat' dir='ltr'>Otho</span> <span class='ocrx_word' id='word_1_301' title='bbox 347 1633 507 1663; x_wconf 81' lang='lat' dir='ltr'>exstitisset,</span> <span class='ocrx_word' id='word_1_302' title='bbox 525 1632 592 1668; x_wconf 89' lang='lat' dir='ltr'>quid</span> <span class='ocrx_word' id='word_1_303' title='bbox 608 1632 804 1664; x_wconf 82' lang='lat' dir='ltr'>scriberemus,</span> <span class='ocrx_word' id='word_1_304' title='bbox 817 1642 869 1660; x_wconf 91' lang='lat' dir='ltr'>non</span> 
     </span>
     <span class='ocr_line' id='line_1_40' title="bbox 75 1669 870 1705; baseline 0 -8"><span class='ocrx_word' id='word_1_305' title='bbox 75 1675 139 1697; x_wconf 89' lang='lat' dir='ltr'>erat.</span> <span class='ocrx_word' id='word_1_306' title='bbox 179 1670 209 1696; x_wconf 92' lang='lat' dir='ltr'>Id</span> <span class='ocrx_word' id='word_1_307' title='bbox 226 1670 316 1705; x_wconf 89' lang='lat' dir='ltr'>ipsum</span> <span class='ocrx_word' id='word_1_308' title='bbox 332 1669 446 1696; x_wconf 88' lang='lat' dir='ltr'>dilatum</span> <span class='ocrx_word' id='word_1_309' title='bbox 463 1674 516 1696; x_wconf 88' lang='lat' dir='ltr'>est:</span> <span class='ocrx_word' id='word_1_310' title='bbox 551 1674 640 1696; x_wconf 88' lang='lat' dir='ltr'>tamen</span> <span class='ocrx_word' id='word_1_311' title='bbox 652 1669 766 1702; x_wconf 90' lang='lat' dir='ltr'>allevor,</span> <span class='ocrx_word' id='word_1_312' title='bbox 784 1679 870 1705; x_wconf 88' lang='lat' dir='ltr'>quum</span> 
     </span>
     <span class='ocr_line' id='line_1_41' title="bbox 75 1706 870 1743; baseline 0 -10"><span class='ocrx_word' id='word_1_313' title='bbox 75 1707 170 1743; x_wconf 91' lang='lat' dir='ltr'>loquor</span> <span class='ocrx_word' id='word_1_314' title='bbox 189 1712 278 1734; x_wconf 88' lang='lat' dir='ltr'>tecum</span> <span class='ocrx_word' id='word_1_315' title='bbox 296 1706 407 1738; x_wconf 78' lang='lat' dir='ltr'>absens,</span> <span class='ocrx_word' id='word_1_316' title='bbox 425 1711 451 1733; x_wconf 89' lang='lat' dir='ltr'>et</span> <span class='ocrx_word' id='word_1_317' title='bbox 465 1707 550 1734; x_wconf 90' lang='lat' dir='ltr'>multo</span> <span class='ocrx_word' id='word_1_318' title='bbox 566 1708 646 1734; x_wconf 90' lang='lat' dir='ltr'>etiarn</span> <span class='ocrx_word' id='word_1_319' title='bbox 666 1707 766 1743; x_wconf 84' lang='lat' dir='ltr'>magis,</span> <span class='ocrx_word' id='word_1_320' title='bbox 784 1716 870 1742; x_wconf 88' lang='lat' dir='ltr'>quum</span> 
     </span>
     <span class='ocr_line' id='line_1_42' title="bbox 75 1743 870 1780; baseline 0.001 -9"><span class='ocrx_word' id='word_1_321' title='bbox 75 1749 134 1771; x_wconf 88' lang='lat' dir='ltr'>tuas</span> <span class='ocrx_word' id='word_1_322' title='bbox 156 1744 257 1771; x_wconf 88' lang='lat' dir='ltr'>litteras</span> <span class='ocrx_word' id='word_1_323' title='bbox 279 1743 347 1780; x_wconf 78' lang='lat' dir='ltr'>tego.</span> <span class='ocrx_word' id='word_1_324' title='bbox 389 1743 442 1770; x_wconf 87' lang='lat' dir='ltr'>Sed</span> <span class='ocrx_word' id='word_1_325' title='bbox 462 1745 591 1779; x_wconf 90' lang='lat' dir='ltr'>quoniam</span> <span class='ocrx_word' id='word_1_326' title='bbox 613 1749 639 1771; x_wconf 89' lang='lat' dir='ltr'>et</span> <span class='ocrx_word' id='word_1_327' title='bbox 653 1744 717 1771; x_wconf 87' lang='lat' dir='ltr'>abes</span> <span class='ocrx_word' id='word_1_328' title='bbox 732 1745 782 1780; x_wconf 81' lang='lat' dir='ltr'>(sic</span> <span class='ocrx_word' id='word_1_329' title='bbox 797 1746 870 1772; x_wconf 91' lang='lat' dir='ltr'>enim</span> 
     </span>
     <span class='ocr_line' id='line_1_43' title="bbox 76 1781 872 1818; baseline 0.001 -10"><span class='ocrx_word' id='word_1_330' title='bbox 76 1782 198 1817; x_wconf 87' lang='lat' dir='ltr'>arbitror)</span> <span class='ocrx_word' id='word_1_331' title='bbox 218 1787 244 1808; x_wconf 88' lang='lat' dir='ltr'>et</span> <span class='ocrx_word' id='word_1_332' title='bbox 266 1781 402 1808; x_wconf 88' lang='lat' dir='ltr'>scribendi</span> <span class='ocrx_word' id='word_1_333' title='bbox 419 1782 564 1808; x_wconf 87' lang='lat' dir='ltr'>necessitas</span> <span class='ocrx_word' id='word_1_334' title='bbox 580 1781 654 1809; x_wconf 92' lang='lat' dir='ltr'>nulla</span> <span class='ocrx_word' id='word_1_335' title='bbox 670 1786 723 1814; x_wconf 89' lang='lat' dir='ltr'>est,</span> <span class='ocrx_word' id='word_1_336' title='bbox 740 1783 872 1818; x_wconf 91' lang='lat' dir='ltr'>conquie-</span> 
     </span>
     <span class='ocr_line' id='line_1_44' title="bbox 74 1818 645 1854; baseline 0 -8"><span class='ocrx_word' id='word_1_337' title='bbox 74 1823 150 1846; x_wconf 89' lang='lat' dir='ltr'>scent</span> <span class='ocrx_word' id='word_1_338' title='bbox 161 1819 272 1850; x_wconf 85' lang='lat' dir='ltr'>litterae,</span> <span class='ocrx_word' id='word_1_339' title='bbox 285 1819 338 1845; x_wconf 90' lang='lat' dir='ltr'>nisi</span> <span class='ocrx_word' id='word_1_340' title='bbox 349 1818 416 1854; x_wconf 91' lang='lat' dir='ltr'>quid</span> <span class='ocrx_word' id='word_1_341' title='bbox 428 1819 491 1845; x_wconf 91' lang='lat' dir='ltr'>novi</span> <span class='ocrx_word' id='word_1_342' title='bbox 502 1820 645 1846; x_wconf 84' lang='lat' dir='ltr'>exstiterit.</span> 
     </span>
    </p>
   </div>
   <div class='ocr_carea' id='block_1_9' title="bbox 127 1888 654 1912">
    <p class='ocr_par' dir='ltr' id='par_1_10' title="bbox 127 1888 654 1912">
     <span class='ocr_line' id='line_1_45' title="bbox 127 1888 654 1912; baseline 0 -5"><span class='ocrx_word' id='word_1_343' title='bbox 127 1888 177 1909; x_wconf 78' lang='lat' dir='ltr'>XL.</span> <span class='ocrx_word' id='word_1_344' title='bbox 205 1890 235 1912; x_wconf 87' lang='lat' dir='ltr'>(In</span> <span class='ocrx_word' id='word_1_345' title='bbox 244 1889 325 1910; x_wconf 72' lang='lat' dir='ltr'>Anti-ti,</span> <span class='ocrx_word' id='word_1_346' title='bbox 336 1890 414 1908; x_wconf 70' lang='lat' dir='ltr'>Caesare</span> <span class='ocrx_word' id='word_1_347' title='bbox 426 1890 459 1909; x_wconf 86' lang='lat' dir='ltr'>iv.</span> <span class='ocrx_word' id='word_1_348' title='bbox 471 1897 507 1908; x_wconf 64' lang='lat' dir='ltr'>cna.</span> <span class='ocrx_word' id='word_1_349' title='bbox 519 1897 534 1908; x_wconf 73' lang='lat' dir='ltr'>s.</span> <span class='ocrx_word' id='word_1_350' title='bbox 545 1891 588 1908; x_wconf 77' lang='lat' dir='ltr'>con.</span> <span class='ocrx_word' id='word_1_351' title='bbox 600 1891 654 1911; x_wconf 64' lang='lat'>700.)</span> 
     </span>
    </p>
   </div>
   <div class='ocr_carea' id='block_1_10' title="bbox 75 1933 873 2713">
    <p class='ocr_par' dir='ltr' id='par_1_11' title="bbox 262 1933 686 1960">
     <span class='ocr_line' id='line_1_46' title="bbox 262 1933 686 1960; baseline 0.002 -1"><span class='ocrx_word' id='word_1_352' title='bbox 262 1933 430 1960; x_wconf 82' lang='lat' dir='ltr'>CICERO</span> <span class='ocrx_word' id='word_1_353' title='bbox 459 1933 628 1960; x_wconf 79' lang='lat' dir='ltr'>ATTICO</span> <span class='ocrx_word' id='word_1_354' title='bbox 657 1933 686 1960; x_wconf 91' lang='lat' dir='ltr'>S.</span> 
     </span>
    </p>

    <p class='ocr_par' dir='ltr' id='par_1_12' title="bbox 75 1964 873 2713">
     <span class='ocr_line' id='line_1_47' title="bbox 134 1964 871 2005; baseline 0.001 -9"><span class='ocrx_word' id='word_1_355' title='bbox 134 1971 157 1996; x_wconf 85' lang='lat' dir='ltr'>l.</span> <span class='ocrx_word' id='word_1_356' title='bbox 179 1964 281 2001; x_wconf 77' lang='lat' dir='ltr'>Qualis</span> <span class='ocrx_word' id='word_1_357' title='bbox 302 1969 391 1996; x_wconf 83' lang='lat' dir='ltr'>sutura</span> <span class='ocrx_word' id='word_1_358' title='bbox 411 1971 447 1997; x_wconf 85' lang='lat' dir='ltr'>sit</span> <span class='ocrx_word' id='word_1_359' title='bbox 461 1970 583 1997; x_wconf 87' lang='lat' dir='ltr'>Caesaris</span> <span class='ocrx_word' id='word_1_360' title='bbox 600 1971 762 2005; x_wconf 87' lang='lat' dir='ltr'>vituperatio</span> <span class='ocrx_word' id='word_1_361' title='bbox 780 1975 871 1997; x_wconf 88' lang='lat' dir='ltr'>contra</span> 
     </span>
     <span class='ocr_line' id='line_1_48' title="bbox 77 2006 872 2043; baseline 0.001 -10"><span class='ocrx_word' id='word_1_362' title='bbox 77 2006 258 2034; x_wconf 88' lang='lat' dir='ltr'>laudationem</span> <span class='ocrx_word' id='word_1_363' title='bbox 279 2015 380 2038; x_wconf 88' lang='lat' dir='ltr'>meam,</span> <span class='ocrx_word' id='word_1_364' title='bbox 394 2008 519 2042; x_wconf 76' lang='lat' dir='ltr'>perspexi</span> <span class='ocrx_word' id='word_1_365' title='bbox 531 2015 606 2033; x_wconf 89' lang='lat' dir='ltr'>exeo</span> <span class='ocrx_word' id='word_1_366' title='bbox 618 2007 700 2038; x_wconf 90' lang='lat' dir='ltr'>libro.</span> <span class='ocrx_word' id='word_1_367' title='bbox 718 2016 800 2043; x_wconf 90' lang='lat' dir='ltr'>quem</span> <span class='ocrx_word' id='word_1_368' title='bbox 812 2008 872 2034; x_wconf 92' lang='lat' dir='ltr'>Ilir-</span> 
     </span>
     <span class='ocr_line' id='line_1_49' title="bbox 76 2043 871 2080; baseline 0.001 -10"><span class='ocrx_word' id='word_1_369' title='bbox 76 2045 130 2071; x_wconf 88' lang='lat' dir='ltr'>tius</span> <span class='ocrx_word' id='word_1_370' title='bbox 142 2043 175 2070; x_wconf 89' lang='lat' dir='ltr'>ad</span> <span class='ocrx_word' id='word_1_371' title='bbox 187 2052 228 2070; x_wconf 80' lang='lat' dir='ltr'>nie</span> <span class='ocrx_word' id='word_1_372' title='bbox 240 2045 323 2076; x_wconf 77' lang='lat' dir='ltr'>misit,</span> <span class='ocrx_word' id='word_1_373' title='bbox 337 2045 364 2070; x_wconf 94' lang='lat' dir='ltr'>in</span> <span class='ocrx_word' id='word_1_374' title='bbox 375 2053 429 2079; x_wconf 90' lang='lat' dir='ltr'>quo</span> <span class='ocrx_word' id='word_1_375' title='bbox 439 2044 543 2080; x_wconf 74' lang='lat' dir='ltr'>colligit</span> <span class='ocrx_word' id='word_1_376' title='bbox 553 2045 741 2075; x_wconf 86' lang='lat' dir='ltr'>vitiaCatonis,</span> <span class='ocrx_word' id='word_1_377' title='bbox 750 2045 798 2071; x_wconf 87' lang='lat' dir='ltr'>sed</span> <span class='ocrx_word' id='word_1_378' title='bbox 809 2054 871 2071; x_wconf 88' lang='lat' dir='ltr'>cum</span> 
     </span>
     <span class='ocr_line' id='line_1_50' title="bbox 77 2080 872 2116; baseline 0 -8"><span class='ocrx_word' id='word_1_379' title='bbox 77 2081 204 2108; x_wconf 87' lang='lat' dir='ltr'>maximis</span> <span class='ocrx_word' id='word_1_380' title='bbox 219 2080 346 2107; x_wconf 85' lang='lat' dir='ltr'>laudibus</span> <span class='ocrx_word' id='word_1_381' title='bbox 358 2082 435 2108; x_wconf 89' lang='lat' dir='ltr'>meis.</span> <span class='ocrx_word' id='word_1_382' title='bbox 476 2082 567 2116; x_wconf 87' lang='lat' dir='ltr'>Itaque</span> <span class='ocrx_word' id='word_1_383' title='bbox 578 2082 642 2108; x_wconf 87' lang='lat' dir='ltr'>misi</span> <span class='ocrx_word' id='word_1_384' title='bbox 654 2081 754 2108; x_wconf 88' lang='lat' dir='ltr'>librum</span> <span class='ocrx_word' id='word_1_385' title='bbox 767 2082 800 2108; x_wconf 93' lang='lat' dir='ltr'>ad</span> <span class='ocrx_word' id='word_1_386' title='bbox 812 2082 872 2108; x_wconf 84' lang='lat' dir='ltr'>Mu-</span> 
     </span>
     <span class='ocr_line' id='line_1_51' title="bbox 76 2118 873 2150; baseline -0.001 -4"><span class='ocrx_word' id='word_1_387' title='bbox 76 2127 158 2150; x_wconf 84' lang='lat' dir='ltr'>scam,</span> <span class='ocrx_word' id='word_1_388' title='bbox 180 2123 211 2145; x_wconf 92' lang='lat' dir='ltr'>ut</span> <span class='ocrx_word' id='word_1_389' title='bbox 225 2119 279 2145; x_wconf 86' lang='lat' dir='ltr'>tuis</span> <span class='ocrx_word' id='word_1_390' title='bbox 291 2118 409 2144; x_wconf 86' lang='lat' dir='ltr'>librariis</span> <span class='ocrx_word' id='word_1_391' title='bbox 420 2118 504 2145; x_wconf 88' lang='lat' dir='ltr'>daret.</span> <span class='ocrx_word' id='word_1_392' title='bbox 545 2118 609 2145; x_wconf 87' lang='lat' dir='ltr'>Volo</span> <span class='ocrx_word' id='word_1_393' title='bbox 623 2119 695 2145; x_wconf 90' lang='lat' dir='ltr'>enim</span> <span class='ocrx_word' id='word_1_394' title='bbox 706 2127 768 2145; x_wconf 83' lang='lat' dir='ltr'>euni</span> <span class='ocrx_word' id='word_1_395' title='bbox 780 2118 873 2146; x_wconf 86' lang='lat' dir='ltr'>divul-</span> 
     </span>
     <span class='ocr_line' id='line_1_52' title="bbox 75 2155 873 2193; baseline 0.001 -11"><span class='ocrx_word' id='word_1_396' title='bbox 75 2157 147 2193; x_wconf 66' lang='lat' dir='ltr'>gari,</span> <span class='ocrx_word' id='word_1_397' title='bbox 170 2155 242 2191; x_wconf 91' lang='lat' dir='ltr'>quod</span> <span class='ocrx_word' id='word_1_398' title='bbox 254 2164 308 2191; x_wconf 91' lang='lat' dir='ltr'>quo</span> <span class='ocrx_word' id='word_1_399' title='bbox 320 2155 426 2182; x_wconf 73' lang='lat' dir='ltr'>facilius</span> <span class='ocrx_word' id='word_1_400' title='bbox 438 2155 491 2187; x_wconf 78' lang='lat' dir='ltr'>ssat,</span> <span class='ocrx_word' id='word_1_401' title='bbox 504 2156 652 2190; x_wconf 87' lang='lat' dir='ltr'>imperabis</span> <span class='ocrx_word' id='word_1_402' title='bbox 663 2157 726 2182; x_wconf 89' lang='lat' dir='ltr'>tuis.</span> <span class='ocrx_word' id='word_1_403' title='bbox 758 2158 783 2183; x_wconf 74' lang='lat'>2.</span> <span class='ocrx_word' id='word_1_404' title='bbox 799 2160 873 2191; x_wconf 80' lang='grc' dir='ltr'><em>Συμ-</em></span> 
     </span>
     <span class='ocr_line' id='line_1_53' title="bbox 75 2192 872 2229; baseline 0 -9"><span class='ocrx_word' id='word_1_405' title='bbox 75 2192 240 2229; x_wconf 55' lang='lat' dir='ltr'>&amp;ovim-mar</span> <span class='ocrx_word' id='word_1_406' title='bbox 263 2201 343 2228; x_wconf 85' lang='lat' dir='ltr'>saepe</span> <span class='ocrx_word' id='word_1_407' title='bbox 360 2201 454 2220; x_wconf 92' lang='lat' dir='ltr'>conor:</span> <span class='ocrx_word' id='word_1_408' title='bbox 487 2193 554 2219; x_wconf 89' lang='lat' dir='ltr'>nihil</span> <span class='ocrx_word' id='word_1_409' title='bbox 571 2193 687 2228; x_wconf 88' lang='lat' dir='ltr'>reperio:</span> <span class='ocrx_word' id='word_1_410' title='bbox 719 2193 872 2229; x_wconf 88' lang='lat' dir='ltr'>etquidem</span> 
     </span>
     <span class='ocr_line' id='line_1_54' title="bbox 76 2230 871 2266; baseline 0 -9"><span class='ocrx_word' id='word_1_411' title='bbox 76 2239 184 2258; x_wconf 85' lang='lat' dir='ltr'>mecum</span> <span class='ocrx_word' id='word_1_412' title='bbox 195 2230 281 2257; x_wconf 82' lang='lat' dir='ltr'>habeo</span> <span class='ocrx_word' id='word_1_413' title='bbox 291 2235 317 2257; x_wconf 83' lang='lat' dir='ltr'>et</span> <span class='ocrx_word' id='word_1_414' title='bbox 325 2230 515 2266; x_wconf 75' lang='grc' dir='ltr'>Ἀριστοτέλους</span> <span class='ocrx_word' id='word_1_415' title='bbox 525 2235 551 2256; x_wconf 85' lang='lat' dir='ltr'>et</span> <span class='ocrx_word' id='word_1_416' title='bbox 563 2230 725 2266; x_wconf 82' lang='grc' dir='ltr'><em>Θεοπόμπου</em></span> <span class='ocrx_word' id='word_1_417' title='bbox 735 2242 754 2257; x_wconf 89' lang='grc' dir='ltr'>π</span> <span class='ocrx_word' id='word_1_418' title='bbox 774 2230 871 2261; x_wconf 51' lang='grc' dir='ltr'>ὀςζιιλέ-</span> 
     </span>
     <span class='ocr_line' id='line_1_55' title="bbox 75 2266 872 2304; baseline -0.001 -9"><span class='ocrx_word' id='word_1_419' title='bbox 75 2267 203 2304; x_wconf 72' lang='grc' dir='ltr'>ξανδρονε</span> <span class='ocrx_word' id='word_1_420' title='bbox 225 2268 273 2294; x_wconf 89' lang='lat' dir='ltr'>sed</span> <span class='ocrx_word' id='word_1_421' title='bbox 288 2267 354 2302; x_wconf 89' lang='lat' dir='ltr'>quid</span> <span class='ocrx_word' id='word_1_422' title='bbox 370 2266 478 2294; x_wconf 72' lang='lat' dir='ltr'>simile?</span> <span class='ocrx_word' id='word_1_423' title='bbox 497 2267 538 2294; x_wconf 92' lang='lat' dir='ltr'>Illi</span> <span class='ocrx_word' id='word_1_424' title='bbox 550 2271 584 2298; x_wconf 88' lang='lat' dir='ltr'>et,</span> <span class='ocrx_word' id='word_1_425' title='bbox 601 2268 749 2303; x_wconf 84' lang='lat' dir='ltr'>quaeipsis</span> <span class='ocrx_word' id='word_1_426' title='bbox 780 2273 872 2295; x_wconf 85' lang='lat' dir='ltr'>onesta</span> 
     </span>
     <span class='ocr_line' id='line_1_56' title="bbox 75 2304 872 2340; baseline 0.001 -9"><span class='ocrx_word' id='word_1_427' title='bbox 75 2309 179 2336; x_wconf 87' lang='lat' dir='ltr'>essent,</span> <span class='ocrx_word' id='word_1_428' title='bbox 201 2305 356 2332; x_wconf 86' lang='lat' dir='ltr'>scribebant</span> <span class='ocrx_word' id='word_1_429' title='bbox 376 2309 402 2331; x_wconf 85' lang='lat' dir='ltr'>et</span> <span class='ocrx_word' id='word_1_430' title='bbox 421 2309 494 2340; x_wconf 78' lang='lat' dir='ltr'>grata</span> <span class='ocrx_word' id='word_1_431' title='bbox 518 2304 680 2331; x_wconf 77' lang='lat' dir='ltr'>Alexandro.</span> <span class='ocrx_word' id='word_1_432' title='bbox 720 2305 827 2340; x_wconf 87' lang='lat' dir='ltr'>Ecquid</span> <span class='ocrx_word' id='word_1_433' title='bbox 844 2310 872 2332; x_wconf 92' lang='lat' dir='ltr'>tu</span> 
     </span>
     <span class='ocr_line' id='line_1_57' title="bbox 75 2341 873 2377; baseline 0 -8"><span class='ocrx_word' id='word_1_434' title='bbox 75 2341 211 2369; x_wconf 87' lang='lat' dir='ltr'>eiusmodi</span> <span class='ocrx_word' id='word_1_435' title='bbox 231 2341 352 2377; x_wconf 68' lang='lat' dir='ltr'>reperis?</span> <span class='ocrx_word' id='word_1_436' title='bbox 375 2341 442 2368; x_wconf 86' lang='lat' dir='ltr'>Mihi</span> <span class='ocrx_word' id='word_1_437' title='bbox 453 2341 564 2377; x_wconf 90' lang='lat' dir='ltr'>quidem</span> <span class='ocrx_word' id='word_1_438' title='bbox 576 2341 644 2368; x_wconf 87' lang='lat' dir='ltr'>nihil</span> <span class='ocrx_word' id='word_1_439' title='bbox 657 2343 684 2368; x_wconf 93' lang='lat' dir='ltr'>in</span> <span class='ocrx_word' id='word_1_440' title='bbox 696 2347 813 2369; x_wconf 89' lang='lat' dir='ltr'>mentem</span> <span class='ocrx_word' id='word_1_441' title='bbox 826 2350 873 2369; x_wconf 88' lang='lat' dir='ltr'>ve-</span> 
     </span>
     <span class='ocr_line' id='line_1_58' title="bbox 76 2379 872 2415; baseline -0.001 -9"><span class='ocrx_word' id='word_1_442' title='bbox 76 2379 125 2406; x_wconf 90' lang='lat' dir='ltr'>nit.</span> <span class='ocrx_word' id='word_1_443' title='bbox 165 2379 242 2412; x_wconf 89' lang='lat' dir='ltr'>Quod</span> <span class='ocrx_word' id='word_1_444' title='bbox 257 2379 356 2406; x_wconf 88' lang='lat' dir='ltr'>scribis</span> <span class='ocrx_word' id='word_1_445' title='bbox 367 2384 391 2406; x_wconf 86' lang='lat' dir='ltr'>te</span> <span class='ocrx_word' id='word_1_446' title='bbox 403 2379 500 2409; x_wconf 85' lang='lat' dir='ltr'>vereri,</span> <span class='ocrx_word' id='word_1_447' title='bbox 517 2387 550 2405; x_wconf 89' lang='lat' dir='ltr'>ne</span> <span class='ocrx_word' id='word_1_448' title='bbox 561 2383 587 2405; x_wconf 89' lang='lat' dir='ltr'>et</span> <span class='ocrx_word' id='word_1_449' title='bbox 596 2380 681 2415; x_wconf 71' lang='lat' dir='ltr'>gratia</span> <span class='ocrx_word' id='word_1_450' title='bbox 692 2384 718 2406; x_wconf 90' lang='lat' dir='ltr'>et</span> <span class='ocrx_word' id='word_1_451' title='bbox 729 2381 872 2407; x_wconf 83' lang='lat' dir='ltr'>auctoritas</span> 
     </span>
     <span class='ocr_line' id='line_1_59' title="bbox 76 2416 873 2451; baseline 0 -8"><span class='ocrx_word' id='word_1_452' title='bbox 76 2421 166 2443; x_wconf 89' lang='lat' dir='ltr'>nostra</span> <span class='ocrx_word' id='word_1_453' title='bbox 187 2416 237 2443; x_wconf 89' lang='lat' dir='ltr'>hoc</span> <span class='ocrx_word' id='word_1_454' title='bbox 252 2425 311 2444; x_wconf 89' lang='lat' dir='ltr'>meo</span> <span class='ocrx_word' id='word_1_455' title='bbox 327 2425 445 2443; x_wconf 82' lang='lat' dir='ltr'>maerore</span> <span class='ocrx_word' id='word_1_456' title='bbox 456 2417 607 2442; x_wconf 84' lang='lat' dir='ltr'>minuatur:</span> <span class='ocrx_word' id='word_1_457' title='bbox 630 2424 689 2451; x_wconf 79' lang='lat' dir='ltr'>ego,</span> <span class='ocrx_word' id='word_1_458' title='bbox 702 2417 769 2451; x_wconf 90' lang='lat' dir='ltr'>quid</span> <span class='ocrx_word' id='word_1_459' title='bbox 785 2417 873 2443; x_wconf 84' lang='lat' dir='ltr'>hoini-</span> 
     </span>
     <span class='ocr_line' id='line_1_60' title="bbox 76 2453 873 2488; baseline 0.001 -8"><span class='ocrx_word' id='word_1_460' title='bbox 76 2462 124 2480; x_wconf 89' lang='lat' dir='ltr'>nes</span> <span class='ocrx_word' id='word_1_461' title='bbox 139 2458 186 2480; x_wconf 86' lang='lat' dir='ltr'>aut</span> <span class='ocrx_word' id='word_1_462' title='bbox 200 2454 397 2488; x_wconf 87' lang='lat' dir='ltr'>reprehendant</span> <span class='ocrx_word' id='word_1_463' title='bbox 412 2458 457 2480; x_wconf 87' lang='lat' dir='ltr'>aut</span> <span class='ocrx_word' id='word_1_464' title='bbox 473 2453 616 2488; x_wconf 81' lang='lat' dir='ltr'>postulent,</span> <span class='ocrx_word' id='word_1_465' title='bbox 634 2454 734 2480; x_wconf 88' lang='lat' dir='ltr'>nescio.</span> <span class='ocrx_word' id='word_1_466' title='bbox 774 2455 813 2480; x_wconf 90' lang='lat' dir='ltr'>Ne</span> <span class='ocrx_word' id='word_1_467' title='bbox 824 2454 873 2481; x_wconf 91' lang='lat' dir='ltr'>do-</span> 
     </span>
     <span class='ocr_line' id='line_1_61' title="bbox 77 2489 873 2526; baseline 0 -9"><span class='ocrx_word' id='word_1_468' title='bbox 77 2489 164 2517; x_wconf 78' lang='lat' dir='ltr'>leam‘?</span> <span class='ocrx_word' id='word_1_469' title='bbox 192 2492 239 2526; x_wconf 91' lang='lat' dir='ltr'>qui</span> <span class='ocrx_word' id='word_1_470' title='bbox 256 2493 307 2526; x_wconf 87' lang='lat' dir='ltr'>pot&#39;</span> <span class='ocrx_word' id='word_1_471' title='bbox 322 2491 380 2518; x_wconf 74' lang='lat' dir='ltr'>est‘?</span> <span class='ocrx_word' id='word_1_472' title='bbox 408 2500 441 2517; x_wconf 89' lang='lat' dir='ltr'>ne</span> <span class='ocrx_word' id='word_1_473' title='bbox 457 2490 576 2517; x_wconf 71' lang='lat' dir='ltr'>iaceam?</span> <span class='ocrx_word' id='word_1_474' title='bbox 603 2491 667 2525; x_wconf 81' lang='lat' dir='ltr'>quis</span> <span class='ocrx_word' id='word_1_475' title='bbox 678 2499 808 2526; x_wconf 87' lang='lat' dir='ltr'>umquam</span> <span class='ocrx_word' id='word_1_476' title='bbox 820 2492 873 2518; x_wconf 79' lang='lat' dir='ltr'>nii-</span> 
     </span>
     <span class='ocr_line' id='line_1_62' title="bbox 76 2527 873 2562; baseline 0.001 -8"><span class='ocrx_word' id='word_1_477' title='bbox 76 2527 147 2554; x_wconf 75' lang='lat' dir='ltr'>nus‘?</span> <span class='ocrx_word' id='word_1_478' title='bbox 165 2527 231 2554; x_wconf 89' lang='lat' dir='ltr'>dum</span> <span class='ocrx_word' id='word_1_479' title='bbox 246 2533 290 2556; x_wconf 84' lang='lat' dir='ltr'>tua</span> <span class='ocrx_word' id='word_1_480' title='bbox 306 2537 348 2556; x_wconf 89' lang='lat' dir='ltr'>me</span> <span class='ocrx_word' id='word_1_481' title='bbox 364 2528 460 2555; x_wconf 88' lang='lat' dir='ltr'>domus</span> <span class='ocrx_word' id='word_1_482' title='bbox 480 2528 594 2559; x_wconf 84' lang='lat' dir='ltr'>levabat,</span> <span class='ocrx_word' id='word_1_483' title='bbox 611 2528 674 2562; x_wconf 82' lang='lat' dir='ltr'>quis</span> <span class='ocrx_word' id='word_1_484' title='bbox 690 2536 704 2554; x_wconf 89' lang='lat' dir='ltr'>a</span> <span class='ocrx_word' id='word_1_485' title='bbox 720 2536 763 2554; x_wconf 84' lang='lat' dir='ltr'>mo</span> <span class='ocrx_word' id='word_1_486' title='bbox 778 2528 873 2555; x_wconf 83' lang='lat' dir='ltr'>exclu-</span> 
     </span>
     <span class='ocr_line' id='line_1_63' title="bbox 77 2564 872 2601; baseline 0.001 -10"><span class='ocrx_word' id='word_1_487' title='bbox 77 2564 142 2591; x_wconf 77' lang='lat' dir='ltr'>sus‘?</span> <span class='ocrx_word' id='word_1_488' title='bbox 170 2565 234 2600; x_wconf 89' lang='lat' dir='ltr'>quis</span> <span class='ocrx_word' id='word_1_489' title='bbox 248 2566 331 2597; x_wconf 88' lang='lat' dir='ltr'>venit,</span> <span class='ocrx_word' id='word_1_490' title='bbox 348 2567 397 2601; x_wconf 91' lang='lat' dir='ltr'>qui</span> <span class='ocrx_word' id='word_1_491' title='bbox 411 2565 574 2592; x_wconf 74' lang='lat' dir='ltr'>offenderet?</span> <span class='ocrx_word' id='word_1_492' title='bbox 603 2565 728 2591; x_wconf 81' lang='lat' dir='ltr'>Asturam</span> <span class='ocrx_word' id='word_1_493' title='bbox 745 2574 806 2592; x_wconf 83' lang='lat' dir='ltr'>sum</span> <span class='ocrx_word' id='word_1_494' title='bbox 822 2575 835 2592; x_wconf 85' lang='lat' dir='ltr'>a</span> <span class='ocrx_word' id='word_1_495' title='bbox 848 2571 872 2592; x_wconf 85' lang='lat' dir='ltr'>to</span> 
     </span>
     <span class='ocr_line' id='line_1_64' title="bbox 76 2601 870 2638; baseline 0.001 -10"><span class='ocrx_word' id='word_1_496' title='bbox 76 2601 224 2637; x_wconf 82' lang='lat' dir='ltr'>profectus.</span> <span class='ocrx_word' id='word_1_497' title='bbox 264 2603 363 2638; x_wconf 85' lang='lat' dir='ltr'>Legere</span> <span class='ocrx_word' id='word_1_498' title='bbox 385 2603 429 2630; x_wconf 88' lang='lat' dir='ltr'>isti</span> <span class='ocrx_word' id='word_1_499' title='bbox 445 2602 519 2633; x_wconf 86' lang='lat' dir='ltr'>laeti,</span> <span class='ocrx_word' id='word_1_500' title='bbox 537 2603 585 2637; x_wconf 90' lang='lat' dir='ltr'>qui</span> <span class='ocrx_word' id='word_1_501' title='bbox 601 2611 643 2628; x_wconf 84' lang='lat' dir='ltr'>me</span> <span class='ocrx_word' id='word_1_502' title='bbox 660 2602 870 2637; x_wconf 85' lang='lat' dir='ltr'>reprehendunt,</span> 
     </span>
     <span class='ocr_line' id='line_1_65' title="bbox 77 2638 872 2675; baseline 0 -9"><span class='ocrx_word' id='word_1_503' title='bbox 77 2644 132 2666; x_wconf 83' lang='lat' dir='ltr'>tam</span> <span class='ocrx_word' id='word_1_504' title='bbox 152 2638 235 2666; x_wconf 77' lang='lat' dir='ltr'>multa</span> <span class='ocrx_word' id='word_1_505' title='bbox 253 2648 305 2667; x_wconf 89' lang='lat' dir='ltr'>non</span> <span class='ocrx_word' id='word_1_506' title='bbox 322 2645 448 2675; x_wconf 88' lang='lat' dir='ltr'>possunt,</span> <span class='ocrx_word' id='word_1_507' title='bbox 471 2648 552 2675; x_wconf 83' lang='lat' dir='ltr'>quani</span> <span class='ocrx_word' id='word_1_508' title='bbox 568 2648 618 2675; x_wconf 79' lang='lat' dir='ltr'>ego</span> <span class='ocrx_word' id='word_1_509' title='bbox 633 2639 740 2674; x_wconf 85' lang='lat' dir='ltr'>scripsi.</span> <span class='ocrx_word' id='word_1_510' title='bbox 785 2641 872 2672; x_wconf 78' lang='lat' dir='ltr'>Quam</span> 
     </span>
     <span class='ocr_line' id='line_1_66' title="bbox 78 2676 872 2713; baseline 0.003 -10"><span class='ocrx_word' id='word_1_511' title='bbox 78 2676 155 2708; x_wconf 88' lang='lat' dir='ltr'>bene,</span> <span class='ocrx_word' id='word_1_512' title='bbox 171 2676 238 2703; x_wconf 91' lang='lat' dir='ltr'>nihil</span> <span class='ocrx_word' id='word_1_513' title='bbox 250 2677 283 2704; x_wconf 81' lang='lat' dir='ltr'>ad</span> <span class='ocrx_word' id='word_1_514' title='bbox 295 2686 361 2704; x_wconf 91' lang='lat' dir='ltr'>rem.</span> <span class='ocrx_word' id='word_1_515' title='bbox 382 2677 434 2704; x_wconf 91' lang='lat' dir='ltr'>Sed</span> <span class='ocrx_word' id='word_1_516' title='bbox 447 2686 534 2713; x_wconf 80' lang='lat' dir='ltr'>genus</span> <span class='ocrx_word' id='word_1_517' title='bbox 548 2676 788 2710; x_wconf 79' lang='lat' dir='ltr'>scribendiidtuit,</span> <span class='ocrx_word' id='word_1_518' title='bbox 799 2677 872 2713; x_wconf 88' lang='lat' dir='ltr'>quod</span> 
     </span>
    </p>
   </div>
   <div class='ocr_carea' id='block_1_11' title="bbox 895 586 1402 620">
    <p class='ocr_par' dir='ltr' id='par_1_13' title="bbox 895 586 1402 620">
     <span class='ocr_line' id='line_1_67' title="bbox 895 586 1402 620; baseline -0.004 -7"><span class='ocrx_word' id='word_1_519' title='bbox 895 599 896 602; x_wconf 48' lang='lat'>¹</span> <span class='ocrx_word' id='word_1_520' title='bbox 919 587 995 613; x_wconf 74' lang='lat' dir='ltr'>vultu</span> <span class='ocrx_word' id='word_1_521' title='bbox 1016 595 1065 612; x_wconf 86' lang='lat' dir='ltr'>nec</span> <span class='ocrx_word' id='word_1_522' title='bbox 1080 587 1197 612; x_wconf 88' lang='lat' dir='ltr'>oratione</span> <span class='ocrx_word' id='word_1_523' title='bbox 1213 586 1402 620; x_wconf 84' lang='lat' dir='ltr'>reprehendar.</span> 
     </span>
    </p>
   </div>
   <div class='ocr_carea' id='block_1_12' title="bbox 896 661 1134 696">
    <p class='ocr_par' dir='ltr' id='par_1_14' title="bbox 896 661 1134 696">
     <span class='ocr_line' id='line_1_68' title="bbox 896 661 1134 696; baseline -0.004 -9"><span class='ocrx_word' id='word_1_524' title='bbox 896 674 897 678; x_wconf 52' lang='lat'>¹</span> <span class='ocrx_word' id='word_1_525' title='bbox 918 667 1030 696; x_wconf 87' lang='lat' dir='ltr'>petuum</span> <span class='ocrx_word' id='word_1_526' title='bbox 1046 661 1134 687; x_wconf 87' lang='lat' dir='ltr'>amisi.</span> 
     </span>
    </p>
   </div>
   <div class='ocr_carea' id='block_1_13' title="bbox 893 214 901 1180">
    <p class='ocr_par' dir='ltr' id='par_1_15' title="bbox 893 214 901 1180">
     <span class='ocr_line' id='line_1_69' title="bbox 893 214 901 1180; baseline 0 0"><span class='ocrx_word' id='word_1_527' title='bbox 893 214 901 1180; x_wconf 95' lang='lat' dir='ltr'> </span> 
     </span>
    </p>
   </div>
   <div class='ocr_carea' id='block_1_14' title="bbox 894 214 905 2406">
    <p class='ocr_par' dir='ltr' id='par_1_16' title="bbox 894 214 905 2406">
     <span class='ocr_line' id='line_1_70' title="bbox 894 214 905 2406; baseline 0 0"><span class='ocrx_word' id='word_1_528' title='bbox 894 214 905 2406; x_wconf 95' lang='lat' dir='ltr'> </span> 
     </span>
    </p>
   </div>
   <div class='ocr_carea' id='block_1_15' title="bbox 887 222 899 2683">
    <p class='ocr_par' dir='ltr' id='par_1_17' title="bbox 887 222 899 2683">
     <span class='ocr_line' id='line_1_71' title="bbox 887 222 899 2683; baseline 0 0"><span class='ocrx_word' id='word_1_529' title='bbox 887 222 899 2683; x_wconf 95' lang='lat' dir='ltr'> </span> 
     </span>
    </p>
   </div>
   <div class='ocr_carea' id='block_1_16' title="bbox 915 144 1709 323">
    <p class='ocr_par' dir='ltr' id='par_1_18' title="bbox 915 144 1709 323">
     <span class='ocr_line' id='line_1_72' title="bbox 1208 144 1707 170; baseline -0.004 0"><span class='ocrx_word' id='word_1_530' title='bbox 1208 144 1227 170; x_wconf 85' lang='lat' dir='ltr'>E</span> <span class='ocrx_word' id='word_1_531' title='bbox 1242 145 1268 170; x_wconf 81' lang='lat' dir='ltr'>P.</span> <span class='ocrx_word' id='word_1_532' title='bbox 1292 146 1323 170; x_wconf 74' lang='lat'>33</span> <span class='ocrx_word' id='word_1_533' title='bbox 1343 160 1379 163; x_wconf 97' lang='lat'><strong>—</strong></span> <span class='ocrx_word' id='word_1_534' title='bbox 1403 145 1440 170; x_wconf 65' lang='lat'>12.</span> <span class='ocrx_word' id='word_1_535' title='bbox 1659 145 1707 168; x_wconf 64' lang='lat'>{³¹7</span> 
     </span>
     <span class='ocr_line' id='line_1_73' title="bbox 915 214 1708 249; baseline -0.004 -7"><span class='ocrx_word' id='word_1_536' title='bbox 915 224 993 242; x_wconf 89' lang='lat' dir='ltr'>nemo</span> <span class='ocrx_word' id='word_1_537' title='bbox 1007 215 1111 242; x_wconf 88' lang='lat' dir='ltr'>abiecto</span> <span class='ocrx_word' id='word_1_538' title='bbox 1127 216 1217 241; x_wconf 90' lang='lat' dir='ltr'>animo</span> <span class='ocrx_word' id='word_1_539' title='bbox 1232 214 1317 241; x_wconf 83' lang='lat' dir='ltr'>facere</span> <span class='ocrx_word' id='word_1_540' title='bbox 1334 219 1432 249; x_wconf 84' lang='lat' dir='ltr'>posset.</span> <span class='ocrx_word' id='word_1_541' title='bbox 1474 214 1593 249; x_wconf 73' lang='lat' dir='ltr'>Triginta</span> <span class='ocrx_word' id='word_1_542' title='bbox 1609 214 1666 239; x_wconf 76' lang='lat' dir='ltr'>dies</span> <span class='ocrx_word' id='word_1_543' title='bbox 1683 216 1708 239; x_wconf 83' lang='lat' dir='ltr'>in</span> 
     </span>
     <span class='ocr_line' id='line_1_74' title="bbox 915 250 1709 287; baseline -0.003 -9"><span class='ocrx_word' id='word_1_544' title='bbox 915 254 999 279; x_wconf 86' lang='lat' dir='ltr'>hortis</span> <span class='ocrx_word' id='word_1_545' title='bbox 1016 252 1065 278; x_wconf 85' lang='lat' dir='ltr'>fui.</span> <span class='ocrx_word' id='word_1_546' title='bbox 1106 252 1172 284; x_wconf 87' lang='lat' dir='ltr'>Quis</span> <span class='ocrx_word' id='word_1_547' title='bbox 1189 257 1233 278; x_wconf 91' lang='lat' dir='ltr'>aut</span> <span class='ocrx_word' id='word_1_548' title='bbox 1247 260 1423 287; x_wconf 62' lang='lat' dir='ltr'>congressum</span> <span class='ocrx_word' id='word_1_549' title='bbox 1439 259 1542 281; x_wconf 89' lang='lat' dir='ltr'>meum,</span> <span class='ocrx_word' id='word_1_550' title='bbox 1561 256 1606 277; x_wconf 88' lang='lat' dir='ltr'>aut</span> <span class='ocrx_word' id='word_1_551' title='bbox 1623 250 1709 276; x_wconf 84' lang='lat' dir='ltr'>sacili-</span> 
     </span>
     <span class='ocr_line' id='line_1_75' title="bbox 915 287 1706 323; baseline -0.004 -7"><span class='ocrx_word' id='word_1_552' title='bbox 915 296 994 316; x_wconf 87' lang='lat' dir='ltr'>tatem</span> <span class='ocrx_word' id='word_1_553' title='bbox 1015 291 1146 315; x_wconf 86' lang='lat' dir='ltr'>sermonis</span> <span class='ocrx_word' id='word_1_554' title='bbox 1167 288 1348 315; x_wconf 63' lang='lat' dir='ltr'>desideravit?</span> <span class='ocrx_word' id='word_1_555' title='bbox 1378 290 1455 314; x_wconf 78' lang='lat' dir='ltr'>Nunc</span> <span class='ocrx_word' id='word_1_556' title='bbox 1476 288 1567 322; x_wconf 87' lang='lat' dir='ltr'>ipsum</span> <span class='ocrx_word' id='word_1_557' title='bbox 1588 297 1617 313; x_wconf 86' lang='lat' dir='ltr'>ea</span> <span class='ocrx_word' id='word_1_558' title='bbox 1640 287 1706 323; x_wconf 72' lang='lat' dir='ltr'>lego.</span> 
     </span>
    </p>
   </div>
   <div class='ocr_carea' id='block_1_17' title="bbox 893 324 1711 399">
    <p class='ocr_par' dir='ltr' id='par_1_19' title="bbox 893 324 1711 399">
     <span class='ocr_line' id='line_1_76' title="bbox 893 324 1710 362; baseline -0.004 -9"><span class='ocrx_word' id='word_1_559' title='bbox 893 357 895 362; x_wconf 90' lang='lat'><em>.</em></span> <span class='ocrx_word' id='word_1_560' title='bbox 915 336 944 353; x_wconf 88' lang='lat' dir='ltr'>ea</span> <span class='ocrx_word' id='word_1_561' title='bbox 955 327 1053 357; x_wconf 88' lang='lat' dir='ltr'>scribo,</span> <span class='ocrx_word' id='word_1_562' title='bbox 1071 332 1100 352; x_wconf 92' lang='lat' dir='ltr'>ut</span> <span class='ocrx_word' id='word_1_563' title='bbox 1111 327 1140 355; x_wconf 89' lang='lat' dir='ltr'>ii,</span> <span class='ocrx_word' id='word_1_564' title='bbox 1158 327 1206 361; x_wconf 88' lang='lat' dir='ltr'>qui</span> <span class='ocrx_word' id='word_1_565' title='bbox 1218 335 1324 352; x_wconf 85' lang='lat' dir='ltr'>mecum</span> <span class='ocrx_word' id='word_1_566' title='bbox 1335 330 1406 356; x_wconf 89' lang='lat' dir='ltr'>sunt,</span> <span class='ocrx_word' id='word_1_567' title='bbox 1423 324 1564 351; x_wconf 83' lang='lat' dir='ltr'>difficilius</span> <span class='ocrx_word' id='word_1_568' title='bbox 1575 326 1658 351; x_wconf 87' lang='lat' dir='ltr'>otium</span> <span class='ocrx_word' id='word_1_569' title='bbox 1672 324 1710 350; x_wconf 80' lang='lat' dir='ltr'>fe-</span> 
     </span>
     <span class='ocr_line' id='line_1_77' title="bbox 894 362 1711 399; baseline -0.001 -11"><span class='ocrx_word' id='word_1_570' title='bbox 894 373 895 388; x_wconf 74' lang='lat'>:</span> <span class='ocrx_word' id='word_1_571' title='bbox 916 370 982 393; x_wconf 81' lang='lat' dir='ltr'>rant,</span> <span class='ocrx_word' id='word_1_572' title='bbox 996 372 1077 398; x_wconf 87' lang='lat' dir='ltr'>quam</span> <span class='ocrx_word' id='word_1_573' title='bbox 1089 372 1138 399; x_wconf 71' lang='lat' dir='ltr'>ego</span> <span class='ocrx_word' id='word_1_574' title='bbox 1151 364 1277 389; x_wconf 87' lang='lat' dir='ltr'>laborem.</span> <span class='ocrx_word' id='word_1_575' title='bbox 1309 366 1334 389; x_wconf 88' lang='lat'>3.</span> <span class='ocrx_word' id='word_1_576' title='bbox 1348 363 1377 389; x_wconf 87' lang='lat' dir='ltr'>Si</span> <span class='ocrx_word' id='word_1_577' title='bbox 1388 364 1450 397; x_wconf 87' lang='lat' dir='ltr'>quis</span> <span class='ocrx_word' id='word_1_578' title='bbox 1465 363 1587 396; x_wconf 64' lang='lat' dir='ltr'>requirit,</span> <span class='ocrx_word' id='word_1_579' title='bbox 1601 371 1648 388; x_wconf 92' lang='lat' dir='ltr'>cur</span> <span class='ocrx_word' id='word_1_580' title='bbox 1659 362 1711 388; x_wconf 81' lang='lat' dir='ltr'>Ro-</span> 
     </span>
    </p>
   </div>
   <div class='ocr_carea' id='block_1_18' title="bbox 916 399 1717 1172">
    <p class='ocr_par' dir='ltr' id='par_1_20' title="bbox 916 399 1717 1172">
     <span class='ocr_line' id='line_1_78' title="bbox 916 399 1711 435; baseline -0.004 -8"><span class='ocrx_word' id='word_1_581' title='bbox 916 411 974 428; x_wconf 89' lang='lat' dir='ltr'>mae</span> <span class='ocrx_word' id='word_1_582' title='bbox 987 409 1038 426; x_wconf 89' lang='lat' dir='ltr'>non</span> <span class='ocrx_word' id='word_1_583' title='bbox 1051 402 1117 426; x_wconf 84' lang='lat' dir='ltr'>sim:</span> <span class='ocrx_word' id='word_1_584' title='bbox 1140 402 1203 435; x_wconf 88' lang='lat' dir='ltr'>quia</span> <span class='ocrx_word' id='word_1_585' title='bbox 1214 401 1352 426; x_wconf 82' lang='lat' dir='ltr'>discessus</span> <span class='ocrx_word' id='word_1_586' title='bbox 1364 405 1413 426; x_wconf 88' lang='lat' dir='ltr'>est.</span> <span class='ocrx_word' id='word_1_587' title='bbox 1435 400 1489 426; x_wconf 88' lang='lat' dir='ltr'>Cur</span> <span class='ocrx_word' id='word_1_588' title='bbox 1500 408 1552 425; x_wconf 90' lang='lat' dir='ltr'>non</span> <span class='ocrx_word' id='word_1_589' title='bbox 1563 400 1616 425; x_wconf 88' lang='lat' dir='ltr'>sim</span> <span class='ocrx_word' id='word_1_590' title='bbox 1629 400 1654 425; x_wconf 90' lang='lat' dir='ltr'>in</span> <span class='ocrx_word' id='word_1_591' title='bbox 1668 399 1711 425; x_wconf 88' lang='lat' dir='ltr'>his</span> 
     </span>
     <span class='ocr_line' id='line_1_79' title="bbox 917 436 1711 472; baseline -0.003 -8"><span class='ocrx_word' id='word_1_592' title='bbox 917 440 985 464; x_wconf 88' lang='lat' dir='ltr'>meis</span> <span class='ocrx_word' id='word_1_593' title='bbox 996 438 1151 472; x_wconf 87' lang='lat' dir='ltr'>praediolis,</span> <span class='ocrx_word' id='word_1_594' title='bbox 1169 447 1237 472; x_wconf 86' lang='lat' dir='ltr'>quae</span> <span class='ocrx_word' id='word_1_595' title='bbox 1248 442 1311 464; x_wconf 86' lang='lat' dir='ltr'>sunt</span> <span class='ocrx_word' id='word_1_596' title='bbox 1323 438 1405 463; x_wconf 87' lang='lat' dir='ltr'>huius</span> <span class='ocrx_word' id='word_1_597' title='bbox 1417 437 1560 471; x_wconf 85' lang='lat' dir='ltr'>temporis:</span> <span class='ocrx_word' id='word_1_598' title='bbox 1582 437 1646 471; x_wconf 86' lang='lat' dir='ltr'>quia</span> <span class='ocrx_word' id='word_1_599' title='bbox 1659 436 1711 462; x_wconf 82' lang='lat' dir='ltr'>frc-</span> 
     </span>
     <span class='ocr_line' id='line_1_80' title="bbox 917 474 1709 510; baseline -0.003 -9"><span class='ocrx_word' id='word_1_600' title='bbox 917 476 1054 510; x_wconf 89' lang='lat' dir='ltr'>quentiam</span> <span class='ocrx_word' id='word_1_601' title='bbox 1076 475 1149 501; x_wconf 86' lang='lat' dir='ltr'>illam</span> <span class='ocrx_word' id='word_1_602' title='bbox 1170 484 1222 501; x_wconf 90' lang='lat' dir='ltr'>non</span> <span class='ocrx_word' id='word_1_603' title='bbox 1242 474 1319 500; x_wconf 82' lang='lat' dir='ltr'>facile</span> <span class='ocrx_word' id='word_1_604' title='bbox 1341 474 1446 500; x_wconf 82' lang='lat' dir='ltr'>ferrem.</span> <span class='ocrx_word' id='word_1_605' title='bbox 1486 474 1526 499; x_wconf 91' lang='lat' dir='ltr'>lbi</span> <span class='ocrx_word' id='word_1_606' title='bbox 1542 482 1602 499; x_wconf 82' lang='lat' dir='ltr'>sum</span> <span class='ocrx_word' id='word_1_607' title='bbox 1618 474 1709 509; x_wconf 70' lang='lat' dir='ltr'>igitur,</span> 
     </span>
     <span class='ocr_line' id='line_1_81' title="bbox 918 511 1712 546; baseline -0.004 -7"><span class='ocrx_word' id='word_1_608' title='bbox 918 513 964 539; x_wconf 90' lang='lat' dir='ltr'>ubi</span> <span class='ocrx_word' id='word_1_609' title='bbox 977 514 1009 542; x_wconf 78' lang='lat' dir='ltr'>is,</span> <span class='ocrx_word' id='word_1_610' title='bbox 1023 513 1070 546; x_wconf 90' lang='lat' dir='ltr'>qui</span> <span class='ocrx_word' id='word_1_611' title='bbox 1082 511 1197 546; x_wconf 76' lang='lat' dir='ltr'>optimas</span> <span class='ocrx_word' id='word_1_612' title='bbox 1208 513 1284 538; x_wconf 87' lang='lat' dir='ltr'>Baias</span> <span class='ocrx_word' id='word_1_613' title='bbox 1295 511 1419 541; x_wconf 84' lang='lat' dir='ltr'>habebat,</span> <span class='ocrx_word' id='word_1_614' title='bbox 1428 512 1571 546; x_wconf 79' lang='lat' dir='ltr'>quotannis</span> <span class='ocrx_word' id='word_1_615' title='bbox 1584 511 1633 537; x_wconf 88' lang='lat' dir='ltr'>hoc</span> <span class='ocrx_word' id='word_1_616' title='bbox 1646 516 1712 537; x_wconf 83' lang='lat' dir='ltr'>tem-</span> 
     </span>
     <span class='ocr_line' id='line_1_82' title="bbox 917 549 1712 584; baseline -0.004 -8"><span class='ocrx_word' id='word_1_617' title='bbox 917 559 969 584; x_wconf 82' lang='lat' dir='ltr'>pus</span> <span class='ocrx_word' id='word_1_618' title='bbox 984 558 1143 576; x_wconf 87' lang='lat' dir='ltr'>consumere</span> <span class='ocrx_word' id='word_1_619' title='bbox 1158 549 1270 575; x_wconf 82' lang='lat' dir='ltr'>solebat.</span> <span class='ocrx_word' id='word_1_620' title='bbox 1311 549 1400 580; x_wconf 87' lang='lat' dir='ltr'>Quum</span> <span class='ocrx_word' id='word_1_621' title='bbox 1417 549 1526 574; x_wconf 84' lang='lat' dir='ltr'>Romam</span> <span class='ocrx_word' id='word_1_622' title='bbox 1539 557 1645 574; x_wconf 74' lang='lat' dir='ltr'>venero.</span> <span class='ocrx_word' id='word_1_623' title='bbox 1664 556 1712 574; x_wconf 89' lang='lat' dir='ltr'>nec</span> 
     </span>
     <span class='ocr_line' id='line_1_83' title="bbox 1444 585 1709 615; baseline 0 -5"><span class='ocrx_word' id='word_1_624' title='bbox 1444 585 1608 611; x_wconf 81' lang='lat' dir='ltr'>llilaritatem</span> <span class='ocrx_word' id='word_1_625' title='bbox 1626 585 1709 615; x_wconf 90' lang='lat' dir='ltr'>illam,</span> 
     </span>
     <span class='ocr_line' id='line_1_84' title="bbox 918 622 1712 658; baseline -0.004 -8"><span class='ocrx_word' id='word_1_626' title='bbox 918 633 970 658; x_wconf 89' lang='lat' dir='ltr'>qua</span> <span class='ocrx_word' id='word_1_627' title='bbox 991 625 1059 650; x_wconf 84' lang='lat' dir='ltr'>banc</span> <span class='ocrx_word' id='word_1_628' title='bbox 1075 624 1210 650; x_wconf 88' lang='lat' dir='ltr'>tristitiam</span> <span class='ocrx_word' id='word_1_629' title='bbox 1224 629 1374 658; x_wconf 81' lang='lat' dir='ltr'>temporum</span> <span class='ocrx_word' id='word_1_630' title='bbox 1386 622 1592 649; x_wconf 80' lang='lat' dir='ltr'>condiebamus.</span> <span class='ocrx_word' id='word_1_631' title='bbox 1613 624 1638 648; x_wconf 90' lang='lat' dir='ltr'>in</span> <span class='ocrx_word' id='word_1_632' title='bbox 1651 631 1712 656; x_wconf 85' lang='lat' dir='ltr'>per-</span> 
     </span>
     <span class='ocr_line' id='line_1_85' title="bbox 1176 660 1713 690; baseline -0.006 -3"><span class='ocrx_word' id='word_1_633' title='bbox 1176 661 1329 687; x_wconf 86' lang='lat' dir='ltr'>Constantia</span> <span class='ocrx_word' id='word_1_634' title='bbox 1339 665 1364 686; x_wconf 91' lang='lat' dir='ltr'>et</span> <span class='ocrx_word' id='word_1_635' title='bbox 1376 660 1486 686; x_wconf 77' lang='lat' dir='ltr'>firmitas</span> <span class='ocrx_word' id='word_1_636' title='bbox 1499 669 1545 685; x_wconf 82' lang='lat' dir='ltr'>nee</span> <span class='ocrx_word' id='word_1_637' title='bbox 1557 660 1651 690; x_wconf 79' lang='lat' dir='ltr'>animi,</span> <span class='ocrx_word' id='word_1_638' title='bbox 1665 668 1713 685; x_wconf 84' lang='lat' dir='ltr'>nee</span> 
     </span>
     <span class='ocr_line' id='line_1_86' title="bbox 918 696 1713 732; baseline -0.004 -8"><span class='ocrx_word' id='word_1_639' title='bbox 918 700 1045 724; x_wconf 86' lang='lat' dir='ltr'>orationis</span> <span class='ocrx_word' id='word_1_640' title='bbox 1066 699 1226 732; x_wconf 84' lang='lat' dir='ltr'>requiretur.</span> <span class='ocrx_word' id='word_1_641' title='bbox 1273 699 1297 724; x_wconf 76' lang='lat'>4.</span> <span class='ocrx_word' id='word_1_642' title='bbox 1320 698 1355 723; x_wconf 90' lang='lat' dir='ltr'>De</span> <span class='ocrx_word' id='word_1_643' title='bbox 1376 697 1461 723; x_wconf 86' lang='lat' dir='ltr'>hortis</span> <span class='ocrx_word' id='word_1_644' title='bbox 1481 696 1641 731; x_wconf 78' lang='lat' dir='ltr'>Scapulanis</span> <span class='ocrx_word' id='word_1_645' title='bbox 1663 696 1713 722; x_wconf 82' lang='lat' dir='ltr'>hoe</span> 
     </span>
     <span class='ocr_line' id='line_1_87' title="bbox 919 734 1714 769; baseline -0.003 -8"><span class='ocrx_word' id='word_1_646' title='bbox 919 735 1027 762; x_wconf 87' lang='lat' dir='ltr'>videtur</span> <span class='ocrx_word' id='word_1_647' title='bbox 1043 734 1113 761; x_wconf 74' lang='lat' dir='ltr'>ellici</span> <span class='ocrx_word' id='word_1_648' title='bbox 1125 743 1213 769; x_wconf 79' lang='lat' dir='ltr'>posse,</span> <span class='ocrx_word' id='word_1_649' title='bbox 1230 734 1304 761; x_wconf 89' lang='lat' dir='ltr'>aliud</span> <span class='ocrx_word' id='word_1_650' title='bbox 1317 740 1360 761; x_wconf 91' lang='lat' dir='ltr'>tua</span> <span class='ocrx_word' id='word_1_651' title='bbox 1371 735 1465 769; x_wconf 76' lang='lat' dir='ltr'>gratia,</span> <span class='ocrx_word' id='word_1_652' title='bbox 1483 734 1556 759; x_wconf 86' lang='lat' dir='ltr'>aliud</span> <span class='ocrx_word' id='word_1_653' title='bbox 1570 739 1666 763; x_wconf 79' lang='lat' dir='ltr'>nostra,</span> <span class='ocrx_word' id='word_1_654' title='bbox 1684 739 1714 759; x_wconf 91' lang='lat' dir='ltr'>ut</span> 
     </span>
     <span class='ocr_line' id='line_1_88' title="bbox 918 770 1712 807; baseline -0.003 -9"><span class='ocrx_word' id='word_1_655' title='bbox 918 773 1043 807; x_wconf 88' lang='lat' dir='ltr'>praeconi</span> <span class='ocrx_word' id='word_1_656' title='bbox 1058 772 1248 798; x_wconf 79' lang='lat' dir='ltr'>subiiciantur.</span> <span class='ocrx_word' id='word_1_657' title='bbox 1284 771 1313 797; x_wconf 90' lang='lat' dir='ltr'>Id</span> <span class='ocrx_word' id='word_1_658' title='bbox 1328 772 1380 797; x_wconf 89' lang='lat' dir='ltr'>nisi</span> <span class='ocrx_word' id='word_1_659' title='bbox 1393 771 1430 801; x_wconf 83' lang='lat' dir='ltr'>fit,</span> <span class='ocrx_word' id='word_1_660' title='bbox 1443 770 1628 796; x_wconf 76' lang='lat' dir='ltr'>excludemur.</span> <span class='ocrx_word' id='word_1_661' title='bbox 1665 770 1712 796; x_wconf 89' lang='lat' dir='ltr'>Sin</span> 
     </span>
     <span class='ocr_line' id='line_1_89' title="bbox 919 807 1713 839; baseline -0.003 -4"><span class='ocrx_word' id='word_1_662' title='bbox 919 810 952 836; x_wconf 90' lang='lat' dir='ltr'>ad</span> <span class='ocrx_word' id='word_1_663' title='bbox 973 809 1091 836; x_wconf 82' lang='lat' dir='ltr'>tabulam</span> <span class='ocrx_word' id='word_1_664' title='bbox 1115 810 1254 839; x_wconf 75' lang='lat' dir='ltr'>venimus,</span> <span class='ocrx_word' id='word_1_665' title='bbox 1278 810 1418 835; x_wconf 81' lang='lat' dir='ltr'>vincemus</span> <span class='ocrx_word' id='word_1_666' title='bbox 1440 807 1578 833; x_wconf 75' lang='lat' dir='ltr'>facultates</span> <span class='ocrx_word' id='word_1_667' title='bbox 1600 808 1713 833; x_wconf 78' lang='lat' dir='ltr'>Othonis</span> 
     </span>
     <span class='ocr_line' id='line_1_90' title="bbox 920 844 1713 880; baseline -0.004 -7"><span class='ocrx_word' id='word_1_668' title='bbox 920 852 1008 873; x_wconf 85' lang='lat' dir='ltr'>nostra</span> <span class='ocrx_word' id='word_1_669' title='bbox 1020 846 1178 880; x_wconf 88' lang='lat' dir='ltr'>cupiditate.</span> <span class='ocrx_word' id='word_1_670' title='bbox 1219 847 1285 872; x_wconf 80' lang='lat' dir='ltr'>Nam</span> <span class='ocrx_word' id='word_1_671' title='bbox 1298 846 1369 880; x_wconf 88' lang='lat' dir='ltr'>quod</span> <span class='ocrx_word' id='word_1_672' title='bbox 1382 845 1414 871; x_wconf 90' lang='lat' dir='ltr'>ad</span> <span class='ocrx_word' id='word_1_673' title='bbox 1426 854 1468 870; x_wconf 89' lang='lat' dir='ltr'>me</span> <span class='ocrx_word' id='word_1_674' title='bbox 1479 845 1512 870; x_wconf 85' lang='lat' dir='ltr'>de</span> <span class='ocrx_word' id='word_1_675' title='bbox 1524 844 1635 870; x_wconf 80' lang='lat' dir='ltr'>Lentulo</span> <span class='ocrx_word' id='word_1_676' title='bbox 1647 845 1713 870; x_wconf 84' lang='lat' dir='ltr'>scri—</span> 
     </span>
     <span class='ocr_line' id='line_1_91' title="bbox 919 882 1714 914; baseline -0.004 -4"><span class='ocrx_word' id='word_1_677' title='bbox 919 884 972 914; x_wconf 77' lang='lat' dir='ltr'>bis,</span> <span class='ocrx_word' id='word_1_678' title='bbox 990 893 1043 910; x_wconf 89' lang='lat' dir='ltr'>non</span> <span class='ocrx_word' id='word_1_679' title='bbox 1058 888 1098 910; x_wconf 91' lang='lat' dir='ltr'>est</span> <span class='ocrx_word' id='word_1_680' title='bbox 1112 884 1139 909; x_wconf 92' lang='lat' dir='ltr'>in</span> <span class='ocrx_word' id='word_1_681' title='bbox 1152 892 1192 909; x_wconf 91' lang='lat' dir='ltr'>eo.</span> <span class='ocrx_word' id='word_1_682' title='bbox 1234 883 1380 909; x_wconf 87' lang='lat' dir='ltr'>Faberiana</span> <span class='ocrx_word' id='word_1_683' title='bbox 1392 882 1470 908; x_wconf 88' lang='lat' dir='ltr'>modo</span> <span class='ocrx_word' id='word_1_684' title='bbox 1482 891 1523 907; x_wconf 88' lang='lat' dir='ltr'>res</span> <span class='ocrx_word' id='word_1_685' title='bbox 1534 888 1603 908; x_wconf 83' lang='lat' dir='ltr'>certa</span> <span class='ocrx_word' id='word_1_686' title='bbox 1616 882 1659 907; x_wconf 82' lang='lat' dir='ltr'>sit.</span> <span class='ocrx_word' id='word_1_687' title='bbox 1672 887 1714 907; x_wconf 85' lang='lat' dir='ltr'>tu—</span> 
     </span>
     <span class='ocr_line' id='line_1_92' title="bbox 919 919 1713 956; baseline -0.004 -9"><span class='ocrx_word' id='word_1_688' title='bbox 919 930 972 956; x_wconf 91' lang='lat' dir='ltr'>que</span> <span class='ocrx_word' id='word_1_689' title='bbox 985 922 1094 951; x_wconf 81' lang='lat' dir='ltr'>enitare,</span> <span class='ocrx_word' id='word_1_690' title='bbox 1103 920 1176 955; x_wconf 89' lang='lat' dir='ltr'>quod</span> <span class='ocrx_word' id='word_1_691' title='bbox 1187 920 1266 951; x_wconf 71' lang='lat' dir='ltr'>facis,</span> <span class='ocrx_word' id='word_1_692' title='bbox 1283 920 1355 955; x_wconf 91' lang='lat' dir='ltr'>quod</span> <span class='ocrx_word' id='word_1_693' title='bbox 1363 919 1497 949; x_wconf 82' lang='lat' dir='ltr'>volumus,</span> <span class='ocrx_word' id='word_1_694' title='bbox 1506 927 1713 953; x_wconf 79' lang='lat' dir='ltr'>consequemur.</span> 
     </span>
     <span class='ocr_line' id='line_1_93' title="bbox 920 956 1714 993; baseline -0.005 -8"><span class='ocrx_word' id='word_1_695' title='bbox 920 960 944 985; x_wconf 86' lang='lat'>5.</span> <span class='ocrx_word' id='word_1_696' title='bbox 967 958 1044 991; x_wconf 89' lang='lat' dir='ltr'>Quod</span> <span class='ocrx_word' id='word_1_697' title='bbox 1059 958 1181 993; x_wconf 79' lang='lat' dir='ltr'>quaeriS,</span> <span class='ocrx_word' id='word_1_698' title='bbox 1199 966 1281 992; x_wconf 86' lang='lat' dir='ltr'>quam</span> <span class='ocrx_word' id='word_1_699' title='bbox 1298 957 1345 983; x_wconf 91' lang='lat' dir='ltr'>diu</span> <span class='ocrx_word' id='word_1_700' title='bbox 1362 957 1418 989; x_wconf 79' lang='lat' dir='ltr'>hie3</span> <span class='ocrx_word' id='word_1_701' title='bbox 1441 965 1541 991; x_wconf 80' lang='lat' dir='ltr'>paucos</span> <span class='ocrx_word' id='word_1_702' title='bbox 1553 956 1620 982; x_wconf 84' lang='lat' dir='ltr'>dies.</span> <span class='ocrx_word' id='word_1_703' title='bbox 1662 956 1714 982; x_wconf 83' lang='lat' dir='ltr'>Sed</span> 
     </span>
     <span class='ocr_line' id='line_1_94' title="bbox 919 993 1715 1023; baseline -0.005 -1"><span class='ocrx_word' id='word_1_704' title='bbox 919 1001 1020 1022; x_wconf 89' lang='lat' dir='ltr'>certum</span> <span class='ocrx_word' id='word_1_705' title='bbox 1038 1004 1091 1022; x_wconf 92' lang='lat' dir='ltr'>non</span> <span class='ocrx_word' id='word_1_706' title='bbox 1106 995 1202 1021; x_wconf 86' lang='lat' dir='ltr'>habeo.</span> <span class='ocrx_word' id='word_1_707' title='bbox 1243 994 1330 1021; x_wconf 88' lang='lat' dir='ltr'>Simul</span> <span class='ocrx_word' id='word_1_708' title='bbox 1343 1003 1373 1020; x_wconf 90' lang='lat' dir='ltr'>ac</span> <span class='ocrx_word' id='word_1_709' title='bbox 1384 995 1554 1023; x_wconf 80' lang='lat' dir='ltr'>constituero,</span> <span class='ocrx_word' id='word_1_710' title='bbox 1568 993 1601 1019; x_wconf 84' lang='lat' dir='ltr'>ad</span> <span class='ocrx_word' id='word_1_711' title='bbox 1613 999 1637 1019; x_wconf 86' lang='lat' dir='ltr'>te</span> <span class='ocrx_word' id='word_1_712' title='bbox 1649 994 1715 1019; x_wconf 81' lang='lat' dir='ltr'>scri-</span> 
     </span>
     <span class='ocr_line' id='line_1_95' title="bbox 919 1030 1716 1067; baseline -0.006 -7"><span class='ocrx_word' id='word_1_713' title='bbox 919 1034 996 1060; x_wconf 89' lang='lat' dir='ltr'>bam:</span> <span class='ocrx_word' id='word_1_714' title='bbox 1024 1038 1050 1059; x_wconf 91' lang='lat' dir='ltr'>et</span> <span class='ocrx_word' id='word_1_715' title='bbox 1065 1038 1093 1059; x_wconf 88' lang='lat' dir='ltr'>tu</span> <span class='ocrx_word' id='word_1_716' title='bbox 1109 1032 1142 1059; x_wconf 91' lang='lat' dir='ltr'>ad</span> <span class='ocrx_word' id='word_1_717' title='bbox 1158 1041 1214 1064; x_wconf 91' lang='lat' dir='ltr'>me,</span> <span class='ocrx_word' id='word_1_718' title='bbox 1230 1041 1312 1067; x_wconf 89' lang='lat' dir='ltr'>quam</span> <span class='ocrx_word' id='word_1_719' title='bbox 1327 1031 1375 1057; x_wconf 90' lang='lat' dir='ltr'>diu</span> <span class='ocrx_word' id='word_1_720' title='bbox 1388 1032 1414 1057; x_wconf 91' lang='lat' dir='ltr'>in</span> <span class='ocrx_word' id='word_1_721' title='bbox 1425 1031 1581 1057; x_wconf 88' lang='lat' dir='ltr'>suburbano</span> <span class='ocrx_word' id='word_1_722' title='bbox 1593 1031 1630 1056; x_wconf 85' lang='lat' dir='ltr'>sis</span> <span class='ocrx_word' id='word_1_723' title='bbox 1643 1030 1716 1056; x_wconf 81' lang='lat' dir='ltr'>futu-</span> 
     </span>
     <span class='ocr_line' id='line_1_96' title="bbox 920 1068 1716 1105; baseline -0.005 -8"><span class='ocrx_word' id='word_1_724' title='bbox 920 1080 976 1097; x_wconf 74' lang='lat' dir='ltr'>rus,</span> <span class='ocrx_word' id='word_1_725' title='bbox 1017 1070 1075 1103; x_wconf 87' lang='lat' dir='ltr'>Quo</span> <span class='ocrx_word' id='word_1_726' title='bbox 1095 1070 1139 1096; x_wconf 90' lang='lat' dir='ltr'>die</span> <span class='ocrx_word' id='word_1_727' title='bbox 1155 1078 1205 1105; x_wconf 81' lang='lat' dir='ltr'>ego</span> <span class='ocrx_word' id='word_1_728' title='bbox 1220 1070 1253 1096; x_wconf 89' lang='lat' dir='ltr'>ad</span> <span class='ocrx_word' id='word_1_729' title='bbox 1270 1075 1294 1096; x_wconf 86' lang='lat' dir='ltr'>te</span> <span class='ocrx_word' id='word_1_730' title='bbox 1306 1069 1371 1095; x_wconf 89' lang='lat' dir='ltr'>haec</span> <span class='ocrx_word' id='word_1_731' title='bbox 1387 1069 1459 1099; x_wconf 87' lang='lat' dir='ltr'>misi,</span> <span class='ocrx_word' id='word_1_732' title='bbox 1473 1068 1505 1094; x_wconf 89' lang='lat' dir='ltr'>de</span> <span class='ocrx_word' id='word_1_733' title='bbox 1518 1068 1583 1094; x_wconf 86' lang='lat' dir='ltr'>Pilia</span> <span class='ocrx_word' id='word_1_734' title='bbox 1595 1074 1619 1094; x_wconf 88' lang='lat' dir='ltr'>et</span> <span class='ocrx_word' id='word_1_735' title='bbox 1630 1068 1716 1094; x_wconf 75' lang='lat' dir='ltr'>Attica</span> 
     </span>
     <span class='ocr_line' id='line_1_97' title="bbox 920 1105 1717 1142; baseline -0.004 -8"><span class='ocrx_word' id='word_1_736' title='bbox 920 1108 988 1134; x_wconf 90' lang='lat' dir='ltr'>mihi</span> <span class='ocrx_word' id='word_1_737' title='bbox 1009 1116 1118 1142; x_wconf 86' lang='lat' dir='ltr'>quoque</span> <span class='ocrx_word' id='word_1_738' title='bbox 1133 1108 1240 1138; x_wconf 84' lang='lat' dir='ltr'>eadem,</span> <span class='ocrx_word' id='word_1_739' title='bbox 1262 1115 1332 1142; x_wconf 90' lang='lat' dir='ltr'>quae</span> <span class='ocrx_word' id='word_1_740' title='bbox 1347 1106 1460 1137; x_wconf 83' lang='lat' dir='ltr'>sci-ibis,</span> <span class='ocrx_word' id='word_1_741' title='bbox 1482 1110 1507 1133; x_wconf 90' lang='lat' dir='ltr'>et</span> <span class='ocrx_word' id='word_1_742' title='bbox 1521 1105 1677 1132; x_wconf 86' lang='lat' dir='ltr'>scribuntur</span> <span class='ocrx_word' id='word_1_743' title='bbox 1692 1110 1717 1131; x_wconf 82' lang='lat' dir='ltr'>et</span> 
     </span>
     <span class='ocr_line' id='line_1_98' title="bbox 922 1146 1090 1172; baseline -0.006 0"><span class='ocrx_word' id='word_1_744' title='bbox 922 1146 1090 1172; x_wconf 88' lang='lat' dir='ltr'>nuntiantur.</span> 
     </span>
    </p>
   </div>
   <div class='ocr_carea' id='block_1_19' title="bbox 973 1215 1357 1238">
    <p class='ocr_par' dir='ltr' id='par_1_21' title="bbox 973 1215 1357 1238">
     <span class='ocr_line' id='line_1_99' title="bbox 973 1215 1357 1238; baseline -0.01 -3"><span class='ocrx_word' id='word_1_745' title='bbox 973 1215 1034 1235; x_wconf 69' lang='lat' dir='ltr'>XLI.</span> <span class='ocrx_word' id='word_1_746' title='bbox 1063 1217 1093 1238; x_wconf 88' lang='lat' dir='ltr'>(In</span> <span class='ocrx_word' id='word_1_747' title='bbox 1102 1215 1183 1236; x_wconf 74' lang='lat' dir='ltr'>Antiati.</span> <span class='ocrx_word' id='word_1_748' title='bbox 1194 1216 1272 1233; x_wconf 49' lang='lat' dir='ltr'>(Hi-sare</span> <span class='ocrx_word' id='word_1_749' title='bbox 1282 1215 1314 1232; x_wconf 75' lang='lat' dir='ltr'>IV.</span> <span class='ocrx_word' id='word_1_750' title='bbox 1326 1221 1357 1232; x_wconf 76' lang='lat' dir='ltr'>cus</span> 
     </span>
    </p>
   </div>
   <div class='ocr_carea' id='block_1_20' title="bbox 920 1291 1720 2377">
    <p class='ocr_par' dir='ltr' id='par_1_22' title="bbox 920 1291 1720 2377">
     <span class='ocr_line' id='line_1_100' title="bbox 978 1291 1717 1331; baseline -0.005 -8"><span class='ocrx_word' id='word_1_751' title='bbox 978 1297 1000 1322; x_wconf 89' lang='lat' dir='ltr'>l.</span> <span class='ocrx_word' id='word_1_752' title='bbox 1022 1291 1105 1323; x_wconf 78' lang='lat' dir='ltr'>Nihil</span> <span class='ocrx_word' id='word_1_753' title='bbox 1119 1302 1182 1327; x_wconf 87' lang='lat' dir='ltr'>erat,</span> <span class='ocrx_word' id='word_1_754' title='bbox 1196 1296 1269 1331; x_wconf 91' lang='lat' dir='ltr'>quod</span> <span class='ocrx_word' id='word_1_755' title='bbox 1280 1296 1437 1322; x_wconf 87' lang='lat' dir='ltr'>scriberem.</span> <span class='ocrx_word' id='word_1_756' title='bbox 1458 1295 1531 1321; x_wconf 84' lang='lat' dir='ltr'>Scire</span> <span class='ocrx_word' id='word_1_757' title='bbox 1544 1299 1632 1321; x_wconf 82' lang='lat' dir='ltr'>tamen</span> <span class='ocrx_word' id='word_1_758' title='bbox 1644 1293 1717 1320; x_wconf 70' lang='lat' dir='ltr'>vole-</span> 
     </span>
     <span class='ocr_line' id='line_1_101' title="bbox 920 1331 1718 1367; baseline -0.005 -6"><span class='ocrx_word' id='word_1_759' title='bbox 920 1335 992 1365; x_wconf 89' lang='lat' dir='ltr'>bam,</span> <span class='ocrx_word' id='word_1_760' title='bbox 1006 1334 1054 1361; x_wconf 82' lang='lat' dir='ltr'>ubi</span> <span class='ocrx_word' id='word_1_761' title='bbox 1067 1343 1154 1367; x_wconf 64' lang='lat' dir='ltr'>esses,</span> <span class='ocrx_word' id='word_1_762' title='bbox 1171 1334 1194 1360; x_wconf 88' lang='lat' dir='ltr'>si</span> <span class='ocrx_word' id='word_1_763' title='bbox 1205 1334 1279 1364; x_wconf 87' lang='lat' dir='ltr'>abes,</span> <span class='ocrx_word' id='word_1_764' title='bbox 1296 1338 1341 1359; x_wconf 89' lang='lat' dir='ltr'>aut</span> <span class='ocrx_word' id='word_1_765' title='bbox 1351 1332 1494 1359; x_wconf 89' lang='lat' dir='ltr'>abfuturus</span> <span class='ocrx_word' id='word_1_766' title='bbox 1506 1341 1543 1362; x_wconf 85' lang='lat' dir='ltr'>es,</span> <span class='ocrx_word' id='word_1_767' title='bbox 1555 1331 1664 1366; x_wconf 89' lang='lat' dir='ltr'>quando</span> <span class='ocrx_word' id='word_1_768' title='bbox 1676 1340 1718 1357; x_wconf 87' lang='lat' dir='ltr'>re-</span> 
     </span>
     <span class='ocr_line' id='line_1_102' title="bbox 921 1368 1717 1406; baseline -0.006 -7"><span class='ocrx_word' id='word_1_769' title='bbox 921 1373 1028 1399; x_wconf 88' lang='lat' dir='ltr'>diturus</span> <span class='ocrx_word' id='word_1_770' title='bbox 1042 1380 1126 1398; x_wconf 82' lang='lat' dir='ltr'>esseS.</span> <span class='ocrx_word' id='word_1_771' title='bbox 1158 1371 1251 1398; x_wconf 88' lang='lat' dir='ltr'>Facies</span> <span class='ocrx_word' id='word_1_772' title='bbox 1263 1372 1345 1406; x_wconf 80' lang='lat' dir='ltr'>igitur</span> <span class='ocrx_word' id='word_1_773' title='bbox 1356 1379 1398 1396; x_wconf 87' lang='lat' dir='ltr'>me</span> <span class='ocrx_word' id='word_1_774' title='bbox 1409 1371 1558 1396; x_wconf 86' lang='lat' dir='ltr'>certiorem.</span> <span class='ocrx_word' id='word_1_775' title='bbox 1590 1369 1630 1399; x_wconf 84' lang='lat' dir='ltr'>Et,</span> <span class='ocrx_word' id='word_1_776' title='bbox 1645 1368 1717 1403; x_wconf 87' lang='lat' dir='ltr'>quod</span> 
     </span>
     <span class='ocr_line' id='line_1_103' title="bbox 921 1405 1717 1444; baseline -0.006 -8"><span class='ocrx_word' id='word_1_777' title='bbox 921 1415 949 1437; x_wconf 87' lang='lat' dir='ltr'>tu</span> <span class='ocrx_word' id='word_1_778' title='bbox 966 1411 1035 1436; x_wconf 88' lang='lat' dir='ltr'>scire</span> <span class='ocrx_word' id='word_1_779' title='bbox 1050 1408 1175 1440; x_wconf 82' lang='lat' dir='ltr'>volebas,</span> <span class='ocrx_word' id='word_1_780' title='bbox 1198 1417 1247 1444; x_wconf 81' lang='lat' dir='ltr'>ego</span> <span class='ocrx_word' id='word_1_781' title='bbox 1263 1407 1371 1443; x_wconf 91' lang='lat' dir='ltr'>quando</span> <span class='ocrx_word' id='word_1_782' title='bbox 1387 1416 1421 1434; x_wconf 85' lang='lat' dir='ltr'>ex</span> <span class='ocrx_word' id='word_1_783' title='bbox 1432 1407 1481 1433; x_wconf 83' lang='lat' dir='ltr'>lioe</span> <span class='ocrx_word' id='word_1_784' title='bbox 1494 1406 1563 1433; x_wconf 87' lang='lat' dir='ltr'>loco:</span> <span class='ocrx_word' id='word_1_785' title='bbox 1587 1405 1717 1440; x_wconf 82' lang='lat' dir='ltr'>postridie</span> 
     </span>
     <span class='ocr_line' id='line_1_104' title="bbox 921 1443 1718 1478; baseline -0.008 -4"><span class='ocrx_word' id='word_1_786' title='bbox 921 1448 985 1474; x_wconf 90' lang='lat' dir='ltr'>Idus</span> <span class='ocrx_word' id='word_1_787' title='bbox 997 1447 1113 1473; x_wconf 89' lang='lat' dir='ltr'>Lanuvii</span> <span class='ocrx_word' id='word_1_788' title='bbox 1124 1446 1252 1472; x_wconf 90' lang='lat' dir='ltr'>constitui</span> <span class='ocrx_word' id='word_1_789' title='bbox 1264 1454 1383 1477; x_wconf 68' lang='lat' dir='ltr'>manere,</span> <span class='ocrx_word' id='word_1_790' title='bbox 1409 1444 1470 1470; x_wconf 78' lang='lat' dir='ltr'>inde</span> <span class='ocrx_word' id='word_1_791' title='bbox 1483 1443 1611 1478; x_wconf 85' lang='lat' dir='ltr'>postridie</span> <span class='ocrx_word' id='word_1_792' title='bbox 1624 1444 1650 1469; x_wconf 93' lang='lat' dir='ltr'>in</span> <span class='ocrx_word' id='word_1_793' title='bbox 1663 1443 1718 1468; x_wconf 91' lang='lat' dir='ltr'>Tu-</span> 
     </span>
     <span class='ocr_line' id='line_1_105' title="bbox 921 1480 1718 1515; baseline -0.008 -4"><span class='ocrx_word' id='word_1_794' title='bbox 921 1485 1032 1511; x_wconf 86' lang='lat' dir='ltr'>sculano</span> <span class='ocrx_word' id='word_1_795' title='bbox 1043 1489 1089 1510; x_wconf 89' lang='lat' dir='ltr'>aut</span> <span class='ocrx_word' id='word_1_796' title='bbox 1098 1484 1208 1510; x_wconf 81' lang='lat' dir='ltr'>Romae.</span> <span class='ocrx_word' id='word_1_797' title='bbox 1248 1483 1343 1509; x_wconf 87' lang='lat' dir='ltr'>Utrum</span> <span class='ocrx_word' id='word_1_798' title='bbox 1355 1483 1407 1508; x_wconf 91' lang='lat' dir='ltr'>sim</span> <span class='ocrx_word' id='word_1_799' title='bbox 1419 1482 1548 1512; x_wconf 78' lang='lat' dir='ltr'>facturus,</span> <span class='ocrx_word' id='word_1_800' title='bbox 1561 1489 1592 1507; x_wconf 91' lang='lat' dir='ltr'>eo</span> <span class='ocrx_word' id='word_1_801' title='bbox 1603 1481 1662 1515; x_wconf 86' lang='lat' dir='ltr'>ipso</span> <span class='ocrx_word' id='word_1_802' title='bbox 1673 1480 1718 1505; x_wconf 86' lang='lat' dir='ltr'>die</span> 
     </span>
     <span class='ocr_line' id='line_1_106' title="bbox 921 1517 1718 1555; baseline -0.008 -7"><span class='ocrx_word' id='word_1_803' title='bbox 921 1523 1001 1549; x_wconf 87' lang='lat' dir='ltr'>scies.</span> <span class='ocrx_word' id='word_1_804' title='bbox 1041 1523 1066 1548; x_wconf 71' lang='grc' dir='ltr'>ΞΖ.</span> <span class='ocrx_word' id='word_1_805' title='bbox 1087 1521 1155 1552; x_wconf 90' lang='lat' dir='ltr'>Scis,</span> <span class='ocrx_word' id='word_1_806' title='bbox 1168 1529 1250 1555; x_wconf 84' lang='lat' dir='ltr'>quam</span> <span class='ocrx_word' id='word_1_807' title='bbox 1262 1521 1297 1546; x_wconf 90' lang='lat' dir='ltr'>sit</span> <span class='ocrx_word' id='word_1_808' title='bbox 1308 1521 1434 1553; x_wconf 68' lang='grc' dir='ltr'><em>φιλαίτιον</em></span> <span class='ocrx_word' id='word_1_809' title='bbox 1446 1517 1585 1553; x_wconf 68' lang='grc' dir='ltr'>συμφοράς</span> <span class='ocrx_word' id='word_1_810' title='bbox 1606 1518 1718 1543; x_wconf 83' lang='lat' dir='ltr'>minime</span> 
     </span>
     <span class='ocr_line' id='line_1_107' title="bbox 922 1554 1715 1594; baseline -0.008 -8"><span class='ocrx_word' id='word_1_811' title='bbox 922 1560 949 1586; x_wconf 93' lang='lat' dir='ltr'>in</span> <span class='ocrx_word' id='word_1_812' title='bbox 961 1564 985 1586; x_wconf 90' lang='lat' dir='ltr'>te</span> <span class='ocrx_word' id='word_1_813' title='bbox 997 1558 1122 1594; x_wconf 66' lang='lat' dir='ltr'>quidem,</span> <span class='ocrx_word' id='word_1_814' title='bbox 1149 1558 1197 1584; x_wconf 90' lang='lat' dir='ltr'>sed</span> <span class='ocrx_word' id='word_1_815' title='bbox 1212 1563 1299 1584; x_wconf 87' lang='lat' dir='ltr'>tamen</span> <span class='ocrx_word' id='word_1_816' title='bbox 1312 1557 1390 1583; x_wconf 87' lang='lat' dir='ltr'>avide</span> <span class='ocrx_word' id='word_1_817' title='bbox 1401 1565 1462 1582; x_wconf 78' lang='lat' dir='ltr'>suni</span> <span class='ocrx_word' id='word_1_818' title='bbox 1474 1556 1584 1582; x_wconf 78' lang='lat' dir='ltr'>affectus</span> <span class='ocrx_word' id='word_1_819' title='bbox 1595 1554 1628 1580; x_wconf 89' lang='lat' dir='ltr'>de</span> <span class='ocrx_word' id='word_1_820' title='bbox 1641 1554 1715 1585; x_wconf 70' lang='lat' dir='ltr'>fano,</span> 
     </span>
     <span class='ocr_line' id='line_1_108' title="bbox 921 1591 1716 1632; baseline -0.008 -9"><span class='ocrx_word' id='word_1_821' title='bbox 921 1596 994 1632; x_wconf 90' lang='lat' dir='ltr'>quod</span> <span class='ocrx_word' id='word_1_822' title='bbox 1011 1597 1078 1626; x_wconf 86' lang='lat' dir='ltr'>nisi,</span> <span class='ocrx_word' id='word_1_823' title='bbox 1097 1604 1148 1622; x_wconf 91' lang='lat' dir='ltr'>non</span> <span class='ocrx_word' id='word_1_824' title='bbox 1165 1595 1238 1625; x_wconf 89' lang='lat' dir='ltr'>dico,</span> <span class='ocrx_word' id='word_1_825' title='bbox 1257 1594 1380 1621; x_wconf 77' lang='lat' dir='ltr'>effectum</span> <span class='ocrx_word' id='word_1_826' title='bbox 1395 1594 1459 1624; x_wconf 82' lang='lat' dir='ltr'>erit,</span> <span class='ocrx_word' id='word_1_827' title='bbox 1477 1593 1524 1619; x_wconf 87' lang='lat' dir='ltr'>scd</span> <span class='ocrx_word' id='word_1_828' title='bbox 1541 1592 1597 1618; x_wconf 81' lang='lat' dir='ltr'>fieri</span> <span class='ocrx_word' id='word_1_829' title='bbox 1614 1591 1716 1621; x_wconf 74' lang='lat' dir='ltr'>videro,</span> 
     </span>
     <span class='ocr_line' id='line_1_109' title="bbox 922 1630 1718 1667; baseline -0.008 -7"><span class='ocrx_word' id='word_1_830' title='bbox 922 1634 1028 1660; x_wconf 87' lang='lat' dir='ltr'>audebo</span> <span class='ocrx_word' id='word_1_831' title='bbox 1039 1633 1090 1659; x_wconf 85' lang='lat' dir='ltr'>hoc</span> <span class='ocrx_word' id='word_1_832' title='bbox 1101 1633 1190 1659; x_wconf 90' lang='lat' dir='ltr'>dicere</span> <span class='ocrx_word' id='word_1_833' title='bbox 1202 1632 1237 1667; x_wconf 85' lang='lat' dir='ltr'>(et</span> <span class='ocrx_word' id='word_1_834' title='bbox 1248 1636 1285 1663; x_wconf 80' lang='lat' dir='ltr'>tu,</span> <span class='ocrx_word' id='word_1_835' title='bbox 1299 1636 1328 1658; x_wconf 88' lang='lat' dir='ltr'>ut</span> <span class='ocrx_word' id='word_1_836' title='bbox 1339 1631 1418 1658; x_wconf 86' lang='lat' dir='ltr'>soles.</span> <span class='ocrx_word' id='word_1_837' title='bbox 1432 1630 1571 1665; x_wconf 86' lang='lat' dir='ltr'>accipies):</span> <span class='ocrx_word' id='word_1_838' title='bbox 1595 1630 1718 1655; x_wconf 88' lang='lat' dir='ltr'>incursa-</span> 
     </span>
     <span class='ocr_line' id='line_1_110' title="bbox 923 1666 1717 1703; baseline -0.006 -6"><span class='ocrx_word' id='word_1_839' title='bbox 923 1672 1001 1698; x_wconf 91' lang='lat' dir='ltr'>bitin</span> <span class='ocrx_word' id='word_1_840' title='bbox 1014 1676 1038 1697; x_wconf 92' lang='lat' dir='ltr'>te</span> <span class='ocrx_word' id='word_1_841' title='bbox 1049 1670 1125 1696; x_wconf 90' lang='lat' dir='ltr'>dolor</span> <span class='ocrx_word' id='word_1_842' title='bbox 1135 1678 1222 1700; x_wconf 83' lang='lat' dir='ltr'>meuS,</span> <span class='ocrx_word' id='word_1_843' title='bbox 1232 1678 1284 1696; x_wconf 90' lang='lat' dir='ltr'>non</span> <span class='ocrx_word' id='word_1_844' title='bbox 1296 1670 1354 1695; x_wconf 89' lang='lat' dir='ltr'>iure</span> <span class='ocrx_word' id='word_1_845' title='bbox 1366 1668 1411 1695; x_wconf 91' lang='lat' dir='ltr'>ille</span> <span class='ocrx_word' id='word_1_846' title='bbox 1422 1668 1547 1703; x_wconf 65' lang='lat' dir='ltr'>quidem,</span> <span class='ocrx_word' id='word_1_847' title='bbox 1570 1666 1617 1693; x_wconf 86' lang='lat' dir='ltr'>sed</span> <span class='ocrx_word' id='word_1_848' title='bbox 1630 1672 1717 1692; x_wconf 85' lang='lat' dir='ltr'>tamen</span> 
     </span>
     <span class='ocr_line' id='line_1_111' title="bbox 923 1703 1719 1742; baseline -0.009 -7"><span class='ocrx_word' id='word_1_849' title='bbox 923 1709 992 1735; x_wconf 81' lang='lat' dir='ltr'>seres</span> <span class='ocrx_word' id='word_1_850' title='bbox 1013 1708 1063 1735; x_wconf 90' lang='lat' dir='ltr'>hoe</span> <span class='ocrx_word' id='word_1_851' title='bbox 1080 1708 1184 1742; x_wconf 87' lang='lat' dir='ltr'>ipsum,</span> <span class='ocrx_word' id='word_1_852' title='bbox 1202 1706 1274 1742; x_wconf 91' lang='lat' dir='ltr'>quod</span> <span class='ocrx_word' id='word_1_853' title='bbox 1290 1707 1393 1737; x_wconf 80' lang='lat' dir='ltr'>scribo,</span> <span class='ocrx_word' id='word_1_854' title='bbox 1413 1711 1442 1732; x_wconf 87' lang='lat' dir='ltr'>ut</span> <span class='ocrx_word' id='word_1_855' title='bbox 1453 1705 1542 1732; x_wconf 89' lang='lat' dir='ltr'>omnia</span> <span class='ocrx_word' id='word_1_856' title='bbox 1554 1712 1612 1730; x_wconf 87' lang='lat' dir='ltr'>mea</span> <span class='ocrx_word' id='word_1_857' title='bbox 1625 1703 1677 1729; x_wconf 82' lang='lat' dir='ltr'>fers</span> <span class='ocrx_word' id='word_1_858' title='bbox 1689 1711 1719 1729; x_wconf 82' lang='lat' dir='ltr'>ae</span> 
     </span>
     <span class='ocr_line' id='line_1_112' title="bbox 922 1742 1718 1773; baseline -0.009 0"><span class='ocrx_word' id='word_1_859' title='bbox 922 1746 1019 1773; x_wconf 87' lang='lat' dir='ltr'>tulisti.</span> <span class='ocrx_word' id='word_1_860' title='bbox 1059 1744 1160 1772; x_wconf 86' lang='lat' dir='ltr'>Omnes</span> <span class='ocrx_word' id='word_1_861' title='bbox 1171 1749 1231 1772; x_wconf 88' lang='lat' dir='ltr'>tuas</span> <span class='ocrx_word' id='word_1_862' title='bbox 1241 1743 1436 1770; x_wconf 88' lang='lat' dir='ltr'>consolationes</span> <span class='ocrx_word' id='word_1_863' title='bbox 1448 1751 1529 1769; x_wconf 90' lang='lat' dir='ltr'>unam</span> <span class='ocrx_word' id='word_1_864' title='bbox 1542 1742 1609 1768; x_wconf 86' lang='lat' dir='ltr'>hanc</span> <span class='ocrx_word' id='word_1_865' title='bbox 1623 1742 1649 1767; x_wconf 95' lang='lat' dir='ltr'>in</span> <span class='ocrx_word' id='word_1_866' title='bbox 1662 1749 1718 1766; x_wconf 83' lang='lat' dir='ltr'>reni</span> 
     </span>
     <span class='ocr_line' id='line_1_113' title="bbox 922 1779 1718 1816; baseline -0.008 -6"><span class='ocrx_word' id='word_1_867' title='bbox 922 1783 1005 1810; x_wconf 79' lang='lat' dir='ltr'>velini</span> <span class='ocrx_word' id='word_1_868' title='bbox 1017 1782 1149 1809; x_wconf 85' lang='lat' dir='ltr'>conferas.</span> <span class='ocrx_word' id='word_1_869' title='bbox 1185 1783 1209 1808; x_wconf 81' lang='lat'>3.</span> <span class='ocrx_word' id='word_1_870' title='bbox 1225 1781 1253 1807; x_wconf 92' lang='lat' dir='ltr'>Si</span> <span class='ocrx_word' id='word_1_871' title='bbox 1264 1781 1381 1816; x_wconf 89' lang='lat' dir='ltr'>quaeris,</span> <span class='ocrx_word' id='word_1_872' title='bbox 1395 1780 1463 1815; x_wconf 89' lang='lat' dir='ltr'>quid</span> <span class='ocrx_word' id='word_1_873' title='bbox 1473 1785 1576 1814; x_wconf 83' lang='lat' dir='ltr'>optem:</span> <span class='ocrx_word' id='word_1_874' title='bbox 1600 1779 1718 1813; x_wconf 83' lang='lat' dir='ltr'>primunt</span> 
     </span>
     <span class='ocr_line' id='line_1_114' title="bbox 922 1815 1717 1855; baseline -0.008 -8"><span class='ocrx_word' id='word_1_875' title='bbox 922 1820 1067 1855; x_wconf 86' lang='lat' dir='ltr'>Scapulae,</span> <span class='ocrx_word' id='word_1_876' title='bbox 1090 1819 1189 1846; x_wconf 88' lang='lat' dir='ltr'>deinde</span> <span class='ocrx_word' id='word_1_877' title='bbox 1209 1818 1330 1851; x_wconf 69' lang='lat' dir='ltr'>Clodiae,</span> <span class='ocrx_word' id='word_1_878' title='bbox 1368 1823 1471 1853; x_wconf 87' lang='lat' dir='ltr'>postea,</span> <span class='ocrx_word' id='word_1_879' title='bbox 1492 1818 1514 1843; x_wconf 88' lang='lat' dir='ltr'>si</span> <span class='ocrx_word' id='word_1_880' title='bbox 1536 1816 1620 1843; x_wconf 86' lang='lat' dir='ltr'>Silius</span> <span class='ocrx_word' id='word_1_881' title='bbox 1637 1815 1717 1845; x_wconf 81' lang='lat' dir='ltr'>nolet.</span> 
     </span>
     <span class='ocr_line' id='line_1_115' title="bbox 922 1853 1720 1893; baseline -0.009 -8"><span class='ocrx_word' id='word_1_882' title='bbox 922 1859 1026 1885; x_wconf 87' lang='lat' dir='ltr'>Drusus</span> <span class='ocrx_word' id='word_1_883' title='bbox 1041 1861 1102 1893; x_wconf 74' lang='lat' dir='ltr'>aget</span> <span class='ocrx_word' id='word_1_884' title='bbox 1117 1857 1230 1887; x_wconf 85' lang='lat' dir='ltr'>iniuste,</span> <span class='ocrx_word' id='word_1_885' title='bbox 1248 1856 1354 1883; x_wconf 88' lang='lat' dir='ltr'>Cusinii</span> <span class='ocrx_word' id='word_1_886' title='bbox 1365 1860 1391 1882; x_wconf 88' lang='lat' dir='ltr'>et</span> <span class='ocrx_word' id='word_1_887' title='bbox 1401 1855 1538 1881; x_wconf 88' lang='lat' dir='ltr'>Trebonii.</span> <span class='ocrx_word' id='word_1_888' title='bbox 1578 1854 1644 1880; x_wconf 79' lang='lat' dir='ltr'>Puto</span> <span class='ocrx_word' id='word_1_889' title='bbox 1655 1853 1720 1879; x_wconf 80' lang='lat' dir='ltr'>Ter-</span> 
     </span>
     <span class='ocr_line' id='line_1_116' title="bbox 923 1890 1719 1925; baseline -0.008 -3"><span class='ocrx_word' id='word_1_890' title='bbox 923 1896 991 1922; x_wconf 91' lang='lat' dir='ltr'>tium</span> <span class='ocrx_word' id='word_1_891' title='bbox 1003 1903 1062 1921; x_wconf 86' lang='lat' dir='ltr'>esse</span> <span class='ocrx_word' id='word_1_892' title='bbox 1073 1894 1229 1925; x_wconf 88' lang='lat' dir='ltr'>dominum,</span> <span class='ocrx_word' id='word_1_893' title='bbox 1251 1892 1377 1919; x_wconf 85' lang='lat' dir='ltr'>Rebilum</span> <span class='ocrx_word' id='word_1_894' title='bbox 1390 1892 1474 1918; x_wconf 81' lang='lat' dir='ltr'>fuisse</span> <span class='ocrx_word' id='word_1_895' title='bbox 1484 1896 1556 1918; x_wconf 85' lang='lat' dir='ltr'>certo</span> <span class='ocrx_word' id='word_1_896' title='bbox 1567 1891 1632 1917; x_wconf 83' lang='lat' dir='ltr'>scio.</span> <span class='ocrx_word' id='word_1_897' title='bbox 1672 1890 1719 1916; x_wconf 83' lang='lat' dir='ltr'>Sin</span> 
     </span>
     <span class='ocr_line' id='line_1_117' title="bbox 923 1927 1719 1965; baseline -0.009 -6"><span class='ocrx_word' id='word_1_898' title='bbox 923 1938 1012 1959; x_wconf 85' lang='lat' dir='ltr'>autem</span> <span class='ocrx_word' id='word_1_899' title='bbox 1025 1932 1075 1959; x_wconf 91' lang='lat' dir='ltr'>tibi</span> <span class='ocrx_word' id='word_1_900' title='bbox 1086 1930 1270 1958; x_wconf 87' lang='lat' dir='ltr'>Tusculanum</span> <span class='ocrx_word' id='word_1_901' title='bbox 1282 1930 1378 1965; x_wconf 81' lang='lat' dir='ltr'>placet,</span> <span class='ocrx_word' id='word_1_902' title='bbox 1393 1934 1421 1956; x_wconf 90' lang='lat' dir='ltr'>ut</span> <span class='ocrx_word' id='word_1_903' title='bbox 1431 1929 1590 1965; x_wconf 78' lang='lat' dir='ltr'>significasti</span> <span class='ocrx_word' id='word_1_904' title='bbox 1602 1927 1719 1963; x_wconf 85' lang='lat' dir='ltr'>quibus-</span> 
     </span>
     <span class='ocr_line' id='line_1_118' title="bbox 923 1966 1720 2001; baseline -0.008 -5"><span class='ocrx_word' id='word_1_905' title='bbox 923 1970 985 1996; x_wconf 85' lang='lat' dir='ltr'>dam</span> <span class='ocrx_word' id='word_1_906' title='bbox 998 1970 1102 2000; x_wconf 88' lang='lat' dir='ltr'>litteris,</span> <span class='ocrx_word' id='word_1_907' title='bbox 1120 1969 1169 1995; x_wconf 90' lang='lat' dir='ltr'>tibi</span> <span class='ocrx_word' id='word_1_908' title='bbox 1181 1969 1322 1995; x_wconf 83' lang='lat' dir='ltr'>assentiar.</span> <span class='ocrx_word' id='word_1_909' title='bbox 1364 1968 1416 1993; x_wconf 87' lang='lat' dir='ltr'>Iloc</span> <span class='ocrx_word' id='word_1_910' title='bbox 1430 1966 1541 2001; x_wconf 88' lang='lat' dir='ltr'>quidem</span> <span class='ocrx_word' id='word_1_911' title='bbox 1553 1966 1647 2000; x_wconf 85' lang='lat' dir='ltr'>utiquc</span> <span class='ocrx_word' id='word_1_912' title='bbox 1659 1973 1720 1999; x_wconf 87' lang='lat' dir='ltr'>per-</span> 
     </span>
     <span class='ocr_line' id='line_1_119' title="bbox 924 2003 1719 2040; baseline -0.009 -6"><span class='ocrx_word' id='word_1_913' title='bbox 924 2008 1012 2038; x_wconf 82' lang='lat' dir='ltr'>ficies,</span> <span class='ocrx_word' id='word_1_914' title='bbox 1030 2008 1053 2033; x_wconf 91' lang='lat' dir='ltr'>si</span> <span class='ocrx_word' id='word_1_915' title='bbox 1071 2015 1112 2032; x_wconf 89' lang='lat' dir='ltr'>me</span> <span class='ocrx_word' id='word_1_916' title='bbox 1130 2006 1213 2032; x_wconf 81' lang='lat' dir='ltr'>levari</span> <span class='ocrx_word' id='word_1_917' title='bbox 1225 2006 1280 2037; x_wconf 72' lang='lat' dir='ltr'>vis,</span> <span class='ocrx_word' id='word_1_918' title='bbox 1303 2013 1384 2040; x_wconf 85' lang='lat' dir='ltr'>qucni</span> <span class='ocrx_word' id='word_1_919' title='bbox 1397 2005 1450 2030; x_wconf 88' lang='lat' dir='ltr'>iam</span> <span class='ocrx_word' id='word_1_920' title='bbox 1461 2004 1541 2030; x_wconf 87' lang='lat' dir='ltr'>etiam</span> <span class='ocrx_word' id='word_1_921' title='bbox 1553 2003 1664 2037; x_wconf 72' lang='lat' dir='ltr'>gravius</span> <span class='ocrx_word' id='word_1_922' title='bbox 1675 2010 1719 2027; x_wconf 82' lang='lat' dir='ltr'>ae-</span> 
     </span>
     <span class='ocr_line' id='line_1_120' title="bbox 923 2040 1720 2079; baseline -0.009 -8"><span class='ocrx_word' id='word_1_923' title='bbox 923 2052 1101 2079; x_wconf 83' lang='lat' dir='ltr'>cusas,quam</span> <span class='ocrx_word' id='word_1_924' title='bbox 1114 2043 1214 2078; x_wconf 82' lang='lat' dir='ltr'>patitur</span> <span class='ocrx_word' id='word_1_925' title='bbox 1225 2048 1269 2069; x_wconf 90' lang='lat' dir='ltr'>tua</span> <span class='ocrx_word' id='word_1_926' title='bbox 1280 2041 1459 2073; x_wconf 72' lang='lat' dir='ltr'>consuetudo&#39;,</span> <span class='ocrx_word' id='word_1_927' title='bbox 1476 2041 1523 2067; x_wconf 85' lang='lat' dir='ltr'>sed</span> <span class='ocrx_word' id='word_1_928' title='bbox 1536 2040 1602 2066; x_wconf 85' lang='lat' dir='ltr'>sacis</span> <span class='ocrx_word' id='word_1_929' title='bbox 1613 2048 1720 2065; x_wconf 85' lang='lat' dir='ltr'>summo</span> 
     </span>
     <span class='ocr_line' id='line_1_121' title="bbox 924 2077 1719 2112; baseline -0.008 -4"><span class='ocrx_word' id='word_1_930' title='bbox 924 2090 1022 2112; x_wconf 87' lang='lat' dir='ltr'>amore,</span> <span class='ocrx_word' id='word_1_931' title='bbox 1040 2086 1066 2108; x_wconf 91' lang='lat' dir='ltr'>et</span> <span class='ocrx_word' id='word_1_932' title='bbox 1077 2081 1165 2106; x_wconf 82' lang='lat' dir='ltr'>victus</span> <span class='ocrx_word' id='word_1_933' title='bbox 1176 2079 1286 2106; x_wconf 82' lang='lat' dir='ltr'>sortasse</span> <span class='ocrx_word' id='word_1_934' title='bbox 1299 2080 1364 2106; x_wconf 88' lang='lat' dir='ltr'>vitio</span> <span class='ocrx_word' id='word_1_935' title='bbox 1375 2087 1447 2105; x_wconf 88' lang='lat' dir='ltr'>mco:</span> <span class='ocrx_word' id='word_1_936' title='bbox 1470 2078 1518 2104; x_wconf 87' lang='lat' dir='ltr'>sed</span> <span class='ocrx_word' id='word_1_937' title='bbox 1531 2083 1627 2104; x_wconf 83' lang='lat' dir='ltr'>tamen.</span> <span class='ocrx_word' id='word_1_938' title='bbox 1641 2077 1664 2103; x_wconf 83' lang='lat' dir='ltr'>si</span> <span class='ocrx_word' id='word_1_939' title='bbox 1677 2084 1719 2102; x_wconf 87' lang='lat' dir='ltr'>me</span> 
     </span>
     <span class='ocr_line' id='line_1_122' title="bbox 925 2114 1719 2150; baseline -0.008 -5"><span class='ocrx_word' id='word_1_940' title='bbox 925 2119 1007 2145; x_wconf 88' lang='lat' dir='ltr'>levari</span> <span class='ocrx_word' id='word_1_941' title='bbox 1019 2119 1070 2150; x_wconf 87' lang='lat' dir='ltr'>vis,</span> <span class='ocrx_word' id='word_1_942' title='bbox 1084 2118 1149 2144; x_wconf 85' lang='lat' dir='ltr'>haec</span> <span class='ocrx_word' id='word_1_943' title='bbox 1159 2121 1199 2143; x_wconf 87' lang='lat' dir='ltr'>est</span> <span class='ocrx_word' id='word_1_944' title='bbox 1210 2125 1316 2143; x_wconf 85' lang='lat' dir='ltr'>summa</span> <span class='ocrx_word' id='word_1_945' title='bbox 1328 2116 1433 2147; x_wconf 80' lang='lat' dir='ltr'>levatio,</span> <span class='ocrx_word' id='word_1_946' title='bbox 1451 2115 1492 2142; x_wconf 84' lang='lat' dir='ltr'>vel</span> <span class='ocrx_word' id='word_1_947' title='bbox 1505 2116 1538 2150; x_wconf 77' lang='lat' dir='ltr'>(si</span> <span class='ocrx_word' id='word_1_948' title='bbox 1551 2123 1643 2141; x_wconf 76' lang='lat' dir='ltr'>verum</span> <span class='ocrx_word' id='word_1_949' title='bbox 1651 2114 1719 2140; x_wconf 79' lang='lat' dir='ltr'>seire</span> 
     </span>
     <span class='ocr_line' id='line_1_123' title="bbox 924 2150 1718 2190; baseline -0.008 -8"><span class='ocrx_word' id='word_1_950' title='bbox 924 2156 975 2190; x_wconf 80' lang='lat' dir='ltr'>vis)</span> <span class='ocrx_word' id='word_1_951' title='bbox 986 2164 1050 2182; x_wconf 87' lang='lat' dir='ltr'>una.</span> <span class='ocrx_word' id='word_1_952' title='bbox 1090 2156 1116 2181; x_wconf 68' lang='lat'>⁴.</span> <span class='ocrx_word' id='word_1_953' title='bbox 1136 2155 1215 2180; x_wconf 89' lang='lat' dir='ltr'>Ilirtii</span> <span class='ocrx_word' id='word_1_954' title='bbox 1236 2153 1376 2188; x_wconf 81' lang='lat' dir='ltr'>epistolam</span> <span class='ocrx_word' id='word_1_955' title='bbox 1391 2154 1414 2179; x_wconf 92' lang='lat' dir='ltr'>si</span> <span class='ocrx_word' id='word_1_956' title='bbox 1432 2153 1542 2188; x_wconf 71' lang='lat' dir='ltr'>legerIS.</span> <span class='ocrx_word' id='word_1_957' title='bbox 1565 2160 1634 2186; x_wconf 81' lang='lat' dir='ltr'>quae</span> <span class='ocrx_word' id='word_1_958' title='bbox 1651 2150 1718 2176; x_wconf 82' lang='lat' dir='ltr'>milii</span> 
     </span>
     <span class='ocr_line' id='line_1_124' title="bbox 923 2189 1718 2228; baseline -0.009 -9"><span class='ocrx_word' id='word_1_959' title='bbox 923 2194 1002 2228; x_wconf 85' lang='lat' dir='ltr'>quasi</span> <span class='ocrx_word' id='word_1_960' title='bbox 1024 2191 1186 2227; x_wconf 74' lang='grc' dir='ltr'><em>πρόπλασμα</em></span> <span class='ocrx_word' id='word_1_961' title='bbox 1203 2191 1310 2218; x_wconf 86' lang='lat' dir='ltr'>videtur</span> <span class='ocrx_word' id='word_1_962' title='bbox 1324 2191 1383 2216; x_wconf 84' lang='lat' dir='ltr'>eius</span> <span class='ocrx_word' id='word_1_963' title='bbox 1399 2189 1618 2224; x_wconf 82' lang='lat' dir='ltr'>vituperationis,</span> <span class='ocrx_word' id='word_1_964' title='bbox 1637 2196 1718 2222; x_wconf 79' lang='lat' dir='ltr'>quani</span> 
     </span>
     <span class='ocr_line' id='line_1_125' title="bbox 923 2226 1718 2263; baseline -0.008 -7"><span class='ocrx_word' id='word_1_965' title='bbox 923 2231 1020 2256; x_wconf 84' lang='lat' dir='ltr'>Caesar</span> <span class='ocrx_word' id='word_1_966' title='bbox 1031 2229 1140 2263; x_wconf 84' lang='lat' dir='ltr'>scripsit</span> <span class='ocrx_word' id='word_1_967' title='bbox 1150 2227 1183 2254; x_wconf 86' lang='lat' dir='ltr'>de</span> <span class='ocrx_word' id='word_1_968' title='bbox 1195 2228 1306 2259; x_wconf 73' lang='lat' dir='ltr'>Catone,</span> <span class='ocrx_word' id='word_1_969' title='bbox 1331 2227 1412 2254; x_wconf 78' lang='lat' dir='ltr'>facies</span> <span class='ocrx_word' id='word_1_970' title='bbox 1424 2235 1475 2257; x_wconf 77' lang='lat' dir='ltr'>me,</span> <span class='ocrx_word' id='word_1_971' title='bbox 1488 2226 1554 2262; x_wconf 89' lang='lat' dir='ltr'>quid</span> <span class='ocrx_word' id='word_1_972' title='bbox 1568 2226 1616 2252; x_wconf 87' lang='lat' dir='ltr'>tibi</span> <span class='ocrx_word' id='word_1_973' title='bbox 1629 2226 1718 2250; x_wconf 73' lang='lat' dir='ltr'>visum</span> 
     </span>
     <span class='ocr_line' id='line_1_126' title="bbox 923 2261 1718 2297; baseline -0.008 -4"><span class='ocrx_word' id='word_1_974' title='bbox 923 2268 971 2297; x_wconf 87' lang='lat' dir='ltr'>sit,</span> <span class='ocrx_word' id='word_1_975' title='bbox 984 2267 1008 2293; x_wconf 86' lang='lat' dir='ltr'>si</span> <span class='ocrx_word' id='word_1_976' title='bbox 1024 2266 1073 2292; x_wconf 86' lang='lat' dir='ltr'>tibi</span> <span class='ocrx_word' id='word_1_977' title='bbox 1085 2264 1327 2294; x_wconf 80' lang='lat' dir='ltr'>critcomuiodum,</span> <span class='ocrx_word' id='word_1_978' title='bbox 1344 2265 1495 2290; x_wconf 78' lang='lat' dir='ltr'>certiorem.</span> <span class='ocrx_word' id='word_1_979' title='bbox 1536 2263 1624 2289; x_wconf 77' lang='lat' dir='ltr'>Redeo</span> <span class='ocrx_word' id='word_1_980' title='bbox 1635 2262 1667 2288; x_wconf 88' lang='lat' dir='ltr'>ad</span> <span class='ocrx_word' id='word_1_981' title='bbox 1681 2261 1718 2287; x_wconf 78' lang='lat' dir='ltr'>sa-</span> 
     </span>
     <span class='ocr_line' id='line_1_127' title="bbox 925 2298 1719 2334; baseline -0.008 -4"><span class='ocrx_word' id='word_1_982' title='bbox 925 2313 1000 2331; x_wconf 89' lang='lat' dir='ltr'>num.</span> <span class='ocrx_word' id='word_1_983' title='bbox 1041 2303 1099 2329; x_wconf 79' lang='lat' dir='ltr'>Nisi</span> <span class='ocrx_word' id='word_1_984' title='bbox 1117 2302 1165 2328; x_wconf 86' lang='lat' dir='ltr'>hac</span> <span class='ocrx_word' id='word_1_985' title='bbox 1182 2306 1280 2328; x_wconf 79' lang='lat' dir='ltr'>aestate</span> <span class='ocrx_word' id='word_1_986' title='bbox 1295 2301 1448 2328; x_wconf 84' lang='lat' dir='ltr'>absolutum</span> <span class='ocrx_word' id='word_1_987' title='bbox 1463 2301 1526 2330; x_wconf 89' lang='lat' dir='ltr'>erit,</span> <span class='ocrx_word' id='word_1_988' title='bbox 1544 2308 1625 2334; x_wconf 78' lang='lat' dir='ltr'>quani</span> <span class='ocrx_word' id='word_1_989' title='bbox 1643 2298 1719 2324; x_wconf 70' lang='lat' dir='ltr'>vides</span> 
     </span>
     <span class='ocr_line' id='line_1_128' title="bbox 925 2335 1717 2377; baseline -0.009 -9"><span class='ocrx_word' id='word_1_990' title='bbox 925 2342 1056 2377; x_wconf 75' lang='lat' dir='ltr'>integram</span> <span class='ocrx_word' id='word_1_991' title='bbox 1072 2344 1184 2370; x_wconf 84' lang='lat' dir='ltr'>restare,</span> <span class='ocrx_word' id='word_1_992' title='bbox 1206 2338 1306 2365; x_wconf 82' lang='lat' dir='ltr'>scelere</span> <span class='ocrx_word' id='word_1_993' title='bbox 1323 2347 1364 2364; x_wconf 86' lang='lat' dir='ltr'>me</span> <span class='ocrx_word' id='word_1_994' title='bbox 1382 2338 1524 2364; x_wconf 80' lang='lat' dir='ltr'>liberatum</span> <span class='ocrx_word' id='word_1_995' title='bbox 1541 2346 1592 2364; x_wconf 89' lang='lat' dir='ltr'>non</span> <span class='ocrx_word' id='word_1_996' title='bbox 1610 2335 1717 2370; x_wconf 75' lang='lat' dir='ltr'>putalm.</span> 
     </span>
    </p>
   </div>
   <div class='ocr_carea' id='block_1_21' title="bbox 1360 1214 1510 1235">
    <p class='ocr_par' dir='ltr' id='par_1_23' title="bbox 1360 1214 1510 1235">
     <span class='ocr_line' id='line_1_129' title="bbox 1360 1214 1510 1235; baseline -0.007 -3"><span class='ocrx_word' id='word_1_997' title='bbox 1360 1222 1389 1232; x_wconf 77' lang='lat' dir='ltr'>.s.</span> <span class='ocrx_word' id='word_1_998' title='bbox 1400 1215 1443 1232; x_wconf 59' lang='lat' dir='ltr'>coll.</span> <span class='ocrx_word' id='word_1_999' title='bbox 1455 1214 1510 1235; x_wconf 73' lang='grc' dir='ltr'>τοο.)</span> 
     </span>
    </p>
   </div>
   <div class='ocr_carea' id='block_1_22' title="bbox 977 2409 1328 2432">
    <p class='ocr_par' dir='ltr' id='par_1_24' title="bbox 977 2409 1328 2432">
     <span class='ocr_line' id='line_1_130' title="bbox 977 2409 1328 2432; baseline -0.014 -1"><span class='ocrx_word' id='word_1_1000' title='bbox 977 2409 1049 2431; x_wconf 72' lang='lat' dir='ltr'>XLII.</span> <span class='ocrx_word' id='word_1_1001' title='bbox 1077 2411 1110 2432; x_wconf 81' lang='lat' dir='ltr'>(ln</span> <span class='ocrx_word' id='word_1_1002' title='bbox 1121 2409 1195 2428; x_wconf 73' lang='lat' dir='ltr'>Antiati</span> <span class='ocrx_word' id='word_1_1003' title='bbox 1206 2411 1285 2427; x_wconf 61' lang='lat' dir='ltr'>sau-rr</span> <span class='ocrx_word' id='word_1_1004' title='bbox 1297 2409 1328 2426; x_wconf 73' lang='lat' dir='ltr'>tv.</span> 
     </span>
    </p>
   </div>
   <div class='ocr_carea' id='block_1_23' title="bbox 924 2450 1719 2711">
    <p class='ocr_par' dir='ltr' id='par_1_25' title="bbox 1107 2450 1535 2480">
     <span class='ocr_line' id='line_1_131' title="bbox 1107 2450 1535 2480; baseline -0.009 0"><span class='ocrx_word' id='word_1_1005' title='bbox 1107 2452 1276 2480; x_wconf 78' lang='lat' dir='ltr'>CICERO</span> <span class='ocrx_word' id='word_1_1006' title='bbox 1306 2451 1474 2478; x_wconf 71' lang='lat' dir='ltr'>ATTICO</span> <span class='ocrx_word' id='word_1_1007' title='bbox 1507 2450 1535 2476; x_wconf 77' lang='lat' dir='ltr'>S.</span> 
     </span>
    </p>

    <p class='ocr_par' dir='ltr' id='par_1_26' title="bbox 924 2485 1719 2711">
     <span class='ocr_line' id='line_1_132' title="bbox 982 2485 1719 2518; baseline -0.005 -1"><span class='ocrx_word' id='word_1_1008' title='bbox 982 2493 1005 2518; x_wconf 82' lang='lat' dir='ltr'>t.</span> <span class='ocrx_word' id='word_1_1009' title='bbox 1020 2485 1138 2516; x_wconf 83' lang='lat' dir='ltr'>Nullum</span> <span class='ocrx_word' id='word_1_1010' title='bbox 1153 2499 1165 2516; x_wconf 89' lang='lat' dir='ltr'>a</span> <span class='ocrx_word' id='word_1_1011' title='bbox 1179 2495 1202 2516; x_wconf 88' lang='lat' dir='ltr'>te</span> <span class='ocrx_word' id='word_1_1012' title='bbox 1213 2489 1366 2516; x_wconf 79' lang='lat' dir='ltr'>desideravi</span> <span class='ocrx_word' id='word_1_1013' title='bbox 1377 2488 1448 2515; x_wconf 81' lang='lat' dir='ltr'>diem</span> <span class='ocrx_word' id='word_1_1014' title='bbox 1458 2489 1615 2515; x_wconf 82' lang='lat' dir='ltr'>litterarum.</span> <span class='ocrx_word' id='word_1_1015' title='bbox 1639 2487 1719 2513; x_wconf 68' lang='lat' dir='ltr'>Vide·</span> 
     </span>
     <span class='ocr_line' id='line_1_133' title="bbox 924 2524 1719 2562; baseline -0.009 -7"><span class='ocrx_word' id='word_1_1016' title='bbox 924 2529 986 2555; x_wconf 85' lang='lat' dir='ltr'>bam</span> <span class='ocrx_word' id='word_1_1017' title='bbox 997 2528 1069 2554; x_wconf 83' lang='lat' dir='ltr'>enini</span> <span class='ocrx_word' id='word_1_1018' title='bbox 1081 2536 1150 2562; x_wconf 72' lang='lat' dir='ltr'>quim</span> <span class='ocrx_word' id='word_1_1019' title='bbox 1161 2527 1273 2553; x_wconf 78' lang='lat' dir='ltr'>scribis:</span> <span class='ocrx_word' id='word_1_1020' title='bbox 1295 2531 1419 2553; x_wconf 81' lang='lat' dir='ltr'>ettamen</span> <span class='ocrx_word' id='word_1_1021' title='bbox 1431 2525 1602 2560; x_wconf 75' lang='lat' dir='ltr'>suspicabar,</span> <span class='ocrx_word' id='word_1_1022' title='bbox 1617 2524 1658 2551; x_wconf 75' lang='lat' dir='ltr'>vel</span> <span class='ocrx_word' id='word_1_1023' title='bbox 1671 2534 1719 2559; x_wconf 76' lang='lat' dir='ltr'>po-</span> 
     </span>
     <span class='ocr_line' id='line_1_134' title="bbox 925 2561 1717 2600; baseline -0.006 -8"><span class='ocrx_word' id='word_1_1024' title='bbox 925 2567 978 2593; x_wconf 86' lang='lat' dir='ltr'>tius</span> <span class='ocrx_word' id='word_1_1025' title='bbox 991 2565 1183 2600; x_wconf 75' lang='lat' dir='ltr'>intelligebam,</span> <span class='ocrx_word' id='word_1_1026' title='bbox 1198 2564 1266 2590; x_wconf 82' lang='lat' dir='ltr'>niliil</span> <span class='ocrx_word' id='word_1_1027' title='bbox 1279 2563 1372 2592; x_wconf 75' lang='lat' dir='ltr'>fuisse.</span> <span class='ocrx_word' id='word_1_1028' title='bbox 1389 2563 1460 2598; x_wconf 87' lang='lat' dir='ltr'>quod</span> <span class='ocrx_word' id='word_1_1029' title='bbox 1472 2563 1614 2589; x_wconf 81' lang='lat' dir='ltr'>scriberes.</span> <span class='ocrx_word' id='word_1_1030' title='bbox 1645 2563 1676 2588; x_wconf 76' lang='lat' dir='ltr'>A.</span> <span class='ocrx_word' id='word_1_1031' title='bbox 1689 2561 1717 2587; x_wconf 89' lang='lat' dir='ltr'>d.</span> 
     </span>
     <span class='ocr_line' id='line_1_135' title="bbox 927 2598 1718 2635; baseline -0.005 -6"><span class='ocrx_word' id='word_1_1032' title='bbox 927 2612 960 2629; x_wconf 66' lang='lat' dir='ltr'>xi.</span> <span class='ocrx_word' id='word_1_1033' title='bbox 978 2603 1016 2629; x_wconf 85' lang='lat' dir='ltr'>Id.</span> <span class='ocrx_word' id='word_1_1034' title='bbox 1034 2611 1096 2628; x_wconf 86' lang='lat' dir='ltr'>vero</span> <span class='ocrx_word' id='word_1_1035' title='bbox 1112 2607 1138 2629; x_wconf 90' lang='lat' dir='ltr'>et</span> <span class='ocrx_word' id='word_1_1036' title='bbox 1151 2602 1246 2628; x_wconf 82' lang='lat' dir='ltr'>abesse</span> <span class='ocrx_word' id='word_1_1037' title='bbox 1265 2606 1289 2627; x_wconf 80' lang='lat' dir='ltr'>te</span> <span class='ocrx_word' id='word_1_1038' title='bbox 1305 2600 1447 2635; x_wconf 78' lang='lat' dir='ltr'>putabam,</span> <span class='ocrx_word' id='word_1_1039' title='bbox 1464 2605 1489 2626; x_wconf 90' lang='lat' dir='ltr'>et</span> <span class='ocrx_word' id='word_1_1040' title='bbox 1501 2599 1579 2635; x_wconf 85' lang='lat' dir='ltr'>plane</span> <span class='ocrx_word' id='word_1_1041' title='bbox 1592 2598 1718 2625; x_wconf 74' lang='lat' dir='ltr'>videbant</span> 
     </span>
     <span class='ocr_line' id='line_1_136' title="bbox 925 2636 1717 2673; baseline -0.005 -7"><span class='ocrx_word' id='word_1_1042' title='bbox 925 2639 993 2666; x_wconf 70' lang='lat' dir='ltr'>nituit</span> <span class='ocrx_word' id='word_1_1043' title='bbox 1009 2644 1033 2666; x_wconf 81' lang='lat' dir='ltr'>te</span> <span class='ocrx_word' id='word_1_1044' title='bbox 1050 2639 1158 2666; x_wconf 82' lang='lat' dir='ltr'>habere.</span> <span class='ocrx_word' id='word_1_1045' title='bbox 1199 2639 1254 2673; x_wconf 63' lang='lat' dir='ltr'>Ego</span> <span class='ocrx_word' id='word_1_1046' title='bbox 1271 2643 1358 2664; x_wconf 82' lang='lat' dir='ltr'>tamen</span> <span class='ocrx_word' id='word_1_1047' title='bbox 1373 2637 1407 2663; x_wconf 82' lang='lat' dir='ltr'>ad</span> <span class='ocrx_word' id='word_1_1048' title='bbox 1422 2643 1445 2664; x_wconf 89' lang='lat' dir='ltr'>te</span> <span class='ocrx_word' id='word_1_1049' title='bbox 1458 2637 1511 2664; x_wconf 77' lang='lat' dir='ltr'>sere</span> <span class='ocrx_word' id='word_1_1050' title='bbox 1522 2636 1644 2672; x_wconf 80' lang='lat' dir='ltr'>quotidie</span> <span class='ocrx_word' id='word_1_1051' title='bbox 1656 2637 1717 2662; x_wconf 82' lang='lat' dir='ltr'>utit-</span> 
     </span>
     <span class='ocr_line' id='line_1_137' title="bbox 924 2673 1716 2711; baseline -0.005 -7"><span class='ocrx_word' id='word_1_1052' title='bbox 924 2683 988 2704; x_wconf 81' lang='lat' dir='ltr'>tuni.</span> <span class='ocrx_word' id='word_1_1053' title='bbox 1012 2676 1080 2703; x_wconf 84' lang='lat' dir='ltr'>Malo</span> <span class='ocrx_word' id='word_1_1054' title='bbox 1091 2677 1163 2703; x_wconf 84' lang='lat' dir='ltr'>enim</span> <span class='ocrx_word' id='word_1_1055' title='bbox 1176 2675 1372 2711; x_wconf 78' lang='lat' dir='ltr'>frustra,qua1n</span> <span class='ocrx_word' id='word_1_1056' title='bbox 1384 2680 1409 2703; x_wconf 82' lang='lat' dir='ltr'>tc</span> <span class='ocrx_word' id='word_1_1057' title='bbox 1420 2684 1472 2702; x_wconf 88' lang='lat' dir='ltr'>non</span> <span class='ocrx_word' id='word_1_1058' title='bbox 1484 2674 1591 2705; x_wconf 86' lang='lat' dir='ltr'>habere.</span> <span class='ocrx_word' id='word_1_1059' title='bbox 1599 2674 1643 2701; x_wconf 87' lang='lat' dir='ltr'>cui</span> <span class='ocrx_word' id='word_1_1060' title='bbox 1655 2673 1716 2701; x_wconf 84' lang='lat' dir='ltr'>des.</span> 
     </span>
    </p>
   </div>
   <div class='ocr_carea' id='block_1_24' title="bbox 1342 2408 1526 2428">
    <p class='ocr_par' dir='ltr' id='par_1_27' title="bbox 1342 2408 1526 2428">
     <span class='ocr_line' id='line_1_138' title="bbox 1342 2408 1526 2428; baseline 0 -3"><span class='ocrx_word' id='word_1_1061' title='bbox 1342 2417 1378 2426; x_wconf 73' lang='grc' dir='ltr'>ιυι.</span> <span class='ocrx_word' id='word_1_1062' title='bbox 1391 2416 1404 2426; x_wconf 69' lang='grc' dir='ltr'>ιΔ</span> <span class='ocrx_word' id='word_1_1063' title='bbox 1416 2409 1458 2426; x_wconf 72' lang='lat' dir='ltr'>mtt.</span> <span class='ocrx_word' id='word_1_1064' title='bbox 1471 2408 1526 2428; x_wconf 67' lang='lat'><strong>700.)</strong></span> 
     </span>
    </p>
   </div>
  </div>
 </body>
</html>
