1941 3052
309 118 639 146 EPISTOLARUM
669 118 722 144 AD
750 117 982 145 DIVERSOS
1012 118 1092 144 LIB.
1115 117 1197 144 xvl.
1229 117 1290 143 EP.
1313 118 1383 143 2-
1408 119 1446 143 ll.

108 189 170 210 VIII.
190 188 266 209 ARG.
284 190 368 213 Monet,
378 195 406 209 ne
417 188 473 208 Tiro
484 187 530 208 nisi
539 189 679 209 confirmatus
691 187 786 213 naviget.

291 226 399 246 (Man-etto,
409 225 492 243 Lentulo
503 232 548 243 ma«.
560 226 615 246 705.)

282 259 313 292 Q.
345 260 373 287 C.
405 260 565 287 TIRONI
595 260 621 286 S.

113 299 136 325 1.
158 292 278 333 Magnae
294 297 372 324 nobis
393 303 432 324 est
451 297 628 323 sollicitudini
650 296 775 322 valetudo
794 300 849 322 tua.

55 335 132 365 Nam,
144 336 249 361 tametsi
260 335 309 370 qui
321 335 442 365 veniunt,
456 335 578 362 ἀκίνδυνα
589 336 644 369 μὲν,
653 333 812 368 χρονιώτερα
825 333 853 359 δέ

55 373 192 403 nuntiant,
210 377 299 398 tamen
316 372 342 398 in
359 381 455 408 magna
471 372 651 398 consolatione
670 372 766 406 ingens
782 371 852 396 inest

55 409 221 440 sollicitudo,
244 410 267 435 si
278 409 381 436 diutius
393 418 405 435 a
418 410 496 435 nobis
508 409 651 435 abfuturus
663 414 703 434 est
714 409 750 438 is,
773 409 851 433 cuius

54 455 136 474 usum
147 451 171 473 et
182 447 343 473 suavitatem
355 446 533 473 desiderando
545 447 688 472 sentimus.
729 446 851 471 Attamen

55 492 221 520 quamquam
233 484 324 510 videre
336 489 360 510 te
371 489 423 510 tota
437 485 596 519 cogitatione
612 484 705 518 cupio,
723 488 810 508 tamen
828 487 852 508 te

54 522 164 557 penitus
175 530 251 557 rogo,
269 530 301 547 ne
313 527 337 547 te
350 527 402 548 tam
416 521 509 557 longae
522 521 686 557 navigationi
698 524 723 546 et
734 520 793 546 viae
805 528 853 553 per

55 559 183 589 hiemem,
196 560 249 585 nisi
260 559 328 585 bene
340 558 457 589 firmum,
471 559 635 585 committas:
650 566 717 584 neve
729 557 849 592 naviges,

55 597 109 622 nisi
125 596 271 631 explorate.
312 598 336 623 2.
359 597 411 622 vix
426 597 453 622 in
469 597 537 630 ipsis
553 596 629 622 tectis
644 599 669 621 et
683 594 791 629 oppidis
804 593 852 619 fri-

54 642 106 669 gus
118 634 223 660 infirma
236 633 391 660 valetudine
402 634 515 659 vitatur:
538 633 638 659 nedum
653 633 680 658 in
692 632 760 658 mari
772 636 797 658 et
808 632 851 657 via

55 672 91 697 sit
101 671 180 698 facile
191 671 286 697 abesse
297 671 330 696 ab
343 671 441 697 iniuria
453 671 591 705 temporis.

134 712 220 742 Ψῦχος
234 709 260 734 δὲ
274 709 356 743 λεπτῷ
364 708 447 743 χρωτὶ
457 707 660 742 πολεμιώτατον,

55 745 145 780 inquit
159 745 314 780 Euripides.
354 745 404 771 Cui
425 749 453 771 tu
469 749 600 779 quantum
619 743 725 773 credas,
749 743 850 769 nescio.

54 783 111 818 Ego
125 787 196 809 certe
207 782 329 817 singulos
341 783 399 808 eius
410 791 506 808 versus
518 781 625 817 singula
637 781 789 808 testimonia
801 789 852 815 pu-

55 825 90 847 to.
112 819 204 851 Effice,
221 820 244 846 si
255 828 298 845 me
309 819 410 855 diligis,
424 824 454 846 ut
465 819 563 850 valeas,
576 823 602 845 et
612 823 642 845 ut
652 818 686 844 ad
697 827 745 845 nos
758 817 852 844 firmus

55 866 85 884 ac
100 856 192 883 valens
209 865 291 892 quam
307 857 425 891 primum
441 858 545 883 venias.
585 857 652 882 Ama
664 865 726 887 nos,
744 860 769 881 et
781 856 850 882 vale.

54 894 86 927 Q.
99 895 129 921 F.
141 894 190 920 tibi
201 894 315 920 salutem
327 894 402 920 dicit.

104 963 146 984 lx.
162 964 238 984 ARG.
257 963 386 991 Descriptio
400 963 551 989 navigationis
566 965 588 983 et
601 963 628 983 mi
639 963 757 984 curandam
765 962 851 984 valetu-

54 998 125 1020 dinem
135 998 268 1019 cohortatio.
297 1000 408 1021 (Er-indidi,
417 1001 490 1020 Paullo.
500 1001 593 1019 Marcello
603 1007 648 1018 coss.
661 1002 716 1021 704.)

128 1036 164 1062 Μ.
185 1036 215 1062 T.
237 1036 284 1062 ET
305 1035 334 1062 C.
355 1036 404 1062 ET
422 1035 454 1068 Q.
476 1035 503 1063 S.
524 1036 554 1063 P.
575 1036 606 1063 D.
629 1035 775 1062 TIRONl.

114 1075 136 1099 1.
149 1067 233 1105 Nosa
245 1078 279 1104 te,
288 1078 318 1100 ut
328 1074 391 1105 scis,
400 1073 578 1100 discessimus
589 1082 613 1100 a.
626 1073 653 1100 d.
668 1081 703 1100 iv.
716 1074 785 1100 Non.
797 1073 852 1099 No-

56 1110 170 1143 vembr,;
185 1110 336 1137 Leucadem
348 1112 474 1137 venimus
485 1111 544 1138 a.d.
553 1119 608 1137 vm.
621 1110 849 1143 IdusNovembr.;

54 1157 78 1175 a.
94 1147 121 1174 d.
141 1155 188 1174 vn.
205 1149 328 1175 Actium:
349 1148 388 1174 ibi
402 1154 511 1184 propter
526 1153 711 1183 tempestatem
728 1157 752 1175 a.
769 1148 797 1174 d.
814 1156 850 1175 vr.

53 1185 117 1212 Idus
129 1185 223 1212 morati
233 1194 339 1212 sumus.
379 1186 443 1212 Inde
456 1195 479 1212 a.
493 1186 519 1212 d.
537 1186 664 1221 quintum
679 1185 743 1212 Idus
754 1185 853 1221 Corcy—

54 1231 111 1249 ram
122 1222 273 1249 bellissime
284 1223 486 1258 navigavimus.
508 1223 638 1259 Corcyrae
650 1223 753 1249 suimus
765 1231 852 1258 usque

53 1269 78 1287 a.
95 1259 123 1286 d.
138 1268 196 1287 xv1.
219 1260 332 1287 Kalend.
348 1261 502 1291 Decembr„
520 1261 724 1295 tempestatibus
745 1261 850 1286 retenti.

53 1298 86 1324 A.
99 1297 126 1324 d.
138 1305 186 1324 xv.
198 1297 311 1324 Kalend.
326 1298 466 1324 Decembr.
484 1299 511 1324 in
526 1303 632 1333 portum
643 1298 851 1334 Corcyraeorum

54 1334 88 1361 ad
108 1334 255 1369 Cassiopen
274 1335 360 1362 stadia
382 1344 437 1362 cm(
456 1336 650 1370 processimus.
695 1335 735 1361 Ibi
756 1335 852 1362 retenti

54 1372 142 1398 ventis
154 1381 250 1399 sumus
262 1381 349 1408 usque
361 1381 384 1399 a.
397 1373 424 1400 d.
437 1381 476 1400 rx.
488 1373 632 1399 Kalendas.
672 1373 773 1399 Interea
782 1393 788 1404 ‚
804 1373 852 1407 qui

53 1409 152 1444 cupide
173 1409 284 1444 profecti
299 1414 376 1441 sunt,
399 1410 478 1437 multi
499 1410 638 1446 naufragia
654 1409 784 1437 fecerunt.
825 1412 850 1437 2.

53 1447 108 1474 Nos
119 1455 150 1473 eo
160 1447 204 1473 die
218 1448 322 1474 caenati
337 1447 479 1474 solvimus.
520 1448 584 1474 Inde
598 1452 688 1474 austro
701 1447 849 1478 lenissimo,

53 1483 127 1510 caelo
137 1493 240 1515 sereno,
253 1490 328 1511 nocte
340 1485 386 1511 illa
398 1490 423 1512 et
432 1485 476 1512 die
487 1490 593 1520 postero
605 1486 631 1511 in
640 1484 742 1512 Italiam
753 1485 786 1512 ad
799 1486 853 1521 uy-

53 1521 180 1548 druntem
206 1522 352 1548 ludibundi
377 1523 565 1557 pervenimus,
599 1522 748 1557 eodemque
773 1527 852 1549 vento

53 1559 183 1594 postridie
203 1559 242 1595 (id
262 1564 318 1586 erat
328 1568 352 1586 a.
375 1559 402 1586 d.
420 1568 467 1587 vn.
485 1560 598 1586 Kalend.
614 1560 767 1595 Decembr.)
788 1560 851 1586 hora

53 1601 147 1631 quarta
160 1596 336 1623 Brundisium
353 1598 492 1624 venimus:
515 1597 664 1632 eodemque
680 1602 799 1632 tempore
814 1598 853 1623 si-

53 1633 109 1660 mul
126 1634 268 1660 nobiscum
284 1635 311 1661 in
325 1634 457 1670 oppidum
473 1635 576 1661 introiit
587 1635 722 1661 Terentia:
745 1644 814 1670 quae
826 1639 851 1661 te

53 1669 116 1697 facit
126 1670 248 1706 plurimi.
289 1672 320 1698 Α.
333 1672 360 1698 d.
375 1680 400 1698 v.
414 1672 527 1699 Kalend.
540 1672 680 1699 Decembr.
693 1681 789 1698 servus
801 1672 849 1699 Cn.

52 1707 155 1735 Plancii
166 1709 304 1735 Brundisii
320 1709 428 1736 tandem
444 1709 589 1745 aliquando
605 1710 673 1736 mihi
689 1719 703 1736 a
717 1714 742 1736 te
753 1718 852 1744 exspe-

51 1746 214 1773 ctatissimas
232 1746 332 1773 litteras
346 1747 478 1778 reddidit,
496 1747 571 1774 datas
585 1747 679 1774 Idibus
692 1747 848 1778 Novembr.‚

52 1791 122 1818 quae
133 1792 176 1810 me
187 1783 309 1811 molestia
320 1784 399 1811 valde
416 1784 553 1812 levarunt:
571 1786 674 1811 utinam
690 1785 801 1811 omnino
818 1784 851 1811 li-

52 1819 204 1848 berassentl
227 1821 279 1848 Sed
295 1826 383 1848 tamen
395 1822 509 1857 Asclapo
523 1822 647 1849 medicus
661 1822 740 1857 plane
751 1822 851 1849 confir-

53 1862 116 1888 mat,
130 1858 287 1893 propediem
299 1863 323 1885 te
336 1859 469 1886 valentem
482 1859 547 1887 fore.
588 1862 612 1886 3.
630 1861 708 1886 Nunc
722 1860 790 1894 quid
801 1868 851 1895 ego

52 1899 78 1921 te
90 1894 191 1926 horter,
209 1900 239 1922 ut
253 1904 360 1922 omnem
376 1896 546 1932 diligentiam
561 1897 693 1924 adhibeas
706 1897 740 1923 ad
750 1906 851 1924 conva-

54 1931 229 1958 lescendum?
248 1933 332 1959 Tuam
344 1934 530 1968 prudentiam,
543 1935 748 1969 temperantiam
757 1955 763 1966 ,
776 1943 851 1961 amo-

52 1977 109 1995 rem
120 1977 183 2005 erga
195 1978 237 1997 me
248 1971 325 1997 novi:
347 1972 404 1997 scio
415 1976 440 1998 te
452 1972 542 1998 omnia
554 1971 701 2003 facturum,
717 1977 748 1998 ut
757 1973 851 1999 nobis-

51 2014 115 2033 cum
129 2015 211 2042 quam
227 2007 346 2042 primum
360 2008 409 2035 sis.
450 2008 502 2035 Sed
515 2014 603 2035 tamen
618 2010 652 2036 ita
666 2009 760 2040 velim,
777 2015 807 2036 ut
818 2018 850 2036 ne

51 2044 120 2079 quid
132 2053 269 2079 properes.
285 2045 481 2081 Symphoniam
488 2047 602 2082 Lysonis
614 2046 712 2073 vellem
724 2047 848 2076 vitasses,

51 2089 86 2108 ne
101 2082 129 2108 in
140 2086 263 2116 quartam
276 2082 444 2109 hebdomada
455 2083 599 2110 incideres.
640 2084 707 2114 Sed,
720 2085 849 2119 quoniam

51 2118 150 2154 pudori
162 2124 207 2146 tuo
219 2119 338 2146 maluisti
349 2120 473 2156 obsequi,
482 2129 564 2156 quam
577 2120 736 2152 valetudini,
746 2121 849 2156 reliqua

50 2163 126 2183 cura.
166 2156 247 2183 Curio
259 2157 330 2188 misi,
345 2162 374 2184 ut
384 2158 489 2185 medico
502 2158 585 2185 honos
598 2158 750 2189 haberetur,
764 2164 790 2185 et
800 2159 849 2185 tibi

51 2192 134 2225 daret,
148 2194 220 2229 quod
231 2202 300 2229 opus
311 2199 395 2222 esset:
413 2203 465 2226 me,
478 2196 522 2222 cui
533 2196 667 2227 iussisset,
680 2201 848 2223 curaturum.

50 2229 159 2266 Equum
171 2235 197 2258 et
207 2232 311 2258 mulum
324 2232 461 2259 Brundisii
474 2233 522 2259 tibi
534 2233 642 2268 reliqui.
680 2234 788 2264 Romae,
803 2242 850 2260 ve—

51 2275 122 2299 reor,
139 2277 172 2295 ne
183 2277 217 2295 ex
229 2269 287 2296 Kal.
301 2270 355 2296 lan.
369 2270 460 2305 magni
472 2270 605 2297 tumultus
616 2271 680 2298 sint.
721 2272 775 2297 Nos
786 2280 850 2307 age-

51 2312 113 2332 mus
123 2307 213 2332 omnia
226 2306 340 2333 modice.
362 2308 386 2334 k.
402 2307 546 2342 Reliquum
557 2312 606 2338 est,
620 2312 650 2334 ut
660 2313 684 2334 te
696 2308 745 2334 hoc
757 2317 848 2344 rogem

50 2346 102 2369 eta
112 2347 138 2369 te
152 2348 256 2378 petam,
274 2352 306 2370 ne
322 2349 422 2371 temere
436 2345 558 2380 naviges.
599 2344 692 2372 Solent
702 2350 798 2372 nautae
811 2345 849 2371 se-

50 2380 150 2407 ntinare
161 2386 290 2416 quaestus
301 2382 344 2408 sui
356 2390 461 2408 caussa.
483 2382 584 2409 Cautus
595 2383 642 2412 sis,
656 2383 693 2409 mi
704 2383 776 2409 Tiro.
793 2383 849 2409 Ma-

51 2424 80 2443 re
94 2425 223 2454 magnum
238 2423 264 2445 et
278 2418 390 2446 difficile
406 2419 456 2446 tibi
472 2424 564 2446 restat.
604 2419 633 2446 si
650 2421 763 2454 poteris,
784 2428 847 2446 cum

50 2453 194 2482 Mescinio:
211 2460 288 2483 caute
308 2457 331 2482 is
351 2456 419 2483 solet
434 2457 572 2493 navigare.
612 2456 641 2483 Si
657 2458 762 2487 minus,
785 2466 847 2483 cum

50 2489 162 2520 honesto
172 2492 264 2529 aliquo
276 2493 393 2526 homine,
407 2495 485 2521 cuius
496 2494 652 2521 auctoritate
664 2493 848 2521 navicularius

51 2534 200 2556 moveatur.
240 2531 269 2557 In
281 2531 331 2558 hoc
339 2540 448 2558 omnem
459 2531 629 2568 diligentiam
641 2532 664 2558 si
676 2531 844 2562 adhibueris.

50 2568 130 2600 teque
145 2567 223 2594 nobis
238 2568 402 2595 incolumem
417 2569 532 2601 suteris,
554 2569 644 2596 omnia
660 2578 674 2595 a
690 2574 714 2596 te
730 2568 844 2596 habebo.

49 2601 138 2630 Etiam
149 2609 228 2639 atque
239 2606 328 2637 etiam,
343 2611 432 2633 noster
443 2607 513 2638 Tiro,
527 2605 596 2634 vale.
628 2605 740 2637 Medico,
754 2606 844 2638 Curio,

50 2638 150 2676 Lysoni
160 2641 194 2668 de
204 2646 230 2670 te
239 2643 337 2679 scripsi
348 2643 569 2680 diligentissime.
610 2642 683 2675 Vale,
699 2643 783 2671 salve.

1650 118 1700 143 79t

956 188 986 207 X.
1004 187 1080 207 ΑΚΘ.
1100 187 1206 207 Tironem
1222 187 1248 207 aul
1263 193 1287 207 se
1301 186 1377 207 venire
1387 186 1460 213 cupit,
1476 185 1515 206 sed
1530 185 1604 210 timet,
1623 193 1650 206 ne
1664 186 1701 206 xia

903 226 980 242 inirent
990 222 1122 242 valetudini.
1149 225 1177 241 ’1η
1188 224 1278 243 Cumano,
1290 223 1380 243 Dnmiiio,
1389 223 1435 246 App
1453 222 1534 240 Pulchro
1545 229 1591 240 coss.
1603 225 1658 244 τοο.)

1067 259 1103 284 Μ.
1125 259 1155 284 T.
1177 258 1206 285 C.
1229 258 1256 284 S.
1279 258 1307 284 P.
1329 258 1360 284 D.
1385 257 1530 284 TIRONI.

962 297 984 322 1.
1006 291 1068 331 Ego
1079 304 1142 322 vero
1153 296 1234 330 cupio
1249 301 1273 322 te
1289 295 1322 321 ad
1337 304 1379 321 me
1394 296 1501 321 venire:
1519 294 1567 321 sed
1582 295 1654 320 viam
1668 296 1701 320 ti-

904 341 973 359 meo.
1007 333 1174 359 Gravissime
1186 333 1341 368 aegrotasti:
1356 332 1445 358 inedia
1457 337 1481 358 et
1493 332 1701 367 purgationibus

904 375 929 396 et
939 370 967 396 vi
979 370 1066 404 ipsius
1078 371 1165 396 morbi
1176 375 1353 405 consumptus
1364 378 1402 396 es.
1444 370 1547 396 Graves
1561 369 1647 395 solent
1661 368 1690 395 of

904 407 1039 433 tensiones
1051 416 1109 433 esse
1121 417 1154 434 ex
1164 408 1294 443 gravibus
1307 407 1416 437 morbis,
1426 408 1524 442 siquae
1538 406 1617 441 culpa
1628 415 1702 433 com-

904 445 987 470 missa
1003 449 1053 471 est.
1093 446 1146 470 Iam
1168 445 1201 471 ad
1216 445 1243 470 id
1259 445 1388 475 biduum,
1411 444 1484 479 quod
1503 444 1587 470 fueris
1604 445 1630 470 in
1646 445 1700 474 via,

904 481 970 508 dum
987 482 1014 508 in
1026 482 1178 508 Cumanum
1194 483 1284 512 venis,
1303 481 1429 508 accedent
1444 482 1571 508 continuo
1586 481 1618 507 ad
1631 481 1703 507 redi-

904 524 959 545 tum
972 519 1031 545 dies
1042 520 1174 554 quinque.
1199 520 1255 554 Ego
1268 520 1294 545 in
1306 520 1446 545 Formiano
1458 528 1481 545 a.
1495 518 1522 545 d.
1536 528 1573 545 111.
1588 518 1700 544 Kalend.

904 565 963 582 esse
975 556 1045 582 volo.
1076 557 1116 582 Ibi
1129 561 1152 583 te
1164 561 1194 583 ut
1205 556 1312 583 firmum
1323 556 1465 585 offendam,
1479 557 1516 582 mi
1528 557 1598 587 Tiro,
1614 555 1700 582 effice.

904 595 929 620 2.
951 593 1095 620 Litterulae
1107 602 1196 624 meae,
1212 595 1271 620 sive
1283 598 1397 624 nostrae,
1411 595 1450 620 tui
1462 593 1596 619 desiderio
1607 593 1703 620 oblan-

903 636 1031 667 guerunt.
1071 632 1123 657 Hac
1135 636 1224 658 tamen
1240 631 1366 666 epistola,
1384 640 1465 666 quam
1477 631 1590 657 Acastus
1602 630 1700 661 attulit,

903 668 996 695 oculos
1007 668 1129 702 paullum
1141 668 1319 695 sustulerunt.
1341 669 1486 703 Pompeius
1498 673 1553 694 erat
1564 667 1635 702 apud
1648 676 1700 698 me,

904 714 989 740 quum
1002 706 1067 732 haec
1078 706 1239 737 scribebam,
1254 705 1338 732 hilare
1350 710 1375 731 et
1387 705 1510 732 libenter.
1546 706 1577 731 Ei
1589 705 1703 740 cupien-

904 743 923 769 ti
934 742 1028 768 audire
1039 748 1127 769 nostra
1139 743 1198 769 dixi
1209 744 1268 769 sine
1280 748 1304 769 te
1315 744 1405 769 omnia
1417 752 1475 769 mea
1487 747 1559 768 muta
1572 751 1641 768 esse.
1663 743 1702 768 Tu

904 780 990 806 Musis
1002 781 1099 806 nostris
1110 789 1174 815 para
1186 785 1215 807 ut
1225 789 1319 815 operas
1331 780 1438 806 reddas.
1479 781 1573 806 Nostra
1585 780 1617 805 ad
1629 779 1701 805 diem

904 817 1003 843 dictam
1014 817 1088 844 fient.
1123 818 1205 844 Docui
1216 818 1289 844 enim
1300 822 1334 848 te,
1351 817 1418 843 fides
1430 817 1523 852 ἔτυμον
1535 817 1607 851 quod
1620 817 1704 843 habe-

904 859 952 881 ret.
993 855 1045 881 Fac
1054 854 1135 890 plane
1146 860 1176 883 ut
1187 855 1287 882 valeas.
1327 855 1381 881 Nos
1392 854 1425 881 ad
1436 863 1587 881 summum.
1628 853 1701 880 Vale.

902 900 960 919 xiv.
974 892 1034 919 Kal.

957 962 998 983 XI.
1015 962 1092 982 ARG.
1107 963 1186 987 Rogat,
1197 965 1221 982 ut
1231 961 1354 982 valetudini
1364 961 1494 989 prospiciat.
1517 962 1549 981 De
1560 964 1648 981 turi-ata
1658 967 1704 987 rep.

904 998 961 1019 etde
969 997 1080 1025 triumpho
1092 1004 1116 1018 nc
1126 998 1238 1024 Campana
1248 997 1387 1024 praefectura
1397 996 1515 1021 significat.

1076 1033 1116 1055 (Ad
1126 1034 1205 1052 Urbem.
1215 1034 1314 1052 Marci-1111,
1324 1034 1406 1051 Lentulo
1417 1040 1464 1051 coss.
1475 1034 1531 1056 705.)

936 1069 972 1096 M.
996 1069 1027 1095 T.
1050 1068 1096 1095 ΕΤ
1116 1069 1146 1096 C.
1168 1068 1370 1095 TERENTIA
1390 1068 1439 1095 ET
1459 1068 1616 1098 TULLIA,
1638 1067 1670 1100 Q.

977 1106 1131 1133 FRATER
1152 1107 1200 1132 ET
1220 1105 1252 1138 Q.
1274 1106 1304 1132 F.
1327 1105 1355 1132 S.
1377 1106 1406 1132 P.
1428 1106 1459 1132 D.
1481 1105 1628 1132 TIRONI.

962 1150 984 1175 1.
1005 1144 1068 1174 Etsi
1082 1148 1309 1183 opportunitatem
1319 1155 1415 1182 operae
1426 1151 1487 1173 tuae
1499 1146 1627 1173 omnibus
1639 1145 1704 1172 locis

905 1185 1043 1212 desidero:
1057 1190 1146 1212 tamen
1157 1194 1209 1212 non
1221 1190 1275 1212 tam
1282 1194 1349 1216 mea,
1358 1193 1440 1220 quam
1453 1189 1497 1211 tua
1509 1193 1604 1210 caussa
1616 1183 1702 1212 doleo.

905 1229 928 1250 te
941 1232 993 1250 non
1006 1222 1104 1250 valere.
1145 1222 1198 1249 Sed
1214 1231 1300 1258 quum
1312 1223 1339 1249 in
1351 1227 1509 1257 quartanam
1521 1230 1650 1248 conversa
1663 1222 1704 1246 vis

904 1265 945 1287 est
965 1260 1065 1291 morbi,
1085 1260 1135 1295 (sic
1151 1261 1224 1286 enim
1239 1260 1334 1286 scribit
1349 1259 1469 1295 Curius)
1485 1268 1564 1294 spero
1580 1264 1618 1289 te,
1640 1258 1705 1284 dili-

904 1299 994 1334 gentia
1006 1298 1141 1329 adhibita,
1158 1298 1239 1324 etiam
1251 1298 1396 1324 firmiorem
1410 1296 1474 1323 fore.
1516 1296 1594 1322 Modo
1605 1296 1659 1326 sac,
1676 1295 1704 1321 id

904 1335 977 1371 quod
993 1340 1033 1362 est
1048 1335 1224 1361 humanitatis
1240 1340 1315 1366 tuae,
1338 1343 1370 1361 ne
1387 1334 1454 1369 quid
1470 1333 1545 1360 aliud
1560 1342 1638 1359 cures
1655 1333 1705 1359 hoc

904 1378 1038 1408 tempore,
1061 1373 1114 1398 nisi
1131 1377 1160 1399 ut
1177 1381 1259 1407 quam
1279 1372 1500 1398 commodissime
1520 1370 1703 1397 convalescas.

905 1411 962 1437 Non
976 1410 1082 1446 ignoro,
1096 1415 1228 1445 quantum
1240 1418 1274 1436 ex
1285 1409 1420 1436 desiderio
1433 1408 1550 1439 labores,
1567 1408 1615 1434 sed
1626 1413 1705 1434 erunt

904 1448 994 1475 omnia
1007 1447 1094 1474 facilia
1103 1468 1109 1478 ,
1128 1448 1151 1474 si
1163 1447 1278 1473 valebis.
1319 1447 1456 1473 Festinare
1469 1451 1492 1472 te
1505 1445 1578 1476 nolo,
1593 1454 1625 1471 ne
1638 1454 1705 1471 nau-

904 1494 965 1512 seae
982 1484 1132 1512 molestiam
1147 1485 1282 1519 suscipias
1298 1493 1390 1520 aeger,
1409 1489 1434 1510 et
1449 1482 1600 1518 periculose
1616 1482 1705 1509 hieme

904 1523 1026 1558 naviges
1068 1523 1093 1549 2.
1114 1522 1171 1558 Ego
1186 1522 1219 1548 ad
1232 1522 1330 1549 Urbem
1346 1521 1447 1548 accessi
1464 1521 1552 1556 pridie
1565 1521 1653 1546 Nonas
1665 1521 1705 1546 la-

904 1569 981 1587 nuar.
1021 1559 1137 1586 Obviam
1150 1560 1217 1586 mihi
1229 1560 1268 1586 sic
1279 1564 1319 1586 est
1330 1559 1476 1594 proditum,
1489 1563 1517 1585 ut
1530 1557 1597 1584 nihil
1610 1562 1706 1592 potue-

904 1598 938 1624 rit
950 1598 1007 1624 fleri
1018 1598 1149 1624 ornatius.

904 1635 937 1661 lis
949 1634 1099 1662 discordiae
1111 1634 1153 1661 vel
1166 1635 1255 1669 potius
1267 1634 1346 1660 belli:
1359 1634 1496 1669 cuiquum
1508 1641 1635 1668 cuperem
1648 1641 1705 1658 me-

903 1672 961 1699 deri
971 1677 1010 1703 et,
1023 1677 1053 1699 ut
1064 1672 1190 1702 arbitror,
1204 1681 1320 1707 possem,
1337 1671 1499 1706 cupiditates
1509 1676 1644 1697 certorum
1657 1670 1705 1696 ho-

903 1711 1009 1736 minum
1025 1710 1096 1745 (nam
1113 1718 1147 1736 ex
1159 1714 1272 1744 utraque
1284 1714 1357 1744 parte
1369 1713 1445 1739 sunt,
1463 1709 1511 1743 qui
1525 1716 1645 1743 pugnare
1656 1716 1705 1733 cu-

903 1748 998 1783 piant.)
1015 1747 1210 1782 impedimento
1226 1747 1293 1773 mihi
1313 1746 1431 1773 suerunt.
1472 1745 1590 1772 Omnino
1605 1750 1629 1772 ct
1646 1746 1704 1779 ipse

902 1785 1009 1816 Caesar,
1022 1785 1127 1811 amicus
1139 1790 1237 1814 noster,
1247 1785 1367 1810 minaces
1378 1783 1412 1810 ad
1423 1788 1546 1810 senatum
1557 1788 1583 1809 et
1594 1783 1704 1809 acerbas

903 1822 1005 1849 litteras
1017 1823 1140 1853 miserat,
1156 1827 1182 1848 et
1193 1826 1248 1848 erat
1259 1822 1348 1848 adhuc
1363 1820 1523 1856 impudens,
1537 1821 1585 1855 qui
1600 1821 1705 1847 exerci-

902 1865 959 1886 tum
980 1865 1005 1886 et
1025 1860 1193 1895 provinciam
1217 1860 1301 1886 invito
1322 1864 1416 1885 senatu
1439 1863 1553 1888 teneret.
1579 1863 1604 1884 et
1623 1858 1705 1884 Curio

902 1906 979 1924 meus
996 1897 1074 1924 illum
1086 1897 1224 1924 incitabat.
1265 1897 1398 1923 Antonius
1409 1896 1522 1931 quidem
1535 1900 1624 1922 noster
1635 1900 1661 1921 et
1671 1895 1702 1927 Q.

901 1934 1025 1966 Cassius,
1044 1934 1118 1961 nulla
1134 1935 1162 1961 vi
1176 1933 1298 1969 expulsi,
1316 1934 1350 1960 ad
1361 1933 1500 1960 Caesarem
1512 1942 1575 1959 cuin
1589 1932 1704 1960 Curione

901 1972 1013 2008 profecti
1032 1977 1116 1999 erant.
1157 1974 1182 1999 3.
1205 1973 1381 2007 Posteaquam
1402 1975 1511 1997 senatus
1532 1970 1701 1999 consulibus,

902 2010 1080 2045 praetoribus,
1095 2009 1212 2036 tribunis
1224 2009 1312 2044 plebis
1322 2014 1348 2036 et
1362 2009 1453 2039 nobis,
1469 2009 1517 2044 qui
1530 2007 1704 2043 proconsules

901 2056 1011 2078 sumus·,
1026 2048 1164 2083 negotium
1175 2047 1293 2077 dederat.
1307 2051 1337 2073 ut
1347 2055 1514 2076 curaremuS,
1524 2054 1556 2072 ne
1567 2045 1634 2080 quid
1648 2054 1704 2071 res-

902 2084 1012 2120 publica
1027 2084 1182 2113 detrimenti
1199 2089 1318 2119 caperet;
1342 2092 1491 2119 numquam
1507 2084 1606 2109 maiore
1618 2084 1644 2109 in
1657 2091 1704 2117 pc-

902 2121 989 2148 rieulo
1004 2122 1101 2148 civitas
1122 2121 1185 2148 fuit:
1210 2130 1359 2157 numquam
1375 2121 1492 2156 improbi
1508 2121 1583 2147 cives
1601 2120 1703 2146 habue-

902 2163 964 2186 runt
976 2159 1134 2193 paratiorem
1148 2159 1256 2185 ducem.
1288 2159 1405 2185 Omnino
1415 2167 1449 2185 ex
1461 2158 1510 2184 hac
1521 2166 1629 2193 quoque
1642 2166 1703 2192 par-

902 2202 926 2223 te
947 2196 1158 2232 diligentissime
1179 2201 1359 2231 comparatur.
1401 2195 1429 2221 Id
1451 2196 1479 2222 tit
1501 2195 1656 2221 auctoritate
1677 2199 1704 2220 ct

901 2233 992 2260 studio
1008 2233 1127 2267 Pompeii
1145 2233 1241 2263 nostri,
1264 2233 1312 2268 qui
1328 2234 1469 2259 Caesarem
1490 2241 1550 2258 sero
1565 2233 1651 2266 coepit
1669 2232 1703 2257 ti-

902 2280 984 2297 mere.
1026 2270 1109 2296 Nobis
1130 2270 1198 2296 inter
1219 2270 1267 2296 has
1294 2270 1386 2296 turbas
1409 2274 1519 2296 senatus
1539 2274 1626 2296 tamen
1650 2268 1702 2294 frc-

900 2317 988 2343 quens
999 2306 1129 2343 flagitavit
1141 2307 1324 2341 triumphum:
1339 2307 1386 2333 sed
1395 2306 1524 2334 Lentulus
1535 2305 1638 2334 consul.
1648 2314 1702 2340 quo

901 2346 989 2372 maius
1000 2354 1081 2371 suum
1094 2344 1256 2371 beneficium
1270 2343 1375 2375 faceret,
1388 2343 1470 2370 simul
1483 2349 1562 2378 atque
1574 2343 1702 2378 expedis—

900 2388 949 2413 set,
963 2391 1032 2418 quac
1044 2386 1134 2408 essent
1146 2382 1296 2408 necessaria
1308 2381 1341 2407 de
1354 2381 1502 2416 republica,
1511 2381 1580 2407 dixit
1592 2389 1620 2406 se
1633 2379 1701 2406 rela-

901 2425 1002 2446 turum.
1044 2420 1096 2446 Nos
1112 2419 1220 2455 agimus
1237 2418 1304 2445 nihil
1320 2418 1434 2454 cupide,
1454 2427 1540 2453 eoque
1556 2422 1595 2444 est
1612 2422 1700 2444 nostra

900 2457 987 2492 pluris
998 2457 1151 2484 auctoritas.
1185 2458 1208 2483 i.
1227 2456 1316 2483 Italiae
1328 2457 1450 2491 regiones
1462 2455 1613 2490 descriptae
1625 2460 1698 2485 sunt,

899 2503 980 2530 quam
996 2495 1113 2529 quisque
1130 2499 1231 2529 partem
1249 2499 1377 2520 tueretur.
1419 2494 1472 2519 Nos
1487 2493 1606 2527 Capuam
1623 2501 1700 2518 sum-

898 2533 1015 2566 psimus.
1057 2532 1125 2558 llaec
1139 2537 1162 2557 tc
1177 2532 1246 2557 seire
1260 2531 1342 2557 volni.
1384 2531 1422 2557 Tu
1435 2531 1515 2557 etiam
1527 2535 1606 2565 atque
1618 2531 1698 2556 etiam

898 2578 971 2597 cura.
987 2574 1014 2596 ut
1026 2568 1124 2599 valeas,
1134 2568 1289 2604 litterasque
1301 2568 1333 2594 nd
1347 2577 1388 2594 me
1400 2570 1499 2598 mittas.
1513 2568 1698 2603 quotiescum-

898 2615 951 2642 que
968 2606 1094 2637 habebis,
1112 2607 1157 2633 cui
1172 2605 1230 2633 des.
1271 2606 1358 2632 Etiam
1375 2609 1455 2641 atque
1471 2606 1551 2633 etiam
1569 2605 1637 2632 vale.
1667 2605 1696 2631 Ι),

897 2643 986 2679 pridie
998 2643 1061 2671 Idus
1072 2644 1127 2671 Ian.

1189 1597 1240 1623 Sed
1254 1596 1337 1623 incidi
1350 1597 1376 1622 in
1389 1597 1476 1631 ipsam
1488 1595 1623 1622 flammam
1635 1596 1705 1621 civi-
