<?xml version="1.0" encoding="UTF-8"?>
<!DOCTYPE html PUBLIC "-//W3C//DTD XHTML 1.0 Transitional//EN"
    "http://www.w3.org/TR/xhtml1/DTD/xhtml1-transitional.dtd">
<html xmlns="http://www.w3.org/1999/xhtml" xml:lang="en" lang="en">
 <head>
  <title>
</title>
<meta http-equiv="Content-Type" content="text/html;charset=utf-8" />
  <meta name='ocr-system' content='tesseract 3.04.00' />
  <meta name='ocr-capabilities' content='ocr_page ocr_carea ocr_par ocr_line ocrx_word'/>
</head>
<body>
  <div class='ocr_page' id='page_1' title='image "./operaomniaunovol00ciceuoft/operaomniaunovol00ciceuoft_0596.png"; bbox 0 0 1941 3052; ppageno 0'>
   <div class='ocr_carea' id='block_1_1' title="bbox 694 125 724 139">
    <p class='ocr_par' dir='ltr' id='par_1_1' title="bbox 694 125 724 139">
     <span class='ocr_line' id='line_1_1' title="bbox 694 125 724 139; baseline 0 0"><span class='ocrx_word' id='word_1_1' title='bbox 694 125 724 139; x_wconf 67' lang='lat'>”7</span> 
     </span>
    </p>
   </div>
   <div class='ocr_carea' id='block_1_2' title="bbox 692 133 731 150">
    <p class='ocr_par' dir='ltr' id='par_1_2' title="bbox 692 133 731 150">
     <span class='ocr_line' id='line_1_2' title="bbox 692 133 731 150; baseline -0.026 0"><span class='ocrx_word' id='word_1_2' title='bbox 692 133 731 150; x_wconf 66' lang='grc'><strong><em>’,3.-</em></strong></span> 
     </span>
    </p>
   </div>
   <div class='ocr_carea' id='block_1_3' title="bbox 222 127 271 153">
    <p class='ocr_par' dir='ltr' id='par_1_3' title="bbox 222 127 271 153">
     <span class='ocr_line' id='line_1_3' title="bbox 222 127 271 153; baseline 0 0"><span class='ocrx_word' id='word_1_3' title='bbox 222 127 271 153; x_wconf 75' lang='lat'>572</span> 
     </span>
    </p>
   </div>
   <div class='ocr_carea' id='block_1_4' title="bbox 218 193 1014 377">
    <p class='ocr_par' dir='ltr' id='par_1_4' title="bbox 218 193 1014 377">
     <span class='ocr_line' id='line_1_4' title="bbox 219 193 1014 232; baseline -0.006 -9"><span class='ocrx_word' id='word_1_4' title='bbox 219 196 428 232; x_wconf 47' lang='lat' dir='ltr'>quinquennum-«l</span> <span class='ocrx_word' id='word_1_5' title='bbox 437 196 545 229; x_wconf 69' lang='lat' dir='ltr'>tempori</span> <span class='ocrx_word' id='word_1_6' title='bbox 558 193 749 228; x_wconf 71' lang='lat' dir='ltr'>assignandum</span> <span class='ocrx_word' id='word_1_7' title='bbox 757 194 874 228; x_wconf 85' lang='lat' dir='ltr'>putavit:</span> <span class='ocrx_word' id='word_1_8' title='bbox 888 193 1014 219; x_wconf 76' lang='lat' dir='ltr'>Postumo</span> 
     </span>
     <span class='ocr_line' id='line_1_5' title="bbox 218 230 1013 265; baseline -0.006 -6"><span class='ocrx_word' id='word_1_9' title='bbox 218 236 318 261; x_wconf 78' lang='lat' dir='ltr'>crimen</span> <span class='ocrx_word' id='word_1_10' title='bbox 337 234 448 260; x_wconf 80' lang='lat' dir='ltr'>vestitus</span> <span class='ocrx_word' id='word_1_11' title='bbox 464 233 551 258; x_wconf 72' lang='lat' dir='ltr'>ulli-ret</span> <span class='ocrx_word' id='word_1_12' title='bbox 568 233 603 261; x_wconf 76' lang='lat' dir='ltr'>is,</span> <span class='ocrx_word' id='word_1_13' title='bbox 616 231 642 257; x_wconf 90' lang='lat' dir='ltr'>in</span> <span class='ocrx_word' id='word_1_14' title='bbox 654 239 708 265; x_wconf 83' lang='lat' dir='ltr'>quo</span> <span class='ocrx_word' id='word_1_15' title='bbox 718 240 780 265; x_wconf 72' lang='lat' dir='ltr'>apes</span> <span class='ocrx_word' id='word_1_16' title='bbox 793 230 851 259; x_wconf 80' lang='lat' dir='ltr'>fuit,</span> <span class='ocrx_word' id='word_1_17' title='bbox 866 238 943 265; x_wconf 73' lang='lat' dir='ltr'>posse</span> <span class='ocrx_word' id='word_1_18' title='bbox 953 238 1013 255; x_wconf 74' lang='lat' dir='ltr'>aeae</span> 
     </span>
     <span class='ocr_line' id='line_1_6' title="bbox 219 267 1014 306; baseline -0.008 -8"><span class='ocrx_word' id='word_1_19' title='bbox 219 271 363 306; x_wconf 80' lang='lat' dir='ltr'>aliquando</span> <span class='ocrx_word' id='word_1_20' title='bbox 383 271 414 296; x_wconf 65' lang='lat' dir='ltr'>ull</span> <span class='ocrx_word' id='word_1_21' title='bbox 437 269 554 296; x_wconf 77' lang='lat' dir='ltr'>fortunas</span> <span class='ocrx_word' id='word_1_22' title='bbox 575 277 638 294; x_wconf 72' lang='lat' dir='ltr'>suas</span> <span class='ocrx_word' id='word_1_23' title='bbox 655 267 811 302; x_wconf 65' lang='lat' dir='ltr'>pervenire?</span> <span class='ocrx_word' id='word_1_24' title='bbox 831 270 871 293; x_wconf 73' lang='lat'>28.</span> <span class='ocrx_word' id='word_1_25' title='bbox 890 267 971 296; x_wconf 79' lang='lat' dir='ltr'>Nam,</span> <span class='ocrx_word' id='word_1_26' title='bbox 985 270 1014 293; x_wconf 86' lang='lat' dir='ltr'>ut</span> 
     </span>
     <span class='ocr_line' id='line_1_7' title="bbox 220 303 1014 335; baseline -0.008 0"><span class='ocrx_word' id='word_1_27' title='bbox 220 314 328 335; x_wconf 90' lang='lat' dir='ltr'>ventum</span> <span class='ocrx_word' id='word_1_28' title='bbox 350 312 390 334; x_wconf 73' lang='lat' dir='ltr'>est</span> <span class='ocrx_word' id='word_1_29' title='bbox 406 306 591 333; x_wconf 74' lang='lat' dir='ltr'>Alexandriam</span> <span class='ocrx_word' id='word_1_30' title='bbox 608 305 640 330; x_wconf 82' lang='lat' dir='ltr'>ad</span> <span class='ocrx_word' id='word_1_31' title='bbox 657 305 791 335; x_wconf 72' lang='lat' dir='ltr'>Auletcm,</span> <span class='ocrx_word' id='word_1_32' title='bbox 813 304 929 334; x_wconf 78' lang='lat' dir='ltr'>iudices,</span> <span class='ocrx_word' id='word_1_33' title='bbox 950 303 1014 330; x_wconf 89' lang='lat' dir='ltr'>haec</span> 
     </span>
     <span class='ocr_line' id='line_1_8' title="bbox 219 341 1014 377; baseline -0.008 -5"><span class='ocrx_word' id='word_1_34' title='bbox 219 355 270 372; x_wconf 78' lang='lat' dir='ltr'>una</span> <span class='ocrx_word' id='word_1_35' title='bbox 287 345 352 371; x_wconf 86' lang='lat' dir='ltr'>ratio</span> <span class='ocrx_word' id='word_1_36' title='bbox 368 354 381 370; x_wconf 87' lang='lat' dir='ltr'>a</span> <span class='ocrx_word' id='word_1_37' title='bbox 399 352 460 377; x_wconf 68' lang='lat' dir='ltr'>rege</span> <span class='ocrx_word' id='word_1_38' title='bbox 476 343 608 377; x_wconf 79' lang='lat' dir='ltr'>proposita</span> <span class='ocrx_word' id='word_1_39' title='bbox 621 342 747 368; x_wconf 80' lang='lat' dir='ltr'>Postumo</span> <span class='ocrx_word' id='word_1_40' title='bbox 758 347 798 368; x_wconf 77' lang='lat' dir='ltr'>est</span> <span class='ocrx_word' id='word_1_41' title='bbox 809 341 955 367; x_wconf 76' lang='lat' dir='ltr'>servandae</span> <span class='ocrx_word' id='word_1_42' title='bbox 967 350 1014 375; x_wconf 79' lang='lat' dir='ltr'>po-</span> 
     </span>
    </p>
   </div>
   <div class='ocr_carea' id='block_1_5' title="bbox 218 379 1043 414">
    <p class='ocr_par' dir='ltr' id='par_1_5' title="bbox 218 379 1043 414">
     <span class='ocr_line' id='line_1_9' title="bbox 218 379 1043 414; baseline -0.006 -5"><span class='ocrx_word' id='word_1_43' title='bbox 218 383 326 412; x_wconf 78' lang='lat' dir='ltr'>cuniao,</span> <span class='ocrx_word' id='word_1_44' title='bbox 338 382 360 407; x_wconf 81' lang='lat' dir='ltr'>si</span> <span class='ocrx_word' id='word_1_45' title='bbox 373 381 534 407; x_wconf 70' lang='lat' dir='ltr'>curationem</span> <span class='ocrx_word' id='word_1_46' title='bbox 548 385 573 405; x_wconf 90' lang='grc' dir='ltr'>ι-ῑ</span> <span class='ocrx_word' id='word_1_47' title='bbox 583 380 659 413; x_wconf 68' lang='lat' dir='ltr'>quasi</span> <span class='ocrx_word' id='word_1_48' title='bbox 671 379 899 414; x_wconf 70' lang='lat' dir='ltr'>dispensationem</span> <span class='ocrx_word' id='word_1_49' title='bbox 912 379 1012 412; x_wconf 67' lang='lat' dir='ltr'>regiam</span> <span class='ocrx_word' id='word_1_50' title='bbox 1041 395 1043 405; x_wconf 40' lang='grc' dir='ltr'><em>Α</em></span> 
     </span>
    </p>
   </div>
   <div class='ocr_carea' id='block_1_6' title="bbox 203 415 1013 862">
    <p class='ocr_par' dir='ltr' id='par_1_6' title="bbox 203 415 1013 749">
     <span class='ocr_line' id='line_1_10' title="bbox 217 415 1013 453; baseline -0.005 -8"><span class='ocrx_word' id='word_1_51' title='bbox 217 420 390 453; x_wconf 71' lang='lat' dir='ltr'>suscepisset.</span> <span class='ocrx_word' id='word_1_52' title='bbox 426 417 453 444; x_wconf 91' lang='lat' dir='ltr'>Id</span> <span class='ocrx_word' id='word_1_53' title='bbox 465 422 554 442; x_wconf 82' lang='lat' dir='ltr'>autem</span> <span class='ocrx_word' id='word_1_54' title='bbox 568 416 651 442; x_wconf 81' lang='lat' dir='ltr'>fucere</span> <span class='ocrx_word' id='word_1_55' title='bbox 661 425 712 442; x_wconf 90' lang='lat' dir='ltr'>non</span> <span class='ocrx_word' id='word_1_56' title='bbox 727 420 826 451; x_wconf 82' lang='lat' dir='ltr'>poterat</span> <span class='ocrx_word' id='word_1_57' title='bbox 842 416 892 442; x_wconf 82' lang='lat' dir='ltr'>nisi</span> <span class='ocrx_word' id='word_1_58' title='bbox 908 415 1013 442; x_wconf 77' lang='lat' dir='ltr'>dioece-</span> 
     </span>
     <span class='ocr_line' id='line_1_11' title="bbox 218 454 1012 489; baseline -0.005 -6"><span class='ocrx_word' id='word_1_59' title='bbox 218 462 269 483; x_wconf 80' lang='lat' dir='ltr'>tes:</span> <span class='ocrx_word' id='word_1_60' title='bbox 293 456 342 482; x_wconf 87' lang='lat' dir='ltr'>boc</span> <span class='ocrx_word' id='word_1_61' title='bbox 353 456 423 481; x_wconf 89' lang='lat' dir='ltr'>enim</span> <span class='ocrx_word' id='word_1_62' title='bbox 437 454 543 480; x_wconf 84' lang='lat' dir='ltr'>nomine</span> <span class='ocrx_word' id='word_1_63' title='bbox 556 454 650 483; x_wconf 81' lang='lat' dir='ltr'>utitur.</span> <span class='ocrx_word' id='word_1_64' title='bbox 672 454 720 488; x_wconf 83' lang='lat' dir='ltr'>qui</span> <span class='ocrx_word' id='word_1_65' title='bbox 732 463 745 479; x_wconf 88' lang='lat' dir='ltr'>a</span> <span class='ocrx_word' id='word_1_66' title='bbox 761 462 823 489; x_wconf 78' lang='lat' dir='ltr'>rege</span> <span class='ocrx_word' id='word_1_67' title='bbox 833 458 903 479; x_wconf 80' lang='lat' dir='ltr'>essct</span> <span class='ocrx_word' id='word_1_68' title='bbox 913 454 1012 479; x_wconf 81' lang='lat' dir='ltr'>consti-</span> 
     </span>
     <span class='ocr_line' id='line_1_12' title="bbox 218 490 1011 526; baseline -0.004 -7"><span class='ocrx_word' id='word_1_69' title='bbox 218 498 300 519; x_wconf 87' lang='lat' dir='ltr'>tutus.</span> <span class='ocrx_word' id='word_1_70' title='bbox 342 492 471 519; x_wconf 76' lang='lat' dir='ltr'>Odiosum</span> <span class='ocrx_word' id='word_1_71' title='bbox 488 492 624 526; x_wconf 76' lang='lat' dir='ltr'>negotium</span> <span class='ocrx_word' id='word_1_72' title='bbox 641 491 768 517; x_wconf 82' lang='lat' dir='ltr'>Postumo</span> <span class='ocrx_word' id='word_1_73' title='bbox 788 491 942 522; x_wconf 67' lang='lat' dir='ltr'>videbatur,</span> <span class='ocrx_word' id='word_1_74' title='bbox 964 490 1011 516; x_wconf 82' lang='lat' dir='ltr'>sed</span> 
     </span>
     <span class='ocr_line' id='line_1_13' title="bbox 217 528 1011 557; baseline -0.003 -1"><span class='ocrx_word' id='word_1_75' title='bbox 217 535 271 557; x_wconf 86' lang='lat' dir='ltr'>erat</span> <span class='ocrx_word' id='word_1_76' title='bbox 287 529 359 556; x_wconf 87' lang='lat' dir='ltr'>nulla</span> <span class='ocrx_word' id='word_1_77' title='bbox 375 530 484 555; x_wconf 90' lang='lat' dir='ltr'>omnino</span> <span class='ocrx_word' id='word_1_78' title='bbox 500 529 644 555; x_wconf 77' lang='lat' dir='ltr'>recusatio:</span> <span class='ocrx_word' id='word_1_79' title='bbox 670 528 812 554; x_wconf 83' lang='lat' dir='ltr'>molestum</span> <span class='ocrx_word' id='word_1_80' title='bbox 824 529 903 554; x_wconf 84' lang='lat' dir='ltr'>etiam</span> <span class='ocrx_word' id='word_1_81' title='bbox 916 536 1011 554; x_wconf 87' lang='lat' dir='ltr'>nomen</span> 
     </span>
     <span class='ocr_line' id='line_1_14' title="bbox 203 565 1012 602; baseline 0 -11"><span class='ocrx_word' id='word_1_82' title='bbox 203 568 321 602; x_wconf 80' lang='lat' dir='ltr'>.ipsum;</span> <span class='ocrx_word' id='word_1_83' title='bbox 338 566 385 592; x_wconf 88' lang='lat' dir='ltr'>sed</span> <span class='ocrx_word' id='word_1_84' title='bbox 398 575 439 592; x_wconf 83' lang='lat' dir='ltr'>res</span> <span class='ocrx_word' id='word_1_85' title='bbox 451 565 566 592; x_wconf 81' lang='lat' dir='ltr'>habebat</span> <span class='ocrx_word' id='word_1_86' title='bbox 576 574 672 592; x_wconf 88' lang='lat' dir='ltr'>nomen</span> <span class='ocrx_word' id='word_1_87' title='bbox 685 565 732 592; x_wconf 84' lang='lat' dir='ltr'>lioc</span> <span class='ocrx_word' id='word_1_88' title='bbox 743 565 814 600; x_wconf 88' lang='lat' dir='ltr'>apud</span> <span class='ocrx_word' id='word_1_89' title='bbox 827 565 896 595; x_wconf 80' lang='lat' dir='ltr'>illos,</span> <span class='ocrx_word' id='word_1_90' title='bbox 906 574 956 591; x_wconf 91' lang='lat' dir='ltr'>non</span> <span class='ocrx_word' id='word_1_91' title='bbox 969 565 1012 591; x_wconf 86' lang='lat' dir='ltr'>bic</span> 
     </span>
     <span class='ocr_line' id='line_1_15' title="bbox 217 602 1012 639; baseline -0.003 -9"><span class='ocrx_word' id='word_1_92' title='bbox 217 605 393 639; x_wconf 79' lang='lat' dir='ltr'>imposuerat:</span> <span class='ocrx_word' id='word_1_93' title='bbox 416 603 507 630; x_wconf 82' lang='lat' dir='ltr'>oderat</span> <span class='ocrx_word' id='word_1_94' title='bbox 519 604 646 629; x_wconf 77' lang='lat' dir='ltr'>vestitum</span> <span class='ocrx_word' id='word_1_95' title='bbox 657 603 736 629; x_wconf 86' lang='lat' dir='ltr'>etiam</span> <span class='ocrx_word' id='word_1_96' title='bbox 749 603 840 635; x_wconf 79' lang='lat' dir='ltr'>illun1;</span> <span class='ocrx_word' id='word_1_97' title='bbox 853 602 900 629; x_wconf 85' lang='lat' dir='ltr'>sed</span> <span class='ocrx_word' id='word_1_98' title='bbox 912 603 970 629; x_wconf 82' lang='lat' dir='ltr'>sine</span> <span class='ocrx_word' id='word_1_99' title='bbox 981 611 1012 628; x_wconf 90' lang='lat' dir='ltr'>eo</span> 
     </span>
     <span class='ocr_line' id='line_1_16' title="bbox 217 639 1012 676; baseline -0.003 -8"><span class='ocrx_word' id='word_1_100' title='bbox 217 651 263 668; x_wconf 85' lang='lat' dir='ltr'>nec</span> <span class='ocrx_word' id='word_1_101' title='bbox 275 650 369 668; x_wconf 85' lang='lat' dir='ltr'>nomen</span> <span class='ocrx_word' id='word_1_102' title='bbox 381 640 449 667; x_wconf 91' lang='lat' dir='ltr'>illud</span> <span class='ocrx_word' id='word_1_103' title='bbox 457 645 565 675; x_wconf 90' lang='lat' dir='ltr'>poterat,</span> <span class='ocrx_word' id='word_1_104' title='bbox 574 649 622 666; x_wconf 92' lang='lat' dir='ltr'>nec</span> <span class='ocrx_word' id='word_1_105' title='bbox 633 649 733 667; x_wconf 84' lang='lat' dir='ltr'>munus</span> <span class='ocrx_word' id='word_1_106' title='bbox 745 641 823 667; x_wconf 87' lang='lat' dir='ltr'>tueri.</span> <span class='ocrx_word' id='word_1_107' title='bbox 844 640 914 676; x_wconf 78' lang='lat' dir='ltr'>Ergo</span> <span class='ocrx_word' id='word_1_108' title='bbox 923 639 1012 666; x_wconf 79' lang='lat' dir='ltr'>aderat</span> 
     </span>
     <span class='ocr_line' id='line_1_17' title="bbox 218 678 603 713; baseline -0.003 -8"><span class='ocrx_word' id='word_1_109' title='bbox 218 682 262 709; x_wconf 77' lang='lat' dir='ltr'>ris,</span> <span class='ocrx_word' id='word_1_110' title='bbox 276 684 305 705; x_wconf 93' lang='lat' dir='ltr'>ut</span> <span class='ocrx_word' id='word_1_111' title='bbox 315 679 351 704; x_wconf 82' lang='lat' dir='ltr'>nit</span> <span class='ocrx_word' id='word_1_112' title='bbox 363 683 437 713; x_wconf 83' lang='lat' dir='ltr'>poeta</span> <span class='ocrx_word' id='word_1_113' title='bbox 450 678 495 704; x_wconf 91' lang='lat' dir='ltr'>ille</span> <span class='ocrx_word' id='word_1_114' title='bbox 507 682 603 708; x_wconf 86' lang='lat' dir='ltr'>noster,</span> 
     </span>
     <span class='ocr_line' id='line_1_18' title="bbox 290 717 841 749; baseline -0.004 -7"><span class='ocrx_word' id='word_1_115' title='bbox 290 725 355 749; x_wconf 73' lang='lat' dir='ltr'>quaa</span> <span class='ocrx_word' id='word_1_116' title='bbox 366 725 478 742; x_wconf 72' lang='lat' dir='ltr'>autumas</span> <span class='ocrx_word' id='word_1_117' title='bbox 488 718 586 748; x_wconf 70' lang='lat' dir='ltr'>srae&#39;myit</span> <span class='ocrx_word' id='word_1_118' title='bbox 600 717 763 748; x_wconf 68' lang='lat' dir='ltr'>infirmdlque</span> <span class='ocrx_word' id='word_1_119' title='bbox 773 723 841 747; x_wconf 79' lang='lat' dir='ltr'>opes.</span> 
     </span>
    </p>

    <p class='ocr_par' dir='ltr' id='par_1_7' title="bbox 215 751 1011 862">
     <span class='ocr_line' id='line_1_19' title="bbox 216 751 1011 787; baseline -0.004 -7"><span class='ocrx_word' id='word_1_120' title='bbox 216 754 257 780; x_wconf 71' lang='lat'>29.</span> <span class='ocrx_word' id='word_1_121' title='bbox 285 753 443 783; x_wconf 84' lang='lat' dir='ltr'>Moreretur,</span> <span class='ocrx_word' id='word_1_122' title='bbox 461 753 582 787; x_wconf 84' lang='lat' dir='ltr'>inquies:</span> <span class='ocrx_word' id='word_1_123' title='bbox 608 761 669 779; x_wconf 92' lang='lat' dir='ltr'>nam</span> <span class='ocrx_word' id='word_1_124' title='bbox 686 751 712 778; x_wconf 90' lang='lat' dir='ltr'>id</span> <span class='ocrx_word' id='word_1_125' title='bbox 729 752 862 787; x_wconf 83' lang='lat' dir='ltr'>sequitur.</span> <span class='ocrx_word' id='word_1_126' title='bbox 894 751 1011 778; x_wconf 82' lang='lat' dir='ltr'>Fecisset</span> 
     </span>
     <span class='ocr_line' id='line_1_20' title="bbox 216 788 1011 824; baseline -0.004 -7"><span class='ocrx_word' id='word_1_127' title='bbox 216 795 294 822; x_wconf 87' lang='lat' dir='ltr'>certe,</span> <span class='ocrx_word' id='word_1_128' title='bbox 316 791 340 817; x_wconf 84' lang='lat' dir='ltr'>si</span> <span class='ocrx_word' id='word_1_129' title='bbox 361 791 419 817; x_wconf 83' lang='lat' dir='ltr'>sine</span> <span class='ocrx_word' id='word_1_130' title='bbox 440 790 556 817; x_wconf 85' lang='lat' dir='ltr'>maximo</span> <span class='ocrx_word' id='word_1_131' title='bbox 576 789 717 820; x_wconf 80' lang='lat' dir='ltr'>dedecore,</span> <span class='ocrx_word' id='word_1_132' title='bbox 735 794 788 815; x_wconf 89' lang='lat' dir='ltr'>tam</span> <span class='ocrx_word' id='word_1_133' title='bbox 804 788 941 824; x_wconf 88' lang='lat' dir='ltr'>impeditis</span> <span class='ocrx_word' id='word_1_134' title='bbox 953 789 1011 814; x_wconf 85' lang='lat' dir='ltr'>suis</span> 
     </span>
     <span class='ocr_line' id='line_1_21' title="bbox 215 826 1010 862; baseline -0.004 -7"><span class='ocrx_word' id='word_1_135' title='bbox 215 828 306 859; x_wconf 83' lang='lat' dir='ltr'>rebus,</span> <span class='ocrx_word' id='word_1_136' title='bbox 329 828 459 862; x_wconf 82' lang='lat' dir='ltr'>potuisset</span> <span class='ocrx_word' id='word_1_137' title='bbox 475 828 568 853; x_wconf 85' lang='lat' dir='ltr'>emori.</span> <span class='ocrx_word' id='word_1_138' title='bbox 607 827 654 853; x_wconf 85' lang='lat' dir='ltr'>XI.</span> <span class='ocrx_word' id='word_1_139' title='bbox 676 827 762 853; x_wconf 82' lang='lat' dir='ltr'>Nolite</span> <span class='ocrx_word' id='word_1_140' title='bbox 781 827 863 861; x_wconf 72' lang='lat' dir='ltr'>igitur</span> <span class='ocrx_word' id='word_1_141' title='bbox 879 826 1010 853; x_wconf 87' lang='lat' dir='ltr'>fortunam</span> 
     </span>
    </p>
   </div>
   <div class='ocr_carea' id='block_1_7' title="bbox 215 863 1034 899">
    <p class='ocr_par' dir='ltr' id='par_1_8' title="bbox 215 863 1034 899">
     <span class='ocr_line' id='line_1_22' title="bbox 215 863 1034 899; baseline -0.004 -7"><span class='ocrx_word' id='word_1_142' title='bbox 215 870 367 892; x_wconf 79' lang='lat' dir='ltr'>convertere</span> <span class='ocrx_word' id='word_1_143' title='bbox 392 866 418 891; x_wconf 91' lang='lat' dir='ltr'>in</span> <span class='ocrx_word' id='word_1_144' title='bbox 434 865 556 899; x_wconf 86' lang='lat' dir='ltr'>culpam:</span> <span class='ocrx_word' id='word_1_145' title='bbox 579 873 665 899; x_wconf 89' lang='lat' dir='ltr'>neque</span> <span class='ocrx_word' id='word_1_146' title='bbox 682 864 752 899; x_wconf 76' lang='lat' dir='ltr'>regis</span> <span class='ocrx_word' id='word_1_147' title='bbox 770 864 910 894; x_wconf 90' lang='lat' dir='ltr'>iniuriam,</span> <span class='ocrx_word' id='word_1_148' title='bbox 929 863 1010 889; x_wconf 81' lang='lat' dir='ltr'>liuius</span> <span class='ocrx_word' id='word_1_149' title='bbox 1032 887 1034 890; x_wconf 82' lang='grc'>,</span> 
     </span>
    </p>
   </div>
   <div class='ocr_carea' id='block_1_8' title="bbox 212 900 1012 1012">
    <p class='ocr_par' dir='ltr' id='par_1_9' title="bbox 212 900 1012 1012">
     <span class='ocr_line' id='line_1_23' title="bbox 214 900 1011 937; baseline -0.004 -8"><span class='ocrx_word' id='word_1_150' title='bbox 214 903 315 929; x_wconf 82' lang='lat' dir='ltr'>crimen</span> <span class='ocrx_word' id='word_1_151' title='bbox 328 907 429 937; x_wconf 83' lang='lat' dir='ltr'>putare,</span> <span class='ocrx_word' id='word_1_152' title='bbox 439 911 486 928; x_wconf 91' lang='lat' dir='ltr'>nec</span> <span class='ocrx_word' id='word_1_153' title='bbox 497 901 640 928; x_wconf 89' lang='lat' dir='ltr'>consilium</span> <span class='ocrx_word' id='word_1_154' title='bbox 652 909 685 927; x_wconf 83' lang='lat' dir='ltr'>ex</span> <span class='ocrx_word' id='word_1_155' title='bbox 693 902 849 927; x_wconf 82' lang='lat' dir='ltr'>necessitate</span> <span class='ocrx_word' id='word_1_156' title='bbox 857 910 904 927; x_wconf 87' lang='lat' dir='ltr'>nec</span> <span class='ocrx_word' id='word_1_157' title='bbox 915 900 1011 927; x_wconf 87' lang='lat' dir='ltr'>volun-</span> 
     </span>
     <span class='ocr_line' id='line_1_24' title="bbox 212 938 1012 976; baseline -0.003 -10"><span class='ocrx_word' id='word_1_158' title='bbox 212 945 294 976; x_wconf 66' lang='lat' dir='ltr'>tatem</span> <span class='ocrx_word' id='word_1_159' title='bbox 306 948 339 966; x_wconf 87' lang='lat' dir='ltr'>ex</span> <span class='ocrx_word' id='word_1_160' title='bbox 352 940 378 966; x_wconf 81' lang='lat' dir='ltr'>vi</span> <span class='ocrx_word' id='word_1_161' title='bbox 391 940 566 974; x_wconf 84' lang='lat' dir='ltr'>interpretari,</span> <span class='ocrx_word' id='word_1_162' title='bbox 577 939 626 965; x_wconf 89' lang='lat' dir='ltr'>nisi</span> <span class='ocrx_word' id='word_1_163' title='bbox 636 938 699 965; x_wconf 86' lang='lat' dir='ltr'>forte</span> <span class='ocrx_word' id='word_1_164' title='bbox 710 947 756 965; x_wconf 89' lang='lat' dir='ltr'>cos</span> <span class='ocrx_word' id='word_1_165' title='bbox 767 938 912 973; x_wconf 86' lang='lat' dir='ltr'>etiam,qui</span> <span class='ocrx_word' id='word_1_166' title='bbox 924 939 951 964; x_wconf 90' lang='lat' dir='ltr'>in</span> <span class='ocrx_word' id='word_1_167' title='bbox 963 938 1012 964; x_wconf 86' lang='lat' dir='ltr'>bo—</span> 
     </span>
     <span class='ocr_line' id='line_1_25' title="bbox 215 975 1009 1012; baseline -0.005 -8"><span class='ocrx_word' id='word_1_168' title='bbox 215 982 269 1004; x_wconf 88' lang='lat' dir='ltr'>stes</span> <span class='ocrx_word' id='word_1_169' title='bbox 292 982 338 1003; x_wconf 89' lang='lat' dir='ltr'>aut</span> <span class='ocrx_word' id='word_1_170' title='bbox 356 977 384 1003; x_wconf 92' lang='lat' dir='ltr'>in</span> <span class='ocrx_word' id='word_1_171' title='bbox 405 977 552 1012; x_wconf 81' lang='lat' dir='ltr'>praedones</span> <span class='ocrx_word' id='word_1_172' title='bbox 568 976 722 1006; x_wconf 86' lang='lat' dir='ltr'>inciderint,</span> <span class='ocrx_word' id='word_1_173' title='bbox 739 977 761 1002; x_wconf 89' lang='lat' dir='ltr'>si</span> <span class='ocrx_word' id='word_1_174' title='bbox 777 975 854 1002; x_wconf 86' lang='lat' dir='ltr'>aliter</span> <span class='ocrx_word' id='word_1_175' title='bbox 868 976 1009 1010; x_wconf 85' lang='lat' dir='ltr'>quippiam</span> 
     </span>
    </p>
   </div>
   <div class='ocr_carea' id='block_1_9' title="bbox 215 1013 1033 1049">
    <p class='ocr_par' dir='ltr' id='par_1_10' title="bbox 215 1013 1033 1049">
     <span class='ocr_line' id='line_1_26' title="bbox 215 1013 1033 1049; baseline -0.004 -8"><span class='ocrx_word' id='word_1_176' title='bbox 215 1015 298 1042; x_wconf 83' lang='lat' dir='ltr'>coacti</span> <span class='ocrx_word' id='word_1_177' title='bbox 309 1014 502 1049; x_wconf 88' lang='lat' dir='ltr'>faciant,quam</span> <span class='ocrx_word' id='word_1_178' title='bbox 517 1014 607 1044; x_wconf 82' lang='lat' dir='ltr'>libere,</span> <span class='ocrx_word' id='word_1_179' title='bbox 621 1013 811 1047; x_wconf 83' lang='lat' dir='ltr'>vituperandos</span> <span class='ocrx_word' id='word_1_180' title='bbox 824 1018 911 1048; x_wconf 84' lang='lat' dir='ltr'>putes.</span> <span class='ocrx_word' id='word_1_181' title='bbox 927 1013 1011 1038; x_wconf 77' lang='lat' dir='ltr'>Nemo</span> <span class='ocrx_word' id='word_1_182' title='bbox 1032 1037 1033 1046; x_wconf 57' lang='lat'>,</span> 
     </span>
    </p>
   </div>
   <div class='ocr_carea' id='block_1_10' title="bbox 213 1051 1011 1384">
    <p class='ocr_par' dir='ltr' id='par_1_11' title="bbox 214 1051 1011 1198">
     <span class='ocr_line' id='line_1_27' title="bbox 215 1051 1011 1087; baseline -0.003 -9"><span class='ocrx_word' id='word_1_183' title='bbox 215 1057 335 1078; x_wconf 88' lang='lat' dir='ltr'>nostrum</span> <span class='ocrx_word' id='word_1_184' title='bbox 351 1052 467 1087; x_wconf 71' lang='lat' dir='ltr'>ignorat,</span> <span class='ocrx_word' id='word_1_185' title='bbox 481 1051 586 1077; x_wconf 84' lang='lat' dir='ltr'>etiamsi</span> <span class='ocrx_word' id='word_1_186' title='bbox 598 1051 700 1085; x_wconf 85' lang='lat' dir='ltr'>experti</span> <span class='ocrx_word' id='word_1_187' title='bbox 712 1060 763 1077; x_wconf 90' lang='lat' dir='ltr'>non</span> <span class='ocrx_word' id='word_1_188' title='bbox 775 1059 886 1081; x_wconf 79' lang='lat' dir='ltr'>sumus,</span> <span class='ocrx_word' id='word_1_189' title='bbox 897 1058 1011 1076; x_wconf 85' lang='lat' dir='ltr'>consue-</span> 
     </span>
     <span class='ocr_line' id='line_1_28' title="bbox 215 1088 1008 1125; baseline -0.004 -9"><span class='ocrx_word' id='word_1_190' title='bbox 215 1089 335 1116; x_wconf 84' lang='lat' dir='ltr'>tudinem</span> <span class='ocrx_word' id='word_1_191' title='bbox 357 1089 467 1125; x_wconf 78' lang='lat' dir='ltr'>regiam.</span> <span class='ocrx_word' id='word_1_192' title='bbox 498 1089 601 1123; x_wconf 75' lang='lat' dir='ltr'>Regum</span> <span class='ocrx_word' id='word_1_193' title='bbox 622 1092 710 1114; x_wconf 84' lang='lat' dir='ltr'>autem</span> <span class='ocrx_word' id='word_1_194' title='bbox 728 1088 792 1114; x_wconf 87' lang='lat' dir='ltr'>haec</span> <span class='ocrx_word' id='word_1_195' title='bbox 803 1092 866 1114; x_wconf 90' lang='lat' dir='ltr'>sunt</span> <span class='ocrx_word' id='word_1_196' title='bbox 881 1088 1008 1122; x_wconf 88' lang='lat' dir='ltr'>imperia:</span> 
     </span>
     <span class='ocr_line' id='line_1_29' title="bbox 214 1127 1011 1159; baseline -0.003 -6"><span class='ocrx_word' id='word_1_197' title='bbox 214 1129 389 1153; x_wconf 73' lang='lat' dir='ltr'>animadverte</span> <span class='ocrx_word' id='word_1_198' title='bbox 412 1131 446 1156; x_wconf 83' lang='lat' dir='ltr'>et.</span> <span class='ocrx_word' id='word_1_199' title='bbox 468 1128 536 1152; x_wconf 79' lang='lat' dir='ltr'>dicto</span> <span class='ocrx_word' id='word_1_200' title='bbox 554 1134 632 1159; x_wconf 83' lang='lat' dir='ltr'>pare:</span> <span class='ocrx_word' id='word_1_201' title='bbox 653 1129 688 1156; x_wconf 88' lang='lat' dir='ltr'>et,</span> <span class='ocrx_word' id='word_1_202' title='bbox 707 1130 812 1158; x_wconf 80' lang='lat' dir='ltr'>praeter</span> <span class='ocrx_word' id='word_1_203' title='bbox 830 1128 970 1159; x_wconf 66' lang='lat' dir='ltr'>rogitatum</span> <span class='ocrx_word' id='word_1_204' title='bbox 987 1127 1011 1151; x_wconf 73' lang='lat' dir='ltr'>si</span> 
     </span>
     <span class='ocr_line' id='line_1_30' title="bbox 214 1163 585 1198; baseline -0.003 -8"><span class='ocrx_word' id='word_1_205' title='bbox 214 1166 360 1198; x_wconf 76' lang='lat' dir='ltr'>quippiam:</span> <span class='ocrx_word' id='word_1_206' title='bbox 381 1168 407 1190; x_wconf 93' lang='lat' dir='ltr'>et</span> <span class='ocrx_word' id='word_1_207' title='bbox 417 1163 477 1190; x_wconf 88' lang='lat' dir='ltr'>illae</span> <span class='ocrx_word' id='word_1_208' title='bbox 489 1164 585 1194; x_wconf 79' lang='lat' dir='ltr'>minae,</span> 
     </span>
    </p>

    <p class='ocr_par' dir='ltr' id='par_1_12' title="bbox 288 1201 775 1234">
     <span class='ocr_line' id='line_1_31' title="bbox 288 1201 775 1234; baseline -0.002 -7"><span class='ocrx_word' id='word_1_209' title='bbox 288 1201 318 1227; x_wconf 68' lang='lat' dir='ltr'>Sa·</span> <span class='ocrx_word' id='word_1_210' title='bbox 330 1204 354 1227; x_wconf 80' lang='grc' dir='ltr'>[ό</span> <span class='ocrx_word' id='word_1_211' title='bbox 361 1203 471 1227; x_wconf 79' lang='lat' dir='ltr'>secundo</span> <span class='ocrx_word' id='word_1_212' title='bbox 483 1202 577 1227; x_wconf 73' lang='lat' dir='ltr'>lumine</span> <span class='ocrx_word' id='word_1_213' title='bbox 586 1202 628 1227; x_wconf 78' lang='lat' dir='ltr'>hic</span> <span class='ocrx_word' id='word_1_214' title='bbox 637 1201 775 1234; x_wconf 63' lang='lat' dir='ltr'>offendero,</span> 
     </span>
    </p>

    <p class='ocr_par' dir='ltr' id='par_1_13' title="bbox 213 1241 1010 1347">
     <span class='ocr_line' id='line_1_32' title="bbox 290 1241 412 1264; baseline 0.008 -1"><span class='ocrx_word' id='word_1_215' title='bbox 290 1241 397 1264; x_wconf 63' lang='lat' dir='ltr'>moriere</span> <span class='ocrx_word' id='word_1_216' title='bbox 404 1248 412 1264; x_wconf 92' lang='lat'><em>:</em></span> 
     </span>
     <span class='ocr_line' id='line_1_33' title="bbox 213 1272 1010 1310; baseline -0.004 -8"><span class='ocrx_word' id='word_1_217' title='bbox 213 1284 282 1310; x_wconf 87' lang='lat' dir='ltr'>quae</span> <span class='ocrx_word' id='word_1_218' title='bbox 294 1284 345 1302; x_wconf 92' lang='lat' dir='ltr'>non</span> <span class='ocrx_word' id='word_1_219' title='bbox 355 1295 360 1306; x_wconf 83' lang='lat'>‚</span> <span class='ocrx_word' id='word_1_220' title='bbox 374 1279 404 1301; x_wconf 90' lang='lat' dir='ltr'>ut</span> <span class='ocrx_word' id='word_1_221' title='bbox 413 1274 576 1301; x_wconf 82' lang='lat' dir='ltr'>delectemur</span> <span class='ocrx_word' id='word_1_222' title='bbox 587 1273 684 1305; x_wconf 79' lang='lat' dir='ltr'>solum,</span> <span class='ocrx_word' id='word_1_223' title='bbox 699 1273 786 1310; x_wconf 80' lang='lat' dir='ltr'>legere</span> <span class='ocrx_word' id='word_1_224' title='bbox 797 1278 822 1300; x_wconf 90' lang='lat' dir='ltr'>et</span> <span class='ocrx_word' id='word_1_225' title='bbox 832 1278 952 1308; x_wconf 89' lang='lat' dir='ltr'>spectare</span> <span class='ocrx_word' id='word_1_226' title='bbox 963 1272 1010 1300; x_wconf 87' lang='lat' dir='ltr'>‹Ie-</span> 
     </span>
     <span class='ocr_line' id='line_1_34' title="bbox 214 1311 939 1347; baseline -0.003 -8"><span class='ocrx_word' id='word_1_227' title='bbox 214 1313 318 1344; x_wconf 79' lang='lat' dir='ltr'>bemus,</span> <span class='ocrx_word' id='word_1_228' title='bbox 331 1312 379 1339; x_wconf 87' lang='lat' dir='ltr'>sed</span> <span class='ocrx_word' id='word_1_229' title='bbox 391 1316 419 1338; x_wconf 91' lang='lat' dir='ltr'>ut</span> <span class='ocrx_word' id='word_1_230' title='bbox 430 1320 525 1338; x_wconf 86' lang='lat' dir='ltr'>cavere</span> <span class='ocrx_word' id='word_1_231' title='bbox 534 1312 615 1338; x_wconf 87' lang='lat' dir='ltr'>etiam</span> <span class='ocrx_word' id='word_1_232' title='bbox 626 1316 652 1338; x_wconf 87' lang='lat' dir='ltr'>et</span> <span class='ocrx_word' id='word_1_233' title='bbox 665 1311 781 1347; x_wconf 77' lang='lat' dir='ltr'>effugere</span> <span class='ocrx_word' id='word_1_234' title='bbox 791 1311 939 1337; x_wconf 85' lang='lat' dir='ltr'>discamus.</span> 
     </span>
    </p>

    <p class='ocr_par' dir='ltr' id='par_1_14' title="bbox 268 1348 1007 1384">
     <span class='ocr_line' id='line_1_35' title="bbox 268 1348 1007 1384; baseline -0.003 -8"><span class='ocrx_word' id='word_1_235' title='bbox 268 1351 309 1376; x_wconf 89' lang='grc'>30.</span> <span class='ocrx_word' id='word_1_236' title='bbox 330 1350 363 1376; x_wconf 78' lang='lat' dir='ltr'>At</span> <span class='ocrx_word' id='word_1_237' title='bbox 383 1358 416 1376; x_wconf 81' lang='lat' dir='ltr'>ex</span> <span class='ocrx_word' id='word_1_238' title='bbox 436 1349 485 1375; x_wconf 88' lang='lat' dir='ltr'>hoc</span> <span class='ocrx_word' id='word_1_239' title='bbox 506 1350 565 1384; x_wconf 90' lang='lat' dir='ltr'>ipso</span> <span class='ocrx_word' id='word_1_240' title='bbox 583 1350 684 1375; x_wconf 85' lang='lat' dir='ltr'>crimen</span> <span class='ocrx_word' id='word_1_241' title='bbox 699 1349 827 1375; x_wconf 88' lang='lat' dir='ltr'>exoritur.</span> <span class='ocrx_word' id='word_1_242' title='bbox 867 1348 911 1374; x_wconf 77' lang='lat' dir='ltr'>Ait</span> <span class='ocrx_word' id='word_1_243' title='bbox 926 1348 1007 1379; x_wconf 88' lang='lat' dir='ltr'>enim,</span> 
     </span>
    </p>
   </div>
   <div class='ocr_carea' id='block_1_11' title="bbox 213 1385 1032 1422">
    <p class='ocr_par' dir='ltr' id='par_1_15' title="bbox 213 1385 1032 1422">
     <span class='ocr_line' id='line_1_36' title="bbox 213 1385 1032 1422; baseline -0.002 -9"><span class='ocrx_word' id='word_1_244' title='bbox 213 1387 327 1414; x_wconf 87' lang='lat' dir='ltr'>Gabinio</span> <span class='ocrx_word' id='word_1_245' title='bbox 347 1395 433 1422; x_wconf 86' lang='lat' dir='ltr'>quum</span> <span class='ocrx_word' id='word_1_246' title='bbox 454 1387 596 1421; x_wconf 89' lang='lat' dir='ltr'>pecuniam</span> <span class='ocrx_word' id='word_1_247' title='bbox 612 1387 757 1413; x_wconf 84' lang='lat' dir='ltr'>Postumus</span> <span class='ocrx_word' id='word_1_248' title='bbox 768 1391 874 1421; x_wconf 73' lang='lat' dir='ltr'>cogeret</span> <span class='ocrx_word' id='word_1_249' title='bbox 883 1394 917 1412; x_wconf 86' lang='lat' dir='ltr'>ex</span> <span class='ocrx_word' id='word_1_250' title='bbox 927 1385 1007 1412; x_wconf 88' lang='lat' dir='ltr'>decu·</span> <span class='ocrx_word' id='word_1_251' title='bbox 1031 1414 1032 1420; x_wconf 24' lang='lat'>¹</span> 
     </span>
    </p>
   </div>
   <div class='ocr_carea' id='block_1_12' title="bbox 210 1421 1010 1682">
    <p class='ocr_par' dir='ltr' id='par_1_16' title="bbox 210 1421 1010 1682">
     <span class='ocr_line' id='line_1_37' title="bbox 213 1421 1010 1459; baseline -0.003 -8"><span class='ocrx_word' id='word_1_252' title='bbox 213 1426 264 1451; x_wconf 88' lang='lat' dir='ltr'>mis</span> <span class='ocrx_word' id='word_1_253' title='bbox 275 1425 475 1458; x_wconf 88' lang='lat' dir='ltr'>imperatorum,</span> <span class='ocrx_word' id='word_1_254' title='bbox 490 1424 631 1458; x_wconf 88' lang='lat' dir='ltr'>pecuniam</span> <span class='ocrx_word' id='word_1_255' title='bbox 643 1424 696 1450; x_wconf 88' lang='lat' dir='ltr'>sibi</span> <span class='ocrx_word' id='word_1_256' title='bbox 707 1424 836 1459; x_wconf 74' lang='lat' dir='ltr'>coegisse.</span> <span class='ocrx_word' id='word_1_257' title='bbox 858 1423 917 1449; x_wconf 87' lang='lat' dir='ltr'>Non</span> <span class='ocrx_word' id='word_1_258' title='bbox 930 1421 1010 1449; x_wconf 88' lang='lat' dir='ltr'>intel-</span> 
     </span>
     <span class='ocr_line' id='line_1_38' title="bbox 213 1460 1009 1497; baseline 0 -9"><span class='ocrx_word' id='word_1_259' title='bbox 213 1462 278 1497; x_wconf 78' lang='lat' dir='ltr'>ligo,</span> <span class='ocrx_word' id='word_1_260' title='bbox 300 1462 349 1488; x_wconf 86' lang='lat' dir='ltr'>hoc</span> <span class='ocrx_word' id='word_1_261' title='bbox 364 1461 444 1496; x_wconf 86' lang='lat' dir='ltr'>quale</span> <span class='ocrx_word' id='word_1_262' title='bbox 459 1461 507 1487; x_wconf 87' lang='lat' dir='ltr'>sit:</span> <span class='ocrx_word' id='word_1_263' title='bbox 530 1466 621 1488; x_wconf 89' lang='lat' dir='ltr'>utrum</span> <span class='ocrx_word' id='word_1_264' title='bbox 633 1461 813 1488; x_wconf 84' lang='lat' dir='ltr'>accessionem</span> <span class='ocrx_word' id='word_1_265' title='bbox 825 1460 962 1491; x_wconf 81' lang='lat' dir='ltr'>decumae,</span> <span class='ocrx_word' id='word_1_266' title='bbox 980 1464 1009 1488; x_wconf 83' lang='lat' dir='ltr'>ut</span> 
     </span>
     <span class='ocr_line' id='line_1_39' title="bbox 212 1497 1009 1529; baseline -0.003 -3"><span class='ocrx_word' id='word_1_267' title='bbox 212 1499 293 1526; x_wconf 82' lang='lat' dir='ltr'>nostri</span> <span class='ocrx_word' id='word_1_268' title='bbox 310 1498 395 1525; x_wconf 86' lang='lat' dir='ltr'>facere</span> <span class='ocrx_word' id='word_1_269' title='bbox 405 1503 538 1525; x_wconf 84' lang='lat' dir='ltr'>coactores</span> <span class='ocrx_word' id='word_1_270' title='bbox 549 1498 635 1525; x_wconf 87' lang='lat' dir='ltr'>solent</span> <span class='ocrx_word' id='word_1_271' title='bbox 645 1499 816 1529; x_wconf 78' lang='lat' dir='ltr'>centesimae,</span> <span class='ocrx_word' id='word_1_272' title='bbox 829 1507 862 1524; x_wconf 93' lang='lat' dir='ltr'>an</span> <span class='ocrx_word' id='word_1_273' title='bbox 873 1497 1009 1524; x_wconf 84' lang='lat' dir='ltr'>decessio-</span> 
     </span>
     <span class='ocr_line' id='line_1_40' title="bbox 212 1535 1008 1566; baseline -0.003 -3"><span class='ocrx_word' id='word_1_274' title='bbox 212 1545 273 1563; x_wconf 84' lang='lat' dir='ltr'>nem</span> <span class='ocrx_word' id='word_1_275' title='bbox 300 1536 334 1562; x_wconf 89' lang='lat' dir='ltr'>de</span> <span class='ocrx_word' id='word_1_276' title='bbox 358 1545 464 1563; x_wconf 87' lang='lat' dir='ltr'>summa</span> <span class='ocrx_word' id='word_1_277' title='bbox 486 1535 589 1562; x_wconf 83' lang='lat' dir='ltr'>fecerit:</span> <span class='ocrx_word' id='word_1_278' title='bbox 622 1536 644 1562; x_wconf 90' lang='lat' dir='ltr'>si</span> <span class='ocrx_word' id='word_1_279' title='bbox 665 1536 859 1566; x_wconf 79' lang='lat' dir='ltr'>accessionem,</span> <span class='ocrx_word' id='word_1_280' title='bbox 882 1535 1008 1562; x_wconf 87' lang='lat' dir='ltr'>undecim</span> 
     </span>
     <span class='ocr_line' id='line_1_41' title="bbox 211 1573 1008 1608; baseline -0.003 -8"><span class='ocrx_word' id='word_1_281' title='bbox 211 1574 294 1600; x_wconf 88' lang='lat' dir='ltr'>millia</span> <span class='ocrx_word' id='word_1_282' title='bbox 317 1573 445 1600; x_wconf 82' lang='lat' dir='ltr'>talentum</span> <span class='ocrx_word' id='word_1_283' title='bbox 465 1573 499 1599; x_wconf 90' lang='lat' dir='ltr'>ad</span> <span class='ocrx_word' id='word_1_284' title='bbox 515 1574 662 1600; x_wconf 87' lang='lat' dir='ltr'>Gabinium</span> <span class='ocrx_word' id='word_1_285' title='bbox 679 1577 867 1608; x_wconf 88' lang='lat' dir='ltr'>pervenerunt.</span> <span class='ocrx_word' id='word_1_286' title='bbox 907 1573 941 1599; x_wconf 77' lang='lat' dir='ltr'>At</span> <span class='ocrx_word' id='word_1_287' title='bbox 956 1580 1008 1598; x_wconf 92' lang='lat' dir='ltr'>non</span> 
     </span>
     <span class='ocr_line' id='line_1_42' title="bbox 211 1609 1008 1641; baseline -0.004 -3"><span class='ocrx_word' id='word_1_288' title='bbox 211 1611 290 1638; x_wconf 87' lang='lat' dir='ltr'>modo</span> <span class='ocrx_word' id='word_1_289' title='bbox 305 1611 352 1637; x_wconf 92' lang='lat' dir='ltr'>abs</span> <span class='ocrx_word' id='word_1_290' title='bbox 368 1615 392 1637; x_wconf 88' lang='lat' dir='ltr'>te</span> <span class='ocrx_word' id='word_1_291' title='bbox 408 1611 500 1637; x_wconf 87' lang='lat' dir='ltr'>decem</span> <span class='ocrx_word' id='word_1_292' title='bbox 516 1611 601 1637; x_wconf 87' lang='lat' dir='ltr'>millia</span> <span class='ocrx_word' id='word_1_293' title='bbox 615 1611 718 1637; x_wconf 87' lang='lat' dir='ltr'>obiecta</span> <span class='ocrx_word' id='word_1_294' title='bbox 734 1615 811 1641; x_wconf 86' lang='lat' dir='ltr'>sunt,</span> <span class='ocrx_word' id='word_1_295' title='bbox 824 1609 871 1636; x_wconf 89' lang='lat' dir='ltr'>sed</span> <span class='ocrx_word' id='word_1_296' title='bbox 883 1610 962 1636; x_wconf 90' lang='lat' dir='ltr'>etiam</span> <span class='ocrx_word' id='word_1_297' title='bbox 974 1609 1008 1635; x_wconf 93' lang='lat' dir='ltr'>ab</span> 
     </span>
     <span class='ocr_line' id='line_1_43' title="bbox 210 1646 1007 1682; baseline -0.003 -8"><span class='ocrx_word' id='word_1_298' title='bbox 210 1648 254 1675; x_wconf 90' lang='lat' dir='ltr'>his</span> <span class='ocrx_word' id='word_1_299' title='bbox 274 1648 423 1674; x_wconf 83' lang='lat' dir='ltr'>aestimata.</span> <span class='ocrx_word' id='word_1_300' title='bbox 458 1649 500 1674; x_wconf 75' lang='lat'>3⁴.</span> <span class='ocrx_word' id='word_1_301' title='bbox 525 1647 602 1674; x_wconf 84' lang='lat' dir='ltr'>Addo</span> <span class='ocrx_word' id='word_1_302' title='bbox 622 1647 691 1674; x_wconf 90' lang='lat' dir='ltr'>illud</span> <span class='ocrx_word' id='word_1_303' title='bbox 711 1648 805 1674; x_wconf 87' lang='lat' dir='ltr'>etiam:</span> <span class='ocrx_word' id='word_1_304' title='bbox 831 1647 879 1682; x_wconf 92' lang='lat' dir='ltr'>qui</span> <span class='ocrx_word' id='word_1_305' title='bbox 900 1646 1007 1673; x_wconf 87' lang='lat' dir='ltr'>tandem</span> 
     </span>
    </p>
   </div>
   <div class='ocr_carea' id='block_1_13' title="bbox 210 1683 1039 1758">
    <p class='ocr_par' dir='ltr' id='par_1_17' title="bbox 210 1683 1039 1758">
     <span class='ocr_line' id='line_1_44' title="bbox 210 1683 1039 1720; baseline -0.004 -8"><span class='ocrx_word' id='word_1_306' title='bbox 210 1686 343 1716; x_wconf 80' lang='lat' dir='ltr'>convenit,</span> <span class='ocrx_word' id='word_1_307' title='bbox 365 1690 411 1712; x_wconf 87' lang='lat' dir='ltr'>aut</span> <span class='ocrx_word' id='word_1_308' title='bbox 430 1689 482 1711; x_wconf 89' lang='lat' dir='ltr'>tam</span> <span class='ocrx_word' id='word_1_309' title='bbox 497 1685 572 1720; x_wconf 82' lang='lat' dir='ltr'>gravi</span> <span class='ocrx_word' id='word_1_310' title='bbox 587 1693 667 1711; x_wconf 89' lang='lat' dir='ltr'>onere</span> <span class='ocrx_word' id='word_1_311' title='bbox 682 1685 843 1711; x_wconf 85' lang='lat' dir='ltr'>tributorum</span> <span class='ocrx_word' id='word_1_312' title='bbox 860 1683 893 1710; x_wconf 89' lang='lat' dir='ltr'>ad</span> <span class='ocrx_word' id='word_1_313' title='bbox 909 1688 1007 1710; x_wconf 89' lang='lat' dir='ltr'>tantam</span> <span class='ocrx_word' id='word_1_314' title='bbox 1037 1714 1039 1718; x_wconf 40' lang='grc' dir='ltr'>Ι</span> 
     </span>
     <span class='ocr_line' id='line_1_45' title="bbox 210 1722 1039 1758; baseline -0.002 -9"><span class='ocrx_word' id='word_1_315' title='bbox 210 1723 353 1757; x_wconf 88' lang='lat' dir='ltr'>pecuniam</span> <span class='ocrx_word' id='word_1_316' title='bbox 367 1722 514 1758; x_wconf 83' lang='lat' dir='ltr'>cogendam</span> <span class='ocrx_word' id='word_1_317' title='bbox 531 1722 605 1748; x_wconf 88' lang='lat' dir='ltr'>mille</span> <span class='ocrx_word' id='word_1_318' title='bbox 616 1722 745 1748; x_wconf 87' lang='lat' dir='ltr'>talentum</span> <span class='ocrx_word' id='word_1_319' title='bbox 757 1722 937 1748; x_wconf 81' lang='lat' dir='ltr'>accessionem</span> <span class='ocrx_word' id='word_1_320' title='bbox 948 1729 1007 1747; x_wconf 90' lang='lat' dir='ltr'>esse</span> <span class='ocrx_word' id='word_1_321' title='bbox 1037 1725 1039 1758; x_wconf 64' lang='grc' dir='ltr'>ξ</span> 
     </span>
    </p>
   </div>
   <div class='ocr_carea' id='block_1_14' title="bbox 208 1758 1008 2093">
    <p class='ocr_par' dir='ltr' id='par_1_18' title="bbox 208 1758 1008 2093">
     <span class='ocr_line' id='line_1_46' title="bbox 211 1758 1008 1791; baseline -0.003 -5"><span class='ocrx_word' id='word_1_322' title='bbox 211 1759 320 1791; x_wconf 87' lang='lat' dir='ltr'>factam,</span> <span class='ocrx_word' id='word_1_323' title='bbox 334 1764 392 1791; x_wconf 83' lang='lat' dir='ltr'>aut,</span> <span class='ocrx_word' id='word_1_324' title='bbox 406 1761 433 1786; x_wconf 92' lang='lat' dir='ltr'>in</span> <span class='ocrx_word' id='word_1_325' title='bbox 446 1764 514 1786; x_wconf 81' lang='lat' dir='ltr'>tauta</span> <span class='ocrx_word' id='word_1_326' title='bbox 527 1759 649 1785; x_wconf 85' lang='lat' dir='ltr'>mercede</span> <span class='ocrx_word' id='word_1_327' title='bbox 659 1759 787 1789; x_wconf 84' lang='lat' dir='ltr'>bominis,</span> <span class='ocrx_word' id='word_1_328' title='bbox 801 1763 830 1785; x_wconf 83' lang='lat' dir='ltr'>ut</span> <span class='ocrx_word' id='word_1_329' title='bbox 841 1759 892 1789; x_wconf 80' lang='lat' dir='ltr'>vis,</span> <span class='ocrx_word' id='word_1_330' title='bbox 905 1758 1008 1784; x_wconf 87' lang='lat' dir='ltr'>avaris-</span> 
     </span>
     <span class='ocr_line' id='line_1_47' title="bbox 210 1794 1008 1828; baseline -0.003 -5"><span class='ocrx_word' id='word_1_331' title='bbox 210 1797 286 1828; x_wconf 86' lang='lat' dir='ltr'>simi,</span> <span class='ocrx_word' id='word_1_332' title='bbox 310 1796 384 1823; x_wconf 87' lang='lat' dir='ltr'>mille</span> <span class='ocrx_word' id='word_1_333' title='bbox 404 1796 532 1822; x_wconf 81' lang='lat' dir='ltr'>talentum</span> <span class='ocrx_word' id='word_1_334' title='bbox 553 1796 736 1823; x_wconf 88' lang='lat' dir='ltr'>decessionem</span> <span class='ocrx_word' id='word_1_335' title='bbox 756 1804 815 1822; x_wconf 89' lang='lat' dir='ltr'>esse</span> <span class='ocrx_word' id='word_1_336' title='bbox 835 1794 1008 1822; x_wconf 72' lang='lat' dir='ltr'>concessam?</span> 
     </span>
     <span class='ocr_line' id='line_1_48' title="bbox 210 1832 1008 1869; baseline -0.003 -9"><span class='ocrx_word' id='word_1_337' title='bbox 210 1835 303 1869; x_wconf 86' lang='lat' dir='ltr'>Neque</span> <span class='ocrx_word' id='word_1_338' title='bbox 314 1834 385 1860; x_wconf 89' lang='lat' dir='ltr'>enim</span> <span class='ocrx_word' id='word_1_339' title='bbox 396 1833 572 1864; x_wconf 86' lang='lat' dir='ltr'>fuitGabinii,</span> <span class='ocrx_word' id='word_1_340' title='bbox 580 1834 714 1860; x_wconf 84' lang='lat' dir='ltr'>remittere</span> <span class='ocrx_word' id='word_1_341' title='bbox 725 1837 827 1860; x_wconf 87' lang='lat' dir='ltr'>tantum</span> <span class='ocrx_word' id='word_1_342' title='bbox 838 1832 871 1859; x_wconf 90' lang='lat' dir='ltr'>de</span> <span class='ocrx_word' id='word_1_343' title='bbox 882 1841 945 1859; x_wconf 82' lang='lat' dir='ltr'>suo:</span> <span class='ocrx_word' id='word_1_344' title='bbox 959 1841 1008 1859; x_wconf 87' lang='lat' dir='ltr'>nec</span> 
     </span>
     <span class='ocr_line' id='line_1_49' title="bbox 210 1869 1008 1907; baseline -0.003 -9"><span class='ocrx_word' id='word_1_345' title='bbox 210 1872 294 1907; x_wconf 84' lang='lat' dir='ltr'>regis,</span> <span class='ocrx_word' id='word_1_346' title='bbox 311 1872 448 1906; x_wconf 88' lang='lat' dir='ltr'>imponere</span> <span class='ocrx_word' id='word_1_347' title='bbox 463 1875 535 1898; x_wconf 91' lang='lat' dir='ltr'>tanto</span> <span class='ocrx_word' id='word_1_348' title='bbox 550 1871 612 1906; x_wconf 92' lang='lat' dir='ltr'>plus</span> <span class='ocrx_word' id='word_1_349' title='bbox 626 1871 695 1897; x_wconf 86' lang='lat' dir='ltr'>suis.</span> <span class='ocrx_word' id='word_1_350' title='bbox 735 1870 854 1897; x_wconf 77' lang='lat' dir='ltr'>Aderunt</span> <span class='ocrx_word' id='word_1_351' title='bbox 865 1875 956 1901; x_wconf 89' lang='lat' dir='ltr'>testes,</span> <span class='ocrx_word' id='word_1_352' title='bbox 970 1869 1008 1896; x_wconf 88' lang='lat' dir='ltr'>le-</span> 
     </span>
     <span class='ocr_line' id='line_1_50' title="bbox 209 1907 1006 1944; baseline -0.003 -9"><span class='ocrx_word' id='word_1_353' title='bbox 209 1909 264 1944; x_wconf 87' lang='lat' dir='ltr'>gati</span> <span class='ocrx_word' id='word_1_354' title='bbox 283 1908 467 1935; x_wconf 76' lang='lat' dir='ltr'>Alexandrini.</span> <span class='ocrx_word' id='word_1_355' title='bbox 514 1908 545 1934; x_wconf 78' lang='lat' dir='ltr'>Hi</span> <span class='ocrx_word' id='word_1_356' title='bbox 567 1908 633 1934; x_wconf 83' lang='lat' dir='ltr'>nibil</span> <span class='ocrx_word' id='word_1_357' title='bbox 654 1909 682 1934; x_wconf 92' lang='lat' dir='ltr'>in</span> <span class='ocrx_word' id='word_1_358' title='bbox 703 1908 848 1935; x_wconf 83' lang='lat' dir='ltr'>Gabinium</span> <span class='ocrx_word' id='word_1_359' title='bbox 870 1907 1006 1934; x_wconf 81' lang='lat' dir='ltr'>dixerunt.</span> 
     </span>
     <span class='ocr_line' id='line_1_51' title="bbox 209 1943 1008 1980; baseline -0.001 -8"><span class='ocrx_word' id='word_1_360' title='bbox 209 1946 294 1972; x_wconf 89' lang='lat' dir='ltr'>lmmo</span> <span class='ocrx_word' id='word_1_361' title='bbox 309 1945 337 1972; x_wconf 87' lang='lat' dir='ltr'>hi</span> <span class='ocrx_word' id='word_1_362' title='bbox 353 1945 499 1972; x_wconf 85' lang='lat' dir='ltr'>Gabinium</span> <span class='ocrx_word' id='word_1_363' title='bbox 513 1944 698 1972; x_wconf 80' lang='lat' dir='ltr'>laudaverunt.</span> <span class='ocrx_word' id='word_1_364' title='bbox 739 1945 790 1972; x_wconf 88' lang='lat' dir='ltr'>Ubi</span> <span class='ocrx_word' id='word_1_365' title='bbox 801 1953 864 1980; x_wconf 79' lang='lat' dir='ltr'>ergo</span> <span class='ocrx_word' id='word_1_366' title='bbox 875 1945 921 1971; x_wconf 90' lang='lat' dir='ltr'>ille</span> <span class='ocrx_word' id='word_1_367' title='bbox 932 1943 1008 1971; x_wconf 82' lang='lat' dir='ltr'>mos‘?</span> 
     </span>
     <span class='ocr_line' id='line_1_52' title="bbox 209 1982 1006 2017; baseline -0.001 -8"><span class='ocrx_word' id='word_1_368' title='bbox 209 1983 257 2010; x_wconf 92' lang='lat' dir='ltr'>ubi</span> <span class='ocrx_word' id='word_1_369' title='bbox 268 1983 434 2009; x_wconf 86' lang='lat' dir='ltr'>consuetudo</span> <span class='ocrx_word' id='word_1_370' title='bbox 444 1982 625 2009; x_wconf 71' lang='lat' dir='ltr'>iudiciorum?</span> <span class='ocrx_word' id='word_1_371' title='bbox 645 1983 692 2009; x_wconf 90' lang='lat' dir='ltr'>ubi</span> <span class='ocrx_word' id='word_1_372' title='bbox 703 1982 845 2017; x_wconf 78' lang='lat' dir='ltr'>exempla?</span> <span class='ocrx_word' id='word_1_373' title='bbox 866 1982 973 2008; x_wconf 87' lang='lat' dir='ltr'>Soletne</span> <span class='ocrx_word' id='word_1_374' title='bbox 983 1982 1006 2008; x_wconf 89' lang='lat' dir='ltr'>is</span> 
     </span>
     <span class='ocr_line' id='line_1_53' title="bbox 209 2019 1004 2056; baseline -0.003 -9"><span class='ocrx_word' id='word_1_375' title='bbox 209 2020 298 2047; x_wconf 89' lang='lat' dir='ltr'>dicere</span> <span class='ocrx_word' id='word_1_376' title='bbox 318 2021 345 2046; x_wconf 92' lang='lat' dir='ltr'>in</span> <span class='ocrx_word' id='word_1_377' title='bbox 361 2029 436 2051; x_wconf 91' lang='lat' dir='ltr'>eum,</span> <span class='ocrx_word' id='word_1_378' title='bbox 453 2021 502 2054; x_wconf 91' lang='lat' dir='ltr'>qui</span> <span class='ocrx_word' id='word_1_379' title='bbox 518 2021 659 2054; x_wconf 86' lang='lat' dir='ltr'>pecuniam</span> <span class='ocrx_word' id='word_1_380' title='bbox 676 2020 791 2056; x_wconf 81' lang='lat' dir='ltr'>redegit,</span> <span class='ocrx_word' id='word_1_381' title='bbox 809 2019 856 2054; x_wconf 90' lang='lat' dir='ltr'>qui</span> <span class='ocrx_word' id='word_1_382' title='bbox 872 2020 899 2046; x_wconf 90' lang='lat' dir='ltr'>in</span> <span class='ocrx_word' id='word_1_383' title='bbox 916 2019 1004 2049; x_wconf 88' lang='lat' dir='ltr'>illum,</span> 
     </span>
     <span class='ocr_line' id='line_1_54' title="bbox 208 2056 1007 2093; baseline -0.003 -9"><span class='ocrx_word' id='word_1_384' title='bbox 208 2059 288 2084; x_wconf 82' lang='lat' dir='ltr'>cuius</span> <span class='ocrx_word' id='word_1_385' title='bbox 309 2058 416 2084; x_wconf 90' lang='lat' dir='ltr'>nomine</span> <span class='ocrx_word' id='word_1_386' title='bbox 437 2066 466 2083; x_wconf 91' lang='lat' dir='ltr'>ea</span> <span class='ocrx_word' id='word_1_387' title='bbox 487 2058 600 2092; x_wconf 86' lang='lat' dir='ltr'>pecunia</span> <span class='ocrx_word' id='word_1_388' title='bbox 621 2057 800 2093; x_wconf 83' lang='lat' dir='ltr'>redigeretur,</span> <span class='ocrx_word' id='word_1_389' title='bbox 823 2066 875 2083; x_wconf 91' lang='lat' dir='ltr'>non</span> <span class='ocrx_word' id='word_1_390' title='bbox 891 2056 1007 2083; x_wconf 71' lang='lat' dir='ltr'>dixerit?</span> 
     </span>
    </p>
   </div>
   <div class='ocr_carea' id='block_1_15' title="bbox 209 2093 1031 2130">
    <p class='ocr_par' dir='ltr' id='par_1_19' title="bbox 209 2093 1031 2130">
     <span class='ocr_line' id='line_1_55' title="bbox 209 2093 1031 2130; baseline -0.001 -9"><span class='ocrx_word' id='word_1_391' title='bbox 209 2096 251 2122; x_wconf 73' lang='lat'>32.</span> <span class='ocrx_word' id='word_1_392' title='bbox 270 2095 340 2130; x_wconf 74' lang='lat' dir='ltr'>Age,</span> <span class='ocrx_word' id='word_1_393' title='bbox 354 2095 377 2121; x_wconf 88' lang='lat' dir='ltr'>si</span> <span class='ocrx_word' id='word_1_394' title='bbox 393 2095 429 2125; x_wconf 88' lang='lat' dir='ltr'>is,</span> <span class='ocrx_word' id='word_1_395' title='bbox 446 2095 494 2129; x_wconf 90' lang='lat' dir='ltr'>qui</span> <span class='ocrx_word' id='word_1_396' title='bbox 509 2103 561 2121; x_wconf 85' lang='lat' dir='ltr'>non</span> <span class='ocrx_word' id='word_1_397' title='bbox 572 2094 654 2126; x_wconf 76' lang='lat' dir='ltr'>dixit,</span> <span class='ocrx_word' id='word_1_398' title='bbox 667 2094 747 2121; x_wconf 89' lang='lat' dir='ltr'>solet:</span> <span class='ocrx_word' id='word_1_399' title='bbox 769 2095 884 2120; x_wconf 86' lang='lat' dir='ltr'>etiamne</span> <span class='ocrx_word' id='word_1_400' title='bbox 896 2094 918 2120; x_wconf 92' lang='lat' dir='ltr'>is</span> <span class='ocrx_word' id='word_1_401' title='bbox 928 2093 1004 2124; x_wconf 89' lang='lat' dir='ltr'>solet,</span> <span class='ocrx_word' id='word_1_402' title='bbox 1028 2094 1031 2116; x_wconf 75' lang='grc' dir='ltr'><strong><em>ῖ</em></strong></span> 
     </span>
    </p>
   </div>
   <div class='ocr_carea' id='block_1_16' title="bbox 208 2131 1007 2167">
    <p class='ocr_par' dir='ltr' id='par_1_20' title="bbox 208 2131 1007 2167">
     <span class='ocr_line' id='line_1_56' title="bbox 208 2131 1007 2167; baseline -0.001 -9"><span class='ocrx_word' id='word_1_403' title='bbox 208 2133 256 2167; x_wconf 91' lang='lat' dir='ltr'>qui</span> <span class='ocrx_word' id='word_1_404' title='bbox 272 2131 408 2158; x_wconf 75' lang='lat' dir='ltr'>laudavit?</span> <span class='ocrx_word' id='word_1_405' title='bbox 429 2131 525 2158; x_wconf 89' lang='lat' dir='ltr'>iisdem</span> <span class='ocrx_word' id='word_1_406' title='bbox 542 2132 668 2163; x_wconf 86' lang='lat' dir='ltr'>testibus,</span> <span class='ocrx_word' id='word_1_407' title='bbox 681 2137 707 2158; x_wconf 92' lang='lat' dir='ltr'>et</span> <span class='ocrx_word' id='word_1_408' title='bbox 721 2132 831 2167; x_wconf 88' lang='lat' dir='ltr'>quidem</span> <span class='ocrx_word' id='word_1_409' title='bbox 844 2140 894 2157; x_wconf 91' lang='lat' dir='ltr'>non</span> <span class='ocrx_word' id='word_1_410' title='bbox 906 2131 1007 2166; x_wconf 86' lang='lat' dir='ltr'>produ-</span> 
     </span>
    </p>
   </div>
   <div class='ocr_carea' id='block_1_17' title="bbox 208 2169 1030 2211">
    <p class='ocr_par' dir='ltr' id='par_1_21' title="bbox 208 2169 1030 2211">
     <span class='ocr_line' id='line_1_57' title="bbox 208 2169 1030 2211; baseline -0.001 -16"><span class='ocrx_word' id='word_1_411' title='bbox 208 2170 268 2200; x_wconf 83' lang='lat' dir='ltr'>ctis,</span> <span class='ocrx_word' id='word_1_412' title='bbox 281 2169 328 2195; x_wconf 89' lang='lat' dir='ltr'>sed</span> <span class='ocrx_word' id='word_1_413' title='bbox 339 2169 417 2195; x_wconf 88' lang='lat' dir='ltr'>dictis</span> <span class='ocrx_word' id='word_1_414' title='bbox 430 2170 537 2195; x_wconf 89' lang='lat' dir='ltr'>testium</span> <span class='ocrx_word' id='word_1_415' title='bbox 549 2170 761 2204; x_wconf 86' lang='lat' dir='ltr'>recitatis,quasi</span> <span class='ocrx_word' id='word_1_416' title='bbox 774 2169 952 2204; x_wconf 87' lang='lat' dir='ltr'>praeiudicata</span> <span class='ocrx_word' id='word_1_417' title='bbox 963 2177 1006 2194; x_wconf 91' lang='lat' dir='ltr'>res</span> <span class='ocrx_word' id='word_1_418' title='bbox 1028 2190 1030 2211; x_wconf 44' lang='lat'>3</span> 
     </span>
    </p>
   </div>
   <div class='ocr_carea' id='block_1_18' title="bbox 207 2206 1007 2684">
    <p class='ocr_par' dir='ltr' id='par_1_22' title="bbox 207 2206 1007 2684">
     <span class='ocr_line' id='line_1_58' title="bbox 208 2206 1006 2233; baseline 0 -1"><span class='ocrx_word' id='word_1_419' title='bbox 208 2206 241 2233; x_wconf 90' lang='lat' dir='ltr'>ad</span> <span class='ocrx_word' id='word_1_420' title='bbox 258 2207 305 2233; x_wconf 89' lang='lat' dir='ltr'>has</span> <span class='ocrx_word' id='word_1_421' title='bbox 320 2215 429 2233; x_wconf 88' lang='lat' dir='ltr'>caussas</span> <span class='ocrx_word' id='word_1_422' title='bbox 445 2206 542 2232; x_wconf 89' lang='lat' dir='ltr'>deferri</span> <span class='ocrx_word' id='word_1_423' title='bbox 556 2206 641 2233; x_wconf 64' lang='lat' dir='ltr'>solet?</span> <span class='ocrx_word' id='word_1_424' title='bbox 670 2206 728 2233; x_wconf 80' lang='lat' dir='ltr'>XII.</span> <span class='ocrx_word' id='word_1_425' title='bbox 743 2207 778 2233; x_wconf 87' lang='lat' dir='ltr'>Et</span> <span class='ocrx_word' id='word_1_426' title='bbox 791 2206 827 2232; x_wconf 90' lang='lat' dir='ltr'>ait</span> <span class='ocrx_word' id='word_1_427' title='bbox 838 2206 917 2232; x_wconf 87' lang='lat' dir='ltr'>etiam</span> <span class='ocrx_word' id='word_1_428' title='bbox 929 2214 1006 2232; x_wconf 91' lang='lat' dir='ltr'>meus</span> 
     </span>
     <span class='ocr_line' id='line_1_59' title="bbox 208 2243 1007 2274; baseline -0.001 -4"><span class='ocrx_word' id='word_1_429' title='bbox 208 2243 348 2270; x_wconf 90' lang='lat' dir='ltr'>familiaris</span> <span class='ocrx_word' id='word_1_430' title='bbox 359 2249 384 2270; x_wconf 90' lang='lat' dir='ltr'>et</span> <span class='ocrx_word' id='word_1_431' title='bbox 396 2244 571 2274; x_wconf 81' lang='lat' dir='ltr'>necessarius.</span> <span class='ocrx_word' id='word_1_432' title='bbox 585 2244 707 2270; x_wconf 84' lang='lat' dir='ltr'>eamdem</span> <span class='ocrx_word' id='word_1_433' title='bbox 717 2252 840 2270; x_wconf 85' lang='lat' dir='ltr'>caussam</span> <span class='ocrx_word' id='word_1_434' title='bbox 847 2243 1007 2270; x_wconf 74' lang='lat' dir='ltr'>Alexandri—</span> 
     </span>
     <span class='ocr_line' id='line_1_60' title="bbox 208 2280 1003 2316; baseline -0.003 -8"><span class='ocrx_word' id='word_1_435' title='bbox 208 2282 251 2308; x_wconf 90' lang='lat' dir='ltr'>nis</span> <span class='ocrx_word' id='word_1_436' title='bbox 265 2281 363 2312; x_wconf 89' lang='lat' dir='ltr'>fuisse,</span> <span class='ocrx_word' id='word_1_437' title='bbox 376 2290 425 2308; x_wconf 90' lang='lat' dir='ltr'>cur</span> <span class='ocrx_word' id='word_1_438' title='bbox 436 2281 573 2307; x_wconf 88' lang='lat' dir='ltr'>laudarent</span> <span class='ocrx_word' id='word_1_439' title='bbox 584 2281 742 2312; x_wconf 83' lang='lat' dir='ltr'>Gabinium,</span> <span class='ocrx_word' id='word_1_440' title='bbox 755 2289 825 2316; x_wconf 87' lang='lat' dir='ltr'>quae</span> <span class='ocrx_word' id='word_1_441' title='bbox 837 2281 903 2307; x_wconf 88' lang='lat' dir='ltr'>mihi</span> <span class='ocrx_word' id='word_1_442' title='bbox 914 2280 1003 2312; x_wconf 86' lang='lat' dir='ltr'>fuerit,</span> 
     </span>
     <span class='ocr_line' id='line_1_61' title="bbox 207 2318 1005 2350; baseline -0.001 -5"><span class='ocrx_word' id='word_1_443' title='bbox 207 2327 256 2345; x_wconf 87' lang='lat' dir='ltr'>cur</span> <span class='ocrx_word' id='word_1_444' title='bbox 276 2318 401 2345; x_wconf 88' lang='lat' dir='ltr'>eumdem</span> <span class='ocrx_word' id='word_1_445' title='bbox 420 2318 600 2345; x_wconf 78' lang='lat' dir='ltr'>defenderem.</span> <span class='ocrx_word' id='word_1_446' title='bbox 628 2319 709 2349; x_wconf 85' lang='lat' dir='ltr'>Mihi,</span> <span class='ocrx_word' id='word_1_447' title='bbox 727 2318 756 2345; x_wconf 94' lang='lat' dir='ltr'>C.</span> <span class='ocrx_word' id='word_1_448' title='bbox 773 2318 1005 2350; x_wconf 82' lang='lat' dir='ltr'>Memmi,caussa</span> 
     </span>
     <span class='ocr_line' id='line_1_62' title="bbox 208 2355 1006 2392; baseline 0 -10"><span class='ocrx_word' id='word_1_449' title='bbox 208 2355 369 2382; x_wconf 90' lang='lat' dir='ltr'>defendendi</span> <span class='ocrx_word' id='word_1_450' title='bbox 384 2355 493 2382; x_wconf 90' lang='lat' dir='ltr'>Gabinii</span> <span class='ocrx_word' id='word_1_451' title='bbox 508 2355 559 2382; x_wconf 90' lang='lat' dir='ltr'>fuit</span> <span class='ocrx_word' id='word_1_452' title='bbox 573 2356 752 2382; x_wconf 89' lang='lat' dir='ltr'>reconciliatio</span> <span class='ocrx_word' id='word_1_453' title='bbox 762 2357 871 2392; x_wconf 83' lang='lat' dir='ltr'>gratiae.</span> <span class='ocrx_word' id='word_1_454' title='bbox 912 2356 1006 2390; x_wconf 84' lang='lat' dir='ltr'>Neque</span> 
     </span>
     <span class='ocr_line' id='line_1_63' title="bbox 208 2392 1005 2428; baseline -0.001 -9"><span class='ocrx_word' id='word_1_455' title='bbox 208 2401 250 2419; x_wconf 85' lang='lat' dir='ltr'>me</span> <span class='ocrx_word' id='word_1_456' title='bbox 271 2402 332 2420; x_wconf 83' lang='lat' dir='ltr'>vero</span> <span class='ocrx_word' id='word_1_457' title='bbox 353 2394 470 2428; x_wconf 87' lang='lat' dir='ltr'>poenitet</span> <span class='ocrx_word' id='word_1_458' title='bbox 489 2392 613 2419; x_wconf 87' lang='lat' dir='ltr'>mortales</span> <span class='ocrx_word' id='word_1_459' title='bbox 634 2393 804 2425; x_wconf 86' lang='lat' dir='ltr'>inimicitias,</span> <span class='ocrx_word' id='word_1_460' title='bbox 826 2393 1005 2427; x_wconf 88' lang='lat' dir='ltr'>sempiternas</span> 
     </span>
     <span class='ocr_line' id='line_1_64' title="bbox 209 2430 1005 2465; baseline -0.001 -9"><span class='ocrx_word' id='word_1_461' title='bbox 209 2431 338 2456; x_wconf 82' lang='lat' dir='ltr'>amicitias</span> <span class='ocrx_word' id='word_1_462' title='bbox 355 2430 462 2457; x_wconf 89' lang='lat' dir='ltr'>habere.</span> <span class='ocrx_word' id='word_1_463' title='bbox 495 2432 536 2457; x_wconf 84' lang='lat'>33.</span> <span class='ocrx_word' id='word_1_464' title='bbox 554 2431 622 2456; x_wconf 89' lang='lat' dir='ltr'>Nam</span> <span class='ocrx_word' id='word_1_465' title='bbox 637 2431 660 2456; x_wconf 90' lang='lat' dir='ltr'>si</span> <span class='ocrx_word' id='word_1_466' title='bbox 677 2439 719 2457; x_wconf 89' lang='lat' dir='ltr'>me</span> <span class='ocrx_word' id='word_1_467' title='bbox 734 2431 850 2456; x_wconf 80' lang='lat' dir='ltr'>invitum</span> <span class='ocrx_word' id='word_1_468' title='bbox 865 2435 958 2465; x_wconf 80' lang='lat' dir='ltr'>putas,</span> <span class='ocrx_word' id='word_1_469' title='bbox 971 2438 1005 2456; x_wconf 88' lang='lat' dir='ltr'>ne</span> 
     </span>
     <span class='ocr_line' id='line_1_65' title="bbox 209 2466 1002 2502; baseline 0 -10"><span class='ocrx_word' id='word_1_470' title='bbox 209 2466 257 2492; x_wconf 93' lang='lat' dir='ltr'>Cn.</span> <span class='ocrx_word' id='word_1_471' title='bbox 270 2467 390 2502; x_wconf 82' lang='lat' dir='ltr'>Pompeii</span> <span class='ocrx_word' id='word_1_472' title='bbox 401 2468 521 2494; x_wconf 88' lang='lat' dir='ltr'>animum</span> <span class='ocrx_word' id='word_1_473' title='bbox 528 2467 698 2499; x_wconf 80' lang='lat' dir='ltr'>offenderem,</span> <span class='ocrx_word' id='word_1_474' title='bbox 705 2467 859 2494; x_wconf 80' lang='lat' dir='ltr'>defendisse</span> <span class='ocrx_word' id='word_1_475' title='bbox 869 2475 1002 2498; x_wconf 84' lang='lat' dir='ltr'>caussam,</span> 
     </span>
     <span class='ocr_line' id='line_1_66' title="bbox 209 2503 1004 2540; baseline 0 -11"><span class='ocrx_word' id='word_1_476' title='bbox 209 2508 235 2529; x_wconf 89' lang='lat' dir='ltr'>et</span> <span class='ocrx_word' id='word_1_477' title='bbox 255 2503 331 2530; x_wconf 89' lang='lat' dir='ltr'>illum</span> <span class='ocrx_word' id='word_1_478' title='bbox 353 2509 378 2530; x_wconf 89' lang='lat' dir='ltr'>et</span> <span class='ocrx_word' id='word_1_479' title='bbox 397 2513 439 2531; x_wconf 88' lang='lat' dir='ltr'>me</span> <span class='ocrx_word' id='word_1_480' title='bbox 464 2505 636 2531; x_wconf 81' lang='lat' dir='ltr'>vehementer</span> <span class='ocrx_word' id='word_1_481' title='bbox 660 2505 776 2540; x_wconf 83' lang='lat' dir='ltr'>ignoras.</span> <span class='ocrx_word' id='word_1_482' title='bbox 817 2505 910 2540; x_wconf 87' lang='lat' dir='ltr'>Neque</span> <span class='ocrx_word' id='word_1_483' title='bbox 932 2504 1004 2531; x_wconf 91' lang='lat' dir='ltr'>enim</span> 
     </span>
     <span class='ocr_line' id='line_1_67' title="bbox 208 2540 1006 2577; baseline 0.001 -11"><span class='ocrx_word' id='word_1_484' title='bbox 208 2540 351 2574; x_wconf 87' lang='lat' dir='ltr'>Pompeius</span> <span class='ocrx_word' id='word_1_485' title='bbox 372 2549 414 2567; x_wconf 88' lang='lat' dir='ltr'>me</span> <span class='ocrx_word' id='word_1_486' title='bbox 434 2550 483 2568; x_wconf 89' lang='lat' dir='ltr'>sua</span> <span class='ocrx_word' id='word_1_487' title='bbox 497 2550 594 2568; x_wconf 84' lang='lat' dir='ltr'>caussa</span> <span class='ocrx_word' id='word_1_488' title='bbox 607 2541 757 2577; x_wconf 83' lang='lat' dir='ltr'>quidquam</span> <span class='ocrx_word' id='word_1_489' title='bbox 774 2541 859 2568; x_wconf 89' lang='lat' dir='ltr'>facere</span> <span class='ocrx_word' id='word_1_490' title='bbox 875 2541 1006 2568; x_wconf 83' lang='lat' dir='ltr'>voluisset</span> 
     </span>
     <span class='ocr_line' id='line_1_68' title="bbox 209 2577 1005 2614; baseline 0.003 -11"><span class='ocrx_word' id='word_1_491' title='bbox 209 2577 326 2603; x_wconf 87' lang='lat' dir='ltr'>invitum</span> <span class='ocrx_word' id='word_1_492' title='bbox 335 2598 341 2607; x_wconf 91' lang='lat'>,</span> <span class='ocrx_word' id='word_1_493' title='bbox 363 2586 450 2612; x_wconf 84' lang='lat' dir='ltr'>neque</span> <span class='ocrx_word' id='word_1_494' title='bbox 466 2587 528 2614; x_wconf 83' lang='lat' dir='ltr'>ego,</span> <span class='ocrx_word' id='word_1_495' title='bbox 540 2579 585 2605; x_wconf 86' lang='lat' dir='ltr'>cui</span> <span class='ocrx_word' id='word_1_496' title='bbox 595 2579 718 2605; x_wconf 88' lang='lat' dir='ltr'>omnium</span> <span class='ocrx_word' id='word_1_497' title='bbox 728 2579 829 2605; x_wconf 81' lang='lat' dir='ltr'>civium</span> <span class='ocrx_word' id='word_1_498' title='bbox 841 2578 950 2605; x_wconf 88' lang='lat' dir='ltr'>libertas</span> <span class='ocrx_word' id='word_1_499' title='bbox 961 2587 1005 2605; x_wconf 91' lang='lat' dir='ltr'>ca-</span> 
     </span>
     <span class='ocr_line' id='line_1_69' title="bbox 209 2613 1005 2650; baseline 0.004 -11"><span class='ocrx_word' id='word_1_500' title='bbox 209 2614 316 2640; x_wconf 86' lang='lat' dir='ltr'>rissima</span> <span class='ocrx_word' id='word_1_501' title='bbox 330 2613 434 2645; x_wconf 87' lang='lat' dir='ltr'>fuisset,</span> <span class='ocrx_word' id='word_1_502' title='bbox 448 2624 533 2642; x_wconf 90' lang='lat' dir='ltr'>meam</span> <span class='ocrx_word' id='word_1_503' title='bbox 544 2616 726 2650; x_wconf 81' lang='lat' dir='ltr'>proiecissem.</span> <span class='ocrx_word' id='word_1_504' title='bbox 767 2615 902 2648; x_wconf 89' lang='lat' dir='ltr'>Quamdiu</span> <span class='ocrx_word' id='word_1_505' title='bbox 913 2616 1005 2642; x_wconf 89' lang='lat' dir='ltr'>inimi-</span> 
     </span>
     <span class='ocr_line' id='line_1_70' title="bbox 209 2651 1006 2684; baseline 0.004 -7"><span class='ocrx_word' id='word_1_506' title='bbox 209 2651 336 2678; x_wconf 88' lang='lat' dir='ltr'>cissimus</span> <span class='ocrx_word' id='word_1_507' title='bbox 347 2651 461 2678; x_wconf 90' lang='lat' dir='ltr'>Gabinio</span> <span class='ocrx_word' id='word_1_508' title='bbox 472 2651 520 2684; x_wconf 88' lang='lat' dir='ltr'>fui,</span> <span class='ocrx_word' id='word_1_509' title='bbox 534 2661 587 2680; x_wconf 90' lang='lat' dir='ltr'>non</span> <span class='ocrx_word' id='word_1_510' title='bbox 597 2653 779 2680; x_wconf 89' lang='lat' dir='ltr'>amicissimus</span> <span class='ocrx_word' id='word_1_511' title='bbox 789 2652 856 2679; x_wconf 87' lang='lat' dir='ltr'>mihi</span> <span class='ocrx_word' id='word_1_512' title='bbox 868 2653 1006 2680; x_wconf 88' lang='lat' dir='ltr'>nonPom-</span> 
     </span>
    </p>
   </div>
   <div class='ocr_carea' id='block_1_19' title="bbox 1032 1050 1764 1086">
    <p class='ocr_par' dir='ltr' id='par_1_23' title="bbox 1032 1050 1764 1086">
     <span class='ocr_line' id='line_1_71' title="bbox 1032 1050 1764 1086; baseline 0 -10"><span class='ocrx_word' id='word_1_513' title='bbox 1032 1052 1033 1060; x_wconf 69' lang='lat'>¹</span> <span class='ocrx_word' id='word_1_514' title='bbox 1062 1051 1178 1085; x_wconf 86' lang='lat' dir='ltr'>denique</span> <span class='ocrx_word' id='word_1_515' title='bbox 1194 1050 1227 1076; x_wconf 84' lang='lat' dir='ltr'>ab</span> <span class='ocrx_word' id='word_1_516' title='bbox 1243 1050 1284 1076; x_wconf 90' lang='lat' dir='ltr'>his</span> <span class='ocrx_word' id='word_1_517' title='bbox 1300 1050 1430 1077; x_wconf 89' lang='lat' dir='ltr'>malorum</span> <span class='ocrx_word' id='word_1_518' title='bbox 1446 1055 1601 1086; x_wconf 84' lang='lat' dir='ltr'>argumenta</span> <span class='ocrx_word' id='word_1_519' title='bbox 1617 1055 1676 1077; x_wconf 86' lang='lat' dir='ltr'>nata</span> <span class='ocrx_word' id='word_1_520' title='bbox 1692 1055 1764 1077; x_wconf 83' lang='lat' dir='ltr'>sunt.</span> 
     </span>
    </p>
   </div>
   <div class='ocr_carea' id='block_1_20' title="bbox 1027 243 1037 2509">
    <p class='ocr_par' dir='ltr' id='par_1_24' title="bbox 1027 243 1037 2509">
     <span class='ocr_line' id='line_1_72' title="bbox 1027 243 1037 2509; baseline 0 0"><span class='ocrx_word' id='word_1_521' title='bbox 1027 243 1037 2509; x_wconf 95' lang='lat' dir='ltr'> </span> 
     </span>
    </p>
   </div>
   <div class='ocr_carea' id='block_1_21' title="bbox 763 121 1382 150">
    <p class='ocr_par' dir='ltr' id='par_1_25' title="bbox 763 121 1382 150">
     <span class='ocr_line' id='line_1_73' title="bbox 763 121 1382 150; baseline 0.002 -1"><span class='ocrx_word' id='word_1_522' title='bbox 763 123 798 149; x_wconf 67' lang='lat' dir='ltr'>it.</span> <span class='ocrx_word' id='word_1_523' title='bbox 828 123 858 150; x_wconf 86' lang='lat' dir='ltr'>T.</span> <span class='ocrx_word' id='word_1_524' title='bbox 889 122 1163 149; x_wconf 78' lang='lat' dir='ltr'>CICERONIS</span> <span class='ocrx_word' id='word_1_525' title='bbox 1196 121 1382 150; x_wconf 75' lang='lat' dir='ltr'>ORATIO</span> 
     </span>
    </p>
   </div>
   <div class='ocr_carea' id='block_1_22' title="bbox 1041 192 1859 352">
    <p class='ocr_par' dir='ltr' id='par_1_26' title="bbox 1041 192 1859 352">
     <span class='ocr_line' id='line_1_74' title="bbox 1065 192 1857 228; baseline 0.006 -11"><span class='ocrx_word' id='word_1_526' title='bbox 1065 193 1141 227; x_wconf 77' lang='lat' dir='ltr'>peius</span> <span class='ocrx_word' id='word_1_527' title='bbox 1153 192 1217 219; x_wconf 86' lang='lat' dir='ltr'>fuit:</span> <span class='ocrx_word' id='word_1_528' title='bbox 1241 202 1288 219; x_wconf 88' lang='lat' dir='ltr'>nec</span> <span class='ocrx_word' id='word_1_529' title='bbox 1300 198 1471 228; x_wconf 58' lang='lat' dir='ltr'>{anteaquam</span> <span class='ocrx_word' id='word_1_530' title='bbox 1483 193 1557 220; x_wconf 76' lang='lat' dir='ltr'>illius</span> <span class='ocrx_word' id='word_1_531' title='bbox 1567 194 1715 220; x_wconf 70' lang='lat' dir='ltr'>auctoritati</span> <span class='ocrx_word' id='word_1_532' title='bbox 1726 202 1784 221; x_wconf 79' lang='lat' dir='ltr'>eam</span> <span class='ocrx_word' id='word_1_533' title='bbox 1796 193 1857 222; x_wconf 80' lang='lat' dir='ltr'>dedi</span> 
     </span>
     <span class='ocr_line' id='line_1_75' title="bbox 1066 230 1858 266; baseline 0.005 -11"><span class='ocrx_word' id='word_1_534' title='bbox 1066 230 1183 260; x_wconf 77' lang='lat' dir='ltr'>venium,</span> <span class='ocrx_word' id='word_1_535' title='bbox 1205 239 1286 264; x_wconf 63' lang='lat' dir='ltr'>(iiiam</span> <span class='ocrx_word' id='word_1_536' title='bbox 1302 230 1397 260; x_wconf 80' lang='lat' dir='ltr'>debui.</span> <span class='ocrx_word' id='word_1_537' title='bbox 1414 230 1562 266; x_wconf 75' lang='lat' dir='ltr'>quidquam</span> <span class='ocrx_word' id='word_1_538' title='bbox 1577 231 1718 261; x_wconf 64' lang='lat' dir='ltr'>simulavi.</span> <span class='ocrx_word' id='word_1_539' title='bbox 1736 240 1783 261; x_wconf 81' lang='lat' dir='ltr'>ne.</span> <span class='ocrx_word' id='word_1_540' title='bbox 1795 241 1858 259; x_wconf 85' lang='lat' dir='ltr'>cum</span> 
     </span>
     <span class='ocr_line' id='line_1_76' title="bbox 1042 266 1859 309; baseline 0.004 -17"><span class='ocrx_word' id='word_1_541' title='bbox 1042 268 1043 309; x_wconf 45' lang='lat' dir='ltr'>l</span> <span class='ocrx_word' id='word_1_542' title='bbox 1066 276 1122 293; x_wconf 81' lang='lat' dir='ltr'>mea</span> <span class='ocrx_word' id='word_1_543' title='bbox 1143 266 1268 301; x_wconf 79' lang='lat' dir='ltr'>perfidia,</span> <span class='ocrx_word' id='word_1_544' title='bbox 1285 266 1324 293; x_wconf 88' lang='lat' dir='ltr'>illi</span> <span class='ocrx_word' id='word_1_545' title='bbox 1339 268 1419 294; x_wconf 74' lang='lat' dir='ltr'>etiam</span> <span class='ocrx_word' id='word_1_546' title='bbox 1435 268 1486 302; x_wconf 75' lang='lat' dir='ltr'>ipsi</span> <span class='ocrx_word' id='word_1_547' title='bbox 1503 267 1630 299; x_wconf 80' lang='lat' dir='ltr'>facerem,</span> <span class='ocrx_word' id='word_1_548' title='bbox 1642 269 1686 295; x_wconf 89' lang='lat' dir='ltr'>cui</span> <span class='ocrx_word' id='word_1_549' title='bbox 1698 269 1859 296; x_wconf 72' lang='lat' dir='ltr'>beneswium</span> 
     </span>
     <span class='ocr_line' id='line_1_77' title="bbox 1041 304 1858 352; baseline 0.004 -23"><span class='ocrx_word' id='word_1_550' title='bbox 1041 313 1044 352; x_wconf 30' lang='grc' dir='ltr'>ἱ</span> <span class='ocrx_word' id='word_1_551' title='bbox 1064 304 1214 334; x_wconf 71' lang='lat' dir='ltr'>dedissem.</span> <span class='ocrx_word' id='word_1_552' title='bbox 1233 304 1368 331; x_wconf 79' lang='lat' dir='ltr'>iniuriam.</span> <span class='ocrx_word' id='word_1_553' title='bbox 1409 305 1474 331; x_wconf 79' lang='lat' dir='ltr'>Nam</span> <span class='ocrx_word' id='word_1_554' title='bbox 1490 314 1541 331; x_wconf 92' lang='lat' dir='ltr'>non</span> <span class='ocrx_word' id='word_1_555' title='bbox 1557 305 1693 332; x_wconf 83' lang='lat' dir='ltr'>redeundo</span> <span class='ocrx_word' id='word_1_556' title='bbox 1708 306 1858 342; x_wconf 75' lang='lat' dir='ltr'>ingratiam</span> 
     </span>
    </p>
   </div>
   <div class='ocr_carea' id='block_1_23' title="bbox 1042 341 1858 378">
    <p class='ocr_par' dir='ltr' id='par_1_27' title="bbox 1042 341 1858 378">
     <span class='ocr_line' id='line_1_78' title="bbox 1042 341 1858 378; baseline 0.005 -12"><span class='ocrx_word' id='word_1_557' title='bbox 1042 354 1043 377; x_wconf 30' lang='grc' dir='ltr'>ἦ</span> <span class='ocrx_word' id='word_1_558' title='bbox 1064 350 1126 367; x_wconf 79' lang='lat' dir='ltr'>cum</span> <span class='ocrx_word' id='word_1_559' title='bbox 1143 342 1266 372; x_wconf 83' lang='lat' dir='ltr'>inimico,</span> <span class='ocrx_word' id='word_1_560' title='bbox 1283 350 1334 368; x_wconf 91' lang='lat' dir='ltr'>non</span> <span class='ocrx_word' id='word_1_561' title='bbox 1349 341 1479 368; x_wconf 78' lang='lat' dir='ltr'>violabam</span> <span class='ocrx_word' id='word_1_562' title='bbox 1492 342 1659 377; x_wconf 84' lang='lat' dir='ltr'>Pompeium.</span> <span class='ocrx_word' id='word_1_563' title='bbox 1699 342 1726 370; x_wconf 89' lang='lat' dir='ltr'>Si</span> <span class='ocrx_word' id='word_1_564' title='bbox 1739 352 1787 378; x_wconf 84' lang='lat' dir='ltr'>per</span> <span class='ocrx_word' id='word_1_565' title='bbox 1795 351 1858 370; x_wconf 86' lang='lat' dir='ltr'>eum</span> 
     </span>
    </p>
   </div>
   <div class='ocr_carea' id='block_1_24' title="bbox 1041 192 1044 260">
    <p class='ocr_par' dir='ltr' id='par_1_28' title="bbox 1041 192 1044 260">
     <span class='ocr_line' id='line_1_79' title="bbox 1041 192 1044 260; baseline 0 2792"><span class='ocrx_word' id='word_1_566' title='bbox 1041 192 1044 260; x_wconf 95' lang='lat' dir='ltr'> </span> 
     </span>
    </p>
   </div>
   <div class='ocr_carea' id='block_1_25' title="bbox 1038 378 1861 2689">
    <p class='ocr_par' dir='ltr' id='par_1_29' title="bbox 1038 378 1861 1535">
     <span class='ocr_line' id='line_1_80' title="bbox 1065 378 1859 411; baseline 0.004 -7"><span class='ocrx_word' id='word_1_567' title='bbox 1065 378 1191 405; x_wconf 80' lang='lat' dir='ltr'>reductus</span> <span class='ocrx_word' id='word_1_568' title='bbox 1203 378 1331 405; x_wconf 70' lang='lat' dir='ltr'>insidiose</span> <span class='ocrx_word' id='word_1_569' title='bbox 1341 378 1484 408; x_wconf 72' lang='lat' dir='ltr'>redissem:</span> <span class='ocrx_word' id='word_1_570' title='bbox 1507 388 1550 405; x_wconf 79' lang='lat' dir='ltr'>me</span> <span class='ocrx_word' id='word_1_571' title='bbox 1560 379 1662 406; x_wconf 73' lang='lat' dir='ltr'>scilieet</span> <span class='ocrx_word' id='word_1_572' title='bbox 1674 381 1798 411; x_wconf 80' lang='lat' dir='ltr'>maxime.</span> <span class='ocrx_word' id='word_1_573' title='bbox 1811 379 1859 407; x_wconf 75' lang='lat' dir='ltr'>sed</span> 
     </span>
     <span class='ocr_line' id='line_1_81' title="bbox 1041 411 1860 451; baseline 0.005 -10"><span class='ocrx_word' id='word_1_574' title='bbox 1041 411 1043 430; x_wconf 58' lang='lat'><em>³</em></span> <span class='ocrx_word' id='word_1_575' title='bbox 1064 417 1184 450; x_wconf 83' lang='lat' dir='ltr'>proxima</span> <span class='ocrx_word' id='word_1_576' title='bbox 1210 416 1286 442; x_wconf 89' lang='lat' dir='ltr'>illum</span> <span class='ocrx_word' id='word_1_577' title='bbox 1311 424 1420 451; x_wconf 82' lang='lat' dir='ltr'>quoque</span> <span class='ocrx_word' id='word_1_578' title='bbox 1445 415 1612 443; x_wconf 71' lang='lat' dir='ltr'>fefellissem.</span> <span class='ocrx_word' id='word_1_579' title='bbox 1647 418 1689 444; x_wconf 71' lang='grc'>36.</span> <span class='ocrx_word' id='word_1_580' title='bbox 1710 419 1743 444; x_wconf 80' lang='lat' dir='ltr'>At</span> <span class='ocrx_word' id='word_1_581' title='bbox 1762 417 1796 444; x_wconf 89' lang='lat' dir='ltr'>de</span> <span class='ocrx_word' id='word_1_582' title='bbox 1816 425 1860 444; x_wconf 79' lang='lat' dir='ltr'>me</span> 
     </span>
     <span class='ocr_line' id='line_1_82' title="bbox 1041 453 1858 486; baseline 0.002 -7"><span class='ocrx_word' id='word_1_583' title='bbox 1041 478 1042 482; x_wconf 70' lang='grc'>,</span> <span class='ocrx_word' id='word_1_584' title='bbox 1063 453 1232 480; x_wconf 85' lang='lat' dir='ltr'>omittamus:</span> <span class='ocrx_word' id='word_1_585' title='bbox 1255 453 1287 479; x_wconf 84' lang='lat' dir='ltr'>ad</span> <span class='ocrx_word' id='word_1_586' title='bbox 1299 453 1494 480; x_wconf 73' lang='lat' dir='ltr'>Alexandrinos</span> <span class='ocrx_word' id='word_1_587' title='bbox 1506 454 1572 480; x_wconf 76' lang='lat' dir='ltr'>istos</span> <span class='ocrx_word' id='word_1_588' title='bbox 1582 460 1755 481; x_wconf 82' lang='lat' dir='ltr'>revertamur.</span> <span class='ocrx_word' id='word_1_589' title='bbox 1781 454 1858 486; x_wconf 86' lang='lat' dir='ltr'>Quod</span> 
     </span>
     <span class='ocr_line' id='line_1_83' title="bbox 1040 485 1859 527; baseline 0.005 -12"><span class='ocrx_word' id='word_1_590' title='bbox 1040 485 1043 522; x_wconf 71' lang='lat' dir='ltr'>l</span> <span class='ocrx_word' id='word_1_591' title='bbox 1064 490 1162 516; x_wconf 77' lang='lat' dir='ltr'>liabent</span> <span class='ocrx_word' id='word_1_592' title='bbox 1177 491 1220 516; x_wconf 80' lang='lat' dir='ltr'>osl</span> <span class='ocrx_word' id='word_1_593' title='bbox 1241 499 1323 525; x_wconf 79' lang='lat' dir='ltr'>quain</span> <span class='ocrx_word' id='word_1_594' title='bbox 1339 490 1492 517; x_wconf 81' lang='lat' dir='ltr'>audaciaml</span> <span class='ocrx_word' id='word_1_595' title='bbox 1515 490 1606 522; x_wconf 82' lang='lat' dir='ltr'>Modo,</span> <span class='ocrx_word' id='word_1_596' title='bbox 1619 491 1859 527; x_wconf 67' lang='lat' dir='ltr'>vobin-:spectan-</span> 
     </span>
     <span class='ocr_line' id='line_1_84' title="bbox 1040 528 1859 563; baseline 0.004 -10"><span class='ocrx_word' id='word_1_597' title='bbox 1040 536 1042 554; x_wconf 85' lang='grc' dir='ltr'>ι</span> <span class='ocrx_word' id='word_1_598' title='bbox 1064 528 1149 558; x_wconf 81' lang='lat' dir='ltr'>tibus,</span> <span class='ocrx_word' id='word_1_599' title='bbox 1168 529 1194 554; x_wconf 91' lang='lat' dir='ltr'>in</span> <span class='ocrx_word' id='word_1_600' title='bbox 1211 528 1312 554; x_wconf 83' lang='lat' dir='ltr'>iudicio</span> <span class='ocrx_word' id='word_1_601' title='bbox 1326 528 1449 558; x_wconf 83' lang='lat' dir='ltr'>Gabinii.</span> <span class='ocrx_word' id='word_1_602' title='bbox 1462 529 1538 554; x_wconf 83' lang='lat' dir='ltr'>tertio</span> <span class='ocrx_word' id='word_1_603' title='bbox 1549 537 1658 563; x_wconf 82' lang='lat' dir='ltr'>quoque</span> <span class='ocrx_word' id='word_1_604' title='bbox 1670 529 1750 556; x_wconf 85' lang='lat' dir='ltr'>verbo</span> <span class='ocrx_word' id='word_1_605' title='bbox 1760 530 1859 556; x_wconf 77' lang='lat' dir='ltr'>excita-</span> 
     </span>
     <span class='ocr_line' id='line_1_85' title="bbox 1040 565 1860 600; baseline 0.002 -9"><span class='ocrx_word' id='word_1_606' title='bbox 1040 574 1042 597; x_wconf 59' lang='grc' dir='ltr'>ξ</span> <span class='ocrx_word' id='word_1_607' title='bbox 1064 565 1173 591; x_wconf 81' lang='lat' dir='ltr'>bantur:</span> <span class='ocrx_word' id='word_1_608' title='bbox 1196 566 1336 600; x_wconf 68' lang='lat' dir='ltr'>negabant,</span> <span class='ocrx_word' id='word_1_609' title='bbox 1350 566 1489 600; x_wconf 85' lang='lat' dir='ltr'>pecuniam</span> <span class='ocrx_word' id='word_1_610' title='bbox 1501 565 1617 592; x_wconf 85' lang='lat' dir='ltr'>Gabinio</span> <span class='ocrx_word' id='word_1_611' title='bbox 1627 566 1726 592; x_wconf 77' lang='lat' dir='ltr'>datam.</span> <span class='ocrx_word' id='word_1_612' title='bbox 1757 566 1860 593; x_wconf 76' lang='lat' dir='ltr'>nectu-</span> 
     </span>
     <span class='ocr_line' id='line_1_86' title="bbox 1040 602 1859 639; baseline 0.001 -11"><span class='ocrx_word' id='word_1_613' title='bbox 1040 606 1041 618; x_wconf 65' lang='lat'>¹</span> <span class='ocrx_word' id='word_1_614' title='bbox 1064 603 1141 629; x_wconf 86' lang='lat' dir='ltr'>batur</span> <span class='ocrx_word' id='word_1_615' title='bbox 1162 602 1306 629; x_wconf 88' lang='lat' dir='ltr'>identidem</span> <span class='ocrx_word' id='word_1_616' title='bbox 1322 603 1440 638; x_wconf 89' lang='lat' dir='ltr'>Pompeii</span> <span class='ocrx_word' id='word_1_617' title='bbox 1456 603 1654 630; x_wconf 78' lang='lat' dir='ltr'>testimonium:</span> <span class='ocrx_word' id='word_1_618' title='bbox 1676 611 1765 639; x_wconf 79' lang='lat' dir='ltr'>regem</span> <span class='ocrx_word' id='word_1_619' title='bbox 1781 603 1814 629; x_wconf 77' lang='lat' dir='ltr'>ad</span> <span class='ocrx_word' id='word_1_620' title='bbox 1829 611 1859 629; x_wconf 74' lang='lat' dir='ltr'>ae</span> 
     </span>
     <span class='ocr_line' id='line_1_87' title="bbox 1040 640 1861 678; baseline 0.001 -12"><span class='ocrx_word' id='word_1_621' title='bbox 1040 644 1042 678; x_wconf 64' lang='lat' dir='ltr'>l</span> <span class='ocrx_word' id='word_1_622' title='bbox 1062 640 1216 675; x_wconf 82' lang='lat' dir='ltr'>scripsisse,</span> <span class='ocrx_word' id='word_1_623' title='bbox 1235 640 1336 666; x_wconf 90' lang='lat' dir='ltr'>nullam</span> <span class='ocrx_word' id='word_1_624' title='bbox 1350 640 1489 675; x_wconf 83' lang='lat' dir='ltr'>pecuniam</span> <span class='ocrx_word' id='word_1_625' title='bbox 1502 640 1625 671; x_wconf 80' lang='lat' dir='ltr'>Gabinio.</span> <span class='ocrx_word' id='word_1_626' title='bbox 1639 641 1690 667; x_wconf 81' lang='lat' dir='ltr'>nisi</span> <span class='ocrx_word' id='word_1_627' title='bbox 1703 641 1730 667; x_wconf 90' lang='lat' dir='ltr'>in</span> <span class='ocrx_word' id='word_1_628' title='bbox 1742 648 1796 667; x_wconf 88' lang='lat' dir='ltr'>rem</span> <span class='ocrx_word' id='word_1_629' title='bbox 1808 640 1861 667; x_wconf 86' lang='lat' dir='ltr'>mi-</span> 
     </span>
     <span class='ocr_line' id='line_1_88' title="bbox 1040 677 1860 712; baseline 0.001 -9"><span class='ocrx_word' id='word_1_630' title='bbox 1040 694 1041 700; x_wconf 56' lang='lat'>.</span> <span class='ocrx_word' id='word_1_631' title='bbox 1064 677 1178 707; x_wconf 83' lang='lat' dir='ltr'>litarem.</span> <span class='ocrx_word' id='word_1_632' title='bbox 1195 677 1294 703; x_wconf 85' lang='lat' dir='ltr'>datam.</span> <span class='ocrx_word' id='word_1_633' title='bbox 1335 678 1392 704; x_wconf 73' lang='lat' dir='ltr'>Non</span> <span class='ocrx_word' id='word_1_634' title='bbox 1408 683 1461 707; x_wconf 83' lang='lat' dir='ltr'>est.</span> <span class='ocrx_word' id='word_1_635' title='bbox 1478 678 1580 712; x_wconf 84' lang='lat' dir='ltr'>inquit,</span> <span class='ocrx_word' id='word_1_636' title='bbox 1598 682 1654 704; x_wconf 90' lang='lat' dir='ltr'>tum</span> <span class='ocrx_word' id='word_1_637' title='bbox 1671 677 1860 704; x_wconf 66' lang='lat' dir='ltr'>Alexandrini!</span> 
     </span>
     <span class='ocr_line' id='line_1_89' title="bbox 1063 714 1858 750; baseline -0.001 -9"><span class='ocrx_word' id='word_1_638' title='bbox 1063 715 1177 741; x_wconf 77' lang='lat' dir='ltr'>testibus</span> <span class='ocrx_word' id='word_1_639' title='bbox 1202 715 1344 741; x_wconf 88' lang='lat' dir='ltr'>creditum.</span> <span class='ocrx_word' id='word_1_640' title='bbox 1388 714 1478 747; x_wconf 77' lang='lat' dir='ltr'>Quid?</span> <span class='ocrx_word' id='word_1_641' title='bbox 1506 720 1596 750; x_wconf 79' lang='lat' dir='ltr'>postea</span> <span class='ocrx_word' id='word_1_642' title='bbox 1615 714 1766 742; x_wconf 70' lang='lat' dir='ltr'>creditum?</span> <span class='ocrx_word' id='word_1_643' title='bbox 1794 723 1858 741; x_wconf 81' lang='lat' dir='ltr'>non.</span> 
     </span>
     <span class='ocr_line' id='line_1_90' title="bbox 1040 751 1858 790; baseline 0 -12"><span class='ocrx_word' id='word_1_644' title='bbox 1040 751 1041 790; x_wconf 23' lang='grc' dir='ltr'>ζ</span> <span class='ocrx_word' id='word_1_645' title='bbox 1062 751 1259 784; x_wconf 77' lang='lat' dir='ltr'>Quamobrem?</span> <span class='ocrx_word' id='word_1_646' title='bbox 1278 753 1341 786; x_wconf 85' lang='lat' dir='ltr'>quia</span> <span class='ocrx_word' id='word_1_647' title='bbox 1358 760 1429 778; x_wconf 91' lang='lat' dir='ltr'>nunc</span> <span class='ocrx_word' id='word_1_648' title='bbox 1444 753 1532 783; x_wconf 78' lang='lat' dir='ltr'>aiunt,</span> <span class='ocrx_word' id='word_1_649' title='bbox 1549 752 1622 787; x_wconf 90' lang='lat' dir='ltr'>quod</span> <span class='ocrx_word' id='word_1_650' title='bbox 1638 757 1700 778; x_wconf 87' lang='lat' dir='ltr'>tunc</span> <span class='ocrx_word' id='word_1_651' title='bbox 1716 751 1858 788; x_wconf 74' lang='lat' dir='ltr'>negabant.</span> 
     </span>
     <span class='ocr_line' id='line_1_91' title="bbox 1040 788 1859 825; baseline -0.001 -9"><span class='ocrx_word' id='word_1_652' title='bbox 1040 800 1041 805; x_wconf 57' lang='lat'>¹</span> <span class='ocrx_word' id='word_1_653' title='bbox 1062 791 1103 816; x_wconf 80' lang='lat'>35.</span> <span class='ocrx_word' id='word_1_654' title='bbox 1129 788 1220 821; x_wconf 77' lang='lat' dir='ltr'>Quid‘.&gt;</span> <span class='ocrx_word' id='word_1_655' title='bbox 1243 798 1305 825; x_wconf 80' lang='lat' dir='ltr'>ergo</span> <span class='ocrx_word' id='word_1_656' title='bbox 1320 790 1369 816; x_wconf 84' lang='lat' dir='ltr'>ista</span> <span class='ocrx_word' id='word_1_657' title='bbox 1384 789 1502 816; x_wconf 89' lang='lat' dir='ltr'>conditio</span> <span class='ocrx_word' id='word_1_658' title='bbox 1514 794 1555 816; x_wconf 88' lang='lat' dir='ltr'>est</span> <span class='ocrx_word' id='word_1_659' title='bbox 1569 790 1692 820; x_wconf 85' lang='lat' dir='ltr'>testium,</span> <span class='ocrx_word' id='word_1_660' title='bbox 1705 794 1743 820; x_wconf 84' lang='lat' dir='ltr'>ut,</span> <span class='ocrx_word' id='word_1_661' title='bbox 1755 789 1859 824; x_wconf 68' lang='lat' dir='ltr'>quibus</span> 
     </span>
     <span class='ocr_line' id='line_1_92' title="bbox 1061 826 1860 862; baseline 0 -9"><span class='ocrx_word' id='word_1_662' title='bbox 1061 826 1193 853; x_wconf 85' lang='lat' dir='ltr'>creditum</span> <span class='ocrx_word' id='word_1_663' title='bbox 1209 835 1260 853; x_wconf 91' lang='lat' dir='ltr'>non</span> <span class='ocrx_word' id='word_1_664' title='bbox 1272 827 1307 852; x_wconf 86' lang='lat' dir='ltr'>sit</span> <span class='ocrx_word' id='word_1_665' title='bbox 1319 827 1492 862; x_wconf 69' lang='lat' dir='ltr'>negantibus,</span> <span class='ocrx_word' id='word_1_666' title='bbox 1505 827 1601 854; x_wconf 85' lang='lat' dir='ltr'>iisdem</span> <span class='ocrx_word' id='word_1_667' title='bbox 1612 826 1735 853; x_wconf 83' lang='lat' dir='ltr'>credatur</span> <span class='ocrx_word' id='word_1_668' title='bbox 1745 826 1860 853; x_wconf 81' lang='lat' dir='ltr'>dicenti-</span> 
     </span>
     <span class='ocr_line' id='line_1_93' title="bbox 1063 863 1856 894; baseline 0 -4"><span class='ocrx_word' id='word_1_669' title='bbox 1063 863 1132 890; x_wconf 71' lang='lat' dir='ltr'>bus?</span> <span class='ocrx_word' id='word_1_670' title='bbox 1150 864 1192 894; x_wconf 71' lang='lat' dir='ltr'>At.</span> <span class='ocrx_word' id='word_1_671' title='bbox 1205 864 1228 890; x_wconf 82' lang='lat' dir='ltr'>si</span> <span class='ocrx_word' id='word_1_672' title='bbox 1242 873 1334 890; x_wconf 81' lang='lat' dir='ltr'>verum</span> <span class='ocrx_word' id='word_1_673' title='bbox 1346 870 1402 890; x_wconf 90' lang='lat' dir='ltr'>tum</span> <span class='ocrx_word' id='word_1_674' title='bbox 1414 873 1476 890; x_wconf 90' lang='lat' dir='ltr'>cum</span> <span class='ocrx_word' id='word_1_675' title='bbox 1484 865 1621 890; x_wconf 75' lang='lat' dir='ltr'>verissima</span> <span class='ocrx_word' id='word_1_676' title='bbox 1629 863 1856 894; x_wconf 79' lang='lat' dir='ltr'>frontedixerunt,</span> 
     </span>
     <span class='ocr_line' id='line_1_94' title="bbox 1063 901 1859 932; baseline 0.001 -5"><span class='ocrx_word' id='word_1_677' title='bbox 1063 910 1133 928; x_wconf 88' lang='lat' dir='ltr'>nunc</span> <span class='ocrx_word' id='word_1_678' title='bbox 1149 901 1330 927; x_wconf 82' lang='lat' dir='ltr'>mentiuntur:</span> <span class='ocrx_word' id='word_1_679' title='bbox 1355 902 1378 927; x_wconf 88' lang='lat' dir='ltr'>si</span> <span class='ocrx_word' id='word_1_680' title='bbox 1391 906 1454 928; x_wconf 89' lang='lat' dir='ltr'>tunc</span> <span class='ocrx_word' id='word_1_681' title='bbox 1464 902 1567 928; x_wconf 86' lang='lat' dir='ltr'>mentiti</span> <span class='ocrx_word' id='word_1_682' title='bbox 1579 906 1651 932; x_wconf 78' lang='lat' dir='ltr'>sunt.</span> <span class='ocrx_word' id='word_1_683' title='bbox 1664 901 1775 928; x_wconf 75' lang='lat' dir='ltr'>doceant</span> <span class='ocrx_word' id='word_1_684' title='bbox 1786 908 1859 928; x_wconf 81' lang='lat' dir='ltr'>nune</span> 
     </span>
     <span class='ocr_line' id='line_1_95' title="bbox 1040 937 1857 973; baseline 0.001 -9"><span class='ocrx_word' id='word_1_685' title='bbox 1040 949 1041 959; x_wconf 42' lang='grc' dir='ltr'>π</span> <span class='ocrx_word' id='word_1_686' title='bbox 1063 947 1155 965; x_wconf 58' lang='lat' dir='ltr'>verum</span> <span class='ocrx_word' id='word_1_687' title='bbox 1171 947 1243 969; x_wconf 89' lang='lat' dir='ltr'>esse,</span> <span class='ocrx_word' id='word_1_688' title='bbox 1259 937 1332 973; x_wconf 89' lang='lat' dir='ltr'>quod</span> <span class='ocrx_word' id='word_1_689' title='bbox 1349 938 1444 970; x_wconf 81' lang='lat' dir='ltr'>vultis,</span> <span class='ocrx_word' id='word_1_690' title='bbox 1462 944 1508 965; x_wconf 88' lang='lat' dir='ltr'>aut</span> <span class='ocrx_word' id='word_1_691' title='bbox 1518 938 1623 965; x_wconf 85' lang='lat' dir='ltr'>sileant.</span> <span class='ocrx_word' id='word_1_692' title='bbox 1663 938 1857 965; x_wconf 77' lang='lat' dir='ltr'>Diciaudieba-</span> 
     </span>
     <span class='ocr_line' id='line_1_96' title="bbox 1063 975 1859 1011; baseline 0 -9"><span class='ocrx_word' id='word_1_693' title='bbox 1063 985 1124 1002; x_wconf 88' lang='lat' dir='ltr'>mus</span> <span class='ocrx_word' id='word_1_694' title='bbox 1141 976 1175 1002; x_wconf 84' lang='lat' dir='ltr'>de</span> <span class='ocrx_word' id='word_1_695' title='bbox 1189 975 1364 1002; x_wconf 79' lang='lat' dir='ltr'>Alexandria:</span> <span class='ocrx_word' id='word_1_696' title='bbox 1386 985 1457 1002; x_wconf 87' lang='lat' dir='ltr'>nunc</span> <span class='ocrx_word' id='word_1_697' title='bbox 1471 977 1660 1011; x_wconf 77' lang='lat' dir='ltr'>cognoscimus</span> <span class='ocrx_word' id='word_1_698' title='bbox 1674 984 1767 1002; x_wconf 82' lang='lat' dir='ltr'>omnes</span> <span class='ocrx_word' id='word_1_699' title='bbox 1783 975 1859 1002; x_wconf 71' lang='lat' dir='ltr'>iltius</span> 
     </span>
     <span class='ocr_line' id='line_1_97' title="bbox 1063 1012 1859 1048; baseline 0 -9"><span class='ocrx_word' id='word_1_700' title='bbox 1063 1014 1234 1048; x_wconf 77' lang='lat' dir='ltr'>praestigias:</span> <span class='ocrx_word' id='word_1_701' title='bbox 1256 1013 1344 1043; x_wconf 88' lang='lat' dir='ltr'>illinc,</span> <span class='ocrx_word' id='word_1_702' title='bbox 1363 1013 1487 1048; x_wconf 86' lang='lat' dir='ltr'>inquam.</span> <span class='ocrx_word' id='word_1_703' title='bbox 1504 1022 1598 1040; x_wconf 78' lang='lat' dir='ltr'>omnes</span> <span class='ocrx_word' id='word_1_704' title='bbox 1613 1012 1747 1040; x_wconf 79' lang='lat' dir='ltr'>fallaciae:</span> <span class='ocrx_word' id='word_1_705' title='bbox 1768 1013 1859 1040; x_wconf 75' lang='lat' dir='ltr'>omnin</span> 
     </span>
     <span class='ocr_line' id='line_1_98' title="bbox 1804 1050 1860 1076; baseline 0 0"><span class='ocrx_word' id='word_1_706' title='bbox 1804 1050 1860 1076; x_wconf 82' lang='lat' dir='ltr'>Neo</span> 
     </span>
     <span class='ocr_line' id='line_1_99' title="bbox 1062 1087 1859 1123; baseline 0 -9"><span class='ocrx_word' id='word_1_707' title='bbox 1062 1088 1129 1114; x_wconf 86' lang='lat' dir='ltr'>mihi</span> <span class='ocrx_word' id='word_1_708' title='bbox 1146 1087 1252 1122; x_wconf 80' lang='lat' dir='ltr'>longius</span> <span class='ocrx_word' id='word_1_709' title='bbox 1263 1087 1412 1122; x_wconf 84' lang='lat' dir='ltr'>quidquam</span> <span class='ocrx_word' id='word_1_710' title='bbox 1425 1093 1473 1118; x_wconf 88' lang='lat' dir='ltr'>est,</span> <span class='ocrx_word' id='word_1_711' title='bbox 1486 1087 1603 1118; x_wconf 83' lang='lat' dir='ltr'>iudices,</span> <span class='ocrx_word' id='word_1_712' title='bbox 1615 1097 1696 1123; x_wconf 87' lang='lat' dir='ltr'>quam</span> <span class='ocrx_word' id='word_1_713' title='bbox 1709 1087 1799 1114; x_wconf 78' lang='lat' dir='ltr'>videre</span> <span class='ocrx_word' id='word_1_714' title='bbox 1810 1087 1859 1114; x_wconf 86' lang='lat' dir='ltr'>ho-</span> 
     </span>
     <span class='ocr_line' id='line_1_100' title="bbox 1062 1124 1857 1152; baseline -0.001 -1"><span class='ocrx_word' id='word_1_715' title='bbox 1062 1126 1165 1151; x_wconf 89' lang='lat' dir='ltr'>minum</span> <span class='ocrx_word' id='word_1_716' title='bbox 1178 1128 1278 1151; x_wconf 89' lang='lat' dir='ltr'>vultus.</span> <span class='ocrx_word' id='word_1_717' title='bbox 1301 1125 1371 1152; x_wconf 83' lang='lat' dir='ltr'>XIII.</span> <span class='ocrx_word' id='word_1_718' title='bbox 1384 1127 1425 1151; x_wconf 87' lang='grc'>36.</span> <span class='ocrx_word' id='word_1_719' title='bbox 1438 1125 1568 1152; x_wconf 81' lang='lat' dir='ltr'>Dixerunt</span> <span class='ocrx_word' id='word_1_720' title='bbox 1578 1125 1622 1151; x_wconf 87' lang='lat' dir='ltr'>bic</span> <span class='ocrx_word' id='word_1_721' title='bbox 1632 1124 1857 1152; x_wconf 82' lang='lat' dir='ltr'>modonobiscum</span> 
     </span>
     <span class='ocr_line' id='line_1_101' title="bbox 1038 1161 1859 1200; baseline 0 -12"><span class='ocrx_word' id='word_1_722' title='bbox 1038 1195 1040 1200; x_wconf 14' lang='grc' dir='ltr'>η</span> <span class='ocrx_word' id='word_1_723' title='bbox 1061 1162 1094 1189; x_wconf 78' lang='lat' dir='ltr'>ad</span> <span class='ocrx_word' id='word_1_724' title='bbox 1116 1162 1179 1189; x_wconf 87' lang='lat' dir='ltr'>haec</span> <span class='ocrx_word' id='word_1_725' title='bbox 1194 1161 1337 1193; x_wconf 82' lang='lat' dir='ltr'>subsellia,</span> <span class='ocrx_word' id='word_1_726' title='bbox 1353 1162 1454 1197; x_wconf 86' lang='lat' dir='ltr'>quibus</span> <span class='ocrx_word' id='word_1_727' title='bbox 1469 1162 1622 1197; x_wconf 84' lang='lat' dir='ltr'>superciliis</span> <span class='ocrx_word' id='word_1_728' title='bbox 1637 1167 1779 1189; x_wconf 78' lang='lat' dir='ltr'>renuentes</span> <span class='ocrx_word' id='word_1_729' title='bbox 1794 1161 1859 1188; x_wconf 83' lang='lat' dir='ltr'>huic</span> 
     </span>
     <span class='ocr_line' id='line_1_102' title="bbox 1061 1199 1859 1226; baseline 0 0"><span class='ocrx_word' id='word_1_730' title='bbox 1061 1199 1151 1226; x_wconf 87' lang='lat' dir='ltr'>decem</span> <span class='ocrx_word' id='word_1_731' title='bbox 1164 1199 1280 1226; x_wconf 91' lang='lat' dir='ltr'>millium</span> <span class='ocrx_word' id='word_1_732' title='bbox 1295 1199 1415 1226; x_wconf 78' lang='lat' dir='ltr'>crimini!</span> <span class='ocrx_word' id='word_1_733' title='bbox 1429 1200 1482 1226; x_wconf 87' lang='lat' dir='ltr'>Iam</span> <span class='ocrx_word' id='word_1_734' title='bbox 1495 1199 1578 1226; x_wconf 85' lang='lat' dir='ltr'>nostis</span> <span class='ocrx_word' id='word_1_735' title='bbox 1589 1199 1859 1226; x_wconf 80' lang='lat' dir='ltr'>insulsitatemGrae-</span> 
     </span>
     <span class='ocr_line' id='line_1_103' title="bbox 1061 1236 1856 1272; baseline 0 -9"><span class='ocrx_word' id='word_1_736' title='bbox 1061 1246 1167 1264; x_wconf 88' lang='lat' dir='ltr'>corum:</span> <span class='ocrx_word' id='word_1_737' title='bbox 1199 1237 1320 1263; x_wconf 87' lang='lat' dir='ltr'>humeris</span> <span class='ocrx_word' id='word_1_738' title='bbox 1346 1242 1453 1272; x_wconf 81' lang='lat' dir='ltr'>gestum</span> <span class='ocrx_word' id='word_1_739' title='bbox 1482 1237 1609 1272; x_wconf 82' lang='lat' dir='ltr'>agebant:</span> <span class='ocrx_word' id='word_1_740' title='bbox 1638 1242 1694 1263; x_wconf 89' lang='lat' dir='ltr'>tum</span> <span class='ocrx_word' id='word_1_741' title='bbox 1719 1236 1856 1272; x_wconf 80' lang='lat' dir='ltr'>temporis,</span> 
     </span>
     <span class='ocr_line' id='line_1_104' title="bbox 1061 1273 1859 1308; baseline 0 -8"><span class='ocrx_word' id='word_1_742' title='bbox 1061 1274 1148 1304; x_wconf 88' lang='lat' dir='ltr'>credo,</span> <span class='ocrx_word' id='word_1_743' title='bbox 1161 1283 1270 1300; x_wconf 89' lang='lat' dir='ltr'>caussa:</span> <span class='ocrx_word' id='word_1_744' title='bbox 1291 1283 1364 1300; x_wconf 88' lang='lat' dir='ltr'>nunc</span> <span class='ocrx_word' id='word_1_745' title='bbox 1373 1274 1477 1300; x_wconf 87' lang='lat' dir='ltr'>scilicet</span> <span class='ocrx_word' id='word_1_746' title='bbox 1487 1279 1595 1308; x_wconf 87' lang='lat' dir='ltr'>tempus</span> <span class='ocrx_word' id='word_1_747' title='bbox 1605 1273 1710 1300; x_wconf 91' lang='lat' dir='ltr'>nullum</span> <span class='ocrx_word' id='word_1_748' title='bbox 1722 1278 1772 1301; x_wconf 81' lang='lat' dir='ltr'>est.</span> <span class='ocrx_word' id='word_1_749' title='bbox 1806 1273 1859 1301; x_wconf 83' lang='lat' dir='ltr'>Ubi</span> 
     </span>
     <span class='ocr_line' id='line_1_105' title="bbox 1061 1311 1860 1346; baseline 0 -8"><span class='ocrx_word' id='word_1_750' title='bbox 1061 1311 1143 1338; x_wconf 89' lang='lat' dir='ltr'>semel</span> <span class='ocrx_word' id='word_1_751' title='bbox 1165 1312 1227 1346; x_wconf 89' lang='lat' dir='ltr'>quis</span> <span class='ocrx_word' id='word_1_752' title='bbox 1248 1312 1419 1346; x_wconf 83' lang='lat' dir='ltr'>peieraverit,</span> <span class='ocrx_word' id='word_1_753' title='bbox 1442 1312 1467 1338; x_wconf 91' lang='lat' dir='ltr'>ei</span> <span class='ocrx_word' id='word_1_754' title='bbox 1481 1311 1553 1338; x_wconf 88' lang='lat' dir='ltr'>credi</span> <span class='ocrx_word' id='word_1_755' title='bbox 1569 1316 1672 1346; x_wconf 84' lang='lat' dir='ltr'>postea,</span> <span class='ocrx_word' id='word_1_756' title='bbox 1689 1311 1795 1338; x_wconf 82' lang='lat' dir='ltr'>etiamsi</span> <span class='ocrx_word' id='word_1_757' title='bbox 1811 1319 1860 1346; x_wconf 75' lang='lat' dir='ltr'>per</span> 
     </span>
     <span class='ocr_line' id='line_1_106' title="bbox 1061 1348 1856 1384; baseline 0 -9"><span class='ocrx_word' id='word_1_758' title='bbox 1061 1349 1152 1384; x_wconf 90' lang='lat' dir='ltr'>plures</span> <span class='ocrx_word' id='word_1_759' title='bbox 1166 1349 1230 1376; x_wconf 86' lang='lat' dir='ltr'>deos</span> <span class='ocrx_word' id='word_1_760' title='bbox 1250 1350 1332 1380; x_wconf 79' lang='lat' dir='ltr'>iuret,</span> <span class='ocrx_word' id='word_1_761' title='bbox 1349 1358 1401 1375; x_wconf 94' lang='lat' dir='ltr'>non</span> <span class='ocrx_word' id='word_1_762' title='bbox 1416 1353 1532 1383; x_wconf 90' lang='lat' dir='ltr'>oportet:</span> <span class='ocrx_word' id='word_1_763' title='bbox 1556 1349 1724 1383; x_wconf 82' lang='lat' dir='ltr'>praesertim,</span> <span class='ocrx_word' id='word_1_764' title='bbox 1741 1348 1856 1380; x_wconf 76' lang='lat' dir='ltr'>iudices.</span> 
     </span>
     <span class='ocr_line' id='line_1_107' title="bbox 1060 1385 1859 1422; baseline 0 -10"><span class='ocrx_word' id='word_1_765' title='bbox 1060 1395 1146 1422; x_wconf 88' lang='lat' dir='ltr'>quum</span> <span class='ocrx_word' id='word_1_766' title='bbox 1157 1387 1184 1412; x_wconf 95' lang='lat' dir='ltr'>in</span> <span class='ocrx_word' id='word_1_767' title='bbox 1199 1386 1242 1412; x_wconf 86' lang='lat' dir='ltr'>his</span> <span class='ocrx_word' id='word_1_768' title='bbox 1252 1386 1362 1413; x_wconf 87' lang='lat' dir='ltr'>iudiciis</span> <span class='ocrx_word' id='word_1_769' title='bbox 1373 1395 1406 1413; x_wconf 90' lang='lat' dir='ltr'>ne</span> <span class='ocrx_word' id='word_1_770' title='bbox 1417 1385 1491 1413; x_wconf 86' lang='lat' dir='ltr'>locus</span> <span class='ocrx_word' id='word_1_771' title='bbox 1502 1386 1613 1422; x_wconf 89' lang='lat' dir='ltr'>quidem</span> <span class='ocrx_word' id='word_1_772' title='bbox 1624 1394 1694 1413; x_wconf 91' lang='lat' dir='ltr'>novo</span> <span class='ocrx_word' id='word_1_773' title='bbox 1703 1386 1765 1413; x_wconf 86' lang='lat' dir='ltr'>testi</span> <span class='ocrx_word' id='word_1_774' title='bbox 1774 1385 1859 1413; x_wconf 81' lang='lat' dir='ltr'>soleat</span> 
     </span>
     <span class='ocr_line' id='line_1_108' title="bbox 1060 1423 1857 1458; baseline 0 -8"><span class='ocrx_word' id='word_1_775' title='bbox 1060 1433 1132 1455; x_wconf 89' lang='lat' dir='ltr'>esse,</span> <span class='ocrx_word' id='word_1_776' title='bbox 1150 1424 1184 1450; x_wconf 90' lang='lat' dir='ltr'>ob</span> <span class='ocrx_word' id='word_1_777' title='bbox 1200 1432 1313 1458; x_wconf 89' lang='lat' dir='ltr'>eamque</span> <span class='ocrx_word' id='word_1_778' title='bbox 1327 1432 1450 1450; x_wconf 88' lang='lat' dir='ltr'>caussam</span> <span class='ocrx_word' id='word_1_779' title='bbox 1465 1423 1546 1450; x_wconf 88' lang='lat' dir='ltr'>iidem</span> <span class='ocrx_word' id='word_1_780' title='bbox 1564 1423 1668 1450; x_wconf 85' lang='lat' dir='ltr'>iudices</span> <span class='ocrx_word' id='word_1_781' title='bbox 1684 1423 1857 1454; x_wconf 81' lang='lat' dir='ltr'>retineantur.</span> 
     </span>
     <span class='ocr_line' id='line_1_109' title="bbox 1060 1459 1857 1497; baseline 0.001 -10"><span class='ocrx_word' id='word_1_782' title='bbox 1060 1462 1108 1497; x_wconf 90' lang='lat' dir='ltr'>qui</span> <span class='ocrx_word' id='word_1_783' title='bbox 1119 1461 1237 1488; x_wconf 83' lang='lat' dir='ltr'>sederint</span> <span class='ocrx_word' id='word_1_784' title='bbox 1247 1461 1281 1487; x_wconf 86' lang='lat' dir='ltr'>de</span> <span class='ocrx_word' id='word_1_785' title='bbox 1291 1469 1345 1493; x_wconf 87' lang='lat' dir='ltr'>reo,</span> <span class='ocrx_word' id='word_1_786' title='bbox 1354 1466 1384 1488; x_wconf 87' lang='lat' dir='ltr'>ut</span> <span class='ocrx_word' id='word_1_787' title='bbox 1395 1461 1438 1488; x_wconf 90' lang='lat' dir='ltr'>his</span> <span class='ocrx_word' id='word_1_788' title='bbox 1449 1465 1509 1488; x_wconf 86' lang='lat' dir='ltr'>nota</span> <span class='ocrx_word' id='word_1_789' title='bbox 1519 1461 1575 1488; x_wconf 88' lang='lat' dir='ltr'>sint</span> <span class='ocrx_word' id='word_1_790' title='bbox 1583 1461 1682 1492; x_wconf 84' lang='lat' dir='ltr'>omnia.</span> <span class='ocrx_word' id='word_1_791' title='bbox 1691 1469 1780 1496; x_wconf 87' lang='lat' dir='ltr'>neque</span> <span class='ocrx_word' id='word_1_792' title='bbox 1790 1459 1857 1496; x_wconf 87' lang='lat' dir='ltr'>quid</span> 
     </span>
     <span class='ocr_line' id='line_1_110' title="bbox 1060 1499 1306 1535; baseline 0 -10"><span class='ocrx_word' id='word_1_793' title='bbox 1060 1499 1124 1535; x_wconf 82' lang='lat' dir='ltr'>fingi</span> <span class='ocrx_word' id='word_1_794' title='bbox 1137 1499 1200 1525; x_wconf 89' lang='lat' dir='ltr'>novi</span> <span class='ocrx_word' id='word_1_795' title='bbox 1212 1499 1306 1533; x_wconf 84' lang='lat' dir='ltr'>possit.</span> 
     </span>
    </p>

    <p class='ocr_par' dir='ltr' id='par_1_30' title="bbox 1055 1536 1859 2689">
     <span class='ocr_line' id='line_1_111' title="bbox 1115 1536 1857 1567; baseline -0.001 -5"><span class='ocrx_word' id='word_1_796' title='bbox 1115 1537 1156 1562; x_wconf 85' lang='lat'>37.</span> <span class='ocrx_word' id='word_1_797' title='bbox 1180 1536 1261 1567; x_wconf 89' lang='lat' dir='ltr'>Lites,</span> <span class='ocrx_word' id='word_1_798' title='bbox 1283 1545 1338 1566; x_wconf 83' lang='lat' dir='ltr'>ouo</span> <span class='ocrx_word' id='word_1_799' title='bbox 1367 1545 1404 1562; x_wconf 62' lang='lat' dir='ltr'>aa</span> <span class='ocrx_word' id='word_1_800' title='bbox 1427 1544 1557 1562; x_wconf 64' lang='lat' dir='ltr'>»scuria</span> <span class='ocrx_word' id='word_1_801' title='bbox 1580 1543 1778 1566; x_wconf 68' lang='lat' dir='ltr'>renuunt,</span> <span class='ocrx_word' id='word_1_802' title='bbox 1804 1542 1857 1562; x_wconf 89' lang='lat' dir='ltr'>non</span> 
     </span>
     <span class='ocr_line' id='line_1_112' title="bbox 1059 1572 1857 1608; baseline -0.003 -8"><span class='ocrx_word' id='word_1_803' title='bbox 1059 1574 1117 1600; x_wconf 90' lang='lat' dir='ltr'>suis</span> <span class='ocrx_word' id='word_1_804' title='bbox 1133 1573 1248 1608; x_wconf 83' lang='lat' dir='ltr'>propriis</span> <span class='ocrx_word' id='word_1_805' title='bbox 1265 1573 1388 1604; x_wconf 87' lang='lat' dir='ltr'>iudiciis,</span> <span class='ocrx_word' id='word_1_806' title='bbox 1405 1573 1453 1599; x_wconf 90' lang='lat' dir='ltr'>sed</span> <span class='ocrx_word' id='word_1_807' title='bbox 1468 1573 1496 1599; x_wconf 91' lang='lat' dir='ltr'>in</span> <span class='ocrx_word' id='word_1_808' title='bbox 1511 1581 1587 1599; x_wconf 88' lang='lat' dir='ltr'>reum</span> <span class='ocrx_word' id='word_1_809' title='bbox 1598 1572 1674 1599; x_wconf 84' lang='lat' dir='ltr'>factis</span> <span class='ocrx_word' id='word_1_810' title='bbox 1685 1572 1857 1599; x_wconf 79' lang='lat' dir='ltr'>condemnari</span> 
     </span>
     <span class='ocr_line' id='line_1_113' title="bbox 1059 1609 1859 1645; baseline -0.001 -8"><span class='ocrx_word' id='word_1_811' title='bbox 1059 1611 1155 1637; x_wconf 86' lang='lat' dir='ltr'>solent.</span> <span class='ocrx_word' id='word_1_812' title='bbox 1186 1611 1278 1645; x_wconf 83' lang='lat' dir='ltr'>Itaque</span> <span class='ocrx_word' id='word_1_813' title='bbox 1292 1611 1316 1636; x_wconf 91' lang='lat' dir='ltr'>si</span> <span class='ocrx_word' id='word_1_814' title='bbox 1331 1615 1378 1636; x_wconf 91' lang='lat' dir='ltr'>aut</span> <span class='ocrx_word' id='word_1_815' title='bbox 1392 1610 1504 1645; x_wconf 90' lang='lat' dir='ltr'>praedes</span> <span class='ocrx_word' id='word_1_816' title='bbox 1517 1609 1637 1636; x_wconf 87' lang='lat' dir='ltr'>dedisset</span> <span class='ocrx_word' id='word_1_817' title='bbox 1652 1609 1799 1640; x_wconf 84' lang='lat' dir='ltr'>Gabinius.</span> <span class='ocrx_word' id='word_1_818' title='bbox 1811 1613 1859 1636; x_wconf 80' lang='lat' dir='ltr'>aut</span> 
     </span>
     <span class='ocr_line' id='line_1_114' title="bbox 1060 1646 1855 1682; baseline -0.003 -8"><span class='ocrx_word' id='word_1_819' title='bbox 1060 1653 1162 1674; x_wconf 88' lang='lat' dir='ltr'>tantum</span> <span class='ocrx_word' id='word_1_820' title='bbox 1178 1656 1212 1674; x_wconf 84' lang='lat' dir='ltr'>ex</span> <span class='ocrx_word' id='word_1_821' title='bbox 1227 1648 1286 1673; x_wconf 89' lang='lat' dir='ltr'>eius</span> <span class='ocrx_word' id='word_1_822' title='bbox 1302 1647 1392 1678; x_wconf 83' lang='lat' dir='ltr'>bonis,</span> <span class='ocrx_word' id='word_1_823' title='bbox 1408 1652 1508 1682; x_wconf 89' lang='lat' dir='ltr'>quanta</span> <span class='ocrx_word' id='word_1_824' title='bbox 1524 1655 1630 1673; x_wconf 89' lang='lat' dir='ltr'>summa</span> <span class='ocrx_word' id='word_1_825' title='bbox 1646 1646 1734 1673; x_wconf 89' lang='lat' dir='ltr'>litium</span> <span class='ocrx_word' id='word_1_826' title='bbox 1749 1646 1855 1676; x_wconf 83' lang='lat' dir='ltr'>fuisset,</span> 
     </span>
     <span class='ocr_line' id='line_1_115' title="bbox 1059 1683 1857 1720; baseline -0.001 -9"><span class='ocrx_word' id='word_1_827' title='bbox 1059 1684 1176 1720; x_wconf 88' lang='lat' dir='ltr'>populus</span> <span class='ocrx_word' id='word_1_828' title='bbox 1188 1689 1345 1719; x_wconf 85' lang='lat' dir='ltr'>recepisset:</span> <span class='ocrx_word' id='word_1_829' title='bbox 1365 1684 1492 1719; x_wconf 86' lang='lat' dir='ltr'>quamvis</span> <span class='ocrx_word' id='word_1_830' title='bbox 1503 1692 1600 1719; x_wconf 82' lang='lat' dir='ltr'>magna</span> <span class='ocrx_word' id='word_1_831' title='bbox 1610 1683 1644 1710; x_wconf 86' lang='lat' dir='ltr'>ad</span> <span class='ocrx_word' id='word_1_832' title='bbox 1654 1684 1812 1710; x_wconf 87' lang='lat' dir='ltr'>Postumum</span> <span class='ocrx_word' id='word_1_833' title='bbox 1822 1683 1857 1710; x_wconf 82' lang='lat' dir='ltr'>ab</span> 
     </span>
     <span class='ocr_line' id='line_1_116' title="bbox 1059 1719 1857 1757; baseline -0.003 -8"><span class='ocrx_word' id='word_1_834' title='bbox 1059 1731 1089 1749; x_wconf 89' lang='lat' dir='ltr'>eo</span> <span class='ocrx_word' id='word_1_835' title='bbox 1105 1722 1217 1757; x_wconf 88' lang='lat' dir='ltr'>pecunia</span> <span class='ocrx_word' id='word_1_836' title='bbox 1234 1722 1413 1756; x_wconf 80' lang='lat' dir='ltr'>pervenisset,</span> <span class='ocrx_word' id='word_1_837' title='bbox 1431 1729 1484 1748; x_wconf 89' lang='lat' dir='ltr'>non</span> <span class='ocrx_word' id='word_1_838' title='bbox 1499 1721 1678 1757; x_wconf 79' lang='lat' dir='ltr'>redigeretur:</span> <span class='ocrx_word' id='word_1_839' title='bbox 1701 1725 1732 1747; x_wconf 91' lang='lat' dir='ltr'>ut</span> <span class='ocrx_word' id='word_1_840' title='bbox 1743 1719 1857 1756; x_wconf 84' lang='lat' dir='ltr'>intelligi</span> 
     </span>
     <span class='ocr_line' id='line_1_117' title="bbox 1059 1758 1856 1794; baseline -0.003 -8"><span class='ocrx_word' id='word_1_841' title='bbox 1059 1759 1135 1786; x_wconf 88' lang='lat' dir='ltr'>facile</span> <span class='ocrx_word' id='word_1_842' title='bbox 1147 1759 1240 1794; x_wconf 87' lang='lat' dir='ltr'>possit.</span> <span class='ocrx_word' id='word_1_843' title='bbox 1253 1758 1326 1794; x_wconf 91' lang='lat' dir='ltr'>quod</span> <span class='ocrx_word' id='word_1_844' title='bbox 1337 1767 1372 1785; x_wconf 81' lang='lat' dir='ltr'>ex</span> <span class='ocrx_word' id='word_1_845' title='bbox 1381 1767 1411 1785; x_wconf 85' lang='lat' dir='ltr'>ea</span> <span class='ocrx_word' id='word_1_846' title='bbox 1423 1759 1546 1793; x_wconf 88' lang='lat' dir='ltr'>pecunia,</span> <span class='ocrx_word' id='word_1_847' title='bbox 1558 1767 1640 1793; x_wconf 86' lang='lat' dir='ltr'>quam</span> <span class='ocrx_word' id='word_1_848' title='bbox 1651 1758 1752 1792; x_wconf 86' lang='lat' dir='ltr'>ceperit</span> <span class='ocrx_word' id='word_1_849' title='bbox 1761 1758 1795 1787; x_wconf 83' lang='lat' dir='ltr'>is,</span> <span class='ocrx_word' id='word_1_850' title='bbox 1807 1758 1856 1793; x_wconf 89' lang='lat' dir='ltr'>qui</span> 
     </span>
     <span class='ocr_line' id='line_1_118' title="bbox 1058 1795 1858 1831; baseline -0.003 -8"><span class='ocrx_word' id='word_1_851' title='bbox 1058 1796 1200 1823; x_wconf 89' lang='lat' dir='ltr'>damnatus</span> <span class='ocrx_word' id='word_1_852' title='bbox 1210 1801 1258 1827; x_wconf 90' lang='lat' dir='ltr'>est,</span> <span class='ocrx_word' id='word_1_853' title='bbox 1266 1796 1421 1831; x_wconf 87' lang='lat' dir='ltr'>pervenisse</span> <span class='ocrx_word' id='word_1_854' title='bbox 1431 1796 1465 1822; x_wconf 85' lang='lat' dir='ltr'>ad</span> <span class='ocrx_word' id='word_1_855' title='bbox 1478 1795 1595 1830; x_wconf 88' lang='lat' dir='ltr'>aliquem</span> <span class='ocrx_word' id='word_1_856' title='bbox 1607 1795 1654 1822; x_wconf 91' lang='lat' dir='ltr'>illo</span> <span class='ocrx_word' id='word_1_857' title='bbox 1660 1796 1747 1830; x_wconf 88' lang='lat' dir='ltr'>primo</span> <span class='ocrx_word' id='word_1_858' title='bbox 1756 1795 1858 1821; x_wconf 88' lang='lat' dir='ltr'>iudicio</span> 
     </span>
     <span class='ocr_line' id='line_1_119' title="bbox 1058 1831 1854 1869; baseline -0.003 -9"><span class='ocrx_word' id='word_1_859' title='bbox 1058 1834 1169 1869; x_wconf 84' lang='lat' dir='ltr'>planum</span> <span class='ocrx_word' id='word_1_860' title='bbox 1185 1833 1283 1860; x_wconf 88' lang='lat' dir='ltr'>factum</span> <span class='ocrx_word' id='word_1_861' title='bbox 1294 1834 1341 1864; x_wconf 91' lang='lat' dir='ltr'>sit,</span> <span class='ocrx_word' id='word_1_862' title='bbox 1353 1833 1382 1859; x_wconf 89' lang='lat' dir='ltr'>id</span> <span class='ocrx_word' id='word_1_863' title='bbox 1393 1833 1442 1859; x_wconf 87' lang='lat' dir='ltr'>hoc</span> <span class='ocrx_word' id='word_1_864' title='bbox 1452 1841 1549 1869; x_wconf 80' lang='lat' dir='ltr'>genere</span> <span class='ocrx_word' id='word_1_865' title='bbox 1560 1833 1653 1859; x_wconf 89' lang='lat' dir='ltr'>iudicii</span> <span class='ocrx_word' id='word_1_866' title='bbox 1664 1832 1748 1868; x_wconf 82' lang='lat' dir='ltr'>redigi</span> <span class='ocrx_word' id='word_1_867' title='bbox 1759 1831 1854 1858; x_wconf 88' lang='lat' dir='ltr'>solere.</span> 
     </span>
     <span class='ocr_line' id='line_1_120' title="bbox 1059 1869 1855 1906; baseline -0.004 -8"><span class='ocrx_word' id='word_1_868' title='bbox 1059 1872 1136 1898; x_wconf 77' lang='lat' dir='ltr'>Nunc</span> <span class='ocrx_word' id='word_1_869' title='bbox 1151 1879 1214 1898; x_wconf 89' lang='lat' dir='ltr'>vero</span> <span class='ocrx_word' id='word_1_870' title='bbox 1228 1871 1296 1906; x_wconf 90' lang='lat' dir='ltr'>quid</span> <span class='ocrx_word' id='word_1_871' title='bbox 1311 1870 1417 1906; x_wconf 75' lang='lat' dir='ltr'>agitur?</span> <span class='ocrx_word' id='word_1_872' title='bbox 1441 1871 1489 1897; x_wconf 87' lang='lat' dir='ltr'>ubi</span> <span class='ocrx_word' id='word_1_873' title='bbox 1506 1875 1635 1897; x_wconf 81' lang='lat' dir='ltr'>terrarum</span> <span class='ocrx_word' id='word_1_874' title='bbox 1650 1869 1766 1896; x_wconf 73' lang='lat' dir='ltr'>sumus?</span> <span class='ocrx_word' id='word_1_875' title='bbox 1788 1869 1855 1904; x_wconf 90' lang='lat' dir='ltr'>quid</span> 
     </span>
     <span class='ocr_line' id='line_1_121' title="bbox 1059 1906 1858 1943; baseline -0.003 -8"><span class='ocrx_word' id='word_1_876' title='bbox 1059 1914 1112 1935; x_wconf 89' lang='lat' dir='ltr'>tam</span> <span class='ocrx_word' id='word_1_877' title='bbox 1125 1908 1253 1939; x_wconf 78' lang='lat' dir='ltr'>insolens,</span> <span class='ocrx_word' id='word_1_878' title='bbox 1267 1913 1320 1934; x_wconf 88' lang='lat' dir='ltr'>tam</span> <span class='ocrx_word' id='word_1_879' title='bbox 1332 1916 1489 1943; x_wconf 80' lang='lat' dir='ltr'>perversum</span> <span class='ocrx_word' id='word_1_880' title='bbox 1501 1912 1736 1942; x_wconf 75' lang='lat' dir='ltr'>praeposterumve</span> <span class='ocrx_word' id='word_1_881' title='bbox 1746 1906 1800 1933; x_wconf 86' lang='lat' dir='ltr'>diei</span> <span class='ocrx_word' id='word_1_882' title='bbox 1810 1911 1858 1933; x_wconf 83' lang='lat' dir='ltr'>aut</span> 
     </span>
     <span class='ocr_line' id='line_1_122' title="bbox 1059 1943 1857 1982; baseline -0.003 -10"><span class='ocrx_word' id='word_1_883' title='bbox 1059 1946 1202 1982; x_wconf 82' lang='lat' dir='ltr'>excogitari</span> <span class='ocrx_word' id='word_1_884' title='bbox 1215 1945 1319 1980; x_wconf 76' lang='lat' dir='ltr'>potest?</span> <span class='ocrx_word' id='word_1_885' title='bbox 1339 1947 1380 1972; x_wconf 87' lang='lat'>38.</span> <span class='ocrx_word' id='word_1_886' title='bbox 1393 1945 1542 1972; x_wconf 84' lang='lat' dir='ltr'>Accusatur</span> <span class='ocrx_word' id='word_1_887' title='bbox 1551 1945 1584 1976; x_wconf 80' lang='lat' dir='ltr'>is,</span> <span class='ocrx_word' id='word_1_888' title='bbox 1596 1945 1644 1979; x_wconf 87' lang='lat' dir='ltr'>qui</span> <span class='ocrx_word' id='word_1_889' title='bbox 1656 1952 1707 1971; x_wconf 92' lang='lat' dir='ltr'>non</span> <span class='ocrx_word' id='word_1_890' title='bbox 1719 1943 1857 1970; x_wconf 63' lang='lat' dir='ltr'>abstulit:</span> 
     </span>
     <span class='ocr_line' id='line_1_123' title="bbox 1059 1981 1856 2019; baseline -0.003 -10"><span class='ocrx_word' id='word_1_891' title='bbox 1059 1992 1128 2019; x_wconf 78' lang='lat' dir='ltr'>rege,</span> <span class='ocrx_word' id='word_1_892' title='bbox 1142 1983 1212 2009; x_wconf 91' lang='lat' dir='ltr'>sicut</span> <span class='ocrx_word' id='word_1_893' title='bbox 1223 1983 1356 2010; x_wconf 86' lang='lat' dir='ltr'>Gabinius</span> <span class='ocrx_word' id='word_1_894' title='bbox 1370 1982 1505 2009; x_wconf 87' lang='lat' dir='ltr'>iudicatus</span> <span class='ocrx_word' id='word_1_895' title='bbox 1516 1986 1570 2008; x_wconf 86' lang='lat' dir='ltr'>est:</span> <span class='ocrx_word' id='word_1_896' title='bbox 1593 1981 1641 2008; x_wconf 89' lang='lat' dir='ltr'>sed</span> <span class='ocrx_word' id='word_1_897' title='bbox 1651 1982 1699 2016; x_wconf 92' lang='lat' dir='ltr'>qui</span> <span class='ocrx_word' id='word_1_898' title='bbox 1711 1981 1856 2008; x_wconf 83' lang='lat' dir='ltr'>maximam</span> 
     </span>
     <span class='ocr_line' id='line_1_124' title="bbox 1059 2018 1856 2056; baseline -0.004 -9"><span class='ocrx_word' id='word_1_899' title='bbox 1059 2022 1115 2056; x_wconf 75' lang='lat' dir='ltr'>regi</span> <span class='ocrx_word' id='word_1_900' title='bbox 1131 2021 1272 2055; x_wconf 90' lang='lat' dir='ltr'>pecuniam</span> <span class='ocrx_word' id='word_1_901' title='bbox 1287 2019 1410 2046; x_wconf 87' lang='lat' dir='ltr'>credidit.</span> <span class='ocrx_word' id='word_1_902' title='bbox 1449 2020 1520 2055; x_wconf 82' lang='lat' dir='ltr'>Ergo</span> <span class='ocrx_word' id='word_1_903' title='bbox 1534 2019 1559 2045; x_wconf 90' lang='lat' dir='ltr'>is</span> <span class='ocrx_word' id='word_1_904' title='bbox 1574 2019 1690 2046; x_wconf 85' lang='lat' dir='ltr'>Gabinio</span> <span class='ocrx_word' id='word_1_905' title='bbox 1704 2018 1791 2049; x_wconf 80' lang='lat' dir='ltr'>dedit.</span> <span class='ocrx_word' id='word_1_906' title='bbox 1807 2018 1856 2053; x_wconf 84' lang='lat' dir='ltr'>qui</span> 
     </span>
     <span class='ocr_line' id='line_1_125' title="bbox 1059 2056 1857 2091; baseline -0.003 -7"><span class='ocrx_word' id='word_1_907' title='bbox 1059 2067 1111 2084; x_wconf 93' lang='lat' dir='ltr'>non</span> <span class='ocrx_word' id='word_1_908' title='bbox 1122 2058 1186 2084; x_wconf 88' lang='lat' dir='ltr'>huic</span> <span class='ocrx_word' id='word_1_909' title='bbox 1197 2057 1323 2084; x_wconf 87' lang='lat' dir='ltr'>reddidit.</span> <span class='ocrx_word' id='word_1_910' title='bbox 1359 2058 1414 2084; x_wconf 92' lang='lat' dir='ltr'>Iam</span> <span class='ocrx_word' id='word_1_911' title='bbox 1424 2057 1498 2088; x_wconf 80' lang='lat' dir='ltr'>cedo,</span> <span class='ocrx_word' id='word_1_912' title='bbox 1511 2065 1598 2091; x_wconf 90' lang='lat' dir='ltr'>quum</span> <span class='ocrx_word' id='word_1_913' title='bbox 1608 2057 1641 2087; x_wconf 90' lang='lat' dir='ltr'>is,</span> <span class='ocrx_word' id='word_1_914' title='bbox 1653 2056 1702 2090; x_wconf 92' lang='lat' dir='ltr'>qui</span> <span class='ocrx_word' id='word_1_915' title='bbox 1713 2056 1857 2090; x_wconf 80' lang='lat' dir='ltr'>pecuniam</span> 
     </span>
     <span class='ocr_line' id='line_1_126' title="bbox 1058 2092 1857 2125; baseline -0.004 -3"><span class='ocrx_word' id='word_1_916' title='bbox 1058 2096 1185 2122; x_wconf 85' lang='lat' dir='ltr'>Postumo</span> <span class='ocrx_word' id='word_1_917' title='bbox 1199 2094 1307 2125; x_wconf 88' lang='lat' dir='ltr'>debuit,</span> <span class='ocrx_word' id='word_1_918' title='bbox 1320 2103 1373 2121; x_wconf 92' lang='lat' dir='ltr'>non</span> <span class='ocrx_word' id='word_1_919' title='bbox 1385 2095 1456 2125; x_wconf 83' lang='lat' dir='ltr'>huic,</span> <span class='ocrx_word' id='word_1_920' title='bbox 1467 2094 1516 2121; x_wconf 89' lang='lat' dir='ltr'>sed</span> <span class='ocrx_word' id='word_1_921' title='bbox 1527 2093 1643 2121; x_wconf 89' lang='lat' dir='ltr'>Gabinio</span> <span class='ocrx_word' id='word_1_922' title='bbox 1652 2092 1769 2125; x_wconf 86' lang='lat' dir='ltr'>dederit;</span> <span class='ocrx_word' id='word_1_923' title='bbox 1791 2101 1857 2119; x_wconf 83' lang='lat' dir='ltr'>oon-</span> 
     </span>
     <span class='ocr_line' id='line_1_127' title="bbox 1057 2129 1853 2166; baseline -0.004 -7"><span class='ocrx_word' id='word_1_924' title='bbox 1057 2133 1183 2159; x_wconf 89' lang='lat' dir='ltr'>demnato</span> <span class='ocrx_word' id='word_1_925' title='bbox 1198 2132 1325 2163; x_wconf 80' lang='lat' dir='ltr'>Gabinio,</span> <span class='ocrx_word' id='word_1_926' title='bbox 1344 2136 1434 2158; x_wconf 87' lang='lat' dir='ltr'>utrum</span> <span class='ocrx_word' id='word_1_927' title='bbox 1449 2131 1489 2157; x_wconf 92' lang='lat' dir='ltr'>illi</span> <span class='ocrx_word' id='word_1_928' title='bbox 1505 2139 1563 2157; x_wconf 89' lang='lat' dir='ltr'>eam</span> <span class='ocrx_word' id='word_1_929' title='bbox 1574 2130 1716 2166; x_wconf 87' lang='lat' dir='ltr'>pecuniam</span> <span class='ocrx_word' id='word_1_930' title='bbox 1728 2129 1853 2161; x_wconf 87' lang='lat' dir='ltr'>reddidit.</span> 
     </span>
     <span class='ocr_line' id='line_1_128' title="bbox 1057 2165 1857 2196; baseline -0.004 0"><span class='ocrx_word' id='word_1_931' title='bbox 1057 2179 1090 2196; x_wconf 88' lang='lat' dir='ltr'>an</span> <span class='ocrx_word' id='word_1_932' title='bbox 1106 2170 1186 2196; x_wconf 88' lang='lat' dir='ltr'>etiam</span> <span class='ocrx_word' id='word_1_933' title='bbox 1202 2178 1274 2196; x_wconf 89' lang='lat' dir='ltr'>nunc</span> <span class='ocrx_word' id='word_1_934' title='bbox 1284 2168 1382 2195; x_wconf 74' lang='lat' dir='ltr'>debet?</span> <span class='ocrx_word' id='word_1_935' title='bbox 1413 2168 1484 2195; x_wconf 88' lang='lat' dir='ltr'>XIV.</span> <span class='ocrx_word' id='word_1_936' title='bbox 1504 2168 1539 2195; x_wconf 86' lang='lat' dir='ltr'>At</span> <span class='ocrx_word' id='word_1_937' title='bbox 1550 2168 1629 2194; x_wconf 85' lang='lat' dir='ltr'>habet</span> <span class='ocrx_word' id='word_1_938' title='bbox 1642 2172 1668 2193; x_wconf 90' lang='lat' dir='ltr'>et</span> <span class='ocrx_word' id='word_1_939' title='bbox 1677 2166 1754 2193; x_wconf 89' lang='lat' dir='ltr'>celat.</span> <span class='ocrx_word' id='word_1_940' title='bbox 1785 2165 1857 2193; x_wconf 89' lang='lat' dir='ltr'>Sunt</span> 
     </span>
     <span class='ocr_line' id='line_1_129' title="bbox 1058 2203 1857 2242; baseline -0.004 -9"><span class='ocrx_word' id='word_1_941' title='bbox 1058 2208 1143 2238; x_wconf 83' lang='lat' dir='ltr'>enim.</span> <span class='ocrx_word' id='word_1_942' title='bbox 1164 2207 1212 2242; x_wconf 92' lang='lat' dir='ltr'>qui</span> <span class='ocrx_word' id='word_1_943' title='bbox 1232 2207 1268 2233; x_wconf 90' lang='lat' dir='ltr'>ita</span> <span class='ocrx_word' id='word_1_944' title='bbox 1289 2206 1441 2241; x_wconf 90' lang='lat' dir='ltr'>loquantur.</span> <span class='ocrx_word' id='word_1_945' title='bbox 1481 2205 1558 2238; x_wconf 89' lang='lat' dir='ltr'>Quod</span> <span class='ocrx_word' id='word_1_946' title='bbox 1577 2213 1664 2241; x_wconf 84' lang='lat' dir='ltr'>genus</span> <span class='ocrx_word' id='word_1_947' title='bbox 1687 2203 1794 2230; x_wconf 84' lang='lat' dir='ltr'>tandem</span> <span class='ocrx_word' id='word_1_948' title='bbox 1813 2207 1857 2230; x_wconf 53' lang='lat' dir='ltr'>est</span> 
     </span>
     <span class='ocr_line' id='line_1_130' title="bbox 1057 2241 1855 2279; baseline -0.006 -8"><span class='ocrx_word' id='word_1_949' title='bbox 1057 2244 1126 2271; x_wconf 89' lang='lat' dir='ltr'>illud</span> <span class='ocrx_word' id='word_1_950' title='bbox 1140 2244 1324 2271; x_wconf 85' lang='lat' dir='ltr'>ostentationis</span> <span class='ocrx_word' id='word_1_951' title='bbox 1339 2248 1365 2269; x_wconf 91' lang='lat' dir='ltr'>et</span> <span class='ocrx_word' id='word_1_952' title='bbox 1378 2242 1496 2279; x_wconf 77' lang='lat' dir='ltr'>gloriae?</span> <span class='ocrx_word' id='word_1_953' title='bbox 1515 2242 1544 2269; x_wconf 87' lang='lat' dir='ltr'>Si</span> <span class='ocrx_word' id='word_1_954' title='bbox 1559 2241 1627 2268; x_wconf 89' lang='lat' dir='ltr'>nihil</span> <span class='ocrx_word' id='word_1_955' title='bbox 1643 2241 1783 2268; x_wconf 82' lang='lat' dir='ltr'>habuisset</span> <span class='ocrx_word' id='word_1_956' title='bbox 1793 2248 1855 2267; x_wconf 90' lang='lat' dir='ltr'>um—</span> 
     </span>
     <span class='ocr_line' id='line_1_131' title="bbox 1057 2277 1852 2317; baseline -0.006 -9"><span class='ocrx_word' id='word_1_957' title='bbox 1057 2290 1152 2317; x_wconf 87' lang='lat' dir='ltr'>quam,</span> <span class='ocrx_word' id='word_1_958' title='bbox 1165 2286 1268 2312; x_wconf 88' lang='lat' dir='ltr'>tamen,</span> <span class='ocrx_word' id='word_1_959' title='bbox 1280 2281 1304 2307; x_wconf 92' lang='lat' dir='ltr'>si</span> <span class='ocrx_word' id='word_1_960' title='bbox 1318 2281 1481 2316; x_wconf 88' lang='lat' dir='ltr'>quaesisset,</span> <span class='ocrx_word' id='word_1_961' title='bbox 1495 2288 1543 2306; x_wconf 88' lang='lat' dir='ltr'>cur</span> <span class='ocrx_word' id='word_1_962' title='bbox 1552 2278 1735 2306; x_wconf 82' lang='lat' dir='ltr'>dissimularet</span> <span class='ocrx_word' id='word_1_963' title='bbox 1743 2277 1852 2308; x_wconf 81' lang='lat' dir='ltr'>habere,</span> 
     </span>
     <span class='ocr_line' id='line_1_132' title="bbox 1056 2315 1856 2350; baseline -0.006 -5"><span class='ocrx_word' id='word_1_964' title='bbox 1056 2327 1150 2346; x_wconf 83' lang='lat' dir='ltr'>caussa</span> <span class='ocrx_word' id='word_1_965' title='bbox 1167 2327 1219 2345; x_wconf 91' lang='lat' dir='ltr'>non</span> <span class='ocrx_word' id='word_1_966' title='bbox 1234 2322 1314 2344; x_wconf 89' lang='lat' dir='ltr'>esset.</span> <span class='ocrx_word' id='word_1_967' title='bbox 1354 2317 1407 2350; x_wconf 83' lang='lat' dir='ltr'>Qui</span> <span class='ocrx_word' id='word_1_968' title='bbox 1422 2325 1485 2344; x_wconf 90' lang='lat' dir='ltr'>vero</span> <span class='ocrx_word' id='word_1_969' title='bbox 1499 2316 1554 2343; x_wconf 91' lang='lat' dir='ltr'>duo</span> <span class='ocrx_word' id='word_1_970' title='bbox 1568 2316 1638 2343; x_wconf 84' lang='lat' dir='ltr'>lauta</span> <span class='ocrx_word' id='word_1_971' title='bbox 1652 2320 1680 2342; x_wconf 87' lang='lat' dir='ltr'>et</span> <span class='ocrx_word' id='word_1_972' title='bbox 1688 2315 1794 2349; x_wconf 87' lang='lat' dir='ltr'>copiosa</span> <span class='ocrx_word' id='word_1_973' title='bbox 1806 2323 1856 2349; x_wconf 81' lang='lat' dir='ltr'>pa-</span> 
     </span>
     <span class='ocr_line' id='line_1_133' title="bbox 1057 2351 1855 2390; baseline -0.008 -7"><span class='ocrx_word' id='word_1_974' title='bbox 1057 2356 1181 2383; x_wconf 88' lang='lat' dir='ltr'>trimonia</span> <span class='ocrx_word' id='word_1_975' title='bbox 1197 2356 1356 2390; x_wconf 88' lang='lat' dir='ltr'>accepisset,</span> <span class='ocrx_word' id='word_1_976' title='bbox 1374 2363 1485 2390; x_wconf 89' lang='lat' dir='ltr'>remque</span> <span class='ocrx_word' id='word_1_977' title='bbox 1500 2359 1634 2389; x_wconf 81' lang='lat' dir='ltr'>praeterea</span> <span class='ocrx_word' id='word_1_978' title='bbox 1645 2352 1724 2379; x_wconf 83' lang='lat' dir='ltr'>bonis</span> <span class='ocrx_word' id='word_1_979' title='bbox 1734 2357 1760 2378; x_wconf 91' lang='lat' dir='ltr'>et</span> <span class='ocrx_word' id='word_1_980' title='bbox 1770 2351 1855 2378; x_wconf 83' lang='lat' dir='ltr'>hone-</span> 
     </span>
     <span class='ocr_line' id='line_1_134' title="bbox 1057 2389 1851 2426; baseline -0.008 -6"><span class='ocrx_word' id='word_1_981' title='bbox 1057 2394 1106 2420; x_wconf 84' lang='lat' dir='ltr'>stis</span> <span class='ocrx_word' id='word_1_982' title='bbox 1122 2393 1270 2420; x_wconf 89' lang='lat' dir='ltr'>rationibus</span> <span class='ocrx_word' id='word_1_983' title='bbox 1286 2393 1420 2419; x_wconf 85' lang='lat' dir='ltr'>auxisset:</span> <span class='ocrx_word' id='word_1_984' title='bbox 1441 2391 1508 2426; x_wconf 89' lang='lat' dir='ltr'>quid</span> <span class='ocrx_word' id='word_1_985' title='bbox 1523 2395 1595 2417; x_wconf 88' lang='lat' dir='ltr'>esset</span> <span class='ocrx_word' id='word_1_986' title='bbox 1608 2389 1716 2416; x_wconf 86' lang='lat' dir='ltr'>tandem</span> <span class='ocrx_word' id='word_1_987' title='bbox 1730 2396 1851 2418; x_wconf 80' lang='lat' dir='ltr'>caussae.</span> 
     </span>
     <span class='ocr_line' id='line_1_135' title="bbox 1056 2427 1854 2461; baseline -0.006 -4"><span class='ocrx_word' id='word_1_988' title='bbox 1056 2440 1104 2457; x_wconf 89' lang='lat' dir='ltr'>cur</span> <span class='ocrx_word' id='word_1_989' title='bbox 1115 2431 1263 2457; x_wconf 87' lang='lat' dir='ltr'>existimari</span> <span class='ocrx_word' id='word_1_990' title='bbox 1274 2429 1354 2456; x_wconf 88' lang='lat' dir='ltr'>vellet</span> <span class='ocrx_word' id='word_1_991' title='bbox 1365 2429 1432 2456; x_wconf 87' lang='lat' dir='ltr'>nihil</span> <span class='ocrx_word' id='word_1_992' title='bbox 1444 2427 1559 2455; x_wconf 76' lang='lat' dir='ltr'>habere?</span> <span class='ocrx_word' id='word_1_993' title='bbox 1581 2429 1622 2453; x_wconf 86' lang='grc'>39.</span> <span class='ocrx_word' id='word_1_994' title='bbox 1633 2427 1685 2457; x_wconf 80' lang='lat' dir='ltr'>An,</span> <span class='ocrx_word' id='word_1_995' title='bbox 1697 2435 1785 2461; x_wconf 88' lang='lat' dir='ltr'>quum</span> <span class='ocrx_word' id='word_1_996' title='bbox 1794 2434 1854 2453; x_wconf 86' lang='lat' dir='ltr'>cre-</span> 
     </span>
     <span class='ocr_line' id='line_1_136' title="bbox 1055 2463 1852 2501; baseline -0.008 -6"><span class='ocrx_word' id='word_1_997' title='bbox 1055 2468 1135 2494; x_wconf 88' lang='lat' dir='ltr'>debat</span> <span class='ocrx_word' id='word_1_998' title='bbox 1154 2467 1282 2495; x_wconf 90' lang='lat' dir='ltr'>inductus</span> <span class='ocrx_word' id='word_1_999' title='bbox 1303 2467 1407 2497; x_wconf 85' lang='lat' dir='ltr'>usuris,</span> <span class='ocrx_word' id='word_1_1000' title='bbox 1429 2465 1458 2492; x_wconf 91' lang='lat' dir='ltr'>id</span> <span class='ocrx_word' id='word_1_1001' title='bbox 1477 2465 1584 2501; x_wconf 86' lang='lat' dir='ltr'>agebat,</span> <span class='ocrx_word' id='word_1_1002' title='bbox 1600 2468 1630 2490; x_wconf 90' lang='lat' dir='ltr'>ut</span> <span class='ocrx_word' id='word_1_1003' title='bbox 1645 2463 1755 2490; x_wconf 85' lang='lat' dir='ltr'>haberet</span> <span class='ocrx_word' id='word_1_1004' title='bbox 1768 2471 1852 2498; x_wconf 81' lang='lat' dir='ltr'>quam</span> 
     </span>
     <span class='ocr_line' id='line_1_137' title="bbox 1056 2500 1853 2540; baseline -0.008 -8"><span class='ocrx_word' id='word_1_1005' title='bbox 1056 2506 1220 2540; x_wconf 89' lang='lat' dir='ltr'>plurimum:</span> <span class='ocrx_word' id='word_1_1006' title='bbox 1243 2509 1417 2539; x_wconf 77' lang='lat' dir='ltr'>posteaquam</span> <span class='ocrx_word' id='word_1_1007' title='bbox 1436 2503 1538 2538; x_wconf 82' lang='lat' dir='ltr'>exegit,</span> <span class='ocrx_word' id='word_1_1008' title='bbox 1555 2501 1628 2536; x_wconf 90' lang='lat' dir='ltr'>quod</span> <span class='ocrx_word' id='word_1_1009' title='bbox 1643 2500 1805 2531; x_wconf 86' lang='lat' dir='ltr'>crediderat,</span> <span class='ocrx_word' id='word_1_1010' title='bbox 1821 2503 1853 2527; x_wconf 84' lang='lat' dir='ltr'>ut</span> 
     </span>
     <span class='ocr_line' id='line_1_138' title="bbox 1056 2536 1857 2577; baseline -0.007 -8"><span class='ocrx_word' id='word_1_1011' title='bbox 1056 2543 1255 2569; x_wconf 78' lang='lat' dir='ltr'>existimaretur</span> <span class='ocrx_word' id='word_1_1012' title='bbox 1265 2550 1351 2577; x_wconf 82' lang='lat' dir='ltr'>egere.</span> <span class='ocrx_word' id='word_1_1013' title='bbox 1364 2548 1464 2567; x_wconf 89' lang='lat' dir='ltr'>novum</span> <span class='ocrx_word' id='word_1_1014' title='bbox 1475 2548 1561 2575; x_wconf 85' lang='lat' dir='ltr'>genus</span> <span class='ocrx_word' id='word_1_1015' title='bbox 1573 2539 1622 2565; x_wconf 88' lang='lat' dir='ltr'>hoc</span> <span class='ocrx_word' id='word_1_1016' title='bbox 1631 2537 1732 2574; x_wconf 84' lang='lat' dir='ltr'>gloriae</span> <span class='ocrx_word' id='word_1_1017' title='bbox 1744 2536 1857 2574; x_wconf 75' lang='lat' dir='ltr'>[conou-v</span> 
     </span>
     <span class='ocr_line' id='line_1_139' title="bbox 1056 2574 1849 2616; baseline -0.008 -10"><span class='ocrx_word' id='word_1_1018' title='bbox 1056 2578 1165 2616; x_wconf 77' lang='lat' dir='ltr'>piscitJ‘?</span> <span class='ocrx_word' id='word_1_1019' title='bbox 1193 2579 1350 2605; x_wconf 89' lang='lat' dir='ltr'>Dominatus</span> <span class='ocrx_word' id='word_1_1020' title='bbox 1370 2576 1412 2603; x_wconf 76' lang='lat' dir='ltr'>es‘t.</span> <span class='ocrx_word' id='word_1_1021' title='bbox 1430 2577 1516 2607; x_wconf 84' lang='lat' dir='ltr'>enim,</span> <span class='ocrx_word' id='word_1_1022' title='bbox 1538 2577 1639 2610; x_wconf 86' lang='lat' dir='ltr'>inquit,</span> <span class='ocrx_word' id='word_1_1023' title='bbox 1661 2574 1849 2601; x_wconf 74' lang='lat' dir='ltr'>Alexandriae.</span> 
     </span>
     <span class='ocr_line' id='line_1_140' title="bbox 1056 2611 1852 2650; baseline -0.006 -7"><span class='ocrx_word' id='word_1_1024' title='bbox 1056 2617 1140 2643; x_wconf 90' lang='lat' dir='ltr'>Immo</span> <span class='ocrx_word' id='word_1_1025' title='bbox 1160 2625 1223 2643; x_wconf 83' lang='lat' dir='ltr'>vero</span> <span class='ocrx_word' id='word_1_1026' title='bbox 1242 2616 1270 2642; x_wconf 88' lang='lat' dir='ltr'>in</span> <span class='ocrx_word' id='word_1_1027' title='bbox 1290 2614 1487 2650; x_wconf 87' lang='lat' dir='ltr'>superbissimo</span> <span class='ocrx_word' id='word_1_1028' title='bbox 1501 2613 1640 2640; x_wconf 88' lang='lat' dir='ltr'>dominatu</span> <span class='ocrx_word' id='word_1_1029' title='bbox 1655 2611 1719 2639; x_wconf 77' lang='lat' dir='ltr'>fuit:</span> <span class='ocrx_word' id='word_1_1030' title='bbox 1740 2611 1852 2647; x_wconf 71' lang='lat' dir='ltr'>pertulit</span> 
     </span>
     <span class='ocr_line' id='line_1_141' title="bbox 1055 2649 1850 2689; baseline -0.008 -8"><span class='ocrx_word' id='word_1_1031' title='bbox 1055 2654 1114 2689; x_wconf 85' lang='lat' dir='ltr'>ipse</span> <span class='ocrx_word' id='word_1_1032' title='bbox 1140 2653 1305 2681; x_wconf 86' lang='lat' dir='ltr'>custodiam:</span> <span class='ocrx_word' id='word_1_1033' title='bbox 1332 2651 1399 2679; x_wconf 89' lang='lat' dir='ltr'>vidit</span> <span class='ocrx_word' id='word_1_1034' title='bbox 1418 2651 1447 2678; x_wconf 92' lang='lat' dir='ltr'>in</span> <span class='ocrx_word' id='word_1_1035' title='bbox 1467 2650 1583 2678; x_wconf 88' lang='lat' dir='ltr'>vinculis</span> <span class='ocrx_word' id='word_1_1036' title='bbox 1604 2649 1750 2676; x_wconf 81' lang='lat' dir='ltr'>familiares</span> <span class='ocrx_word' id='word_1_1037' title='bbox 1768 2656 1850 2676; x_wconf 86' lang='lat' dir='ltr'>suos:</span> 
     </span>
    </p>
   </div>
   <div class='ocr_carea' id='block_1_26' title="bbox 1034 1159 1041 2539">
    <p class='ocr_par' dir='ltr' id='par_1_31' title="bbox 1034 1159 1041 2539">
     <span class='ocr_line' id='line_1_142' title="bbox 1034 1159 1041 2539; baseline 0 0"><span class='ocrx_word' id='word_1_1038' title='bbox 1034 1159 1041 2539; x_wconf 95' lang='lat' dir='ltr'> </span> 
     </span>
    </p>
   </div>
  </div>
 </body>
</html>
