1941 3052
249 150 293 175 tat
815 150 852 173 to,
890 148 922 173 M.
959 149 987 173 '12

244 219 379 253 putabam.
397 224 419 245 te
435 227 520 253 unque
535 219 565 244 ml
581 219 700 244 Staieno-i
711 223 735 244 et
748 219 886 244 Autronio-⁴
898 228 956 243 msu-
969 227 1033 244 ven-

244 261 343 282 turum.
380 257 434 282 Non
451 261 521 290 puto.
540 257 657 290 inquam,
674 256 825 281 exiuiinnre
840 260 871 283 te.
889 256 1032 282 ambitione

244 303 284 319 rue
300 294 361 322 labi.
377 294 477 328 quippe
492 294 524 318 ‹le
540 294 662 320 [inormi-⁴2
684 292 729 317 sent
744 292 863 318 ordinem
879 301 994 326 sequen»
1006 294 1031 319 in

243 331 396 357 memoriam
421 335 506 356 nutam
534 335 558 355 et
579 329 715 363 aequalem
742 331 889 355 neve-„irin
916 330 1029 356 incurro.

245 368 306 393 Volo
329 373 415 393 autern
441 368 488 393 iulc
510 367 631 401 perspici.
652 366 777 391 munibus
796 367 963 400 conquisitis.
984 368 1030 402 qui

244 406 268 431 in
289 405 459 430 multitudine
474 404 560 430 ‹liu-ere
575 405 631 429 ausi
648 404 708 431 sint.
727 404 851 428 memoria
867 404 976 438 quidem
991 404 1032 430 ‹li-

241 451 307 474 gnns
328 450 486 475 perpaucos.
516 449 616 470 verum.
637 441 683 474 qui
698 441 806 466 omuino
821 449 916 466 nonu-n
932 441 1031 467 linime-

243 479 301 508 riut.
325 488 374 504 non
391 480 423 504 ita
439 478 536 503 iuiiltos
553 477 642 503 fuisse.
677 477 728 502 Sed
743 477 774 502 ad
790 486 939 503 aerumna-in
955 479 1031 504 insti-

243 521 328 541 tutum
345 520 516 541 revertamur.
540 515 622 540 Lxx.
640 514 735 540 25³LT.
748 515 898 549 Torquatus
910 515 939 540 T.
955 516 993 545 F..
1007 521 1031 541 et
1059 543 1060 549 ἵ

242 553 334 578 ductus
355 553 393 577 vir
411 561 442 577 ex
462 551 561 577 Rhodia
580 551 721 586 disciplina
741 552 852 578 Molonis
872 557 896 577 et
911 562 923 577 a
940 557 1031 578 natura
1059 554 1061 581 ζ

1052 593 1061 612 Ἰ
1084 591 1317 625 praeterrnittcrcs:
1341 600 1388 616 nae
1403 595 1430 616 tu
1446 591 1471 617 in
1487 590 1584 616 multos
1599 592 1739 618 Autronios
1753 597 1778 618 et
1789 592 1872 618 Staie-

242 590 272 614 :nl
287 589 428 614 ‹lii-endum
445 589 508 614 satis
522 589 626 615 solutus
641 594 720 623 atque
734 589 884 623 expeditus.
894 590 945 621 (cui
957 590 979 615 si
992 591 1032 616 vi-

242 631 264 651 ta
280 626 513 660 suppeditavisset.
531 626 636 652 sublato
650 626 761 656 ambitu,
782 627 874 652 consul
892 626 975 652 factus
990 637 1032 652 es-

241 668 288 692 set.
324 663 384 697 plus
408 663 539 689 facultatis
559 664 651 690 habuit
668 663 700 689 ad
721 664 872 693 (licendum.
889 673 969 698 quam
987 673 1032 689 vo-

242 700 359 726 luntatis.
383 701 471 735 Itaque
482 701 570 726 studio
581 701 643 727 liuic
656 709 706 727 non
717 700 857 727 satisfecitt
874 701 961 727 oflicio
971 710 1032 727 vero

241 746 288 763 nec
303 746 328 763 in
343 746 452 763 suorum
469 739 677 764 necessariorum
692 739 795 764 caussis
807 747 853 764 nec
866 739 891 764 in
902 739 1030 764 sententia

240 775 368 801 senatoria
383 774 477 801 defuit.
499 777 557 801 246.
575 776 659 801 Etiam
676 776 709 801 M,
726 775 874 804 Pontidius.
892 777 1030 810 municeps
1058 798 1059 801 ,

241 816 336 841 noster.
355 812 451 838 multas
467 813 582 847 privatas
597 821 705 838 caitssas
720 814 845 842 actitavit.
858 813 978 839 celeriter
988 823 1030 838 sa—

241 857 272 874 nc
293 849 371 875 vei-lm
389 849 497 876 volvens
521 859 568 876 nec
593 850 674 876 hebes
697 851 723 876 in
745 851 861 880 caussis.
884 850 923 876 vel
943 850 1029 876 «licam
1058 879 1059 885 ἵ

240 885 301 920 plus
325 887 402 913 etiam
421 895 501 922 quam
522 897 572 913 non
592 887 682 918 hebes.
699 887 745 913 scd
761 887 934 913 effervescens
949 889 974 913 in
989 888 1031 913 ‹li-

239 923 322 949 cendo
340 924 476 950 stomacho
489 933 567 959 saepe
582 924 772 959 iracundiaque
787 925 985 953 vehementius:
1003 929 1031 950 ut
1051 931 1053 934 ’

239 969 290 986 non
305 969 365 987 cuni
380 961 530 988 adversario
545 962 641 993 solum.
658 962 704 988 sed
719 962 806 992 etiam.
823 962 894 997 quod
910 962 1030 988 mirabile

239 1002 317 1028 esset,
341 1007 402 1024 cum
426 999 513 1025 iudice
537 1000 603 1034 ipso.
629 999 707 1025 cuius
729 999 854 1025 delinitor
875 1008 933 1025 esse
952 1000 1030 1025 debet
1051 1011 1052 1014 ¹

237 1040 332 1065 orator.
349 1036 435 1071 iurgio
448 1045 526 1071 saepe
540 1036 718 1063 contenderet.
752 1037 787 1062 M.
808 1037 930 1062 Messalla
945 1037 1031 1063 minor

238 1115 345 1136 ornatus
358 1119 454 1146 genere
469 1111 625 1143 verborum;
656 1111 783 1146 prudens.
800 1116 902 1142 acutus.
920 1112 1030 1137 minime

238 1147 370 1178 incautus,
396 1153 522 1183 patronus
545 1149 571 1174 in
590 1149 693 1174 caussis
712 1149 904 1183 cognoscendis
922 1157 1031 1183 conmo-

239 1184 387 1220 nendisque
413 1185 541 1221 diligens.
567 1186 656 1221 magni
682 1185 786 1216 laboris.
814 1186 913 1212 multae
935 1195 1030 1220 operae

239 1221 437 1257 multarumque
460 1232 625 1249 caussarum.
660 1224 718 1249 ΞΠ.
743 1223 800 1249 Duo
820 1224 898 1249 etiarn
920 1223 1027 1254 Metelli.

237 1258 312 1285 Celer
334 1264 359 1286 et
382 1261 478 1294 Nepos,
499 1260 566 1286 nihil
586 1261 612 1286 in
626 1261 729 1286 caussis
746 1261 840 1286 versati
856 1269 903 1286 nec
917 1261 975 1286 sine
989 1261 1030 1286 in-
1058 1279 1059 1294 ³

237 1297 323 1331 genio.
345 1305 392 1323 nec
406 1297 513 1328 indocti.
535 1297 583 1324 hoc
597 1302 670 1323 erant
684 1297 810 1332 populare
825 1298 930 1324 dicendi
944 1306 1030 1333 genus

237 1335 360 1360 assecuti.
395 1334 444 1361 Cn.
464 1339 551 1361 autem
574 1334 704 1361 Lentulus
723 1334 893 1361 Marcellinus
909 1344 956 1361 nec
970 1344 1030 1360 um-

237 1379 316 1405 quam
340 1371 485 1398 indisertus
508 1376 532 1398 et
554 1372 582 1398 in
600 1371 739 1398 consulatu
759 1372 935 1407 pereloquens
954 1373 1029 1398 visus
1050 1382 1059 1399 ς

198 1083 203 1091 ¹
239 1077 312 1103 natu.
336 1082 416 1108 quam
441 1082 496 1104 nos.
523 1074 596 1100 nullo
619 1074 697 1100 modo
719 1074 805 1108 inops,
822 1074 868 1099 sed
884 1083 934 1100 non
950 1075 1030 1100 nimis
1058 1099 1059 1103 ,

237 1413 284 1439 est.
310 1417 361 1435 non
385 1409 475 1435 tardus
499 1410 650 1439 sententiis.
676 1418 726 1435 non
746 1410 822 1444 inops
841 1409 944 1440 verbis,
966 1418 1029 1435 voce
1050 1418 1051 1421 ¹

236 1454 338 1476 canora.
363 1445 463 1473 facetus
486 1447 559 1473 satis.
593 1446 622 1472 C.
643 1446 786 1472 Memmius
805 1447 834 1472 L.
851 1447 879 1473 F.
896 1446 1029 1481 perfectus
1050 1455 1051 1467 ³

237 1482 343 1514 litteris.
368 1483 416 1509 sed
439 1484 560 1515 Graecis,
592 1483 747 1510 fastidiosus
773 1492 837 1510 sane
864 1484 1027 1515 Latinarum,

236 1524 346 1555 argutus
361 1525 445 1547 orator
459 1521 602 1556 verbisque
616 1520 712 1551 dulcis.
725 1520 771 1547 sed
787 1520 892 1557 fugiens
907 1530 958 1547 non
973 1530 1031 1547 mo-
1050 1542 1051 1554 .

235 1557 269 1583 do
287 1557 402 1589 dicendi,
423 1567 515 1585 verum
534 1558 612 1584 etiam
632 1557 765 1594 cogitandi
785 1558 910 1589 laborem.
926 1563 1028 1584 tantum
1050 1573 1051 1590 2

236 1595 287 1620 sibi
311 1594 343 1620 de
362 1594 485 1622 facultate
503 1595 625 1627 detraxit,
645 1600 776 1630 quantum
795 1595 932 1621 imminuit
950 1596 1030 1622 iudu-

235 1632 323 1657 striae.

292 1669 386 1695 LXXI.
402 1670 461 1696 248.
487 1669 541 1695 Hoc
560 1669 616 1696 loco
633 1669 740 1699 Brutus.
760 1668 845 1701 Quam
861 1669 966 1700 vellem.
987 1670 1030 1695 in·
1050 1671 1058 1698 J

236 1706 303 1741 quit,
319 1705 352 1732 de
368 1706 410 1732 his
424 1707 503 1732 etiam
517 1706 675 1737 oratoribus.
691 1707 739 1741 qui
754 1706 832 1732 hodie
843 1711 914 1737 sunt.
929 1706 976 1732 tibi
987 1706 1029 1732 ‹li-

235 1751 293 1769 cere
308 1743 423 1769 luberet!
445 1743 486 1774 Et.
503 1743 525 1770 si
540 1743 572 1769 de
587 1742 646 1769 aliis
658 1744 757 1774 minus.
770 1743 802 1769 de
812 1743 918 1770 duobus
929 1748 1025 1775 tamen.

235 1789 302 1814 quos
317 1789 330 1806 a
345 1785 369 1806 te
383 1781 438 1806 scio
452 1780 552 1807 laudari
568 1780 779 1811 solere.Caesare
793 1785 819 1806 et
832 1780 964 1811 Marcello,
980 1789 1029 1807 au-

235 1817 319 1843 direm
340 1826 391 1844 non
410 1818 500 1844 minus
515 1817 645 1848 lubenter.
665 1826 746 1852 quam
761 1817 853 1843 audivi
867 1817 900 1843 de
922 1818 964 1849 iis,
980 1818 1027 1853 qui

235 1854 352 1880 fuerunt.
391 1854 444 1881 Cur
457 1853 582 1881 tandem‘.>
601 1855 724 1889 inquam.
751 1863 784 1881 an
798 1859 945 1889 exspectas.
961 1855 1027 1890 quid

234 1900 283 1927 ego
297 1891 412 1918 iudicem
427 1891 459 1917 de
473 1892 595 1926 istis‚qui
611 1892 658 1918 tibi
669 1896 733 1918 sunt
744 1900 827 1927 aeque
839 1892 892 1918 noti
903 1901 932 1918 ac
943 1891 1028 1918 mihi‘?

234 1929 299 1955 Mihi
323 1928 483 1960 mehercule.
509 1930 604 1964 inquit.
629 1929 770 1955 Marcellus
793 1930 856 1955 satis
875 1934 915 1955 est
933 1934 1025 1962 notus;

234 1966 330 1992 Caesar
343 1971 431 1992 autem
447 1975 550 2001 parum.
577 1966 656 1992 Illum
670 1967 741 1992 enim
756 1974 835 2001 saepe
849 1966 955 1993 audivi:
973 1967 1024 1997 hic.

234 2011 320 2038 quum
333 2012 382 2038 ego
396 2003 513 2029 iudicare
527 2004 578 2029 iam
594 2003 697 2038 aliquid
710 2012 826 2038 possem,
843 2003 938 2030 abfuit.
965 2005 1025 2030 249.

1023 148 1296 174 (listi-:nuxis

1059 220 1061 224 “
1084 220 1254 248 amici-osium.
1275 220 1408 254 Cratippo.
1427 220 1584 246 instructum
1601 222 1672 246 enini
1687 222 1771 255 copia.
1788 221 1872 247 multo

1086 256 1206 282 vitta-lnam
1222 256 1387 282 uiiniliorem.
1419 258 1476 282 251.
1493 257 1539 283 Iiic
1552 266 1608 290 eno.
1625 258 1690 286 Etsi.
1708 259 1825 293 inquam.
1838 259 1872 284 de

1083 294 1174 326 optimi
1200 294 1247 319 siri
1272 294 1402 328 nobisque
1424 294 1577 320 amicissimi
1604 294 1728 320 laudibus
1752 295 1872 322 lubenter

1083 330 1170 359 anulio.
1192 335 1277 355 imm-n
1297 331 1402 356 incurro
1416 331 1441 356 in
1457 332 1609 357 memoriam
1623 333 1807 358 communium
1822 341 1872 358 nu-

1084 367 1221 393 ·wriarum.
1237 376 1351 401 citiarum
1365 367 1526 394 oblivionem
1545 377 1675 403 quaereus
1694 370 1764 395 hunc
1783 370 1872 404 ipsum

1083 413 1230 430 sermonem
1256 404 1368 438 produxi
1393 404 1507 438 longius.
1540 405 1590 431 Sed
1612 406 1645 431 de
1663 407 1772 432 Caesare
1794 408 1874 441 cupio

1083 441 1183 470 andire,
1199 442 1265 476 quid
1281 441 1384 467 tandem
1400 442 1502 468 Atticus
1517 442 1623 469 iudicet.
1649 443 1754 469 Lxxu.
1771 444 1803 469 Et
1817 443 1870 472 ille.

1085 479 1226 507 Praeclare,
1252 479 1347 513 inquit.
1373 479 1419 505 tilni
1443 483 1557 509 constas.
1583 484 1613 506 ut
1629 480 1662 506 de
1681 481 1722 510 iis.
1739 481 1786 515 qui
1802 489 1872 506 nune

1083 516 1144 546 sint.
1166 516 1232 541 niliil
1253 515 1319 541 velis
1339 517 1396 550 ipse
1409 516 1510 542 dicere:
1540 521 1565 542 et
1580 516 1667 543 hercle
1681 518 1702 543 si
1718 519 1756 543 si(-
1770 526 1870 551 ageres.

1084 558 1111 578 ut
1133 553 1165 578 de
1189 554 1222 579 iis
1245 554 1332 582 egisti.
1353 555 1399 588 qui
1419 554 1470 579 iam
1490 555 1585 580 mortui
1605 559 1675 583 sunt.
1697 556 1829 581 neminem
1845 560 1873 580 ut

1059 641 1061 655 ι
1084 637 1130 653 nos
1145 628 1302 653 incurreres.
1326 629 1412 659 Quare
1426 629 1482 654 sive
1497 628 1564 654 hanc
1579 628 1682 654 turbam
1697 629 1812 661 effugere
1827 638 1873 655 vo-

1058 674 1060 682 .
1084 664 1155 690 luisti
1176 666 1232 690 sive
1253 665 1352 691 veritus
1367 674 1403 694 es.
1421 674 1453 691 ne
1467 666 1529 700 quis
1542 674 1570 690 se
1584 670 1629 691 aut
1643 667 1813 700 praeteritum
1827 671 1872 692 aut

1084 710 1134 727 non
1157 702 1221 727 satis
1246 702 1381 728 laudatum
1400 703 1475 737 queri
1492 707 1589 737 posset.
1615 703 1647 729 de
1661 704 1771 729 Caesare
1785 708 1871 729 tamen

1058 750 1059 755 ¹
1083 739 1191 773 potuisti
1215 739 1311 767 dicere.
1338 740 1491 773 praesertim
1510 748 1595 775 quum
1614 745 1640 766 et
1657 745 1732 766 tuum
1751 740 1784 766 de
1799 740 1872 767 illius

1083 777 1188 811 ingenio
1207 777 1375 802 notissimum
1392 777 1522 803 iudicium
1537 782 1615 807 esset.
1632 786 1679 803 nec
1694 777 1767 803 illius
1780 777 1814 803 de
1828 782 1873 803 tuo

1081 813 1235 839 obscurum.
1258 815 1316 839 252.
1332 813 1384 839 Sed
1399 818 1494 844 tamen.
1512 815 1598 844 Brute.
1616 815 1702 849 inquit
1717 815 1827 845 Atticus.
1839 815 1872 840 de

1082 851 1192 876 Caesare
1215 854 1240 876 et
1264 851 1321 884 ipse
1345 851 1378 876 ita
1402 851 1491 877 iudico
1513 856 1539 877 et
1561 852 1594 877 de
1609 852 1657 877 hoc
1672 851 1753 878 huius
1767 853 1872 884 [generis

1082 888 1208 913 acerrimo
1225 888 1404 913 existimatore
1422 889 1578 922 saepissime
1591 889 1679 918 audio,
1696 885 1873 915 illum'omni-

1083 934 1127 950 um
1143 924 1196 951 fere
1209 929 1341 950 oratorum
1357 925 1447 951 Latine
1463 925 1534 960 loqui
1549 925 1759 958 elegantissima
1787 935 1834 952 nec
1846 926 1871 952 id

1082 962 1169 988 solum
1188 962 1331 988 domestica
1346 963 1547 991 consuetudine.
1565 967 1593 988 ut
1606 963 1710 989 dudum
1724 963 1757 988 de
1772 964 1873 989 Laelio-

1083 1008 1141 1025 rum
1160 1003 1185 1025 et
1203 999 1350 1025 Muciorum
1370 999 1478 1026 familiis
1497 1000 1680 1030 audiebamus,
1701 999 1757 1029 sed.
1777 1008 1872 1035 quam-

1058 1036 1059 1041 *
1081 1045 1162 1071 quam
1182 1036 1208 1062 id
1226 1045 1334 1071 quoque
1347 1037 1425 1063 credo
1440 1037 1531 1067 tuisse.
1549 1042 1644 1066 tamen.
1661 1042 1690 1063 ut
1703 1042 1772 1063 esset
1787 1037 1872 1072 [nerse-

1082 1078 1121 1099 cta
1140 1073 1184 1099 illa
1200 1074 1267 1099 bene
1282 1073 1407 1108 loquendi
1423 1074 1489 1104 lauS.
1511 1074 1603 1100 multis
1619 1074 1712 1100 litteris
1726 1079 1751 1100 et
1765 1075 1797 1100 iis
1811 1075 1872 1109 qui-

1081 1111 1141 1137 dem
1161 1111 1303 1137 reconditis
1321 1116 1346 1137 et
1360 1112 1502 1146 exquisitis
1517 1120 1677 1146 summoque
1690 1111 1780 1138 studio
1793 1116 1818 1138 et
1830 1111 1873 1138 di-

1058 1148 1059 1153 *
1083 1149 1190 1183 ligentia
1208 1153 1248 1174 est
1265 1153 1438 1175 consecutus:
1472 1150 1530 1175 253.
1551 1149 1596 1184 qui
1612 1149 1690 1175 etiarn
1706 1149 1733 1175 in
1748 1149 1871 1175 maximis

1058 1186 1059 1194 ¹
1081 1185 1302 1220 occupationibus
1320 1194 1404 1220 quum
1419 1186 1451 1212 ad
1467 1190 1490 1212 te
1505 1187 1604 1221 ipsum,
1621 1186 1716 1221 inquit.
1733 1187 1760 1212 in
1775 1195 1817 1212 me
1830 1187 1872 1212 in-

1083 1227 1168 1253 tuens.
1185 1223 1217 1249 de
1232 1223 1330 1249 ratione
1345 1223 1436 1249 Latine
1451 1223 1575 1258 loquendi
1595 1223 1792 1250 accuratissime
1806 1224 1872 1249 scri-

1082 1261 1163 1295 pserit
1178 1261 1317 1295 primoque
1331 1261 1358 1286 in
1373 1260 1440 1287 libro
1457 1260 1562 1291 dixerit.
1580 1260 1720 1287 verborum
1738 1260 1871 1286 delectum

1058 1311 1059 1329 i
1081 1298 1211 1330 originem
1234 1306 1292 1323 esse
1315 1298 1494 1332 eloquentiae:
1517 1298 1701 1332 tribueritque.
1727 1298 1762 1323 mi
1782 1298 1869 1327 Brute.

1081 1335 1143 1360 huic
1162 1339 1258 1365 nostro.
1278 1335 1326 1369 qui
1343 1343 1385 1360 me
1403 1335 1436 1361 de
1454 1335 1500 1361 illo
1517 1335 1620 1365 maluit.
1635 1343 1716 1369 quam
1731 1343 1760 1361 se
1773 1335 1869 1365 dicere,

1082 1371 1187 1398 laudem
1206 1372 1383 1407 singularem:
1412 1381 1471 1398 nam
1490 1373 1597 1407 scripsit
1616 1372 1658 1398 his
1672 1372 1769 1402 verbis.
1785 1380 1870 1407 quum

1082 1409 1153 1435 hunc
1168 1409 1274 1435 nomine
1285 1413 1354 1435 esset
1365 1408 1471 1435 ass'atus:
1487 1418 1526 1437 nc.
1538 1412 1728 1442 si.u1c09ilatu
1737 1411 1872 1442 praeclare

1081 1448 1165 1479 eloqui
1184 1451 1294 1479 possent.
1318 1448 1436 1472 nonnulli
1456 1449 1541 1472 studio
1561 1451 1584 1472 et
1602 1455 1650 1472 nau
1667 1448 1870 1476 elaboraverunt.

1050 1488 1051 1508 l
1082 1486 1155 1509 cuius
1168 1488 1190 1509 te
1199 1492 1280 1516 poene
1290 1486 1433 1516 principem
1447 1486 1534 1517 copiae
1548 1488 1624 1517 atque
1635 1486 1797 1514 incentorem.
1812 1485 1872 1509 bene

1080 1523 1110 1546 cle
1132 1523 1231 1546 nomine
1253 1530 1285 1547 ac
1305 1523 1430 1553 dionitate
1449 1522 1538 1554 populi
1561 1521 1668 1547 Ilomoni
1684 1523 1803 1547 meritum
1819 1529 1872 1547 esse

1081 1560 1231 1584 existimare
1251 1559 1382 1584 debemus:
1413 1558 1484 1584 hunc
1506 1557 1610 1584 facilem
1634 1562 1659 1584 et
1684 1557 1869 1592 quotidianum

1081 1595 1187 1621 novisse
1206 1603 1364 1625 sermonem.
1393 1603 1464 1621 nunc
1483 1603 1530 1629 pro
1548 1595 1638 1621 relicto
1651 1599 1691 1621 est
1706 1594 1868 1621 habendum.

1080 1632 1199 1658 LXXIII.
1214 1633 1273 1658 254.
1288 1632 1357 1658 Tum
1370 1632 1477 1663 Brutus.
1493 1632 1594 1661 Amice.
1609 1631 1726 1661 hercule,
1740 1632 1836 1667 inquit.
1845 1637 1871 1658 et

1081 1669 1220 1705 magnifice
1239 1674 1263 1695 te
1282 1668 1418 1695 laudatum
1439 1674 1511 1704 puto.
1532 1677 1613 1704 quem
1628 1678 1679 1695 non
1694 1669 1782 1695 solum
1796 1669 1870 1704 prin-

1079 1707 1166 1741 cipem
1189 1711 1268 1741 atque
1290 1707 1454 1733 inventorem
1477 1706 1567 1741 eopiae
1590 1706 1700 1736 dixerit.
1725 1714 1794 1741 quae
1815 1712 1870 1732 erat

1080 1752 1174 1779 magna
1195 1743 1261 1774 laus,
1281 1743 1329 1769 sed
1346 1743 1425 1769 etiam
1444 1743 1512 1770 bene
1527 1744 1650 1770 meritum
1665 1743 1698 1769 de
1710 1743 1804 1778 populi
1818 1743 1870 1769 Ro-

1079 1781 1150 1807 mani
1165 1781 1271 1807 nomine
1285 1784 1310 1807 et
1323 1780 1460 1816 dignitate.
1483 1780 1542 1813 Quo
1551 1781 1622 1807 enim
1634 1789 1688 1807 uno
1697 1780 1870 1807 vincebamur

1056 1726 1057 1739 l

1056 1752 1057 1793 l

1056 1806 1057 1841 i
1079 1827 1092 1844 a
1108 1819 1174 1844 victa
1189 1818 1306 1848 Graecia,
1322 1817 1350 1844 id
1364 1822 1409 1844 aut
1422 1823 1543 1853 ereptum
1557 1817 1612 1844 illis
1626 1822 1674 1847 est.
1688 1822 1733 1844 aut
1742 1821 1812 1844 certe
1822 1826 1870 1844 no—

1048 1862 1057 1872 *
1079 1855 1120 1881 bis
1134 1864 1195 1881 cum
1210 1854 1265 1881 illis
1277 1855 1512 1881 communicatum.
1546 1856 1605 1881 255.
1625 1855 1697 1881 Hanc
1714 1858 1812 1885 autem.
1828 1855 1870 1881 in-

1056 1890 1057 1927 l
1077 1893 1144 1927 quit.
1161 1892 1272 1927 gloriam
1287 1893 1523 1928 testimoniumque
1537 1891 1664 1922 Caesaris.
1685 1896 1745 1918 tuae
1758 1891 1868 1926 quidem

1055 1930 1057 1962 1
1078 1929 1266 1964 supplicationi
1282 1938 1342 1960 non.
1358 1929 1405 1955 sed
1416 1929 1560 1964 triumphis
1571 1928 1717 1955 multorum
1727 1932 1866 1964 antepono.

1055 1995 1056 2002 ἵ
1077 1967 1110 1993 Et
1129 1972 1196 1993 recte
1210 1966 1329 2001 quidem.
1350 1967 1469 2001 inquam.
1485 1967 1578 1993 Brute:
1599 1965 1679 1992 modo
1693 1966 1728 1992 sit
1742 1965 1791 1992 hoc
1804 1965 1869 1993 Cae—

1054 2014 1056 2030 ι
1077 2004 1144 2030 saris
1167 2003 1269 2034 iudicii,
1295 2012 1346 2030 non
1365 2003 1563 2030 benevolentiae
1577 2003 1770 2029 testimonium.
1803 2002 1868 2029 Plus

233 2040 304 2072 Quid
327 2041 409 2075 igitur
430 2040 462 2066 de
485 2040 532 2067 illo
553 2040 665 2072 iudicas,
689 2049 770 2075 quem
789 2049 868 2075 saepe
881 2040 1028 2067 audivisti?
1048 2034 1049 2063 l
1077 2041 1148 2067 enim
1162 2046 1232 2067 certe
1245 2040 1333 2067 attulit
1347 2040 1410 2067 huic
1423 2040 1523 2076 populo
1535 2039 1816 2076 dignitatis.quisquis
1828 2044 1869 2066 est

233 2077 303 2109 Quid
318 2086 419 2108 censes,
436 2078 532 2112 inquit,
549 2078 600 2104 nisi
615 2077 651 2108 id.
667 2077 740 2113 quod
753 2077 894 2104 habiturus
909 2086 937 2104 es
951 2079 1028 2104 simi-
1054 2091 1055 2103 l
1077 2077 1131 2109 ille.
1155 2079 1178 2104 si
1201 2078 1279 2104 modo
1300 2082 1340 2104 est
1361 2077 1468 2113 aliquis.
1489 2078 1536 2113 qui
1555 2086 1607 2104 non
1621 2076 1766 2104 illustravit
1778 2077 1866 2107 modo.

235 2114 286 2140 lem
302 2114 358 2141 tui‘?
381 2115 434 2140 Nae
448 2123 505 2151 ego.
522 2116 641 2150 inquam,
658 2115 680 2140 si
694 2115 730 2141 ita
744 2120 792 2145 est.
809 2114 889 2141 velim
904 2123 966 2141 eum
978 2115 1027 2142 tibi
1046 2104 1049 2162 ἰ
1077 2115 1124 2142 sed
1141 2116 1219 2141 etiam
1237 2115 1331 2151 genuit
1346 2115 1374 2141 in
1393 2115 1442 2141 hac
1460 2115 1526 2141 urbe
1539 2114 1645 2141 dicendi
1658 2114 1771 2149 copiam,
1785 2122 1865 2149 quam

234 2152 336 2186 placere
350 2160 430 2187 quam
446 2152 570 2178 maxime.
604 2152 685 2187 Atqui
707 2156 733 2178 et
754 2152 789 2178 ita
812 2156 860 2184 est,
880 2153 977 2187 inquit.
1002 2157 1027 2178 et
1045 2165 1055 2186 ,i
1077 2152 1125 2183 illi.
1142 2153 1188 2187 qui
1204 2152 1334 2188 Ligurum
1347 2152 1454 2178 castella
1468 2156 1704 2188 expugnaverunt:
1718 2159 1753 2178 ex
1764 2151 1867 2186 quibus

234 2189 404 2215 vehementer
417 2188 516 2224 placet3
533 2197 581 2215 nec
595 2198 656 2215 vero
670 2189 728 2215 sine
741 2197 846 2215 caussa.
868 2190 935 2215 Nam
950 2194 975 2216 et
985 2189 1027 2216 di-

233 2226 298 2252 dicit
310 2230 344 2257 et,
360 2226 467 2253 omissis
481 2227 575 2253 ceteris
589 2226 695 2258 studiis.
713 2235 797 2252 unum
811 2226 839 2252 id
849 2227 903 2263 egit
912 2235 1026 2262 seseque

233 2263 396 2298 quotidianis
431 2263 699 2290 commentationibus
734 2264 860 2290 acerrime
895 2265 1023 2290 exercuit.

234 2302 292 2327 250.
311 2301 402 2336 Itaque
420 2305 446 2327 et
460 2300 533 2327 lectis
547 2301 632 2327 utitur
646 2301 734 2327 verbis
749 2305 775 2327 et
789 2300 984 2336 frequentibus.
1000 2305 1026 2327 et

233 2337 374 2372 splendore
397 2338 470 2364 vocis
492 2342 518 2364 et
540 2338 667 2374 dignitate
685 2343 774 2364 motus
793 2338 822 2364 Iit
834 2339 986 2373 speciosum
1000 2342 1026 2364 et

233 2374 345 2406 illustre.
361 2375 434 2410 quod
447 2375 558 2408 dicitur-5
585 2375 728 2410 omniaque
741 2375 780 2401 sic
793 2379 949 2410 suppetunt,
962 2379 991 2401 ut
1001 2375 1024 2401 ei

235 2411 334 2437 nullam
353 2412 445 2438 deesse
461 2413 584 2439 virtutem
598 2413 708 2439 oratoris
726 2417 832 2447 putem;
854 2413 1024 2448 maximeque

235 2447 383 2475 laudandus
398 2454 445 2480 est,
461 2450 509 2485 qui
524 2450 573 2476 hoc
587 2455 704 2485 tempore
718 2450 879 2485 ipso,quum
895 2449 980 2481 liceat.
996 2450 1023 2476 in

235 2485 283 2511 hoc
306 2487 441 2512 communi
465 2492 553 2514 nostro
570 2491 594 2513 et
608 2487 686 2522 quasi
705 2486 777 2513 fatali
792 2486 861 2513 malo
874 2487 1024 2514 consoletur

234 2530 262 2548 se
276 2530 360 2556 quum
375 2524 534 2550 conscientia
548 2525 663 2559 optimae
673 2524 778 2554 mentis.
787 2528 842 2550 tum
854 2524 933 2550 etiam
944 2533 1024 2550 usur-

235 2559 338 2593 patione
352 2564 378 2585 et
391 2561 559 2587 renovatione
572 2561 715 2587 doctrinae.
731 2560 791 2587 Vidi
806 2561 877 2586 enim
888 2560 1023 2596 Mitylenis
1050 2568 1053 2604 5

235 2604 319 2630 nuper
333 2597 421 2622 virum
436 2602 523 2632 atque,
540 2603 569 2624 ut
582 2598 712 2628 dixi.vidi
727 2597 805 2632 plane
819 2598 917 2624 virum,
932 2599 1023 2632 Itaque

233 2641 318 2667 quum
342 2641 403 2659 eum
426 2639 501 2660 antea
523 2635 561 2661 tui
583 2634 700 2660 similem
723 2635 749 2660 in
767 2634 880 2661 dicendo
898 2635 1021 2666 viderim,

234 2675 290 2697 tum
305 2678 367 2696 vero
380 2679 450 2696 nunc
464 2680 477 2696 a
491 2671 645 2698 doctissimo
658 2672 716 2698 viro
730 2671 841 2707 tibique‚
849 2675 879 2697 ut
892 2671 1021 2702 intellexi,

1053 2187 1056 2242 l
1077 2189 1155 2216 multi
1169 2194 1241 2220 sunt,
1258 2193 1287 2215 ut
1299 2189 1383 2220 scitis,
1399 2190 1539 2224 triumphi.
1571 2190 1629 2216 256.
1644 2188 1743 2215 Verum
1756 2187 1866 2223 quidem

1076 2227 1099 2252 si
1113 2226 1204 2253 andire
1219 2225 1353 2257 volumus.
1369 2227 1476 2253 omissis
1490 2226 1545 2253 illis
1555 2226 1655 2253 divinis
1665 2224 1794 2256 consiliis.
1805 2226 1867 2261 qui-

1076 2263 1128 2290 bus
1146 2271 1224 2298 saepe
1237 2264 1379 2290 constituta
1394 2268 1434 2290 est
1447 2264 1635 2299 imperatorum
1649 2263 1778 2297 sapientia
1792 2262 1866 2289 salus

1075 2301 1192 2327 civitatis
1204 2305 1250 2326 aut
1263 2300 1326 2326 belli
1340 2305 1386 2327 aut
1399 2300 1485 2333 domi3
1507 2299 1592 2327 multo
1601 2300 1687 2335 magis
1696 2303 1782 2326 orator
1791 2308 1866 2334 prae—

1075 2342 1126 2364 stat
1140 2338 1250 2364 minutis
1265 2337 1479 2372 imperatoribus.
1509 2337 1543 2364 At
1555 2336 1661 2372 prodest
1675 2335 1737 2371 plus
1750 2337 1866 2371 impera-

1076 2379 1124 2401 tor.
1158 2374 1224 2407 Quis
1247 2374 1343 2411 negat?
1361 2375 1409 2401 sed
1431 2379 1518 2401 tamen
1541 2374 1603 2409 (non
1621 2378 1719 2404 metuo.
1740 2382 1773 2400 ne
1798 2373 1865 2400 mihi

1075 2412 1239 2444 acclametis.
1261 2417 1301 2438 est
1314 2416 1403 2438 autem
1416 2411 1488 2447 quod
1501 2412 1600 2438 sentias
1617 2410 1724 2437 dicendi
1741 2409 1809 2437 liber
1826 2410 1865 2437 Io-

1075 2450 1149 2483 cus:)
1168 2448 1259 2475 malim
1278 2449 1345 2475 mihi
1363 2450 1392 2475 L.
1411 2449 1499 2476 Crassi
1513 2457 1594 2475 unam
1612 2456 1660 2483 pro
1677 2448 1710 2474 M·
1725 2447 1806 2474 Curio
1822 2447 1866 2474 di-

1074 2487 1198 2517 ctionem.
1214 2495 1294 2521 quam
1309 2485 1465 2512 castellanos
1479 2485 1629 2520 triumphos
1642 2484 1721 2511 duos.
1754 2485 1789 2511 At
1801 2484 1864 2520 pius

1075 2523 1195 2550 interfuit
1208 2523 1379 2558 reipublicae,
1401 2521 1540 2549 castellum
1553 2523 1613 2557 capi
1626 2522 1766 2558 Ligurum.
1781 2529 1863 2557 quam

1075 2561 1141 2587 bene
1154 2560 1262 2587 defendi
1272 2568 1394 2586 caussam
1405 2559 1526 2586 M'Curii.
1540 2559 1634 2586 Credo.
1648 2559 1708 2586 257.
1719 2558 1773 2585 Sed
1782 2558 1864 2585 Athe-

1050 2610 1052 2630 ι
1075 2598 1209 2624 niensium
1223 2605 1331 2632 quoque
1344 2596 1406 2632 plus
1419 2595 1541 2623 interfuit
1553 2594 1628 2622 Iirma
1638 2599 1704 2622 tecta
1713 2595 1742 2622 in
1751 2595 1864 2622 domici-

1074 2634 1118 2660 liis
1132 2634 1237 2665 habere.
1245 2643 1327 2669 quam
1340 2634 1474 2660 Minervae
1487 2633 1597 2669 siguum
1606 2642 1640 2660 ex
1649 2633 1728 2659 ebore
1737 2632 1863 2667 pulcher—

1073 2672 1186 2703 rimum;
1213 2675 1300 2697 tamen
1318 2679 1369 2706 ego
1385 2679 1428 2696 me
1441 2670 1563 2697 Phidiam
1577 2678 1636 2697 esse
1649 2669 1765 2701 mallem.
1779 2678 1862 2705 quam
