1941 3052
403 149 590 178 ORATIO
622 149 712 177 PRO
744 149 932 177 ARCHIA
963 148 1132 176 POETA.
1167 148 1266 176 CAP.

86 222 220 250 eiusmodi
235 228 362 257 persona,
383 229 466 257 quae,
484 226 591 257 propter
605 222 689 249 otium
705 230 735 248 ac
749 221 880 252 studium,

85 261 197 288 minime
207 260 235 286 in
246 259 355 286 iudiciis
366 258 549 294 periculisque
561 264 668 286 tractata
679 264 733 291 est,
751 260 790 286 uti
801 267 883 294 prope

85 306 155 325 novo
164 296 282 333 quodam
293 301 319 323 et
329 297 458 323 inusitato
468 305 565 332 genere
576 296 693 323 dicendi.
735 298 758 323 4.
771 296 849 328 Quod
860 296 883 322 si

84 335 153 362 mihi
164 344 178 361 a
189 334 266 361 vobis
277 334 359 361 tribui
370 334 534 370 concedique
545 335 668 365 sentiam,
676 334 812 369 perficiam
823 342 885 368 pro-

85 372 166 404 fecto,
183 376 214 398 ut
227 372 300 398 hunc
314 371 347 398 Α.
359 372 494 398 Licinium
509 380 562 399 non
578 371 657 398 modo
672 380 724 398 non
740 379 884 407 segregan-

84 409 160 442 dum,
173 417 260 445 quum
271 409 307 435 sit
317 409 398 441 civis,
412 418 426 435 a
438 418 550 436 numero
560 410 672 441 civium,
685 418 780 436 verum
792 409 880 440 etiam,

85 448 109 474 si
120 456 173 474 non
184 450 263 478 esset,
276 447 377 482 putetis
388 447 575 473 asciscendum
587 446 682 473 fuisse.

139 485 183 511 111.
196 485 264 511 Nam
275 488 305 510 ut
315 484 434 519 primum
445 493 479 511 ex
488 485 581 520 pueris
592 483 832 513 excessitArchias,
845 487 884 509 at-

83 524 140 558 que*
149 522 182 549 ab
192 522 227 548 iis
239 522 352 553 artibus,
365 522 467 557 quibus
478 526 549 548 aetas
562 521 674 556 puerilis
685 521 718 547 ad
730 521 884 547 humanita-

84 565 138 588 tem
148 558 287 586 informari
299 558 375 591 solet,
391 568 420 586 se
430 559 463 586 ad
474 559 609 586 scribendi
621 558 743 585 studium
754 557 881 584 contulit:

83 598 203 633 primum
214 596 371 624 Antiochiae
381 596 453 633 (nam
464 597 502 623 ibi
514 601 592 623 natus
603 601 652 627 est,
666 595 723 622 loeo
734 595 827 626 nobili,
840 603 885 621 ce-

84 635 152 662 lebri
163 634 300 670 quondam
311 634 378 661 urbe
389 638 415 661 et
425 635 531 669 copiosa
542 638 622 669 atque
633 633 825 660 eruditissimis
835 632 884 658 ho-

83 673 205 699 minibus
221 671 473 707 liberalissimisque
488 671 586 698 studiis
602 670 743 705 affluenti‚)
763 670 884 696 celeriter
912 668 914 698 ,i

84 709 129 737 ei*
144 709 301 736 antecellere
316 709 442 736 omnibus
454 709 554 744 ingenii
566 708 650 744 gloria
661 708 781 743 contigit.
821 707 884 733 Post

82 748 112 774 in
132 747 227 774 ceteris
242 747 320 773 Asiae
340 746 462 781 partibus
479 751 628 781 cunctaque
644 745 754 772 Graecia
769 745 808 771 sic
824 745 883 770 eius

84 785 217 812 adventus
227 783 439 815 celebrabantur,
453 788 483 810 ut
493 783 592 810 samam
606 783 707 819 ingenii
719 782 883 817 exspectatio

82 822 214 853 hominis,
236 822 462 856 exspectationem
477 822 566 856 ips1us
582 820 713 847 adventus
729 820 884 846 admiratio-

82 868 137 895 que
147 863 294 894 superaret.
334 860 360 885 5.
381 859 445 885 Erat
459 858 533 885 Italia
549 863 613 885 tunc
628 858 706 893 plena
721 857 882 885 Graecarum

83 898 181 924 artium
196 905 227 923 ac
241 895 460 931 disciplinarum,
483 896 627 932 studiaque
643 896 708 922 haec
723 899 750 922 et
765 895 793 922 in
809 895 883 921 Latio

82 934 271 961 vehementius
291 938 349 960 tum
364 933 533 966 colebantur,
555 942 638 969 quam
654 942 726 960 nunc
741 932 838 959 iisdem
854 933 881 958 in

82 972 191 1007 oppidis
199 993 205 1004 ,
221 971 302 998 ethic
312 972 424 1003 Romae,
440 976 548 1008 propter
558 971 780 1007 tranquillitatem
791 970 883 1004 reipu-

82 1010 181 1041 blicae,
199 1018 252 1036 non
264 1009 479 1045 negligebantur.
518 1010 611 1044 Itaque
622 1009 694 1035 hunc
710 1012 735 1035 et
746 1007 882 1034 Tarentini

82 1051 108 1074 et
118 1047 234 1083 Rhegini
246 1051 272 1073 et
283 1046 449 1081 Neapolitani
465 1047 572 1074 civitate
588 1047 739 1081 ceterisque
754 1045 881 1081 praemiis

81 1084 228 1112 donarunt:
251 1088 277 1111 et
291 1092 399 1116 omnes,
416 1085 464 1120 qui
476 1084 579 1120 aliquid
590 1084 623 1111 de
634 1084 750 1120 ingeniis
762 1087 883 1118 poterant

81 1122 214 1153 iudicare,
231 1122 382 1158 cognitione
397 1126 477 1157 atque
491 1122 608 1157 hospitio
618 1122 733 1158 dignum
744 1121 882 1148 existima-

81 1164 153 1187 runt.
184 1160 238 1186 Hac
249 1163 320 1186 tanta
331 1159 483 1186 celebritate
494 1159 580 1186 famae
590 1168 677 1195 quum
689 1163 759 1186 esset
770 1159 823 1185 iam
835 1158 882 1184 ab-

81 1197 205 1224 sentibus
216 1201 304 1228 notus,
317 1197 428 1224 Romam
440 1197 521 1229 venit,
530 1198 613 1224 Mario
623 1197 733 1224 consule
744 1195 879 1223 etCatulo.

81 1234 182 1261 Nactus
193 1239 234 1261 est
243 1235 363 1270 primum
374 1234 498 1261 consules
515 1243 559 1262 eos
567 1256 573 1266 ,
590 1243 706 1270 quorum
718 1234 784 1261 alter
795 1242 837 1260 res
849 1233 881 1259 ad

82 1271 257 1299 scribendum
272 1273 418 1304 maximas,
441 1272 507 1299 alter
526 1281 613 1307 quum
634 1281 676 1299 res
697 1276 799 1308 gestas,
823 1275 880 1297 tum

82 1310 163 1336 etiam
178 1309 300 1336 studium
316 1314 396 1345 atque
411 1318 490 1336 aures
506 1310 634 1336 adhibere
644 1313 745 1345 posset.
786 1308 881 1335 Statim

82 1346 202 1378 Luculli,
220 1355 306 1382 quum
322 1351 502 1382 praetextatus
517 1348 597 1374 etiam
608 1352 666 1374 tum
677 1346 789 1374 Archias
800 1350 879 1377 esset,

81 1393 145 1411 eum
156 1384 267 1411 domum
279 1393 356 1411 suam
367 1389 533 1420 receperunt.
575 1384 629 1412 Sed
646 1383 746 1421 [etiam]
764 1384 813 1410 hoc
829 1392 881 1410 non

81 1422 170 1449 solum
183 1422 284 1458 ingenii
296 1431 324 1448 ac
337 1422 498 1454 litterarum,
516 1431 611 1448 verum
627 1423 708 1448 etiam
723 1426 832 1448 naturae
843 1426 882 1447 at-

81 1468 135 1495 que
147 1460 268 1491 virtutis,
282 1464 312 1486 ut
322 1459 433 1491 domus,
446 1468 516 1495 quae
528 1460 610 1486 huius
621 1459 815 1486 adolescentiae
826 1458 881 1494 pri-

81 1506 125 1523 ma
141 1496 234 1528 fuerit,
252 1496 345 1524 eadem
361 1501 432 1524 esset
447 1497 656 1524 familiarissima
673 1497 813 1524 senectuti.
854 1498 880 1522 6.

80 1535 144 1561 Erat
155 1534 322 1570 temporibus
333 1534 388 1561 illis
400 1535 536 1561 iucundus
547 1534 692 1567 Q.Mete110
705 1534 743 1561 illi
756 1533 882 1560 Numidi-

81 1580 112 1599 co
123 1573 218 1599 eteius
230 1572 275 1607 pio
286 1572 354 1605 lilio,
377 1572 537 1599 audiebatur
547 1581 561 1599 a
573 1573 608 1599 M.
622 1572 750 1605 Aemilio3
773 1571 882 1598 vivebat

80 1618 142 1636 cum
154 1609 185 1642 Q.
199 1609 301 1641 Catulo,
315 1613 341 1636 et
351 1614 425 1644 patre
436 1614 461 1636 et
472 1609 540 1643 filio3
555 1618 569 1636 a
580 1610 609 1636 L.
623 1610 718 1637 Crasso
728 1609 878 1636 colebatur:

80 1647 209 1674 Lucullos
220 1655 283 1674 vero
294 1651 320 1674 et
330 1648 447 1674 Drusum
459 1651 485 1674 et
495 1647 619 1674 Octavios
631 1652 657 1674 et
667 1647 793 1674 Catonem
805 1651 830 1673 et
841 1651 881 1673 to-

80 1689 134 1712 tam
155 1685 356 1712 Hortensiorum
377 1684 489 1711 domum
509 1685 661 1712 devinctam
685 1684 880 1712 consuetudine

80 1730 166 1758 quum
178 1726 291 1753 teneret,
305 1722 472 1749 afficiebatur
482 1731 590 1749 summo
601 1722 715 1754 honore,
732 1722 805 1758 quod
817 1730 879 1748 eum

81 1768 133 1787 non
145 1759 233 1786 solum
245 1759 376 1791 colebant,
389 1760 436 1795 qui
449 1759 551 1796 aliquid
564 1760 701 1796 percipere
712 1765 792 1795 atque
803 1759 881 1786 audi-

79 1805 108 1824 re
123 1797 279 1829 studebant,
298 1806 392 1824 verum
408 1798 502 1829 etiam,
519 1798 543 1824 si
558 1799 606 1833 qui
623 1798 688 1825 sorte
704 1797 879 1824 simulabant.

79 1835 123 1863 IV.
136 1835 244 1862 Interim
257 1835 322 1862 satis
334 1834 413 1871 longe
424 1835 577 1867 intervallo,
594 1844 680 1871 quum
692 1840 764 1862 esset
773 1844 836 1862 cum
848 1835 878 1861 L.

79 1872 194 1900 Lucullo
208 1872 235 1899 in
247 1872 366 1899 Siciliam
378 1872 528 1908 profectus,
547 1878 572 1900 et
586 1882 672 1909 quum
685 1881 718 1900 ex
729 1882 758 1899 ea
770 1873 881 1908 provin-

79 1910 120 1937 cia
135 1918 197 1937 cum
213 1909 306 1937 eodem
322 1910 435 1937 Lucullo
449 1910 602 1942 decederet,
626 1911 699 1938 venit
714 1910 878 1937 Heracleam.

79 1947 153 1980 Quae
168 1955 253 1982 quum
271 1952 342 1974 esset
357 1948 452 1974 civitas
467 1948 634 1983 aequissimo
649 1948 707 1975 iure
721 1957 751 1975 ac
762 1948 877 1979 foedere,

80 1984 178 2012 ascribi
194 1993 223 2011 se
233 1985 261 2011 in
273 1993 331 2011 eam
343 1985 478 2012 civitatem
490 1985 588 2012 voluit:
610 1986 706 2020 idque,
723 1995 809 2021 quum
822 1986 880 2020 ipse

78 2031 127 2058 per
138 2030 167 2048 se
178 2021 277 2057 dignus
289 2026 440 2057 putaretur,
459 2027 516 2049 tum
528 2024 681 2050 auctoritate
693 2027 719 2050 et
729 2023 814 2059 gratia
827 2024 880 2050 Lu-

79 2059 146 2087 culli
157 2059 190 2086 ab
200 2059 423 2086 Heracleensibus
434 2060 598 2095 impetravit.
619 2061 645 2087 7.
658 2061 721 2087 Data
732 2065 773 2088 est
783 2061 879 2088 civitas

79 2097 183 2124 Silvani
196 2096 254 2133 lege
265 2101 290 2124 et
301 2097 443 2129 Carbonis,
457 2107 482 2124 si
495 2107 545 2128 Qui
558 2106 745 2125 rosei-:iuris
758 2107 878 2125 etvin-

79 2144 162 2162 rinus
185 2143 321 2161 Asenirri
341 2143 496 2162 rursssur:
520 2144 544 2161 st
562 2145 632 2167 rua,
658 2145 736 2166 ouuu
755 2145 809 2162 tax
827 2145 880 2162 ri:-

78 2181 228 2203 nsnnun,
254 2181 282 2199 ti(
301 2181 402 2199 ιτΑιιΛ
421 2181 600 2200 nomentum
621 2182 817 2200 iiauuissnnr:
843 2178 876 2205 et,

79 2219 104 2237 si
118 2218 284 2236 senatun
298 2218 404 2236 nunnus
418 2219 493 2236 APUD
507 2219 682 2237 vaiarom-:m
695 2220 802 2237 essem
814 2220 880 2238 rno-

78 2255 174 2274 nssi.
204 2246 295 2280 Quum
311 2246 356 2273 hic
367 2246 534 2274 domicilium
546 2248 645 2274 Romae
657 2247 755 2275 multos
767 2249 819 2275 iam
831 2257 880 2275 an—

79 2292 128 2312 nos
139 2284 263 2316 haberet,
282 2283 420 2319 professus
431 2289 473 2310 est
483 2284 555 2319 apud
567 2289 728 2320 praetorem,
741 2285 773 2318 Q.
786 2286 880 2312 Metel-

79 2320 146 2354 lum,
160 2321 403 2349 familiarissimum
414 2330 505 2349 suum.
527 2324 551 2348 8.
565 2322 593 2349 Si
606 2323 672 2349 nihil
685 2323 768 2355 aliud,
782 2324 834 2350 nisi
846 2323 879 2349 «le

78 2359 187 2386 civitate
197 2368 228 2386 ac
239 2359 311 2396 lege,
328 2359 460 2391 dicimus,
479 2359 547 2386 nihil
559 2359 618 2387 dico
629 2360 762 2395 amplius:
783 2369 878 2387 caussa

79 2395 148 2424 dicta
160 2401 209 2424 est.
240 2397 312 2430 Quid
323 2398 396 2424 enim
409 2397 503 2424 horum
516 2397 644 2424 infirmari
653 2418 659 2429 ,
672 2398 761 2429 Grati,
775 2398 880 2434 potest?
909 2421 910 2426 ,

78 2433 255 2462 Heracleaene
270 2443 329 2462 esse
345 2439 402 2462 tum
418 2435 566 2469 ascriptum
588 2435 719 2469 negabis?
738 2435 821 2462 Adest
838 2436 879 2462 vir

79 2479 186 2499 summa
201 2473 357 2499 auctoritate
371 2477 398 2499 et
413 2472 542 2508 religione
558 2476 584 2498 et
599 2471 664 2503 lide,
688 2473 717 2499 L.
735 2472 876 2505 Lucullus,

79 2509 128 2544 qui
138 2517 167 2536 se
177 2518 230 2537 non
241 2510 358 2546 opinari,
376 2509 423 2536 sed
435 2510 517 2542 scire,
541 2518 592 2536 non
607 2510 758 2541 audivisse,
776 2510 823 2536 sed
838 2511 880 2537 vi-

79 2546 164 2580 disse;
177 2555 230 2574 non
241 2547 404 2578 interfuisse,
418 2547 465 2574 sed
477 2547 564 2583 egisse
575 2547 650 2574 dicit.
682 2547 787 2574 Adsunt
798 2548 879 2574 Hera-

79 2582 198 2611 cleenses
220 2584 309 2621 legati,
332 2584 497 2612 nobilissimi
519 2584 655 2612 homiues:
679 2585 762 2611 huius
783 2585 877 2612 iudicii

79 2628 174 2648 caussa
184 2630 246 2648 cum
259 2622 391 2649 mandatis
404 2626 501 2649 etcum
513 2621 622 2657 publico
633 2623 786 2649 testimonio
797 2631 879 2649 vene-

80 2662 155 2692 runt,
172 2659 221 2694 qui
232 2659 304 2687 hunc
315 2660 462 2696 ascriptum
474 2659 677 2686 Heracleensem
693 2660 797 2687 dicunt.
830 2661 877 2687 llic

79 2699 108 2722 tu
128 2696 234 2723 tabulas
253 2697 391 2725 desideras
411 2696 628 2724 Heracleensium
650 2697 786 2733 publicas;
808 2706 876 2733 quas

1303 150 1311 175 l
1335 164 1372 168 —
1393 150 1417 175 6.
1681 151 1730 176 453

934 220 1025 247 Italico
1051 219 1135 251 bello,
1162 220 1273 247 incenso
1299 219 1445 252 tabulario,
1478 219 1601 246 interisse
1629 220 1731 246 scimus

934 266 1038 285 omnes.
1063 258 1112 284 Est
1122 257 1267 284 ridiculum
1279 257 1312 284 ad
1323 266 1362 289 ea,
1375 266 1445 293 quae
1455 256 1597 288 habemus,
1611 257 1678 283 nihil
1690 257 1732 284 di-

934 304 1007 329 cere;
1025 303 1161 330 quaerere,
1175 304 1244 330 quae
1255 295 1352 321 habere
1364 304 1416 322 non
1428 303 1588 330 possumus,
1606 299 1631 321 et
1640 294 1674 321 de
1684 294 1732 321 ho-

935 333 1040 359 minum
1052 333 1179 359 memoria
1190 337 1290 364 tacere,
1304 332 1451 359 litterarum
1463 333 1619 359 memoriam
1631 331 1733 368 flagita-

935 378 977 402 re3
990 374 1024 401 et,
1037 378 1124 405 quum
1136 370 1234 397 habeas
1246 370 1409 405 amplissimi
1421 371 1471 396 viri
1484 369 1650 406 religionem,
1664 370 1734 396 inte—

934 408 1044 443 gerrimi
1060 408 1201 442 municipii
1217 407 1405 434 iusiurandum
1427 407 1575 442 fidemque,
1598 416 1641 438 ea,
1664 415 1734 442 quae

935 445 1075 479 depravari
1096 444 1172 471 nullo
1192 445 1271 471 modo
1292 449 1414 480 possunt,
1438 445 1593 480 repudiare3
1616 444 1731 476 tabulas

935 491 1003 517 quas
1015 482 1086 508 idem
1097 482 1166 508 dieis
1181 482 1267 509 solere
1281 482 1431 517 corrumpi,
1450 482 1612 509 desiderare.
1653 483 1677 508 9.
1700 482 1734 508 At

935 520 1103 546 domicilium
1115 520 1142 546 in
1154 519 1226 546 Italia
1238 528 1290 547 non
1304 520 1398 546 habuit
1409 521 1446 551 is,
1463 521 1510 556 qui
1527 524 1565 547 tot
1579 520 1657 546 annis
1673 524 1734 546 ante

934 557 1068 583 civitatem
1080 557 1168 583 datam
1180 557 1271 584 sedem
1282 558 1404 584 omnium
1416 566 1506 584 rerum
1521 566 1551 584 ac
1567 557 1733 584 fortunarum

936 603 1046 620 suarum
1058 595 1157 621 Romae
1168 594 1324 621 collocavit?
1338 595 1379 621 An
1391 604 1442 621 non
1453 594 1662 630 estprol'essus?
1681 595 1734 621 Im-

936 640 980 658 mo
990 640 1052 658 vero
1063 632 1096 658 iis
1108 631 1207 658 tabulis
1222 632 1374 667 professus,
1392 641 1461 667 quae
1476 633 1547 659 solae
1562 641 1596 659 ex
1611 632 1657 658 illa
1672 641 1734 667 pro-

936 669 1052 695 fessione
1067 669 1234 705 collegioque
1249 674 1401 704 praetorum
1422 670 1543 696 obtinent
1563 669 1733 705 publicarum

936 706 1088 733 tabularum
1100 708 1293 733 auctoritatem.
1315 707 1346 734 V.
1359 708 1426 733 Nam
1438 716 1523 742 quum
1536 707 1616 742 Appii
1629 706 1734 734 tabulae

935 743 1117 780 negligentius
1129 749 1278 771 asservatae
1289 744 1454 776 dicerentur,
1469 745 1587 776 Gabinii,
1601 744 1733 780 quamdiu

934 781 1079 808 incolumis
1091 781 1155 813 fuit,
1174 781 1281 813 levitas,
1299 786 1360 817 post
1375 782 1573 809 damnationem
1585 782 1731 813 calamitas,

935 827 1041 845 omnem
1053 818 1205 845 tabularum
1218 819 1298 845 fidem
1311 820 1488 856 resignasset:
1507 819 1640 851 Metellus,
1654 820 1734 846 homo

934 857 1123 883 sanctissimus
1139 856 1410 892 modestissimusque
1425 858 1562 889 omniurn,
1586 861 1656 883 tanta
1672 857 1735 883 dili-

933 894 1023 930 gentia
1035 893 1095 925 fuit,
1109 899 1138 920 ut
1148 894 1181 920 ad
1192 895 1222 921 L.
1236 894 1380 921 Lentulum
1392 900 1540 930 praetorem
1552 899 1577 921 et
1588 895 1621 921 ad
1631 894 1734 921 iudices

934 932 1037 958 venerit
1052 936 1078 958 et
1093 932 1175 958 unius
1187 932 1303 958 nominis
1317 932 1395 959 litura
1407 941 1436 958 se
1447 937 1611 959 commotum
1623 940 1682 958 esse
1693 931 1735 958 di—

934 971 1012 996 xerit.
1039 970 1086 996 His
1099 970 1182 1006 igitur
1193 969 1293 996 tabulis
1306 970 1408 996 nullam
1422 970 1529 997 lituram
1542 971 1569 996 in
1582 971 1689 997 nomine
1700 970 1732 996 A.

934 1007 1030 1033 Licinii
1042 1007 1150 1033 videtis.
1175 1009 1214 1034 to.
1227 1007 1301 1040 Quae
1311 1016 1397 1043 quum
1408 1008 1444 1034 ita
1455 1009 1517 1039 sint,
1526 1007 1593 1043 quid
1604 1012 1653 1039 est,
1662 1006 1734 1042 quod

934 1044 967 1071 de
978 1045 1037 1071 eius
1050 1045 1157 1071 civitate
1168 1045 1312 1077 dubitetis,
1328 1046 1486 1081 praesertim
1498 1054 1583 1081 quum
1596 1045 1656 1072 aliis
1667 1053 1735 1080 quo—

933 1083 1025 1117 quein
1037 1083 1193 1109 civitatibus
1205 1082 1286 1110 fuerit
1297 1082 1449 1118 ascriptus?
1463 1083 1568 1110 Etenim
1581 1091 1666 1118 quum
1678 1091 1735 1109 me·

933 1120 1072 1147 diocribus
1087 1120 1181 1147 multis
1196 1125 1222 1147 et
1237 1126 1283 1147 aut
1299 1121 1386 1152 nulla,
1403 1125 1450 1148 aut
1465 1121 1563 1148 humili
1579 1120 1669 1156 aliqua
1681 1125 1735 1146 arte

933 1158 1062 1193 praeditis
1071 1158 1188 1194 gratuito
1198 1159 1333 1185 civitatem
1345 1159 1372 1185 in
1379 1159 1488 1186 Graecia
1500 1158 1623 1185 homines
1636 1159 1735 1193 imper-

934 1195 1082 1227 tiebantur,
1105 1196 1241 1232 Rheginos
1257 1196 1336 1223 credo
1351 1201 1397 1223 aut
1412 1197 1558 1223 Locrenses
1573 1200 1619 1223 aut
1630 1196 1735 1230 Neapo-

934 1232 1031 1260 litanos
1042 1234 1260 1265 autTarentinos,
1273 1234 1346 1269 quod
1357 1235 1472 1261 scenicis
1484 1234 1632 1261 artificibus
1644 1233 1734 1269 largiri

933 1270 1069 1302 solebant,
1082 1271 1110 1297 id
1123 1271 1199 1303 huic,
1213 1280 1319 1298 summa
1330 1273 1432 1308 ingenii
1444 1272 1564 1307 praedito
1574 1271 1672 1308 gloria,
1687 1279 1735 1297 no-

934 1308 1032 1335 luisset
1054 1308 1144 1341 Quid‘?
1164 1318 1250 1344 quum
1264 1310 1358 1341 ceteri,
1376 1318 1428 1336 non
1439 1310 1518 1336 modo
1529 1314 1589 1344 post
1599 1309 1733 1336 civitatem

933 1345 1036 1378 datam,
1054 1346 1101 1372 sed
1113 1347 1192 1373 etiam
1204 1351 1265 1381 post
1277 1347 1362 1383 legem
1374 1348 1497 1382 Papiam,
1515 1347 1606 1382 aliquo
1617 1346 1695 1372 modo
1706 1347 1733 1372 in

934 1392 1026 1410 eorum
1038 1384 1248 1418 municipiorum
1260 1384 1365 1411 tabulas
1376 1385 1545 1420 irrepserint,
1564 1385 1620 1415 hic,
1638 1384 1685 1419 qui
1702 1392 1734 1410 ne

934 1422 1019 1448 utitur
1029 1421 1140 1456 quidem
1152 1421 1220 1454 illis,
1233 1422 1261 1448 in
1273 1422 1375 1457 quibus
1386 1427 1427 1448 est
1437 1423 1564 1457 scriptus.
1578 1421 1651 1457 quod
1662 1429 1734 1447 sem-

933 1467 981 1494 per
991 1467 1020 1485 se
1031 1458 1234 1485 Heracleensem
1246 1468 1305 1486 esse
1317 1459 1410 1491 voluit,
1425 1459 1578 1486 reiicietur‘?
1608 1461 1648 1485 Η.
1666 1459 1735 1486 Cen-

934 1505 982 1523 sus
993 1501 1098 1523 nostros
1110 1497 1225 1532 requiris
1237 1497 1349 1524 scilicet.
1366 1497 1413 1524 Est
1425 1498 1496 1523 enim
1508 1497 1663 1527 obscurum,
1673 1505 1734 1531 pro-

933 1534 1015 1561 ximis
1026 1534 1184 1561 censoribus
1196 1534 1268 1561 hunc
1279 1543 1341 1561 eum
1353 1534 1503 1561 clarissimo
1514 1536 1683 1570 imperatore,
1702 1534 1731 1560 L.

933 1571 1056 1603 Lucullo,
1079 1572 1151 1607 apud
1168 1573 1315 1599 exercitum
1332 1571 1430 1598 fuisse:
1453 1573 1649 1607 superioribus,
1671 1580 1733 1598 cum

933 1609 1026 1636 eodem
1040 1614 1181 1644 quaestore
1193 1609 1277 1636 fuisse
1288 1610 1315 1636 in
1327 1610 1404 1636 Asia:
1421 1611 1525 1645 primis,
1539 1609 1607 1636 Iulio
1620 1614 1644 1636 et
1657 1609 1734 1636 Cras-

933 1655 971 1678 so,
986 1647 1089 1673 nullam
1101 1647 1194 1682 populi
1206 1652 1309 1682 partem
1321 1656 1380 1674 esse
1390 1656 1507 1674 censam.
1531 1647 1592 1678 Sed,
1605 1647 1733 1682 quoniam

932 1693 1030 1711 census
1043 1694 1095 1711 non
1107 1685 1150 1711 ius
1162 1685 1278 1712 civitatis
1290 1685 1441 1716 confirmat,
1455 1694 1484 1711 ac
1497 1684 1681 1711 tantummodo
1693 1685 1734 1711 in-

932 1722 1011 1753 dicat,
1025 1731 1097 1754 eum,
1111 1723 1158 1757 qui
1170 1723 1205 1749 sit
1215 1731 1321 1753 census,
1336 1723 1371 1749 ita
1383 1732 1411 1749 se
1423 1724 1474 1749 iam
1489 1727 1544 1749 tum
1556 1723 1674 1758 gessisse
1687 1730 1734 1756 pro

932 1761 1005 1786 cive:
1028 1761 1062 1786 iis
1079 1760 1260 1794 temporibus,
1281 1769 1351 1796 quae
1371 1765 1399 1787 tu
1420 1761 1571 1787 criminaris
1592 1769 1625 1787 ne
1646 1761 1733 1794 ipsius

931 1797 1043 1833 quidem
1058 1797 1160 1824 iudicio
1175 1806 1237 1824 eum
1253 1798 1281 1824 in
1296 1799 1398 1824 civium
1411 1798 1589 1824 Romanorum
1607 1798 1664 1824 iure
1675 1806 1734 1823 esse

932 1840 1068 1863 versatum
1077 1857 1083 1866 ,
1101 1840 1126 1861 et
1138 1839 1327 1862 testamentum
1339 1844 1418 1870 saepe
1431 1835 1493 1862 fecit
1505 1836 1602 1862 nostris
1616 1835 1731 1871 legibus,

932 1878 958 1900 et
972 1874 1038 1900 adiit
1052 1873 1212 1899 hereditates
1224 1873 1325 1900 civium
1338 1874 1532 1903 Romanorum,
1550 1878 1575 1899 et
1591 1874 1617 1899 iu
1634 1872 1734 1899 beneti-

931 1912 980 1938 ciis
997 1911 1029 1937 ad
1045 1911 1176 1937 aerarium
1193 1911 1298 1938 delatus
1314 1916 1354 1937 est
1369 1920 1383 1937 a
1400 1911 1429 1937 L.
1446 1910 1559 1937 Lucullo
1575 1915 1693 1946 praetore
1709 1915 1734 1936 et

931 1949 1051 1975 consule.
1083 1949 1126 1975 vl.
1139 1948 1242 1981 Quaere
1254 1954 1419 1985 argumenta,
1433 1949 1456 1975 si
1468 1957 1537 1984 quae
1549 1953 1638 1983 potes3
1652 1957 1732 1974 num—

931 1995 1013 2021 quam
1030 1987 1101 2012 enim
1119 1987 1162 2013 hic
1178 1995 1265 2022 neque
1281 1995 1343 2018 suo,
1367 1995 1454 2021 neque
1470 1987 1616 2013 amicorum
1633 1985 1733 2012 iudicio

932 2025 1092 2050 revincetur.

988 2063 1028 2088 ⁴2.
1041 2061 1159 2094 Quaeres
1170 2070 1184 2088 a
1197 2061 1283 2092 nobis,
1297 2062 1381 2092 Grati,
1393 2070 1441 2087 cur
1453 2065 1524 2087 tanto
1535 2069 1614 2096 opere
1625 2060 1674 2087 hoc
1686 2060 1734 2086 ho-

932 2099 1004 2125 mine
1016 2099 1190 2126 delectemur.
1231 2099 1299 2131 Quia
1310 2099 1465 2134 suppeditat
1478 2099 1563 2129 nobis,
1582 2098 1628 2125 ubi
1640 2103 1665 2124 et
1676 2099 1733 2124 uni-

932 2145 994 2163 mus
1010 2145 1043 2163 ex
1059 2136 1109 2163 hoc
1125 2136 1224 2163 sorensi
1240 2138 1354 2171 strepitu
1372 2136 1539 2162 reliciaturet
1551 2145 1629 2162 aures
1640 2136 1732 2162 eonvi-

931 2174 972 2200 cio
983 2173 1104 2200 defessae
1115 2174 1316 2209 conquiescant.
1357 2174 1396 2200 An
1410 2178 1437 2200 tu
1449 2174 1597 2204 existimas,
1611 2178 1655 2199 aut
1667 2181 1732 2207 sup-

932 2216 1021 2246 petere
1033 2211 1110 2237 nobis
1127 2220 1220 2246 posse,
1237 2211 1309 2246 quod
1325 2211 1446 2246 quotidie
1463 2211 1599 2241 dicamus,
1618 2211 1644 2239 in
1661 2215 1731 2235 tantu

932 2250 1058 2275 varietate
1074 2257 1178 2279 rerum,
1196 2249 1248 2274 nisi
1266 2249 1369 2275 animos
1384 2253 1486 2274 nostros
1498 2248 1616 2274 doctrina
1628 2247 1732 2273 excolu-

932 2295 1006 2316 niuS,
1020 2290 1065 2312 aut
1078 2285 1145 2312 serre
1156 2286 1260 2312 animos
1272 2290 1370 2312 tautam
1383 2294 1461 2320 posse
1472 2286 1676 2313 contentionem,
1692 2286 1731 2310 ni-

932 2324 955 2349 si
967 2332 1011 2349 eos
1023 2323 1141 2349 doctrina
1153 2323 1246 2349 eadem
1259 2322 1430 2349 relaxemus?
1444 2323 1499 2358 Ego
1512 2331 1574 2349 vcro
1586 2322 1675 2350 fateor,
1690 2331 1731 2347 me

932 2360 975 2386 liis
986 2360 1084 2386 studiis
1096 2369 1154 2386 esse
1166 2360 1301 2392 deditum,
1324 2365 1425 2386 eeteros
1438 2360 1548 2395 pudeat,
1563 2360 1585 2385 si
1597 2360 1643 2394 qui
1657 2360 1690 2385 itu
1703 2368 1731 2384 se

933 2398 1027 2424 litteris
1043 2397 1217 2429 abdiderunt,
1241 2402 1270 2423 ut
1286 2398 1352 2424 nihil
1371 2398 1474 2432 possint
1489 2406 1522 2423 ex
1539 2397 1581 2423 his
1597 2405 1684 2432 neque
1699 2397 1730 2422 nd

931 2444 1101 2461 communem
1123 2435 1213 2461 afferre
1236 2434 1365 2465 fructum,
1390 2443 1476 2470 neque
1492 2435 1518 2461 in
1535 2439 1671 2469 aspectum
1690 2433 1731 2460 lu-

931 2481 1044 2508 cemque
1056 2472 1182 2507 proferre.
1224 2473 1264 2498 Me
1276 2477 1364 2498 autem
1376 2472 1442 2507 quid
1455 2472 1562 2507 pudeat,
1576 2473 1623 2507 qui
1637 2476 1671 2498 tot
1683 2481 1730 2498 an-

931 2519 980 2537 nos
992 2511 1026 2536 ita
1039 2511 1113 2541 vivo,
1132 2510 1248 2541 iudices,
1267 2514 1295 2536 ut
1307 2510 1340 2535 ab
1352 2510 1455 2536 nullius
1468 2518 1596 2544 umquam
1610 2518 1651 2535 me
1663 2515 1729 2536 tem-

931 2556 994 2583 pore
1010 2552 1055 2574 aut
1069 2547 1208 2574 commodo
1224 2552 1269 2574 aut
1285 2548 1369 2573 otium
1392 2556 1482 2574 meum
1503 2547 1662 2573 abstraxerit
1682 2552 1726 2573 aut

931 2585 1055 2620 voluptas
1066 2586 1181 2611 avocarit
1193 2589 1237 2611 aut
1248 2585 1365 2620 (leuique
1377 2594 1488 2611 somnus
1500 2584 1656 2611 retardarit?
1688 2586 1726 2610 11³.

929 2622 1016 2655 Quare
1027 2623 1090 2658 quis
1102 2623 1208 2649 taudem
1222 2631 1263 2648 me
1275 2622 1464 2657 reprehendat,
1478 2627 1524 2649 aut
1533 2622 1596 2657 quis
1608 2621 1674 2648 mihi
1687 2622 1728 2647 iu-

930 2669 957 2687 re
971 2664 1140 2691 succenseat,
1154 2660 1191 2691 si,
1204 2665 1335 2695 quantum
1347 2661 1442 2686 ceteris
1453 2659 1485 2686 ad
1497 2669 1560 2686 suas
1572 2668 1614 2685 res
1625 2659 1727 2686 obeun-

929 2698 986 2730 das,
1008 2702 1140 2734 quantum
1161 2697 1194 2724 ad
1216 2697 1297 2725 festos
1318 2697 1376 2724 dies
1398 2697 1522 2725 ludorum
1543 2696 1725 2727 celebrandos,
