1941 3052
240 143 286 168 SGI
810 141 847 166 to.
885 141 919 166 M.
953 140 983 166 T.

238 213 307 238 cntui
320 212 434 242 ‹lin-itur,
448 217 476 237 nt
489 212 622 246 Mysorum
636 211 746 236 ultimi-n
758 218 816 235 csse
826 210 948 235 dicatur?
961 210 1026 236 Nam
1048 211 1057 227 ¹¹

1056 250 1057 260 ¹
1080 256 1175 273 nomen
1188 252 1273 277 vetuti,
1287 256 1432 281 purpuram
1443 248 1559 283 Tyrium.
1587 249 1614 275 In
1628 258 1680 283 qua
1693 249 1740 275 tibi
1752 248 1868 279 invideo,

238 249 304 283 quid
316 259 364 281 ego
375 250 460 275 dii-nm
472 249 504 273 dc
517 248 616 282 Lydin‘!
638 248 703 278 Quia
717 256 843 281 umquam
855 248 973 273 Graecus
984 255 1028 273 co-

240 286 369 312 moedimn
386 286 505 319 scripsit,
527 286 553 310 in
569 293 621 318 qua
638 292 732 310 servus
749 285 894 318 primarum
912 285 1026 318 partium

239 332 290 349 non
304 323 392 358 Lydus
404 323 490 347 essct?
509 321 685 353 Quamobrem
701 330 769 355 quae
787 321 862 347 vobis
878 321 905 346 fit
921 321 1025 351 iniuria.
1048 323 1049 330 ¹

238 361 260 386 si
273 360 424 388 statuimus,
439 363 525 384 vestro
535 358 611 384 nobis
623 358 722 383 iudicio
732 358 856 383 standum
869 366 927 384 esse
938 358 971 383 de
984 367 1028 384 vo-
1048 377 1057 385 ,.

238 397 298 423 bis'?
317 399 357 422 136.
371 395 500 430 Equidem
515 395 579 420 mibi
592 395 642 420 iam
654 395 718 420 natis
729 403 863 429 superque
874 395 976 421 dixisse
989 396 1028 421 vi-

238 434 300 459 deor
315 433 347 458 de
360 433 472 459 Asiatico
487 440 582 465 genere
599 432 720 457 testium:
743 432 789 457 scd
806 437 892 458 tamen
910 437 1026 458 vestrum

237 475 289 498 cst,
308 470 422 499 iudices,
443 469 544 498 omnia,
565 477 634 503 quae
649 468 701 494 dici
718 474 829 503 possunt
846 470 871 495 iu
889 469 1026 496 bominum

239 508 384 536 levit-item.
404 506 619 536 inconstantiam,
636 506 823 540 cupiditatem,
841 507 944 533 etiamsi
960 515 974 532 a
986 515 1027 533 nie

238 545 326 570 minus
337 544 462 570 dicuntur
470 563 476 574 ,
489 543 584 570 vestris
595 543 692 570 animis
703 548 729 569 ct
739 544 897 579 cogitatione
907 552 1028 579 compre-

237 581 362 607 bendere.

292 654 410 681 XXVIII.
432 654 560 690 Sequitur
575 655 631 681 auri
648 654 691 681 illa
709 655 808 681 invidia
825 654 934 681 Iudaici.
974 655 1028 682 Hoc

236 692 362 718 nimirum
375 696 415 718 est
426 692 503 723 illud,
515 692 586 727 quod
598 701 649 718 non
663 691 738 727 longe
748 701 761 718 a
773 693 902 727 gradibus
912 692 1028 718 Aureliis

237 729 299 755 baec
314 738 408 755 caussa
423 729 530 756 dicitur.
571 730 612 755 Ob
623 729 672 755 boc
682 730 781 756 crimen
794 730 836 756 bic
848 729 921 756 locus
932 730 979 756 abs
992 734 1024 760 te,

237 766 321 797 Laeli,
336 771 414 801 atque
426 766 470 793 illa
483 766 558 793 turba
569 767 689 801 quaesita
700 771 749 793 est.
790 767 863 797 Scis,
879 771 977 802 quanta
993 767 1028 793 sit

235 812 344 834 manus,
361 808 458 838 quanta
474 804 627 835 concordia,
643 809 773 838 quantum
789 804 873 830 valeat
885 805 910 830 in
922 805 1027 830 concio-

235 841 325 867 nibus.
366 840 515 867 Summissa
528 850 589 867 voce
600 850 689 876 agani.
707 846 808 868 tantum
826 846 854 868 ut
866 841 967 868 iudices
979 850 1027 867 au-

235 878 319 904 diunt.
359 878 451 913 Neque
463 879 533 904 enim
545 878 655 908 desunt,
673 879 721 912 qui
738 879 801 905 istos
818 879 844 905 in
856 887 897 904 me
908 884 987 914 atque
1000 879 1025 905 in

233 916 364 949 optimum
375 924 510 950 quemque
522 915 644 941 incitent:
666 924 733 949 quos
745 924 802 951 ego,
816 924 870 950 quo
881 915 908 942 id
922 915 1026 942 facilius

210 964 214 971 ¹
235 952 339 983 faciant,
352 961 404 979 non
415 952 557 978 adiuvabo.
599 953 640 978 67.
661 952 749 984 Quum
762 962 857 979 aurum
869 953 1025 980 ludaeorum

234 990 341 1015 nomine
360 990 503 1024 quotannis
518 998 550 1016 ex
566 989 638 1016 ltalia
655 995 679 1015 et
694 999 726 1016 ex
740 991 866 1017 omnibus
881 991 1026 1025 provinciis

233 1026 414 1062 Hierosolyma
426 1026 437 1040 ¹·
449 1027 580 1062 exportari
593 1027 696 1059 soleret,
710 1028 820 1055 Flaccus
830 1028 918 1055 sanxit
929 1028 1023 1060 edicto,

234 1072 266 1090 ne
277 1073 310 1091 ex
317 1065 379 1090 Asia
389 1065 520 1099 exportari
533 1065 631 1091 liceret.
653 1064 719 1097 Quis
731 1071 779 1096 est,
793 1066 904 1097 iudices,
917 1067 964 1101 qui
977 1067 1025 1093 hoc

234 1110 284 1128 non
297 1109 357 1128 vere
370 1101 475 1128 laudare
486 1102 588 1137 possit?
602 1103 738 1137 Exportari
751 1112 845 1130 aurum
858 1112 910 1130 non
922 1109 1026 1138 oporte-

233 1146 260 1164 re
269 1159 274 1169 ,
287 1147 371 1173 quum
383 1147 461 1173 saepe
472 1144 546 1165 antea
557 1144 679 1171 senatus,
693 1145 763 1170 tum,
777 1149 819 1167 me
829 1140 952 1171 consule.
965 1150 1026 1177 gra-

233 1176 343 1202 vissime
358 1175 495 1202 iudicavit.
518 1177 585 1203 Iluic
599 1181 686 1203 autem
701 1178 826 1204 barbarae
841 1179 1024 1212 superstitioni

233 1213 367 1243 resistere,
384 1214 546 1244 severitatis.
569 1214 768 1241 multitudinem
785 1215 956 1246 Iudaeorum,
978 1215 1025 1241 fla-

231 1255 350 1285 grantem
363 1259 564 1285 nonnumquam
580 1252 607 1278 in
621 1253 808 1283 concionibus,
827 1261 874 1287 pro
888 1252 1024 1287 republica

231 1291 411 1318 contemnere,
424 1288 562 1323 gravitatis
574 1297 696 1315 summae
707 1289 766 1316 fuit.
806 1291 840 1316 At
851 1290 899 1316 Cn.
912 1290 1024 1324 Pompe-

231 1325 287 1355 ius,
300 1325 384 1359 captis
395 1325 599 1361 Hierosolymis.
618 1327 701 1353 victor
712 1335 745 1353 ex
756 1326 802 1353 illo
815 1326 874 1353 fano
886 1327 952 1353 nibil
964 1328 1025 1354 atti-

230 1362 278 1396 git.
310 1363 351 1388 68.
373 1362 400 1388 ln
412 1362 507 1396 primis
519 1363 576 1394 hoc,
591 1367 620 1389 ut
631 1363 714 1390 multa
725 1364 784 1394 alia,
798 1365 939 1399 sapienter,
951 1364 1024 1399 quod

230 1399 257 1424 in
274 1403 326 1425 tam
342 1399 490 1434 suspiciosa
506 1408 535 1426 ac
551 1400 679 1427 maledica
691 1402 796 1427 civitate
809 1401 895 1427 locum
907 1402 1023 1428 sermoni

229 1435 433 1463 obtrectatorum
445 1445 496 1463 non
509 1436 626 1472 reliquit.
657 1439 714 1465 Non
725 1438 796 1464 enim
807 1438 898 1470 credo,
916 1439 1025 1475 religio-

231 1481 290 1499 nem
305 1478 331 1499 et
341 1472 498 1500 Iudaeorum
513 1479 538 1500 et
554 1474 670 1501 bostium
685 1476 878 1510 impedimento
888 1481 1024 1510 praestan-

1048 290 1057 300 ¹¹
1079 284 1151 318 quod
1163 285 1224 310 uniit
1238 285 1402 310 vesunu-ntis
1415 285 1514 311 tamdiu
1527 285 1615 311 lautus
1628 295 1666 311 eit.

230 1510 334 1536 tissime
346 1511 508 1545 imperatori,
520 1511 566 1538 sed
579 1512 707 1547 pudorem
720 1513 812 1539 fuisse.
838 1513 888 1540 Ubi
900 1522 962 1549 ergo
971 1514 1024 1540 cri-

230 1556 289 1573 men
310 1546 368 1574 est‘?
386 1547 517 1580 Quoniam
537 1550 647 1584 quidem
668 1550 769 1577 furtum
784 1559 918 1585 nusquam
934 1559 1024 1585 repre-

230 1584 334 1616 hendis,
348 1584 465 1612 edictum
476 1586 582 1621 probas,
598 1587 744 1614 iudicatum
757 1587 856 1619 fateris,
869 1589 1023 1623 quaesitum

228 1626 254 1648 et
269 1621 401 1656 prolatum
416 1622 502 1658 palam
519 1632 570 1650 non
586 1633 680 1660 negas,
702 1629 790 1651 actum
810 1633 868 1651 esse
889 1633 936 1660 per
951 1626 1022 1652 viros

229 1659 369 1694 primarios
379 1667 421 1686 res
433 1660 491 1694 ipsa
504 1660 632 1688 declarat:
655 1662 787 1696 Apameae
799 1662 940 1689 manifesto
949 1671 1023 1689 com-

229 1696 403 1731 prehensum,
411 1701 471 1723 ante
481 1697 563 1732 pedes
574 1699 702 1733 praetoris
713 1699 741 1725 in
753 1698 809 1725 foro
820 1707 969 1734 expensum
982 1704 1022 1726 est

228 1734 286 1759 auri
302 1733 390 1768 pondo
403 1739 509 1761 centum
526 1735 618 1770 paullo
632 1737 722 1762 minus
743 1745 790 1771 per
804 1736 867 1763 Sex.
885 1736 1019 1767 Caesium,

228 1771 345 1805 equitem
354 1771 512 1803 Romanum,
524 1773 706 1799 castissimum
719 1773 853 1800 hominem
864 1778 943 1809 atque
954 1774 1022 1800 inte-

227 1807 388 1843 gerrimum:
411 1808 554 1835 Laodiceae
569 1810 665 1845 viginti
687 1811 775 1845 pondo
795 1810 885 1845 paullo
904 1811 1021 1846 amplius

228 1853 275 1879 per
286 1844 358 1871 hunc
369 1845 399 1871 L.
411 1845 588 1877 Peducaeum.
603 1847 719 1873 iudicem
732 1852 865 1879 nostrum,
878 1847 1021 1883 Adramyt—

228 1882 257 1908 tii
274 1881 286 1894 *
301 1890 348 1916 per
363 1881 411 1909 Cn.
428 1883 573 1910 Domitium
595 1883 723 1919 legatum.
764 1886 806 1911 69.
827 1884 948 1920 Pergami
969 1894 1020 1911 non

229 1918 354 1945 multum.
395 1919 459 1946 Auri
475 1921 540 1947 ratio
554 1926 669 1948 constat:
691 1930 786 1948 aurum
803 1922 830 1948 in
850 1923 950 1949 aerario
965 1927 1019 1948 est:

228 1955 329 1982 furtum
341 1964 393 1982 non
404 1957 622 1991 reprelienditur:
640 1958 740 1985 invidia
751 1959 902 1993 quaeritur:
920 1968 934 1986 a
949 1959 1021 1986 iudi-

227 1993 304 2019 cibus
315 1994 397 2020 oratio
408 1995 548 2021 avertitur:
572 2004 623 2021 vox
639 1996 666 2022 in
677 2004 799 2022 coronam
812 1996 972 2031 turbamque
983 1996 1022 2023 ef-

228 2029 359 2057 funditur.
381 2030 434 2057 Sua
445 2032 543 2066 cuique
554 2033 654 2059 civitati
666 2033 766 2068 religio,
776 2033 856 2064 Laeli,
870 2039 918 2064 est,
932 2039 1021 2060 nostra

228 2067 315 2094 nobis.
337 2067 475 2095 Stantibus
486 2069 677 2105 Hierosolymis
688 2071 843 2105 pacatisque
854 2071 968 2102 Iudaeis,
982 2076 1021 2097 ta-

227 2113 287 2131 men
304 2105 415 2131 istorum
432 2105 525 2141 religio
540 2115 675 2133 sacrorum
690 2116 704 2133 a
720 2107 862 2142 splendore
876 2108 958 2135 huius
969 2109 1021 2134 im-

228 2142 304 2176 perii,
315 2142 444 2178 gravitate
455 2144 570 2170 nominis
582 2145 674 2174 nostri,
683 2145 814 2171 maiorum
826 2145 956 2172 institutis
973 2146 1021 2171 ab-

228 2179 363 2206 horrebat:
386 2188 457 2206 nunc
468 2189 530 2207 vero
541 2180 590 2207 boc
601 2182 699 2217 magis,
716 2182 790 2216 quod
801 2182 844 2209 illa
855 2191 936 2218 genS,
954 2182 1020 2218 quid

227 2215 260 2242 de
271 2216 383 2251 imperio
394 2222 482 2244 nostro
492 2219 610 2249 sentiret,
626 2219 741 2246 ostendit
751 2220 846 2246 armis:
869 2229 949 2255 quam
961 2228 1020 2246 cara

226 2252 279 2279 diis
290 2254 486 2281 immortalibus
497 2260 580 2287 esset,
598 2255 701 2287 docuit,
718 2256 790 2292 quod
802 2262 841 2284 est
852 2258 920 2284 victa
929 2278 935 2289 ‚
947 2257 1020 2293 quod

227 2289 334 2322 elocuta,
346 2291 419 2326 quod
430 2297 542 2319 servata.

283 2364 383 2392 xxix.
398 2366 442 2392 70.
464 2365 656 2399 Quamobrem,
672 2368 813 2403 quoniam,
830 2368 903 2403 quod
917 2369 1018 2395 crimen

227 2410 286 2427 esse
297 2402 419 2434 voluisti,
437 2403 464 2430 id
478 2408 562 2431 totum
578 2405 653 2431 vides
669 2405 695 2431 in
713 2404 818 2431 laudem
835 2414 894 2432 esse
908 2414 1019 2433 conver-

228 2446 301 2469 sum,
324 2440 464 2467 veniamus
475 2441 527 2468 iam
538 2441 571 2468 ad
581 2442 682 2468 civium
694 2443 872 2469 Romanorum
883 2443 1016 2478 querelas.

228 2475 268 2501 Ex
278 2475 378 2510 quibus
389 2478 425 2503 sit
435 2486 498 2504 sane
509 2479 594 2514 prima
606 2479 721 2505 Deciani.
758 2479 829 2511 Quid
840 2480 888 2506 tibi
900 2479 1015 2511 tandem,

229 2512 348 2543 Deciane,
361 2513 473 2541 iniuriae
485 2515 582 2542 factum
593 2515 650 2542 est?
660 2517 808 2551 Negotiaris
819 2517 846 2543 in
858 2517 940 2543 libera
951 2517 1019 2543 civi·
1039 2532 1041 2543 ι

229 2552 288 2574 tate.
328 2549 447 2577 Primum
463 2557 550 2585 patere
565 2562 607 2579 me
618 2561 677 2580 esse
686 2553 832 2579 curiosum.
871 2553 1018 2589 Quousque
1038 2549 1041 2557 ’

229 2585 414 2627 negotiabere‘?
425 2590 578 2622 praesertim
590 2599 675 2625 quum
686 2590 724 2616 sis
735 2589 782 2616 illo
793 2590 849 2617 loco
859 2596 948 2617 natus.
963 2592 1018 2618 An-

229 2630 275 2647 nos
286 2631 338 2648 iam
352 2623 457 2659 triginta
469 2626 495 2652 in
508 2626 563 2653 foro
573 2627 700 2659 versaris,
722 2627 768 2653 sed
784 2632 872 2654 tamen
883 2628 910 2654 in
921 2628 1018 2664 Perga-
1038 2620 1041 2635 '

1018 140 1293 167 CICERONIS

1079 210 1249 236 commodum
1261 215 1313 240 est.
1333 210 1440 236 Romam
1456 211 1543 237 venis:
1566 211 1641 238 affers
1654 211 1747 238 sm-iem
1763 220 1867 242 novam,

1706 287 1748 312 Ἡ.
1771 286 1869 313 Verum

1079 326 1148 346 ento:
1172 322 1298 354 negotiari
1320 321 1395 347 libet:
1418 330 1466 348 cur
1486 330 1537 348 non
1559 322 1697 358 Pergami?
1722 323 1871 358 Smyrnae?

1079 357 1231 384 Trallibus?
1242 358 1287 384 ubi
1299 357 1410 384 etmulti
1422 359 1494 384 cives
1507 359 1614 386 ltomani
1627 364 1698 389 sunt.
1707 365 1731 386 et
1743 361 1785 386 ius
1796 369 1809 386 a
1822 368 1870 387 no-

1079 400 1133 421 stro
1145 396 1300 430 magistratu
1312 395 1428 421 dicitur?
1447 396 1537 422 Otium
1549 401 1573 422 te
1584 396 1708 423 delectat:
1728 397 1796 427 lites.
1813 401 1870 423 tur-

1080 432 1121 462 ba.
1135 437 1237 466 praetor
1247 432 1308 459 odio
1317 437 1369 458 est:
1384 433 1543 459 Graecorum
1557 432 1675 459 libertate
1685 435 1795 468 gaudeo.
1816 435 1870 461 Cur

1079 478 1142 504 ergo
1157 478 1227 495 unus
1244 474 1272 495 tu
1287 469 1540 504 Appollonidensen,
1561 471 1756 497 amantissimos
1776 471 1869 506 populi

1079 507 1189 533 Itomani
1220 507 1445 541 Iulelissimosque
1474 507 1572 538 socios.
1605 508 1756 534 miseriora
1775 508 1867 539 habes.

1079 552 1160 578 quam
1172 548 1218 570 aut
1229 543 1407 574 Mithridates,
1421 544 1554 570 autetiam
1567 549 1639 579 pater
1651 549 1713 571 tuus
1723 544 1869 609 habufgerjit

1080 580 1227 615 umquam?
1247 582 1300 607 Cur
1310 581 1352 607 his
1364 589 1410 615 per
1422 586 1445 607 te
1457 581 1508 608 frui
1521 581 1640 608 libertate
1651 591 1713 612 aua,
1730 591 1778 609 cur
1811 583 1869 609 cni-

1078 627 1131 653 que
1142 627 1201 644 esse
1214 618 1304 644 liberis
1316 627 1367 644 non
1380 618 1457 644 licet'?
1479 619 1602 645 nomines
1618 624 1682 645 sunt
1697 623 1748 645 tota
1763 627 1797 646 ex
1805 620 1868 647 Asia

1080 655 1269 690 frugalissimi,
1287 655 1462 686 sanctissimi,
1480 664 1493 682 a
1506 656 1666 683 Graecorum
1680 655 1784 683 luxuria
1795 661 1820 683 et
1831 656 1869 684 le-

1080 693 1158 719 vitate
1170 693 1355 723 remotissimi,
1370 693 1572 727 patresfamilias
1583 702 1632 719 suo
1642 694 1771 725 contenti,
1784 698 1869 720 erato-

1078 738 1129 760 res,
1143 731 1283 756 rusticani:
1302 739 1378 765 agros
1390 730 1488 756 babent
1498 735 1524 756 et
1534 735 1626 757 natura
1639 730 1778 765 perbonos.
1792 735 1818 757 et
1827 730 1869 758 di-

1079 767 1186 802 ligentia
1198 767 1356 802 culturaque
1367 767 1498 793 meliores.
1539 768 1567 794 In
1583 767 1655 793 hisce
1670 768 1742 803 agris
1753 773 1782 794 tu
1793 777 1870 803 prae—

1077 804 1120 830 dia
1132 804 1228 830 babere
1242 804 1360 831 voluisti.
1400 804 1515 831 Omnino
1531 804 1650 835 mallem,
1667 806 1703 838 (et
1718 806 1803 840 magis
1814 810 1869 832 erat

1078 846 1164 872 tuum,
1178 843 1200 868 si
1214 847 1237 868 te
1247 843 1329 868 crassi
1341 843 1396 877 agri
1408 842 1594 876 delectabant.)
1606 842 1648 868 hic
1659 842 1757 868 alicubi
1769 843 1796 868 in
1803 842 1869 869 Cru-

1077 880 1196 905 stumino
1207 884 1253 905 aut
1264 880 1290 905 in
1303 880 1427 913 Capenati
1440 880 1599 914 paravisses.
1632 880 1675 905 72.
1688 879 1784 906 Verum
1796 885 1866 909 esto;

1078 916 1183 942 Catonis
1203 921 1243 942 est
1262 916 1377 942 dictum:
1400 917 1514 951 pedibus
1533 917 1700 952 compensari
1715 917 1866 951 pecuniam.

1078 954 1166 988 Longe
1179 954 1289 980 omnino
1303 963 1317 979 a
1329 954 1417 980 Tiberi
1433 954 1465 980 ad
1477 954 1598 980 Caicum:
1620 954 1711 988 quoin
1723 952 1779 980 loco
1788 955 1867 981 etiam

1054 1007 1055 1011 =
1076 992 1258 1025 Agamemnon
1269 999 1330 1017 cum
1345 992 1462 1017 exercitu
1477 996 1602 1021 errasset,
1620 991 1671 1017 nisi
1687 991 1782 1017 ducem
1793 991 1869 1018 'l'eleb

1054 1027 1055 1043 ³
1077 1028 1161 1064 phun]
1173 1028 1328 1056 invenisset.
1350 1028 1402 1055 Sed
1413 1028 1529 1056 concedo
1540 1028 1564 1056 id
1577 1037 1698 1064 quoque:
1711 1028 1811 1064 placuit
1821 1037 1869 1064 op-

1054 1083 1055 1091 .
1077 1066 1184 1101 pidum:
1199 1067 1272 1102 regio
1282 1067 1436 1093 delectavit:
1448 1067 1570 1093 emisses.
1593 1066 1817 1102 XXX.Amyntas
1829 1072 1869 1093 est

1054 1103 1055 1106 ’
1075 1112 1180 1139 genere,
1195 1104 1301 1134 bonore,
1315 1105 1519 1131 existimatione.
1537 1105 1647 1139 pecunia
1659 1104 1782 1139 princeps
1794 1103 1868 1130 illius

1076 1141 1200 1167 civitatis.
1232 1141 1318 1167 Huius
1329 1150 1445 1171 socrum,
1460 1141 1598 1167 mulierem
1611 1140 1740 1167 imbecilli
1751 1141 1866 1170 consilii.

1076 1179 1140 1205 satis
1154 1178 1321 1212 locupletem,
1336 1178 1445 1213 pellexit
1457 1179 1587 1205 Decianus
1598 1178 1630 1204 ad
1642 1186 1715 1204 sese:
1735 1182 1770 1209 et,
1782 1187 1868 1213 quum
1887 1185 1891 1188 ·

1076 1215 1134 1245 illa,
1152 1215 1219 1250 quid
1231 1220 1365 1251 ageretur,
1384 1217 1510 1244 nesciret,
1528 1216 1555 1242 in
1567 1216 1736 1250 possessione
1747 1215 1869 1250 praedio-

1077 1262 1135 1279 rum
1147 1254 1205 1279 eius
1221 1252 1348 1279 familiam
1364 1261 1441 1279 suam
1456 1253 1609 1279 collocavit:
1631 1260 1741 1279 uxorem
1756 1252 1870 1279 abduxit

1076 1290 1108 1316 ab
1119 1291 1232 1325 Amynta
1245 1295 1442 1325 praegnantem,
1455 1299 1524 1325 quae
1535 1290 1637 1325 peperit
1648 1289 1869 1324 apudDecianum

1076 1327 1171 1358 filiam,
1190 1327 1323 1362 hodieque
1334 1327 1406 1362 apud
1417 1327 1561 1354 Decianum
1572 1332 1648 1354 estet
1659 1335 1726 1353 uxor
1738 1327 1869 1363 Amyntae

1075 1369 1100 1390 et
1112 1364 1174 1390 tilia.
1197 1365 1239 1390 73.
1253 1364 1392 1399 Numquid
1404 1364 1498 1391 harum
1509 1373 1597 1391 rerum
1609 1373 1623 1391 a
1635 1372 1677 1390 me
1688 1364 1805 1399 fingitur,
1819 1365 1869 1391 De-

1075 1401 1168 1428 ciane‘?
1188 1401 1283 1428 Sciunt
1297 1401 1361 1428 haec
1376 1410 1468 1428 omnes
1485 1401 1601 1433 nobiles.
1623 1402 1712 1428 sciunt
1727 1401 1789 1428 boni
1806 1402 1866 1432 viri,

1074 1440 1162 1465 sciunt
1174 1439 1289 1474 denique
1306 1440 1388 1465 nostri
1406 1439 1540 1470 homines,
1559 1440 1647 1465 sciunt
1662 1438 1809 1465 mediocres
1821 1447 1869 1466 ne-

1074 1477 1225 1512 gotiatores.
1266 1476 1397 1512 Exsurge.
1411 1477 1539 1512 Amynta:
1552 1481 1640 1511 repete
1651 1485 1665 1502 a
1676 1476 1802 1507 Deciano,
1815 1485 1868 1503 non

1075 1514 1229 1548 pecuniam,
1247 1522 1298 1540 non
1311 1513 1430 1548 praedia,
1448 1522 1553 1540 socrum
1564 1513 1681 1548 denique
1693 1513 1745 1539 sibi
1757 1513 1865 1540 habeat:

1051 1557 1052 1562 ¹
1074 1551 1196 1577 restituat
1211 1559 1336 1581 uxorem,
1353 1551 1445 1577 reddat
1461 1551 1558 1577 misero
1573 1551 1640 1586 patri
1652 1550 1744 1577 filiam.
1783 1551 1869 1577 Mem-

1050 1583 1052 1591 '
1074 1588 1133 1618 bra¹
1151 1596 1220 1622 quae
1235 1587 1386 1614 debilitavit
1402 1588 1550 1622 lapidibus,
1569 1588 1699 1617 fustibus.
1716 1587 1798 1619 ferro,
1811 1597 1869 1615 ma-

1075 1634 1138 1655 nus,
1156 1633 1224 1660 quos
1235 1625 1368 1655 contudit.
1386 1625 1497 1660 digitos,
1515 1633 1583 1660 quos
1599 1625 1742 1662 confregit,
1760 1633 1865 1655 nervos,

1073 1671 1141 1697 quos
1152 1662 1276 1692 concidit,
1291 1663 1429 1688 restituere
1441 1671 1493 1689 non
1504 1667 1602 1697 potest:
1616 1662 1707 1694 filiam,
1720 1662 1812 1693 filiam,
1826 1662 1868 1689 in-

1073 1708 1168 1734 quam,
1185 1707 1344 1725 aerumnoso
1358 1699 1440 1734 patri,
1458 1699 1582 1729 Deciane,
1605 1698 1696 1726 redde.
1735 1700 1777 1726 7⁴.
1798 1699 1868 1726 Haec

1073 1736 1165 1763 Flacco
1178 1744 1229 1762 non
1241 1736 1366 1770 probasse
1379 1741 1403 1762 te
1414 1735 1538 1763 miraris?
1557 1736 1620 1766 Cui,
1633 1745 1746 1771 quaeso,
1760 1736 1866 1763 tandem

1073 1772 1208 1808 probasti?
1227 1773 1382 1808 Emptiones
1399 1772 1493 1805 falsas,
1511 1773 1679 1808 praediorum
1694 1774 1868 1808 proscriptio-

1073 1820 1120 1837 nes
1139 1819 1201 1837 cum
1217 1809 1384 1836 mulierculis
1399 1815 1487 1845 aperta
1503 1811 1748 1846 circumscriptione
1770 1810 1865 1837 fecisti.

1073 1848 1154 1874 Tutor
1169 1847 1212 1874 bis
1226 1847 1307 1874 rebus
1320 1847 1480 1874 Graecorum
1495 1847 1600 1883 legibus
1614 1847 1788 1874 ascribendus
1804 1847 1864 1874 fuit.

1072 1884 1278 1911 Polemocratem
1290 1885 1431 1919 scripsisti,
1440 1886 1631 1911 mercenarium
1643 1890 1669 1911 et
1677 1885 1866 1912 administrum

1072 1922 1247 1948 consiliorum
1258 1927 1374 1948 tuorum.
1410 1921 1548 1948 Adductus
1559 1926 1599 1948 est
1610 1922 1637 1948 in
1648 1922 1780 1949 iudicium
1790 1921 1867 1949 Pole-

1073 1964 1201 1985 mocrates
1220 1959 1253 1985 de
1273 1959 1334 1986 dolo
1353 1959 1423 1985 malo
1443 1964 1468 1985 et
1482 1959 1515 1985 de
1531 1958 1623 1986 fraude
1637 1968 1652 1986 a
1666 1959 1760 1990 Dione,
1783 1959 1866 1986 huius

1073 1997 1159 2031 ipsius
1172 1996 1268 2022 tutelae
1280 1997 1396 2022 nomine.
1423 1995 1474 2028 Qui
1486 2005 1632 2023 concursus
1643 2005 1676 2023 ex
1686 1996 1794 2032 oppidis
1805 1996 1867 2023 fini-

1073 2034 1146 2060 timis
1161 2032 1300 2068 undique?
1321 2034 1368 2068 qui
1383 2033 1458 2060 dolor
1473 2033 1641 2060 animorum?
1658 2042 1727 2069 quae
1740 2032 1868 2069 querela?

1073 2071 1270 2097 Condemnatus
1280 2070 1518 2097 estPolemocrates
1529 2071 1666 2097 sententiis
1677 2071 1816 2098 omnibus:
1829 2071 1866 2097 ir-

1072 2109 1136 2134 ritae
1148 2107 1329 2138 venditiones.
1346 2108 1434 2134 irritae
1447 2108 1662 2143 proscriptiones.
1703 2108 1774 2135 Num
1787 2108 1866 2135 resti-

1073 2145 1145 2171 tuis?
1164 2144 1255 2171 Defers
1265 2145 1298 2171 ad
1310 2145 1500 2181 Pergamenos,
1518 2150 1547 2171 ut
1557 2144 1597 2172 illi
1608 2145 1754 2180 reciperent
1764 2146 1792 2172 in
1801 2153 1865 2172 suas

1072 2182 1172 2209 litteras
1187 2182 1311 2217 publicas
1326 2182 1473 2217 praeclaras
1489 2183 1696 2217 proscriptiones
1711 2187 1737 2209 et
1751 2183 1867 2217 emptio-

1072 2228 1119 2246 nes
1131 2224 1199 2246 tuas.
1221 2219 1380 2254 Repudiant.
1396 2219 1533 2246 reiiciunt:
1546 2224 1626 2254 atque
1636 2219 1759 2246 homines
1769 2219 1866 2255 Perga-

1072 2257 1157 2287 meni,
1177 2256 1325 2283 laudatores
1340 2257 1394 2283 tui!
1415 2257 1452 2282 Ita
1467 2257 1538 2283 enim
1554 2257 1621 2283 mihi
1631 2256 1738 2292 gloriari
1750 2257 1826 2283 visus
1836 2265 1866 2284 es

1073 2294 1223 2320 laudatione
1238 2294 1475 2330 Pergamenorum,
1496 2294 1576 2329 quasi
1591 2293 1717 2320 honorem
1733 2294 1864 2320 maiorum

1072 2335 1177 2357 tuorum
1191 2336 1331 2358 assecutus
1343 2339 1432 2358 esses:
1445 2335 1471 2357 et
1481 2330 1530 2358 hoc
1541 2335 1565 2357 te
1575 2331 1739 2365 superiorem
1750 2330 1864 2366 putabas
1895 2335 1899 2355 ἶ

1071 2377 1143 2399 esse,
1159 2377 1241 2403 quam
1251 2368 1386 2399 Laelium,
1403 2368 1476 2403 quod
1493 2373 1516 2394 te
1526 2368 1621 2394 civitas
1631 2367 1793 2403 Pergamena
1806 2367 1864 2395 lau·
1895 2367 1900 2380 ·’

1070 2405 1153 2432 daret.
1194 2406 1266 2432 Num
1281 2405 1416 2432 honestior
1430 2410 1471 2432 est
1484 2405 1578 2431 civitas
1588 2405 1764 2440 Pergamena,
1781 2413 1862 2440 quam
1898 2417 1899 2422 ¹

1070 2441 1202 2478 Smyrna?
1220 2443 1254 2469 At
1264 2451 1297 2469 ne
1307 2442 1360 2477 ipsi
1370 2442 1480 2477 quidem
1491 2442 1593 2468 dicunt.
1633 2441 1734 2468 XXXI.
1745 2442 1789 2468 75.
1801 2441 1864 2468 Vel·
1887 2466 1895 2469 s

1070 2479 1122 2506 lem
1133 2484 1236 2506 tantum
1247 2479 1344 2506 babere
1355 2487 1398 2506 me
1407 2479 1463 2509 otii,
1476 2483 1505 2505 ut
1515 2487 1621 2514 possem
1632 2479 1741 2505 recitare
1751 2479 1863 2514 psephi-

1069 2525 1126 2543 sma
1138 2517 1354 2551 Smyrnaeorum,
1370 2515 1443 2551 quod
1453 2515 1571 2542 fecerunt
1583 2516 1610 2542 in
1622 2515 1780 2542 Castricium
1790 2524 1862 2543 morh

1069 2558 1159 2580 tuum:
1182 2555 1313 2588 primum,
1335 2554 1407 2580 utin
1421 2552 1551 2588 oppidum
1570 2552 1765 2580 introferretur:
1787 2553 1860 2588 quod

1038 2582 1041 2619 l
1069 2590 1128 2617 aliis
1139 2599 1192 2617 non
1207 2590 1373 2622 conceditur,
1395 2589 1504 2621 deinde,
1522 2594 1551 2616 ut
1566 2589 1664 2616 ferrent
1679 2590 1790 2625 ephebi:
1811 2598 1861 2625 po-

1068 2632 1176 2658 stremo,
1191 2633 1219 2654 ut
1230 2628 1410 2662 imponeretur
1420 2635 1498 2653 aurea
1509 2635 1604 2654 corona
1615 2632 1728 2654 mortuo.
1750 2627 1818 2654 Haec
1828 2627 1858 2653 P.

228 2666 314 2685 meno.
356 2659 445 2697 Longo
461 2661 609 2694 intervallo,
631 2664 654 2690 si
668 2663 775 2699 quando
791 2664 840 2691 tibi
855 2665 1016 2701 peregrinari
1038 2668 1047 2691 1}
1068 2664 1200 2700 Scipioni,
1217 2664 1366 2691 clarissimo
1381 2664 1449 2691 viro.
1466 2673 1551 2700 quum
1567 2669 1638 2691 esset
1651 2664 1772 2700 Pergami
1789 2672 1859 2691 mor·
