<?xml version="1.0" encoding="UTF-8"?>
<!DOCTYPE html PUBLIC "-//W3C//DTD XHTML 1.0 Transitional//EN"
    "http://www.w3.org/TR/xhtml1/DTD/xhtml1-transitional.dtd">
<html xmlns="http://www.w3.org/1999/xhtml" xml:lang="en" lang="en">
 <head>
  <title>
</title>
<meta http-equiv="Content-Type" content="text/html;charset=utf-8" />
  <meta name='ocr-system' content='tesseract 3.04.00' />
  <meta name='ocr-capabilities' content='ocr_page ocr_carea ocr_par ocr_line ocrx_word'/>
</head>
<body>
  <div class='ocr_page' id='page_1' title='image "./operaomniaunovol00ciceuoft/operaomniaunovol00ciceuoft_0985.png"; bbox 0 0 1941 3052; ppageno 0'>
   <div class='ocr_carea' id='block_1_1' title="bbox 409 125 1195 157">
    <p class='ocr_par' dir='ltr' id='par_1_1' title="bbox 409 125 1195 157">
     <span class='ocr_line' id='line_1_1' title="bbox 409 125 1195 157; baseline 0.006 -5"><span class='ocrx_word' id='word_1_1' title='bbox 409 125 740 154; x_wconf 77' lang='lat' dir='ltr'>EPISTOLARUM</span> <span class='ocrx_word' id='word_1_2' title='bbox 769 127 822 154; x_wconf 76' lang='lat' dir='ltr'><strong>AD</strong></span> <span class='ocrx_word' id='word_1_3' title='bbox 850 127 1033 155; x_wconf 85' lang='lat' dir='ltr'>BRUTUM</span> <span class='ocrx_word' id='word_1_4' title='bbox 1062 130 1143 157; x_wconf 92' lang='lat' dir='ltr'><strong>LIB.</strong></span> <span class='ocrx_word' id='word_1_5' title='bbox 1175 131 1195 157; x_wconf 90' lang='grc' dir='ltr'><strong>Ι.</strong></span> 
     </span>
    </p>
   </div>
   <div class='ocr_carea' id='block_1_2' title="bbox 74 196 888 2540">
    <p class='ocr_par' dir='ltr' id='par_1_2' title="bbox 74 196 888 2540">
     <span class='ocr_line' id='line_1_2' title="bbox 97 196 886 235; baseline 0.005 -13"><span class='ocrx_word' id='word_1_6' title='bbox 97 197 170 232; x_wconf 88' lang='lat' dir='ltr'><strong>quod</strong></span> <span class='ocrx_word' id='word_1_7' title='bbox 185 196 278 223; x_wconf 87' lang='lat' dir='ltr'><strong>laudas</strong></span> <span class='ocrx_word' id='word_1_8' title='bbox 292 196 326 223; x_wconf 92' lang='lat' dir='ltr'><strong>ob</strong></span> <span class='ocrx_word' id='word_1_9' title='bbox 342 205 385 228; x_wconf 88' lang='lat' dir='ltr'><strong>ea⁷</strong></span> <span class='ocrx_word' id='word_1_10' title='bbox 408 206 477 233; x_wconf 84' lang='lat' dir='ltr'><strong>quae</strong></span> <span class='ocrx_word' id='word_1_11' title='bbox 493 198 581 225; x_wconf 89' lang='lat' dir='ltr'><strong>adhuc</strong></span> <span class='ocrx_word' id='word_1_12' title='bbox 602 198 677 231; x_wconf 88' lang='lat' dir='ltr'><strong>fecit,</strong></span> <span class='ocrx_word' id='word_1_13' title='bbox 699 200 777 235; x_wconf 86' lang='lat' dir='ltr'><strong>plane</strong></span> <span class='ocrx_word' id='word_1_14' title='bbox 793 200 886 234; x_wconf 86' lang='lat' dir='ltr'><strong>probo.</strong></span> 
     </span>
     <span class='ocr_line' id='line_1_3' title="bbox 96 234 888 272; baseline 0.006 -12"><span class='ocrx_word' id='word_1_15' title='bbox 96 235 164 260; x_wconf 87' lang='lat' dir='ltr'>Sunt</span> <span class='ocrx_word' id='word_1_16' title='bbox 178 234 251 260; x_wconf 90' lang='lat' dir='ltr'><strong>enim</strong></span> <span class='ocrx_word' id='word_1_17' title='bbox 267 234 413 266; x_wconf 81' lang='lat' dir='ltr'><strong>laudanda,</strong></span> <span class='ocrx_word' id='word_1_18' title='bbox 430 237 453 262; x_wconf 88' lang='lat' dir='ltr'><strong>si</strong></span> <span class='ocrx_word' id='word_1_19' title='bbox 469 237 548 263; x_wconf 90' lang='lat' dir='ltr'><strong>modo</strong></span> <span class='ocrx_word' id='word_1_20' title='bbox 562 242 651 263; x_wconf 88' lang='lat' dir='ltr'><strong>contra</strong></span> <span class='ocrx_word' id='word_1_21' title='bbox 667 238 781 264; x_wconf 88' lang='lat' dir='ltr'><strong>alienam</strong></span> <span class='ocrx_word' id='word_1_22' title='bbox 795 243 888 272; x_wconf 91' lang='lat' dir='ltr'><strong>poten-</strong></span> 
     </span>
     <span class='ocr_line' id='line_1_4' title="bbox 95 271 888 308; baseline 0.004 -10"><span class='ocrx_word' id='word_1_23' title='bbox 95 271 174 303; x_wconf 83' lang='lat' dir='ltr'>tiam,</span> <span class='ocrx_word' id='word_1_24' title='bbox 192 281 244 298; x_wconf 90' lang='lat' dir='ltr'><strong>non</strong></span> <span class='ocrx_word' id='word_1_25' title='bbox 256 279 303 306; x_wconf 87' lang='lat' dir='ltr'><strong>pro</strong></span> <span class='ocrx_word' id='word_1_26' title='bbox 314 281 361 298; x_wconf 93' lang='lat' dir='ltr'><strong>sua</strong></span> <span class='ocrx_word' id='word_1_27' title='bbox 372 274 492 308; x_wconf 83' lang='lat' dir='ltr'><strong>suscepit</strong></span> <span class='ocrx_word' id='word_1_28' title='bbox 502 283 546 300; x_wconf 89' lang='lat' dir='ltr'><strong>eas</strong></span> <span class='ocrx_word' id='word_1_29' title='bbox 558 275 684 301; x_wconf 82' lang='lat' dir='ltr'>actiones.</span> <span class='ocrx_word' id='word_1_30' title='bbox 725 276 814 307; x_wconf 86' lang='lat' dir='ltr'><strong>Quum</strong></span> <span class='ocrx_word' id='word_1_31' title='bbox 827 284 888 301; x_wconf 92' lang='lat' dir='ltr'><strong>vero</strong></span> 
     </span>
     <span class='ocr_line' id='line_1_5' title="bbox 95 309 887 343; baseline 0.004 -8"><span class='ocrx_word' id='word_1_32' title='bbox 95 309 213 340; x_wconf 86' lang='lat' dir='ltr'><strong>iudicas,</strong></span> <span class='ocrx_word' id='word_1_33' title='bbox 232 314 333 336; x_wconf 90' lang='lat' dir='ltr'><strong>tantum</strong></span> <span class='ocrx_word' id='word_1_34' title='bbox 350 310 391 336; x_wconf 91' lang='lat' dir='ltr'><strong>illi</strong></span> <span class='ocrx_word' id='word_1_35' title='bbox 407 320 458 337; x_wconf 93' lang='lat' dir='ltr'><strong>non</strong></span> <span class='ocrx_word' id='word_1_36' title='bbox 475 311 553 338; x_wconf 90' lang='lat' dir='ltr'><strong>modo</strong></span> <span class='ocrx_word' id='word_1_37' title='bbox 569 311 661 343; x_wconf 88' lang='lat' dir='ltr'><strong>licere,</strong></span> <span class='ocrx_word' id='word_1_38' title='bbox 679 313 726 338; x_wconf 91' lang='lat' dir='ltr'><strong>sed</strong></span> <span class='ocrx_word' id='word_1_39' title='bbox 742 313 822 338; x_wconf 86' lang='lat' dir='ltr'><strong>etiam</strong></span> <span class='ocrx_word' id='word_1_40' title='bbox 838 322 850 338; x_wconf 91' lang='lat' dir='ltr'><strong>a</strong></span> <span class='ocrx_word' id='word_1_41' title='bbox 863 317 887 339; x_wconf 89' lang='lat' dir='ltr'><strong>te</strong></span> 
     </span>
     <span class='ocr_line' id='line_1_6' title="bbox 95 346 887 384; baseline 0.005 -12"><span class='ocrx_word' id='word_1_42' title='bbox 95 346 154 381; x_wconf 87' lang='lat' dir='ltr'><strong>ipso</strong></span> <span class='ocrx_word' id='word_1_43' title='bbox 165 346 339 373; x_wconf 87' lang='lat' dir='ltr'><strong>tribuendum</strong></span> <span class='ocrx_word' id='word_1_44' title='bbox 352 356 424 379; x_wconf 88' lang='lat' dir='ltr'><strong>esse,</strong></span> <span class='ocrx_word' id='word_1_45' title='bbox 442 353 472 374; x_wconf 92' lang='lat' dir='ltr'><strong>ut</strong></span> <span class='ocrx_word' id='word_1_46' title='bbox 486 349 620 384; x_wconf 85' lang='lat' dir='ltr'><strong>rogandus</strong></span> <span class='ocrx_word' id='word_1_47' title='bbox 635 350 682 380; x_wconf 91' lang='lat' dir='ltr'><strong>sit,</strong></span> <span class='ocrx_word' id='word_1_48' title='bbox 701 359 733 376; x_wconf 89' lang='lat' dir='ltr'><strong>ne</strong></span> <span class='ocrx_word' id='word_1_49' title='bbox 749 350 815 376; x_wconf 91' lang='lat' dir='ltr'><strong>nolit</strong></span> <span class='ocrx_word' id='word_1_50' title='bbox 830 358 887 376; x_wconf 86' lang='lat' dir='ltr'><strong>esse</strong></span> 
     </span>
     <span class='ocr_line' id='line_1_7' title="bbox 94 383 888 421; baseline 0.005 -12"><span class='ocrx_word' id='word_1_51' title='bbox 94 393 142 410; x_wconf 90' lang='lat' dir='ltr'><strong>nos</strong></span> <span class='ocrx_word' id='word_1_52' title='bbox 158 383 261 417; x_wconf 88' lang='lat' dir='ltr'><strong>salvos;</strong></span> <span class='ocrx_word' id='word_1_53' title='bbox 278 385 394 411; x_wconf 91' lang='lat' dir='ltr'><strong>nimium</strong></span> <span class='ocrx_word' id='word_1_54' title='bbox 410 394 534 421; x_wconf 89' lang='lat' dir='ltr'><strong>magnam</strong></span> <span class='ocrx_word' id='word_1_55' title='bbox 549 387 698 413; x_wconf 84' lang='lat' dir='ltr'><strong>mercedem</strong></span> <span class='ocrx_word' id='word_1_56' title='bbox 713 388 818 413; x_wconf 81' lang='lat' dir='ltr'>statuis.</span> <span class='ocrx_word' id='word_1_57' title='bbox 859 387 888 412; x_wconf 89' lang='lat' dir='ltr'><strong>Id</strong></span> 
     </span>
     <span class='ocr_line' id='line_1_8' title="bbox 94 422 888 458; baseline 0.004 -11"><span class='ocrx_word' id='word_1_58' title='bbox 94 422 166 448; x_wconf 90' lang='lat' dir='ltr'><strong>enim</strong></span> <span class='ocrx_word' id='word_1_59' title='bbox 188 422 278 456; x_wconf 83' lang='lat' dir='ltr'><strong>ipsum</strong></span> <span class='ocrx_word' id='word_1_60' title='bbox 290 422 331 448; x_wconf 90' lang='lat' dir='ltr'><strong>illi</strong></span> <span class='ocrx_word' id='word_1_61' title='bbox 344 422 457 458; x_wconf 86' lang='lat' dir='ltr'><strong>largiris,</strong></span> <span class='ocrx_word' id='word_1_62' title='bbox 471 424 543 458; x_wconf 89' lang='lat' dir='ltr'><strong>quod</strong></span> <span class='ocrx_word' id='word_1_63' title='bbox 555 432 602 458; x_wconf 88' lang='lat' dir='ltr'><strong>per</strong></span> <span class='ocrx_word' id='word_1_64' title='bbox 613 424 690 450; x_wconf 89' lang='lat' dir='ltr'><strong>illum</strong></span> <span class='ocrx_word' id='word_1_65' title='bbox 702 424 799 450; x_wconf 89' lang='lat' dir='ltr'><strong>habere</strong></span> <span class='ocrx_word' id='word_1_66' title='bbox 812 424 888 450; x_wconf 89' lang='lat' dir='ltr'><strong>vide-</strong></span> 
     </span>
     <span class='ocr_line' id='line_1_9' title="bbox 93 459 885 495; baseline 0.003 -10"><span class='ocrx_word' id='word_1_67' title='bbox 93 459 172 485; x_wconf 83' lang='lat' dir='ltr'>batur</span> <span class='ocrx_word' id='word_1_68' title='bbox 189 459 352 494; x_wconf 80' lang='lat' dir='ltr'><strong>respublica.</strong></span> <span class='ocrx_word' id='word_1_69' title='bbox 393 461 486 495; x_wconf 86' lang='lat' dir='ltr'><strong>Neque</strong></span> <span class='ocrx_word' id='word_1_70' title='bbox 502 461 551 487; x_wconf 89' lang='lat' dir='ltr'><strong>hoc</strong></span> <span class='ocrx_word' id='word_1_71' title='bbox 566 462 616 488; x_wconf 90' lang='lat' dir='ltr'><strong>tibi</strong></span> <span class='ocrx_word' id='word_1_72' title='bbox 632 462 660 488; x_wconf 90' lang='lat' dir='ltr'><strong>in</strong></span> <span class='ocrx_word' id='word_1_73' title='bbox 676 466 791 488; x_wconf 86' lang='lat' dir='ltr'><strong>mentem</strong></span> <span class='ocrx_word' id='word_1_74' title='bbox 803 463 885 492; x_wconf 90' lang='lat' dir='ltr'><strong>venit,</strong></span> 
     </span>
     <span class='ocr_line' id='line_1_10' title="bbox 93 496 888 533; baseline 0.003 -11"><span class='ocrx_word' id='word_1_75' title='bbox 93 497 117 522; x_wconf 87' lang='lat' dir='ltr'><strong>si</strong></span> <span class='ocrx_word' id='word_1_76' title='bbox 129 496 256 523; x_wconf 89' lang='lat' dir='ltr'><strong>Octavius</strong></span> <span class='ocrx_word' id='word_1_77' title='bbox 272 496 336 523; x_wconf 88' lang='lat' dir='ltr'><strong>ullis</strong></span> <span class='ocrx_word' id='word_1_78' title='bbox 348 497 447 533; x_wconf 87' lang='lat' dir='ltr'><strong>dignus</strong></span> <span class='ocrx_word' id='word_1_79' title='bbox 459 499 494 524; x_wconf 89' lang='lat' dir='ltr'><strong>sit</strong></span> <span class='ocrx_word' id='word_1_80' title='bbox 506 498 652 525; x_wconf 89' lang='lat' dir='ltr'><strong>honoribus</strong></span> <span class='ocrx_word' id='word_1_81' title='bbox 661 520 666 529; x_wconf 92' lang='lat'><strong>,</strong></span> <span class='ocrx_word' id='word_1_82' title='bbox 684 500 748 533; x_wconf 89' lang='lat' dir='ltr'><strong>quia</strong></span> <span class='ocrx_word' id='word_1_83' title='bbox 760 507 821 524; x_wconf 88' lang='lat' dir='ltr'><strong>cum</strong></span> <span class='ocrx_word' id='word_1_84' title='bbox 833 500 888 524; x_wconf 82' lang='lat' dir='ltr'><strong>An-</strong></span> 
     </span>
     <span class='ocr_line' id='line_1_11' title="bbox 93 533 885 570; baseline 0.004 -11"><span class='ocrx_word' id='word_1_85' title='bbox 93 534 165 560; x_wconf 92' lang='lat' dir='ltr'><strong>tonio</strong></span> <span class='ocrx_word' id='word_1_86' title='bbox 176 533 279 559; x_wconf 90' lang='lat' dir='ltr'><strong>bellum</strong></span> <span class='ocrx_word' id='word_1_87' title='bbox 290 538 378 569; x_wconf 80' lang='lat' dir='ltr'><strong>gerat:</strong></span> <span class='ocrx_word' id='word_1_88' title='bbox 398 536 444 566; x_wconf 83' lang='lat' dir='ltr'><strong>iis,</strong></span> <span class='ocrx_word' id='word_1_89' title='bbox 463 536 509 570; x_wconf 93' lang='lat' dir='ltr'><strong>qui</strong></span> <span class='ocrx_word' id='word_1_90' title='bbox 526 535 594 562; x_wconf 93' lang='lat' dir='ltr'><strong>illud</strong></span> <span class='ocrx_word' id='word_1_91' title='bbox 611 536 711 562; x_wconf 85' lang='lat' dir='ltr'><strong>malum</strong></span> <span class='ocrx_word' id='word_1_92' title='bbox 727 536 885 566; x_wconf 83' lang='lat' dir='ltr'><strong>exciderint,</strong></span> 
     </span>
     <span class='ocr_line' id='line_1_12' title="bbox 92 571 888 608; baseline 0.004 -12"><span class='ocrx_word' id='word_1_93' title='bbox 92 571 171 597; x_wconf 88' lang='lat' dir='ltr'><strong>cuius</strong></span> <span class='ocrx_word' id='word_1_94' title='bbox 183 571 248 597; x_wconf 88' lang='lat' dir='ltr'><strong>istae</strong></span> <span class='ocrx_word' id='word_1_95' title='bbox 260 571 390 606; x_wconf 84' lang='lat' dir='ltr'><strong>reliquiae</strong></span> <span class='ocrx_word' id='word_1_96' title='bbox 401 577 472 603; x_wconf 74' lang='lat' dir='ltr'><strong>sunt,</strong></span> <span class='ocrx_word' id='word_1_97' title='bbox 482 572 560 603; x_wconf 81' lang='lat' dir='ltr'><strong>nihil,</strong></span> <span class='ocrx_word' id='word_1_98' title='bbox 570 582 623 608; x_wconf 86' lang='lat' dir='ltr'><strong>quo</strong></span> <span class='ocrx_word' id='word_1_99' title='bbox 633 573 735 608; x_wconf 86' lang='lat' dir='ltr'><strong>expleri</strong></span> <span class='ocrx_word' id='word_1_100' title='bbox 747 574 832 607; x_wconf 83' lang='lat' dir='ltr'><strong>possit</strong></span> <span class='ocrx_word' id='word_1_101' title='bbox 843 582 888 599; x_wconf 90' lang='lat' dir='ltr'><strong>eo-</strong></span> 
     </span>
     <span class='ocr_line' id='line_1_13' title="bbox 92 609 888 645; baseline 0.003 -11"><span class='ocrx_word' id='word_1_102' title='bbox 92 617 153 634; x_wconf 89' lang='lat' dir='ltr'><strong>rum</strong></span> <span class='ocrx_word' id='word_1_103' title='bbox 164 609 290 634; x_wconf 90' lang='lat' dir='ltr'><strong>meritum</strong></span> <span class='ocrx_word' id='word_1_104' title='bbox 299 630 305 639; x_wconf 88' lang='lat'>‚</span> <span class='ocrx_word' id='word_1_105' title='bbox 323 610 487 636; x_wconf 90' lang='lat' dir='ltr'><strong>tributurum</strong></span> <span class='ocrx_word' id='word_1_106' title='bbox 504 619 632 645; x_wconf 86' lang='lat' dir='ltr'><strong>umquam</strong></span> <span class='ocrx_word' id='word_1_107' title='bbox 648 610 779 645; x_wconf 91' lang='lat' dir='ltr'><strong>populum</strong></span> <span class='ocrx_word' id='word_1_108' title='bbox 791 611 888 636; x_wconf 86' lang='lat' dir='ltr'><strong>Roma-</strong></span> 
     </span>
     <span class='ocr_line' id='line_1_14' title="bbox 92 646 887 682; baseline 0.003 -11"><span class='ocrx_word' id='word_1_109' title='bbox 92 654 167 677; x_wconf 84' lang='lat' dir='ltr'><strong>num,</strong></span> <span class='ocrx_word' id='word_1_110' title='bbox 181 646 205 672; x_wconf 92' lang='lat' dir='ltr'><strong>si</strong></span> <span class='ocrx_word' id='word_1_111' title='bbox 215 646 305 672; x_wconf 88' lang='lat' dir='ltr'><strong>omnia</strong></span> <span class='ocrx_word' id='word_1_112' title='bbox 317 646 399 673; x_wconf 92' lang='lat' dir='ltr'><strong>simul</strong></span> <span class='ocrx_word' id='word_1_113' title='bbox 411 649 585 682; x_wconf 80' lang='lat' dir='ltr'><strong>congesserit.</strong></span> <span class='ocrx_word' id='word_1_114' title='bbox 619 650 642 674; x_wconf 94' lang='lat'><strong>8.</strong></span> <span class='ocrx_word' id='word_1_115' title='bbox 658 648 692 674; x_wconf 80' lang='lat' dir='ltr'><strong>At</strong></span> <span class='ocrx_word' id='word_1_116' title='bbox 703 648 774 677; x_wconf 87' lang='lat' dir='ltr'><strong>vide,</strong></span> <span class='ocrx_word' id='word_1_117' title='bbox 788 652 887 682; x_wconf 91' lang='lat' dir='ltr'><strong>quanto</strong></span> 
     </span>
     <span class='ocr_line' id='line_1_15' title="bbox 91 682 887 719; baseline 0.003 -11"><span class='ocrx_word' id='word_1_118' title='bbox 91 682 250 718; x_wconf 86' lang='lat' dir='ltr'><strong>diligentius</strong></span> <span class='ocrx_word' id='word_1_119' title='bbox 262 683 386 710; x_wconf 88' lang='lat' dir='ltr'><strong>homines</strong></span> <span class='ocrx_word' id='word_1_120' title='bbox 397 689 524 715; x_wconf 87' lang='lat' dir='ltr'><strong>metuant,</strong></span> <span class='ocrx_word' id='word_1_121' title='bbox 537 694 617 719; x_wconf 89' lang='lat' dir='ltr'><strong>quam</strong></span> <span class='ocrx_word' id='word_1_122' title='bbox 631 685 809 715; x_wconf 76' lang='lat' dir='ltr'><strong>meminerint,</strong></span> <span class='ocrx_word' id='word_1_123' title='bbox 823 685 887 719; x_wconf 88' lang='lat' dir='ltr'><strong>quia</strong></span> 
     </span>
     <span class='ocr_line' id='line_1_16' title="bbox 91 720 884 756; baseline 0.001 -10"><span class='ocrx_word' id='word_1_124' title='bbox 91 720 224 747; x_wconf 86' lang='lat' dir='ltr'><strong>Antonius</strong></span> <span class='ocrx_word' id='word_1_125' title='bbox 240 721 314 747; x_wconf 86' lang='lat' dir='ltr'><strong>vivat</strong></span> <span class='ocrx_word' id='word_1_126' title='bbox 330 726 409 756; x_wconf 86' lang='lat' dir='ltr'><strong>atque</strong></span> <span class='ocrx_word' id='word_1_127' title='bbox 425 722 451 748; x_wconf 94' lang='lat' dir='ltr'><strong>in</strong></span> <span class='ocrx_word' id='word_1_128' title='bbox 466 723 548 748; x_wconf 90' lang='lat' dir='ltr'><strong>armis</strong></span> <span class='ocrx_word' id='word_1_129' title='bbox 559 723 603 748; x_wconf 91' lang='lat' dir='ltr'><strong>sit.</strong></span> <span class='ocrx_word' id='word_1_130' title='bbox 643 723 679 748; x_wconf 91' lang='lat' dir='ltr'><strong>De</strong></span> <span class='ocrx_word' id='word_1_131' title='bbox 690 722 800 748; x_wconf 82' lang='lat' dir='ltr'><strong>Caesare</strong></span> <span class='ocrx_word' id='word_1_132' title='bbox 813 730 884 752; x_wconf 87' lang='lat' dir='ltr'><strong>vero,</strong></span> 
     </span>
     <span class='ocr_line' id='line_1_17' title="bbox 91 757 886 794; baseline 0.001 -11"><span class='ocrx_word' id='word_1_133' title='bbox 91 757 163 792; x_wconf 93' lang='lat' dir='ltr'><strong>quod</strong></span> <span class='ocrx_word' id='word_1_134' title='bbox 176 758 232 784; x_wconf 81' lang='lat' dir='ltr'><strong>fieri</strong></span> <span class='ocrx_word' id='word_1_135' title='bbox 244 759 330 792; x_wconf 90' lang='lat' dir='ltr'><strong>potuit</strong></span> <span class='ocrx_word' id='word_1_136' title='bbox 339 767 369 785; x_wconf 90' lang='lat' dir='ltr'><strong>ac</strong></span> <span class='ocrx_word' id='word_1_137' title='bbox 379 759 482 789; x_wconf 85' lang='lat' dir='ltr'><strong>debuit,</strong></span> <span class='ocrx_word' id='word_1_138' title='bbox 495 764 656 786; x_wconf 90' lang='lat' dir='ltr'><strong>transactum</strong></span> <span class='ocrx_word' id='word_1_139' title='bbox 668 764 721 785; x_wconf 85' lang='lat' dir='ltr'><strong>est:</strong></span> <span class='ocrx_word' id='word_1_140' title='bbox 735 768 822 794; x_wconf 88' lang='lat' dir='ltr'><strong>neque</strong></span> <span class='ocrx_word' id='word_1_141' title='bbox 833 760 886 784; x_wconf 90' lang='lat' dir='ltr'><strong>iam</strong></span> 
     </span>
     <span class='ocr_line' id='line_1_18' title="bbox 91 795 885 831; baseline 0.001 -10"><span class='ocrx_word' id='word_1_142' title='bbox 91 796 209 821; x_wconf 88' lang='lat' dir='ltr'><strong>revocari</strong></span> <span class='ocrx_word' id='word_1_143' title='bbox 223 795 249 821; x_wconf 90' lang='lat' dir='ltr'><strong>in</strong></span> <span class='ocrx_word' id='word_1_144' title='bbox 262 796 395 831; x_wconf 87' lang='lat' dir='ltr'><strong>integrum</strong></span> <span class='ocrx_word' id='word_1_145' title='bbox 407 801 502 830; x_wconf 87' lang='lat' dir='ltr'><strong>potest.</strong></span> <span class='ocrx_word' id='word_1_146' title='bbox 524 797 652 823; x_wconf 89' lang='lat' dir='ltr'><strong>Octavius</strong></span> <span class='ocrx_word' id='word_1_147' title='bbox 665 797 687 822; x_wconf 92' lang='lat' dir='ltr'><strong>is</strong></span> <span class='ocrx_word' id='word_1_148' title='bbox 698 801 746 827; x_wconf 84' lang='lat' dir='ltr'><strong>est,</strong></span> <span class='ocrx_word' id='word_1_149' title='bbox 760 797 807 831; x_wconf 86' lang='lat' dir='ltr'><strong>qui</strong></span> <span class='ocrx_word' id='word_1_150' title='bbox 819 796 885 830; x_wconf 91' lang='lat' dir='ltr'><strong>quid</strong></span> 
     </span>
     <span class='ocr_line' id='line_1_19' title="bbox 90 832 886 868; baseline 0.001 -10"><span class='ocrx_word' id='word_1_151' title='bbox 90 832 123 858; x_wconf 92' lang='lat' dir='ltr'><strong>de</strong></span> <span class='ocrx_word' id='word_1_152' title='bbox 136 832 214 858; x_wconf 90' lang='lat' dir='ltr'><strong>nobis</strong></span> <span class='ocrx_word' id='word_1_153' title='bbox 226 832 393 859; x_wconf 89' lang='lat' dir='ltr'><strong>iudicaturus</strong></span> <span class='ocrx_word' id='word_1_154' title='bbox 405 834 448 864; x_wconf 89' lang='lat' dir='ltr'><strong>sit,</strong></span> <span class='ocrx_word' id='word_1_155' title='bbox 462 838 598 868; x_wconf 82' lang='lat' dir='ltr'><strong>exspectet</strong></span> <span class='ocrx_word' id='word_1_156' title='bbox 609 833 886 868; x_wconf 84' lang='lat' dir='ltr'><strong>populusRomanus‘?</strong></span> 
     </span>
     <span class='ocr_line' id='line_1_20' title="bbox 90 869 885 906; baseline 0.003 -11"><span class='ocrx_word' id='word_1_157' title='bbox 90 870 143 896; x_wconf 90' lang='lat' dir='ltr'><strong>Nos</strong></span> <span class='ocrx_word' id='word_1_158' title='bbox 155 869 183 895; x_wconf 91' lang='lat' dir='ltr'><strong>hi</strong></span> <span class='ocrx_word' id='word_1_159' title='bbox 194 878 298 900; x_wconf 87' lang='lat' dir='ltr'><strong>sumus,</strong></span> <span class='ocrx_word' id='word_1_160' title='bbox 307 870 339 896; x_wconf 88' lang='lat' dir='ltr'><strong>de</strong></span> <span class='ocrx_word' id='word_1_161' title='bbox 353 879 469 905; x_wconf 90' lang='lat' dir='ltr'><strong>quorum</strong></span> <span class='ocrx_word' id='word_1_162' title='bbox 480 871 564 897; x_wconf 87' lang='lat' dir='ltr'><strong>salute</strong></span> <span class='ocrx_word' id='word_1_163' title='bbox 577 880 648 897; x_wconf 90' lang='lat' dir='ltr'><strong>unus</strong></span> <span class='ocrx_word' id='word_1_164' title='bbox 660 871 739 897; x_wconf 90' lang='lat' dir='ltr'><strong>homo</strong></span> <span class='ocrx_word' id='word_1_165' title='bbox 751 871 885 906; x_wconf 87' lang='lat' dir='ltr'><strong>rogandus</strong></span> 
     </span>
     <span class='ocr_line' id='line_1_21' title="bbox 89 906 884 943; baseline 0.001 -10"><span class='ocrx_word' id='word_1_166' title='bbox 89 906 231 933; x_wconf 71' lang='lat' dir='ltr'><strong>videatur?</strong></span> <span class='ocrx_word' id='word_1_167' title='bbox 239 907 296 943; x_wconf 82' lang='lat' dir='ltr'><strong>Ego</strong></span> <span class='ocrx_word' id='word_1_168' title='bbox 308 916 379 938; x_wconf 90' lang='lat' dir='ltr'><strong>vero,</strong></span> <span class='ocrx_word' id='word_1_169' title='bbox 393 912 422 934; x_wconf 90' lang='lat' dir='ltr'><strong>ut</strong></span> <span class='ocrx_word' id='word_1_170' title='bbox 433 909 502 934; x_wconf 91' lang='lat' dir='ltr'><strong>istuc</strong></span> <span class='ocrx_word' id='word_1_171' title='bbox 514 913 639 939; x_wconf 86' lang='lat' dir='ltr'><strong>revertar,</strong></span> <span class='ocrx_word' id='word_1_172' title='bbox 653 909 676 934; x_wconf 93' lang='lat' dir='ltr'><strong>is</strong></span> <span class='ocrx_word' id='word_1_173' title='bbox 688 917 759 940; x_wconf 89' lang='lat' dir='ltr'><strong>sum,</strong></span> <span class='ocrx_word' id='word_1_174' title='bbox 773 909 820 943; x_wconf 88' lang='lat' dir='ltr'><strong>qui</strong></span> <span class='ocrx_word' id='word_1_175' title='bbox 833 917 884 935; x_wconf 90' lang='lat' dir='ltr'><strong>non</strong></span> 
     </span>
     <span class='ocr_line' id='line_1_22' title="bbox 88 944 881 980; baseline 0.003 -10"><span class='ocrx_word' id='word_1_176' title='bbox 88 944 168 971; x_wconf 92' lang='lat' dir='ltr'><strong>modo</strong></span> <span class='ocrx_word' id='word_1_177' title='bbox 180 953 231 970; x_wconf 91' lang='lat' dir='ltr'><strong>non</strong></span> <span class='ocrx_word' id='word_1_178' title='bbox 243 944 460 979; x_wconf 87' lang='lat' dir='ltr'><strong>supplicem‚sed</strong></span> <span class='ocrx_word' id='word_1_179' title='bbox 467 947 547 972; x_wconf 86' lang='lat' dir='ltr'><strong>etiam</strong></span> <span class='ocrx_word' id='word_1_180' title='bbox 558 955 694 972; x_wconf 83' lang='lat' dir='ltr'><strong>coerceam</strong></span> <span class='ocrx_word' id='word_1_181' title='bbox 707 946 881 980; x_wconf 82' lang='lat' dir='ltr'><strong>postulantes,</strong></span> 
     </span>
     <span class='ocr_line' id='line_1_23' title="bbox 88 981 881 1019; baseline 0.003 -12"><span class='ocrx_word' id='word_1_182' title='bbox 88 986 118 1008; x_wconf 89' lang='lat' dir='ltr'><strong>ut</strong></span> <span class='ocrx_word' id='word_1_183' title='bbox 132 981 186 1007; x_wconf 88' lang='lat' dir='ltr'><strong>sibi</strong></span> <span class='ocrx_word' id='word_1_184' title='bbox 202 982 383 1016; x_wconf 86' lang='lat' dir='ltr'><strong>supplicetur:</strong></span> <span class='ocrx_word' id='word_1_185' title='bbox 407 987 452 1009; x_wconf 92' lang='lat' dir='ltr'><strong>aut</strong></span> <span class='ocrx_word' id='word_1_186' title='bbox 468 983 545 1019; x_wconf 90' lang='lat' dir='ltr'><strong>longe</strong></span> <span class='ocrx_word' id='word_1_187' title='bbox 561 992 574 1009; x_wconf 87' lang='lat' dir='ltr'><strong>a</strong></span> <span class='ocrx_word' id='word_1_188' title='bbox 593 984 776 1010; x_wconf 88' lang='lat' dir='ltr'><strong>servientibus</strong></span> <span class='ocrx_word' id='word_1_189' title='bbox 793 983 881 1014; x_wconf 87' lang='lat' dir='ltr'><strong>abero,</strong></span> 
     </span>
     <span class='ocr_line' id='line_1_24' title="bbox 88 1019 882 1056; baseline 0.003 -11"><span class='ocrx_word' id='word_1_190' title='bbox 88 1019 211 1054; x_wconf 86' lang='lat' dir='ltr'><strong>mihique</strong></span> <span class='ocrx_word' id='word_1_191' title='bbox 228 1028 287 1046; x_wconf 89' lang='lat' dir='ltr'><strong>esse</strong></span> <span class='ocrx_word' id='word_1_192' title='bbox 302 1019 428 1046; x_wconf 90' lang='lat' dir='ltr'><strong>iudicabo</strong></span> <span class='ocrx_word' id='word_1_193' title='bbox 440 1021 564 1052; x_wconf 82' lang='lat' dir='ltr'><strong>Romam,</strong></span> <span class='ocrx_word' id='word_1_194' title='bbox 582 1021 749 1056; x_wconf 87' lang='lat' dir='ltr'><strong>ubicumque</strong></span> <span class='ocrx_word' id='word_1_195' title='bbox 767 1021 882 1048; x_wconf 91' lang='lat' dir='ltr'><strong>liberum</strong></span> 
     </span>
     <span class='ocr_line' id='line_1_25' title="bbox 88 1057 881 1093; baseline 0.003 -11"><span class='ocrx_word' id='word_1_196' title='bbox 88 1065 147 1083; x_wconf 86' lang='lat' dir='ltr'><strong>esse</strong></span> <span class='ocrx_word' id='word_1_197' title='bbox 164 1057 268 1083; x_wconf 88' lang='lat' dir='ltr'><strong>licebit:</strong></span> <span class='ocrx_word' id='word_1_198' title='bbox 286 1065 316 1083; x_wconf 86' lang='lat' dir='ltr'><strong>ac</strong></span> <span class='ocrx_word' id='word_1_199' title='bbox 331 1059 413 1084; x_wconf 82' lang='lat' dir='ltr'><strong>vestri</strong></span> <span class='ocrx_word' id='word_1_200' title='bbox 430 1058 590 1090; x_wconf 78' lang='lat' dir='ltr'><strong>miserebor,</strong></span> <span class='ocrx_word' id='word_1_201' title='bbox 614 1059 716 1093; x_wconf 86' lang='lat' dir='ltr'><strong>quibus</strong></span> <span class='ocrx_word' id='word_1_202' title='bbox 738 1067 786 1084; x_wconf 84' lang='lat' dir='ltr'><strong>nec</strong></span> <span class='ocrx_word' id='word_1_203' title='bbox 801 1063 881 1089; x_wconf 87' lang='lat' dir='ltr'><strong>aetas,</strong></span> 
     </span>
     <span class='ocr_line' id='line_1_26' title="bbox 87 1095 883 1130; baseline 0.003 -10"><span class='ocrx_word' id='word_1_204' title='bbox 87 1103 175 1129; x_wconf 87' lang='lat' dir='ltr'><strong>neque</strong></span> <span class='ocrx_word' id='word_1_205' title='bbox 187 1095 300 1121; x_wconf 89' lang='lat' dir='ltr'><strong>honores</strong></span> <span class='ocrx_word' id='word_1_206' title='bbox 312 1104 399 1130; x_wconf 86' lang='lat' dir='ltr'><strong>neque</strong></span> <span class='ocrx_word' id='word_1_207' title='bbox 410 1096 496 1122; x_wconf 84' lang='lat' dir='ltr'><strong>virtus</strong></span> <span class='ocrx_word' id='word_1_208' title='bbox 507 1095 592 1122; x_wconf 89' lang='lat' dir='ltr'><strong>aliena</strong></span> <span class='ocrx_word' id='word_1_209' title='bbox 605 1095 776 1122; x_wconf 81' lang='lat' dir='ltr'><strong>dulcedinem</strong></span> <span class='ocrx_word' id='word_1_210' title='bbox 789 1097 883 1122; x_wconf 91' lang='lat' dir='ltr'><strong>viven-</strong></span> 
     </span>
     <span class='ocr_line' id='line_1_27' title="bbox 87 1131 883 1168; baseline 0.001 -10"><span class='ocrx_word' id='word_1_211' title='bbox 87 1131 115 1158; x_wconf 94' lang='lat' dir='ltr'><strong>di</strong></span> <span class='ocrx_word' id='word_1_212' title='bbox 129 1132 251 1158; x_wconf 88' lang='lat' dir='ltr'><strong>minuere</strong></span> <span class='ocrx_word' id='word_1_213' title='bbox 262 1133 387 1167; x_wconf 83' lang='lat' dir='ltr'><strong>potuerit.</strong></span> <span class='ocrx_word' id='word_1_214' title='bbox 428 1134 452 1159; x_wconf 84' lang='lat'><strong>9.</strong></span> <span class='ocrx_word' id='word_1_215' title='bbox 471 1133 537 1159; x_wconf 83' lang='lat' dir='ltr'><strong>Mihi</strong></span> <span class='ocrx_word' id='word_1_216' title='bbox 549 1134 659 1168; x_wconf 89' lang='lat' dir='ltr'><strong>quidem</strong></span> <span class='ocrx_word' id='word_1_217' title='bbox 673 1134 707 1160; x_wconf 91' lang='lat' dir='ltr'><strong>ita</strong></span> <span class='ocrx_word' id='word_1_218' title='bbox 719 1134 813 1160; x_wconf 90' lang='lat' dir='ltr'><strong>beatus</strong></span> <span class='ocrx_word' id='word_1_219' title='bbox 825 1142 883 1160; x_wconf 84' lang='lat' dir='ltr'><strong>esse</strong></span> 
     </span>
     <span class='ocr_line' id='line_1_28' title="bbox 86 1169 883 1206; baseline 0.003 -11"><span class='ocrx_word' id='word_1_220' title='bbox 86 1169 212 1200; x_wconf 85' lang='lat' dir='ltr'><strong>videbor,</strong></span> <span class='ocrx_word' id='word_1_221' title='bbox 231 1170 254 1196; x_wconf 89' lang='lat' dir='ltr'><strong>si</strong></span> <span class='ocrx_word' id='word_1_222' title='bbox 270 1170 349 1196; x_wconf 90' lang='lat' dir='ltr'><strong>modo</strong></span> <span class='ocrx_word' id='word_1_223' title='bbox 363 1175 514 1197; x_wconf 85' lang='lat' dir='ltr'><strong>constanter</strong></span> <span class='ocrx_word' id='word_1_224' title='bbox 525 1180 554 1197; x_wconf 88' lang='lat' dir='ltr'><strong>ac</strong></span> <span class='ocrx_word' id='word_1_225' title='bbox 565 1176 694 1206; x_wconf 87' lang='lat' dir='ltr'><strong>perpetuo</strong></span> <span class='ocrx_word' id='word_1_226' title='bbox 705 1171 822 1206; x_wconf 87' lang='lat' dir='ltr'><strong>placebit</strong></span> <span class='ocrx_word' id='word_1_227' title='bbox 834 1171 883 1197; x_wconf 90' lang='lat' dir='ltr'><strong>hoc</strong></span> 
     </span>
     <span class='ocr_line' id='line_1_29' title="bbox 85 1206 880 1244; baseline 0.003 -11"><span class='ocrx_word' id='word_1_228' title='bbox 85 1206 244 1238; x_wconf 84' lang='lat' dir='ltr'><strong>consilium,</strong></span> <span class='ocrx_word' id='word_1_229' title='bbox 268 1212 298 1234; x_wconf 88' lang='lat' dir='ltr'><strong>ut</strong></span> <span class='ocrx_word' id='word_1_230' title='bbox 312 1207 422 1234; x_wconf 86' lang='lat' dir='ltr'><strong>relatam</strong></span> <span class='ocrx_word' id='word_1_231' title='bbox 443 1213 534 1243; x_wconf 90' lang='lat' dir='ltr'><strong>putem</strong></span> <span class='ocrx_word' id='word_1_232' title='bbox 556 1209 669 1244; x_wconf 81' lang='lat' dir='ltr'><strong>gratiam</strong></span> <span class='ocrx_word' id='word_1_233' title='bbox 688 1209 780 1243; x_wconf 87' lang='lat' dir='ltr'><strong>pietati</strong></span> <span class='ocrx_word' id='word_1_234' title='bbox 797 1218 880 1235; x_wconf 89' lang='lat' dir='ltr'><strong>meae.</strong></span> 
     </span>
     <span class='ocr_line' id='line_1_30' title="bbox 85 1243 881 1280; baseline 0.003 -10"><span class='ocrx_word' id='word_1_235' title='bbox 85 1243 157 1276; x_wconf 89' lang='lat' dir='ltr'><strong>Quid</strong></span> <span class='ocrx_word' id='word_1_236' title='bbox 169 1245 241 1270; x_wconf 87' lang='lat' dir='ltr'><strong>enim</strong></span> <span class='ocrx_word' id='word_1_237' title='bbox 252 1249 292 1271; x_wconf 89' lang='lat' dir='ltr'><strong>est</strong></span> <span class='ocrx_word' id='word_1_238' title='bbox 303 1244 414 1276; x_wconf 88' lang='lat' dir='ltr'><strong>melius,</strong></span> <span class='ocrx_word' id='word_1_239' title='bbox 435 1254 516 1280; x_wconf 85' lang='lat' dir='ltr'><strong>quam</strong></span> <span class='ocrx_word' id='word_1_240' title='bbox 532 1247 659 1272; x_wconf 88' lang='lat' dir='ltr'><strong>memoria</strong></span> <span class='ocrx_word' id='word_1_241' title='bbox 671 1251 741 1272; x_wconf 85' lang='lat' dir='ltr'><strong>recte</strong></span> <span class='ocrx_word' id='word_1_242' title='bbox 753 1246 881 1273; x_wconf 88' lang='lat' dir='ltr'><strong>factorum</strong></span> 
     </span>
     <span class='ocr_line' id='line_1_31' title="bbox 86 1281 881 1319; baseline 0.004 -12"><span class='ocrx_word' id='word_1_243' title='bbox 86 1286 112 1308; x_wconf 90' lang='lat' dir='ltr'><strong>et</strong></span> <span class='ocrx_word' id='word_1_244' title='bbox 128 1281 249 1308; x_wconf 87' lang='lat' dir='ltr'><strong>libertate</strong></span> <span class='ocrx_word' id='word_1_245' title='bbox 265 1286 420 1308; x_wconf 89' lang='lat' dir='ltr'><strong>contentum</strong></span> <span class='ocrx_word' id='word_1_246' title='bbox 437 1282 573 1319; x_wconf 75' lang='lat' dir='ltr'><strong>negligere</strong></span> <span class='ocrx_word' id='word_1_247' title='bbox 590 1283 725 1309; x_wconf 80' lang='lat' dir='ltr'><strong>humana‘?</strong></span> <span class='ocrx_word' id='word_1_248' title='bbox 745 1284 796 1309; x_wconf 88' lang='lat' dir='ltr'><strong>Sed</strong></span> <span class='ocrx_word' id='word_1_249' title='bbox 812 1289 881 1310; x_wconf 86' lang='lat' dir='ltr'><strong>certe</strong></span> 
     </span>
     <span class='ocr_line' id='line_1_32' title="bbox 85 1319 879 1352; baseline 0.003 -7"><span class='ocrx_word' id='word_1_250' title='bbox 85 1327 137 1345; x_wconf 90' lang='lat' dir='ltr'><strong>non</strong></span> <span class='ocrx_word' id='word_1_251' title='bbox 149 1319 325 1345; x_wconf 84' lang='lat' dir='ltr'><strong>succumbam</strong></span> <span class='ocrx_word' id='word_1_252' title='bbox 341 1320 596 1351; x_wconf 86' lang='lat' dir='ltr'><strong>succumbentibus,</strong></span> <span class='ocrx_word' id='word_1_253' title='bbox 615 1329 663 1347; x_wconf 87' lang='lat' dir='ltr'><strong>nec</strong></span> <span class='ocrx_word' id='word_1_254' title='bbox 678 1321 771 1347; x_wconf 85' lang='lat' dir='ltr'><strong>vincar</strong></span> <span class='ocrx_word' id='word_1_255' title='bbox 786 1322 819 1347; x_wconf 89' lang='lat' dir='ltr'><strong>ab</strong></span> <span class='ocrx_word' id='word_1_256' title='bbox 836 1322 879 1352; x_wconf 92' lang='lat' dir='ltr'><strong>iis,</strong></span> 
     </span>
     <span class='ocr_line' id='line_1_33' title="bbox 84 1356 877 1393; baseline 0.004 -11"><span class='ocrx_word' id='word_1_257' title='bbox 84 1357 133 1391; x_wconf 87' lang='lat' dir='ltr'><strong>qui</strong></span> <span class='ocrx_word' id='word_1_258' title='bbox 148 1365 177 1382; x_wconf 93' lang='lat' dir='ltr'><strong>se</strong></span> <span class='ocrx_word' id='word_1_259' title='bbox 194 1357 266 1383; x_wconf 88' lang='lat' dir='ltr'><strong>vinci</strong></span> <span class='ocrx_word' id='word_1_260' title='bbox 282 1356 388 1389; x_wconf 73' lang='lat' dir='ltr'><strong>volunt:</strong></span> <span class='ocrx_word' id='word_1_261' title='bbox 412 1359 589 1393; x_wconf 85' lang='lat' dir='ltr'><strong>experiarque</strong></span> <span class='ocrx_word' id='word_1_262' title='bbox 605 1363 630 1384; x_wconf 88' lang='lat' dir='ltr'><strong>et</strong></span> <span class='ocrx_word' id='word_1_263' title='bbox 650 1359 757 1385; x_wconf 86' lang='lat' dir='ltr'><strong>tentabo</strong></span> <span class='ocrx_word' id='word_1_264' title='bbox 775 1360 877 1391; x_wconf 70' lang='lat' dir='ltr'><strong>omnia:</strong></span> 
     </span>
     <span class='ocr_line' id='line_1_34' title="bbox 84 1393 881 1428; baseline 0.004 -9"><span class='ocrx_word' id='word_1_265' title='bbox 84 1402 173 1428; x_wconf 86' lang='lat' dir='ltr'><strong>neque</strong></span> <span class='ocrx_word' id='word_1_266' title='bbox 188 1393 316 1420; x_wconf 82' lang='lat' dir='ltr'><strong>desistam</strong></span> <span class='ocrx_word' id='word_1_267' title='bbox 335 1394 489 1421; x_wconf 80' lang='lat' dir='ltr'><strong>abstrahere</strong></span> <span class='ocrx_word' id='word_1_268' title='bbox 510 1405 523 1422; x_wconf 90' lang='lat' dir='ltr'><strong>a</strong></span> <span class='ocrx_word' id='word_1_269' title='bbox 545 1396 656 1422; x_wconf 88' lang='lat' dir='ltr'><strong>servitio</strong></span> <span class='ocrx_word' id='word_1_270' title='bbox 675 1396 811 1423; x_wconf 88' lang='lat' dir='ltr'><strong>civitatem</strong></span> <span class='ocrx_word' id='word_1_271' title='bbox 833 1406 881 1423; x_wconf 93' lang='lat' dir='ltr'><strong>no—</strong></span> 
     </span>
     <span class='ocr_line' id='line_1_35' title="bbox 84 1430 881 1469; baseline 0.005 -13"><span class='ocrx_word' id='word_1_272' title='bbox 84 1435 176 1457; x_wconf 88' lang='lat' dir='ltr'><strong>stram.</strong></span> <span class='ocrx_word' id='word_1_273' title='bbox 217 1430 246 1457; x_wconf 89' lang='lat' dir='ltr'><strong>Si</strong></span> <span class='ocrx_word' id='word_1_274' title='bbox 258 1436 348 1458; x_wconf 86' lang='lat' dir='ltr'><strong>secuta</strong></span> <span class='ocrx_word' id='word_1_275' title='bbox 361 1431 450 1463; x_wconf 81' lang='lat' dir='ltr'><strong>fuerit,</strong></span> <span class='ocrx_word' id='word_1_276' title='bbox 464 1441 532 1468; x_wconf 89' lang='lat' dir='ltr'><strong>quae</strong></span> <span class='ocrx_word' id='word_1_277' title='bbox 544 1433 632 1464; x_wconf 86' lang='lat' dir='ltr'><strong>debet,</strong></span> <span class='ocrx_word' id='word_1_278' title='bbox 647 1433 764 1466; x_wconf 84' lang='lat' dir='ltr'><strong>fortuna;</strong></span> <span class='ocrx_word' id='word_1_279' title='bbox 778 1434 881 1469; x_wconf 84' lang='lat' dir='ltr'><strong>gaude-</strong></span> 
     </span>
     <span class='ocr_line' id='line_1_36' title="bbox 83 1468 881 1506; baseline 0.004 -12"><span class='ocrx_word' id='word_1_280' title='bbox 83 1468 175 1495; x_wconf 88' lang='lat' dir='ltr'><strong>bimus</strong></span> <span class='ocrx_word' id='word_1_281' title='bbox 184 1477 291 1495; x_wconf 88' lang='lat' dir='ltr'><strong>omnes:</strong></span> <span class='ocrx_word' id='word_1_282' title='bbox 309 1469 351 1495; x_wconf 90' lang='lat' dir='ltr'><strong>sin</strong></span> <span class='ocrx_word' id='word_1_283' title='bbox 363 1469 463 1501; x_wconf 86' lang='lat' dir='ltr'><strong>minus,</strong></span> <span class='ocrx_word' id='word_1_284' title='bbox 480 1478 529 1506; x_wconf 86' lang='lat' dir='ltr'><strong>ego</strong></span> <span class='ocrx_word' id='word_1_285' title='bbox 541 1475 628 1497; x_wconf 89' lang='lat' dir='ltr'><strong>tamen</strong></span> <span class='ocrx_word' id='word_1_286' title='bbox 639 1471 773 1506; x_wconf 77' lang='lat' dir='ltr'><strong>gaudebo.</strong></span> <span class='ocrx_word' id='word_1_287' title='bbox 814 1472 881 1504; x_wconf 86' lang='lat' dir='ltr'><strong>Qui-</strong></span> 
     </span>
     <span class='ocr_line' id='line_1_37' title="bbox 82 1504 880 1543; baseline 0.005 -12"><span class='ocrx_word' id='word_1_288' title='bbox 82 1504 135 1532; x_wconf 89' lang='lat' dir='ltr'><strong>bus</strong></span> <span class='ocrx_word' id='word_1_289' title='bbox 155 1506 227 1532; x_wconf 91' lang='lat' dir='ltr'><strong>enim</strong></span> <span class='ocrx_word' id='word_1_290' title='bbox 249 1507 338 1541; x_wconf 90' lang='lat' dir='ltr'><strong>potius</strong></span> <span class='ocrx_word' id='word_1_291' title='bbox 360 1506 425 1533; x_wconf 89' lang='lat' dir='ltr'><strong>haec</strong></span> <span class='ocrx_word' id='word_1_292' title='bbox 446 1508 500 1534; x_wconf 89' lang='lat' dir='ltr'><strong>vita</strong></span> <span class='ocrx_word' id='word_1_293' title='bbox 522 1507 598 1534; x_wconf 85' lang='lat' dir='ltr'><strong>sactis</strong></span> <span class='ocrx_word' id='word_1_294' title='bbox 613 1513 658 1534; x_wconf 90' lang='lat' dir='ltr'><strong>aut</strong></span> <span class='ocrx_word' id='word_1_295' title='bbox 673 1509 880 1543; x_wconf 77' lang='lat' dir='ltr'><strong>cogitationibus</strong></span> 
     </span>
     <span class='ocr_line' id='line_1_38' title="bbox 82 1542 880 1579; baseline 0.004 -11"><span class='ocrx_word' id='word_1_296' title='bbox 82 1542 245 1574; x_wconf 82' lang='lat' dir='ltr'><strong>traducatur,</strong></span> <span class='ocrx_word' id='word_1_297' title='bbox 259 1552 341 1578; x_wconf 89' lang='lat' dir='ltr'><strong>quam</strong></span> <span class='ocrx_word' id='word_1_298' title='bbox 353 1544 396 1575; x_wconf 85' lang='lat' dir='ltr'><strong>iis,</strong></span> <span class='ocrx_word' id='word_1_299' title='bbox 413 1553 481 1579; x_wconf 86' lang='lat' dir='ltr'><strong>quae</strong></span> <span class='ocrx_word' id='word_1_300' title='bbox 493 1546 672 1579; x_wconf 85' lang='lat' dir='ltr'><strong>pertinuerint</strong></span> <span class='ocrx_word' id='word_1_301' title='bbox 682 1546 714 1571; x_wconf 91' lang='lat' dir='ltr'><strong>ad</strong></span> <span class='ocrx_word' id='word_1_302' title='bbox 727 1545 880 1573; x_wconf 87' lang='lat' dir='ltr'><strong>liberandos</strong></span> 
     </span>
     <span class='ocr_line' id='line_1_39' title="bbox 81 1579 880 1618; baseline 0.005 -12"><span class='ocrx_word' id='word_1_303' title='bbox 81 1581 156 1607; x_wconf 90' lang='lat' dir='ltr'><strong>cives</strong></span> <span class='ocrx_word' id='word_1_304' title='bbox 168 1579 259 1607; x_wconf 70' lang='lat' dir='ltr'><strong>meos?</strong></span> <span class='ocrx_word' id='word_1_305' title='bbox 281 1582 320 1607; x_wconf 73' lang='lat'><strong>⁴0.</strong></span> <span class='ocrx_word' id='word_1_306' title='bbox 336 1581 380 1612; x_wconf 80' lang='lat' dir='ltr'><strong>Te,</strong></span> <span class='ocrx_word' id='word_1_307' title='bbox 394 1581 494 1613; x_wconf 90' lang='lat' dir='ltr'><strong>Cicero,</strong></span> <span class='ocrx_word' id='word_1_308' title='bbox 509 1591 572 1618; x_wconf 89' lang='lat' dir='ltr'><strong>rogo</strong></span> <span class='ocrx_word' id='word_1_309' title='bbox 583 1587 662 1617; x_wconf 88' lang='lat' dir='ltr'><strong>atque</strong></span> <span class='ocrx_word' id='word_1_310' title='bbox 675 1582 772 1614; x_wconf 89' lang='lat' dir='ltr'><strong>hortor,</strong></span> <span class='ocrx_word' id='word_1_311' title='bbox 790 1593 821 1610; x_wconf 90' lang='lat' dir='ltr'><strong>ne</strong></span> <span class='ocrx_word' id='word_1_312' title='bbox 832 1584 880 1610; x_wconf 89' lang='lat' dir='ltr'><strong>de—</strong></span> 
     </span>
     <span class='ocr_line' id='line_1_40' title="bbox 82 1617 878 1655; baseline 0.004 -11"><span class='ocrx_word' id='word_1_313' title='bbox 82 1617 207 1653; x_wconf 80' lang='lat' dir='ltr'><strong>fatigere,</strong></span> <span class='ocrx_word' id='word_1_314' title='bbox 225 1627 277 1644; x_wconf 90' lang='lat' dir='ltr'><strong>neu</strong></span> <span class='ocrx_word' id='word_1_315' title='bbox 293 1617 415 1645; x_wconf 82' lang='lat' dir='ltr'><strong>diffidas:</strong></span> <span class='ocrx_word' id='word_1_316' title='bbox 433 1627 540 1654; x_wconf 87' lang='lat' dir='ltr'><strong>semper</strong></span> <span class='ocrx_word' id='word_1_317' title='bbox 556 1621 583 1646; x_wconf 92' lang='lat' dir='ltr'><strong>in</strong></span> <span class='ocrx_word' id='word_1_318' title='bbox 600 1621 787 1655; x_wconf 90' lang='lat' dir='ltr'><strong>praesentibus</strong></span> <span class='ocrx_word' id='word_1_319' title='bbox 800 1621 878 1647; x_wconf 88' lang='lat' dir='ltr'><strong>malis</strong></span> 
     </span>
     <span class='ocr_line' id='line_1_41' title="bbox 81 1655 876 1691; baseline 0.004 -10"><span class='ocrx_word' id='word_1_320' title='bbox 81 1655 272 1690; x_wconf 87' lang='lat' dir='ltr'><strong>prohibendis,</strong></span> <span class='ocrx_word' id='word_1_321' title='bbox 291 1655 379 1682; x_wconf 85' lang='lat' dir='ltr'><strong>sutura</strong></span> <span class='ocrx_word' id='word_1_322' title='bbox 395 1665 516 1691; x_wconf 77' lang='lat' dir='ltr'><strong>quoque,</strong></span> <span class='ocrx_word' id='word_1_323' title='bbox 535 1658 588 1683; x_wconf 91' lang='lat' dir='ltr'><strong>nisi</strong></span> <span class='ocrx_word' id='word_1_324' title='bbox 604 1662 663 1684; x_wconf 89' lang='lat' dir='ltr'><strong>ante</strong></span> <span class='ocrx_word' id='word_1_325' title='bbox 679 1659 713 1684; x_wconf 88' lang='lat' dir='ltr'><strong>sit</strong></span> <span class='ocrx_word' id='word_1_326' title='bbox 724 1667 876 1689; x_wconf 79' lang='lat' dir='ltr'><strong>occursum,</strong></span> 
     </span>
     <span class='ocr_line' id='line_1_42' title="bbox 81 1692 875 1727; baseline 0.004 -8"><span class='ocrx_word' id='word_1_327' title='bbox 81 1692 214 1727; x_wconf 82' lang='lat' dir='ltr'><strong>explores,</strong></span> <span class='ocrx_word' id='word_1_328' title='bbox 223 1701 255 1719; x_wconf 91' lang='lat' dir='ltr'><strong>ne</strong></span> <span class='ocrx_word' id='word_1_329' title='bbox 267 1701 295 1719; x_wconf 84' lang='lat' dir='ltr'><strong>se</strong></span> <span class='ocrx_word' id='word_1_330' title='bbox 308 1693 459 1720; x_wconf 88' lang='lat' dir='ltr'><strong>insinuent:</strong></span> <span class='ocrx_word' id='word_1_331' title='bbox 474 1693 567 1721; x_wconf 86' lang='lat' dir='ltr'><strong>sortem</strong></span> <span class='ocrx_word' id='word_1_332' title='bbox 579 1700 604 1721; x_wconf 91' lang='lat' dir='ltr'><strong>et</strong></span> <span class='ocrx_word' id='word_1_333' title='bbox 617 1695 732 1722; x_wconf 92' lang='lat' dir='ltr'><strong>liberum</strong></span> <span class='ocrx_word' id='word_1_334' title='bbox 744 1697 875 1726; x_wconf 88' lang='lat' dir='ltr'><strong>animum,</strong></span> 
     </span>
     <span class='ocr_line' id='line_1_43' title="bbox 80 1729 878 1767; baseline 0.005 -11"><span class='ocrx_word' id='word_1_335' title='bbox 80 1738 135 1765; x_wconf 91' lang='lat' dir='ltr'><strong>quo</strong></span> <span class='ocrx_word' id='word_1_336' title='bbox 150 1734 175 1757; x_wconf 89' lang='lat' dir='ltr'><strong>et</strong></span> <span class='ocrx_word' id='word_1_337' title='bbox 189 1729 283 1757; x_wconf 90' lang='lat' dir='ltr'><strong>consul</strong></span> <span class='ocrx_word' id='word_1_338' title='bbox 299 1734 324 1757; x_wconf 90' lang='lat' dir='ltr'><strong>et</strong></span> <span class='ocrx_word' id='word_1_339' title='bbox 336 1739 406 1757; x_wconf 88' lang='lat' dir='ltr'><strong>nunc</strong></span> <span class='ocrx_word' id='word_1_340' title='bbox 417 1731 567 1758; x_wconf 90' lang='lat' dir='ltr'><strong>consularis</strong></span> <span class='ocrx_word' id='word_1_341' title='bbox 579 1733 774 1767; x_wconf 86' lang='lat' dir='ltr'><strong>rempublicam</strong></span> <span class='ocrx_word' id='word_1_342' title='bbox 787 1734 878 1760; x_wconf 91' lang='lat' dir='ltr'><strong>vindi-</strong></span> 
     </span>
     <span class='ocr_line' id='line_1_44' title="bbox 80 1767 878 1806; baseline 0.005 -13"><span class='ocrx_word' id='word_1_343' title='bbox 80 1767 156 1799; x_wconf 88' lang='lat' dir='ltr'><strong>casti,</strong></span> <span class='ocrx_word' id='word_1_344' title='bbox 172 1768 230 1794; x_wconf 81' lang='lat' dir='ltr'><strong>sine</strong></span> <span class='ocrx_word' id='word_1_345' title='bbox 240 1768 388 1794; x_wconf 89' lang='lat' dir='ltr'><strong>constantia</strong></span> <span class='ocrx_word' id='word_1_346' title='bbox 399 1773 425 1795; x_wconf 88' lang='lat' dir='ltr'><strong>et</strong></span> <span class='ocrx_word' id='word_1_347' title='bbox 436 1769 624 1804; x_wconf 86' lang='lat' dir='ltr'><strong>aequabilitate</strong></span> <span class='ocrx_word' id='word_1_348' title='bbox 637 1770 743 1797; x_wconf 89' lang='lat' dir='ltr'><strong>nullum</strong></span> <span class='ocrx_word' id='word_1_349' title='bbox 755 1779 814 1798; x_wconf 90' lang='lat' dir='ltr'><strong>esse</strong></span> <span class='ocrx_word' id='word_1_350' title='bbox 826 1780 878 1806; x_wconf 90' lang='lat' dir='ltr'><strong>pu-</strong></span> 
     </span>
     <span class='ocr_line' id='line_1_45' title="bbox 80 1805 877 1844; baseline 0.005 -13"><span class='ocrx_word' id='word_1_351' title='bbox 80 1805 155 1831; x_wconf 86' lang='lat' dir='ltr'><strong>taris.</strong></span> <span class='ocrx_word' id='word_1_352' title='bbox 196 1805 290 1832; x_wconf 86' lang='lat' dir='ltr'><strong>Fateor</strong></span> <span class='ocrx_word' id='word_1_353' title='bbox 300 1806 386 1837; x_wconf 84' lang='lat' dir='ltr'><strong>enim,</strong></span> <span class='ocrx_word' id='word_1_354' title='bbox 403 1805 540 1833; x_wconf 87' lang='lat' dir='ltr'><strong>duriorem</strong></span> <span class='ocrx_word' id='word_1_355' title='bbox 551 1815 610 1834; x_wconf 89' lang='lat' dir='ltr'><strong>esse</strong></span> <span class='ocrx_word' id='word_1_356' title='bbox 622 1807 802 1835; x_wconf 84' lang='lat' dir='ltr'><strong>conditionem</strong></span> <span class='ocrx_word' id='word_1_357' title='bbox 814 1818 877 1844; x_wconf 87' lang='lat' dir='ltr'><strong>spe-</strong></span> 
     </span>
     <span class='ocr_line' id='line_1_46' title="bbox 79 1842 877 1881; baseline 0.005 -13"><span class='ocrx_word' id='word_1_358' title='bbox 79 1846 164 1869; x_wconf 82' lang='lat' dir='ltr'><strong>ctatae</strong></span> <span class='ocrx_word' id='word_1_359' title='bbox 175 1842 296 1874; x_wconf 83' lang='lat' dir='ltr'><strong>virtutis,</strong></span> <span class='ocrx_word' id='word_1_360' title='bbox 315 1851 396 1878; x_wconf 86' lang='lat' dir='ltr'><strong>quam</strong></span> <span class='ocrx_word' id='word_1_361' title='bbox 414 1843 574 1879; x_wconf 80' lang='lat' dir='ltr'><strong>incognitae.</strong></span> <span class='ocrx_word' id='word_1_362' title='bbox 614 1845 754 1872; x_wconf 83' lang='lat' dir='ltr'><strong>Benel&#39;acta</strong></span> <span class='ocrx_word' id='word_1_363' title='bbox 771 1855 818 1881; x_wconf 89' lang='lat' dir='ltr'><strong>pro</strong></span> <span class='ocrx_word' id='word_1_364' title='bbox 829 1847 877 1872; x_wconf 88' lang='lat' dir='ltr'><strong>‹le-</strong></span> 
     </span>
     <span class='ocr_line' id='line_1_47' title="bbox 79 1879 876 1918; baseline 0.006 -13"><span class='ocrx_word' id='word_1_365' title='bbox 79 1879 144 1906; x_wconf 88' lang='lat' dir='ltr'><strong>bitis</strong></span> <span class='ocrx_word' id='word_1_366' title='bbox 166 1880 316 1915; x_wconf 81' lang='lat' dir='ltr'><strong>exigimus:</strong></span> <span class='ocrx_word' id='word_1_367' title='bbox 339 1888 407 1915; x_wconf 90' lang='lat' dir='ltr'><strong>quae</strong></span> <span class='ocrx_word' id='word_1_368' title='bbox 423 1880 500 1907; x_wconf 86' lang='lat' dir='ltr'><strong>aliter</strong></span> <span class='ocrx_word' id='word_1_369' title='bbox 514 1882 656 1914; x_wconf 86' lang='lat' dir='ltr'><strong>eveniunt,</strong></span> <span class='ocrx_word' id='word_1_370' title='bbox 680 1887 708 1909; x_wconf 91' lang='lat' dir='ltr'><strong>ut</strong></span> <span class='ocrx_word' id='word_1_371' title='bbox 723 1883 828 1918; x_wconf 87' lang='lat' dir='ltr'><strong>decepti</strong></span> <span class='ocrx_word' id='word_1_372' title='bbox 843 1884 876 1911; x_wconf 85' lang='lat' dir='ltr'><strong>ab</strong></span> 
     </span>
     <span class='ocr_line' id='line_1_48' title="bbox 80 1915 876 1954; baseline 0.008 -12"><span class='ocrx_word' id='word_1_373' title='bbox 80 1916 133 1947; x_wconf 86' lang='lat' dir='ltr'><strong>his,</strong></span> <span class='ocrx_word' id='word_1_374' title='bbox 142 1915 335 1943; x_wconf 76' lang='lat' dir='ltr'><strong>intestoanimo</strong></span> <span class='ocrx_word' id='word_1_375' title='bbox 347 1918 580 1951; x_wconf 86' lang='lat' dir='ltr'><strong>reprehendimus.</strong></span> <span class='ocrx_word' id='word_1_376' title='bbox 594 1920 684 1954; x_wconf 89' lang='lat' dir='ltr'><strong>ltaque</strong></span> <span class='ocrx_word' id='word_1_377' title='bbox 691 1921 814 1947; x_wconf 84' lang='lat' dir='ltr'><strong>resistere</strong></span> <span class='ocrx_word' id='word_1_378' title='bbox 821 1922 876 1948; x_wconf 76' lang='lat' dir='ltr'><strong>An-</strong></span> 
     </span>
     <span class='ocr_line' id='line_1_49' title="bbox 79 1953 873 1991; baseline 0.008 -12"><span class='ocrx_word' id='word_1_379' title='bbox 79 1953 322 1984; x_wconf 86' lang='lat' dir='ltr'><strong>tonioCiceronem,</strong></span> <span class='ocrx_word' id='word_1_380' title='bbox 332 1955 382 1980; x_wconf 89' lang='lat' dir='ltr'><strong>etsi</strong></span> <span class='ocrx_word' id='word_1_381' title='bbox 394 1963 489 1990; x_wconf 88' lang='lat' dir='ltr'><strong>magna</strong></span> <span class='ocrx_word' id='word_1_382' title='bbox 503 1955 701 1991; x_wconf 84' lang='lat' dir='ltr'><strong>laudedignuin</strong></span> <span class='ocrx_word' id='word_1_383' title='bbox 708 1962 760 1989; x_wconf 82' lang='lat' dir='ltr'><strong>est;</strong></span> <span class='ocrx_word' id='word_1_384' title='bbox 776 1963 873 1990; x_wconf 86' lang='lat' dir='ltr'><strong>tamen,</strong></span> 
     </span>
     <span class='ocr_line' id='line_1_50' title="bbox 79 1990 876 2028; baseline 0.008 -12"><span class='ocrx_word' id='word_1_385' title='bbox 79 1991 143 2025; x_wconf 85' lang='lat' dir='ltr'><strong>quia</strong></span> <span class='ocrx_word' id='word_1_386' title='bbox 155 1990 200 2017; x_wconf 86' lang='lat' dir='ltr'><strong>ille</strong></span> <span class='ocrx_word' id='word_1_387' title='bbox 211 1990 304 2017; x_wconf 87' lang='lat' dir='ltr'><strong>consul</strong></span> <span class='ocrx_word' id='word_1_388' title='bbox 318 1990 389 2017; x_wconf 88' lang='lat' dir='ltr'><strong>hunc</strong></span> <span class='ocrx_word' id='word_1_389' title='bbox 400 1992 568 2019; x_wconf 88' lang='lat' dir='ltr'><strong>consularem</strong></span> <span class='ocrx_word' id='word_1_390' title='bbox 581 1994 674 2020; x_wconf 87' lang='lat' dir='ltr'><strong>merito</strong></span> <span class='ocrx_word' id='word_1_391' title='bbox 689 2000 822 2028; x_wconf 81' lang='lat' dir='ltr'><strong>praestare</strong></span> <span class='ocrx_word' id='word_1_392' title='bbox 834 1997 876 2022; x_wconf 89' lang='lat' dir='ltr'><strong>vi-</strong></span> 
     </span>
     <span class='ocr_line' id='line_1_51' title="bbox 79 2027 876 2060; baseline 0.008 -7"><span class='ocrx_word' id='word_1_393' title='bbox 79 2028 169 2059; x_wconf 88' lang='lat' dir='ltr'><strong>detur,</strong></span> <span class='ocrx_word' id='word_1_394' title='bbox 187 2036 266 2054; x_wconf 89' lang='lat' dir='ltr'><strong>nemo</strong></span> <span class='ocrx_word' id='word_1_395' title='bbox 281 2027 438 2055; x_wconf 85' lang='lat' dir='ltr'><strong>admiratur.</strong></span> <span class='ocrx_word' id='word_1_396' title='bbox 481 2031 520 2056; x_wconf 82' lang='lat' dir='ltr'><strong>ll.</strong></span> <span class='ocrx_word' id='word_1_397' title='bbox 543 2030 615 2056; x_wconf 83' lang='lat' dir='ltr'><strong>Idem</strong></span> <span class='ocrx_word' id='word_1_398' title='bbox 627 2030 719 2058; x_wconf 88' lang='lat' dir='ltr'><strong>Cicero</strong></span> <span class='ocrx_word' id='word_1_399' title='bbox 733 2033 756 2058; x_wconf 85' lang='lat' dir='ltr'><strong>si</strong></span> <span class='ocrx_word' id='word_1_400' title='bbox 773 2032 876 2060; x_wconf 85' lang='lat' dir='ltr'><strong>tlexerit</strong></span> 
     </span>
     <span class='ocr_line' id='line_1_52' title="bbox 79 2065 874 2102; baseline 0.008 -11"><span class='ocrx_word' id='word_1_401' title='bbox 79 2065 210 2092; x_wconf 81' lang='lat' dir='ltr'><strong>adversus</strong></span> <span class='ocrx_word' id='word_1_402' title='bbox 225 2065 291 2092; x_wconf 80' lang='lat' dir='ltr'><strong>alios</strong></span> <span class='ocrx_word' id='word_1_403' title='bbox 309 2065 441 2092; x_wconf 87' lang='lat' dir='ltr'><strong>iudicium</strong></span> <span class='ocrx_word' id='word_1_404' title='bbox 459 2075 553 2098; x_wconf 87' lang='lat' dir='ltr'><strong>suum,</strong></span> <span class='ocrx_word' id='word_1_405' title='bbox 577 2068 649 2102; x_wconf 89' lang='lat' dir='ltr'><strong>quod</strong></span> <span class='ocrx_word' id='word_1_406' title='bbox 665 2073 735 2096; x_wconf 85' lang='lat' dir='ltr'><strong>tanta</strong></span> <span class='ocrx_word' id='word_1_407' title='bbox 752 2070 874 2097; x_wconf 80' lang='lat' dir='ltr'><strong>firmitate</strong></span> 
     </span>
     <span class='ocr_line' id='line_1_53' title="bbox 78 2103 875 2138; baseline 0.006 -9"><span class='ocrx_word' id='word_1_408' title='bbox 78 2111 108 2129; x_wconf 89' lang='lat' dir='ltr'><strong>ac</strong></span> <span class='ocrx_word' id='word_1_409' title='bbox 127 2103 258 2138; x_wconf 80' lang='lat' dir='ltr'><strong>sapientia</strong></span> <span class='ocrx_word' id='word_1_410' title='bbox 279 2107 324 2129; x_wconf 84' lang='lat' dir='ltr'><strong>aut</strong></span> <span class='ocrx_word' id='word_1_411' title='bbox 344 2103 530 2138; x_wconf 86' lang='lat' dir='ltr'><strong>magnitudine</strong></span> <span class='ocrx_word' id='word_1_412' title='bbox 546 2104 645 2132; x_wconf 82' lang='lat' dir='ltr'><strong>direxit</strong></span> <span class='ocrx_word' id='word_1_413' title='bbox 661 2106 687 2132; x_wconf 91' lang='lat' dir='ltr'><strong>in</strong></span> <span class='ocrx_word' id='word_1_414' title='bbox 707 2107 875 2134; x_wconf 82' lang='lat' dir='ltr'><strong>exturbando</strong></span> 
     </span>
     <span class='ocr_line' id='line_1_54' title="bbox 77 2140 875 2179; baseline 0.006 -13"><span class='ocrx_word' id='word_1_415' title='bbox 77 2141 205 2167; x_wconf 85' lang='lat' dir='ltr'><strong>Antonio:</strong></span> <span class='ocrx_word' id='word_1_416' title='bbox 219 2149 270 2166; x_wconf 92' lang='lat' dir='ltr'><strong>non</strong></span> <span class='ocrx_word' id='word_1_417' title='bbox 284 2140 362 2166; x_wconf 90' lang='lat' dir='ltr'><strong>modo</strong></span> <span class='ocrx_word' id='word_1_418' title='bbox 373 2140 470 2175; x_wconf 85' lang='lat' dir='ltr'><strong>reliqui</strong></span> <span class='ocrx_word' id='word_1_419' title='bbox 483 2143 610 2176; x_wconf 84' lang='lat' dir='ltr'><strong>temporis</strong></span> <span class='ocrx_word' id='word_1_420' title='bbox 622 2142 734 2177; x_wconf 79' lang='lat' dir='ltr'><strong>gloriam</strong></span> <span class='ocrx_word' id='word_1_421' title='bbox 746 2145 875 2179; x_wconf 87' lang='lat' dir='ltr'><strong>eripuerit</strong></span> 
     </span>
     <span class='ocr_line' id='line_1_55' title="bbox 77 2177 873 2216; baseline 0.006 -13"><span class='ocrx_word' id='word_1_422' title='bbox 77 2177 145 2208; x_wconf 89' lang='lat' dir='ltr'><strong>sibi,</strong></span> <span class='ocrx_word' id='word_1_423' title='bbox 168 2177 215 2204; x_wconf 90' lang='lat' dir='ltr'><strong>sed</strong></span> <span class='ocrx_word' id='word_1_424' title='bbox 236 2177 316 2204; x_wconf 84' lang='lat' dir='ltr'><strong>etiam</strong></span> <span class='ocrx_word' id='word_1_425' title='bbox 338 2179 478 2211; x_wconf 82' lang='lat' dir='ltr'><strong>praeterita</strong></span> <span class='ocrx_word' id='word_1_426' title='bbox 500 2187 658 2206; x_wconf 83' lang='lat' dir='ltr'><strong>evanescere</strong></span> <span class='ocrx_word' id='word_1_427' title='bbox 682 2186 771 2215; x_wconf 80' lang='lat' dir='ltr'><strong>coget,</strong></span> <span class='ocrx_word' id='word_1_428' title='bbox 794 2182 873 2216; x_wconf 77' lang='lat' dir='ltr'><strong>&lt;nihii</strong></span> 
     </span>
     <span class='ocr_line' id='line_1_56' title="bbox 77 2214 873 2251; baseline 0.008 -11"><span class='ocrx_word' id='word_1_429' title='bbox 77 2215 150 2241; x_wconf 91' lang='lat' dir='ltr'><strong>enim</strong></span> <span class='ocrx_word' id='word_1_430' title='bbox 166 2223 214 2250; x_wconf 90' lang='lat' dir='ltr'><strong>per</strong></span> <span class='ocrx_word' id='word_1_431' title='bbox 227 2224 255 2241; x_wconf 83' lang='lat' dir='ltr'><strong>so</strong></span> <span class='ocrx_word' id='word_1_432' title='bbox 267 2214 387 2249; x_wconf 87' lang='lat' dir='ltr'><strong>amplum</strong></span> <span class='ocrx_word' id='word_1_433' title='bbox 399 2220 451 2245; x_wconf 79' lang='lat' dir='ltr'><strong>est,</strong></span> <span class='ocrx_word' id='word_1_434' title='bbox 470 2216 523 2241; x_wconf 85' lang='lat' dir='ltr'><strong>nisi</strong></span> <span class='ocrx_word' id='word_1_435' title='bbox 540 2216 566 2242; x_wconf 93' lang='lat' dir='ltr'><strong>in</strong></span> <span class='ocrx_word' id='word_1_436' title='bbox 578 2225 631 2251; x_wconf 88' lang='lat' dir='ltr'><strong>quo</strong></span> <span class='ocrx_word' id='word_1_437' title='bbox 643 2217 738 2244; x_wconf 89' lang='lat' dir='ltr'><strong>iudicii</strong></span> <span class='ocrx_word' id='word_1_438' title='bbox 751 2220 815 2245; x_wconf 81' lang='lat' dir='ltr'><strong>ratio</strong></span> <span class='ocrx_word' id='word_1_439' title='bbox 826 2228 873 2246; x_wconf 78' lang='lat' dir='ltr'><strong>ex·</strong></span> 
     </span>
     <span class='ocr_line' id='line_1_57' title="bbox 77 2252 874 2290; baseline 0.004 -11"><span class='ocrx_word' id='word_1_440' title='bbox 77 2257 128 2279; x_wconf 88' lang='lat' dir='ltr'><strong>stat</strong></span> <span class='ocrx_word' id='word_1_441' title='bbox 137 2252 154 2288; x_wconf 94' lang='lat'><strong>:)</strong></span> <span class='ocrx_word' id='word_1_442' title='bbox 164 2253 228 2287; x_wconf 91' lang='lat' dir='ltr'><strong>quia</strong></span> <span class='ocrx_word' id='word_1_443' title='bbox 241 2252 375 2278; x_wconf 86' lang='lat' dir='ltr'><strong>neminem</strong></span> <span class='ocrx_word' id='word_1_444' title='bbox 388 2253 474 2287; x_wconf 82' lang='lat' dir='ltr'><strong>magis</strong></span> <span class='ocrx_word' id='word_1_445' title='bbox 485 2252 569 2283; x_wconf 85' lang='lat' dir='ltr'><strong>decet,</strong></span> <span class='ocrx_word' id='word_1_446' title='bbox 582 2263 663 2288; x_wconf 86' lang='lat' dir='ltr'><strong>quam</strong></span> <span class='ocrx_word' id='word_1_447' title='bbox 676 2260 709 2286; x_wconf 86' lang='lat' dir='ltr'><strong>te,</strong></span> <span class='ocrx_word' id='word_1_448' title='bbox 723 2257 874 2290; x_wconf 87' lang='lat' dir='ltr'><strong>rempubli-</strong></span> 
     </span>
     <span class='ocr_line' id='line_1_58' title="bbox 76 2289 870 2329; baseline 0.005 -13"><span class='ocrx_word' id='word_1_449' title='bbox 76 2298 135 2316; x_wconf 85' lang='lat' dir='ltr'><strong>cam</strong></span> <span class='ocrx_word' id='word_1_450' title='bbox 149 2298 236 2316; x_wconf 86' lang='lat' dir='ltr'><strong>amare</strong></span> <span class='ocrx_word' id='word_1_451' title='bbox 250 2289 608 2324; x_wconf 83' lang='lat' dir='ltr'><strong>libertatisquedesensorem</strong></span> <span class='ocrx_word' id='word_1_452' title='bbox 620 2300 688 2323; x_wconf 81' lang='lat' dir='ltr'><strong>esse.</strong></span> <span class='ocrx_word' id='word_1_453' title='bbox 699 2293 740 2318; x_wconf 84' lang='lat' dir='ltr'><strong>vel</strong></span> <span class='ocrx_word' id='word_1_454' title='bbox 754 2294 870 2329; x_wconf 81' lang='lat' dir='ltr'><strong>ingenio,</strong></span> 
     </span>
     <span class='ocr_line' id='line_1_59' title="bbox 76 2326 870 2364; baseline 0.005 -11"><span class='ocrx_word' id='word_1_455' title='bbox 76 2327 119 2353; x_wconf 86' lang='lat' dir='ltr'><strong>vel</strong></span> <span class='ocrx_word' id='word_1_456' title='bbox 131 2327 212 2353; x_wconf 88' lang='lat' dir='ltr'><strong>rebus</strong></span> <span class='ocrx_word' id='word_1_457' title='bbox 223 2327 306 2363; x_wconf 85' lang='lat' dir='ltr'><strong>gestis</strong></span> <span class='ocrx_word' id='word_1_458' title='bbox 314 2326 354 2353; x_wconf 89' lang='lat' dir='ltr'><strong>vel</strong></span> <span class='ocrx_word' id='word_1_459' title='bbox 362 2327 870 2364; x_wconf 77' lang='lat' dir='ltr'><strong>studioatqueefflagitationeonmium.</strong></span> 
     </span>
     <span class='ocr_line' id='line_1_60' title="bbox 75 2363 871 2399; baseline 0.006 -9"><span class='ocrx_word' id='word_1_460' title='bbox 75 2363 162 2396; x_wconf 84' lang='lat' dir='ltr'><strong>Quare</strong></span> <span class='ocrx_word' id='word_1_461' title='bbox 178 2373 230 2391; x_wconf 90' lang='lat' dir='ltr'><strong>non</strong></span> <span class='ocrx_word' id='word_1_462' title='bbox 245 2364 373 2391; x_wconf 85' lang='lat' dir='ltr'><strong>Octavius</strong></span> <span class='ocrx_word' id='word_1_463' title='bbox 389 2368 429 2390; x_wconf 82' lang='lat' dir='ltr'><strong>est</strong></span> <span class='ocrx_word' id='word_1_464' title='bbox 441 2364 589 2399; x_wconf 83' lang='lat' dir='ltr'><strong>rogandus,</strong></span> <span class='ocrx_word' id='word_1_465' title='bbox 608 2370 636 2392; x_wconf 87' lang='lat' dir='ltr'><strong>ut</strong></span> <span class='ocrx_word' id='word_1_466' title='bbox 648 2366 712 2393; x_wconf 85' lang='lat' dir='ltr'><strong>velit</strong></span> <span class='ocrx_word' id='word_1_467' title='bbox 723 2376 771 2393; x_wconf 86' lang='lat' dir='ltr'><strong>nos</strong></span> <span class='ocrx_word' id='word_1_468' title='bbox 782 2368 871 2395; x_wconf 79' lang='lat' dir='ltr'><strong>salvos</strong></span> 
     </span>
     <span class='ocr_line' id='line_1_61' title="bbox 75 2401 871 2440; baseline 0.004 -12"><span class='ocrx_word' id='word_1_469' title='bbox 75 2409 148 2428; x_wconf 82' lang='lat' dir='ltr'><strong>esse:</strong></span> <span class='ocrx_word' id='word_1_470' title='bbox 167 2401 253 2437; x_wconf 82' lang='lat' dir='ltr'><strong>magis</strong></span> <span class='ocrx_word' id='word_1_471' title='bbox 265 2406 292 2428; x_wconf 91' lang='lat' dir='ltr'><strong>tu</strong></span> <span class='ocrx_word' id='word_1_472' title='bbox 306 2406 329 2428; x_wconf 88' lang='lat' dir='ltr'><strong>te</strong></span> <span class='ocrx_word' id='word_1_473' title='bbox 341 2401 489 2432; x_wconf 84' lang='lat' dir='ltr'><strong>exsuscita,</strong></span> <span class='ocrx_word' id='word_1_474' title='bbox 504 2407 532 2428; x_wconf 89' lang='lat' dir='ltr'><strong>ut</strong></span> <span class='ocrx_word' id='word_1_475' title='bbox 542 2411 600 2428; x_wconf 87' lang='lat' dir='ltr'><strong>eam</strong></span> <span class='ocrx_word' id='word_1_476' title='bbox 612 2403 762 2435; x_wconf 85' lang='lat' dir='ltr'><strong>civitatem,</strong></span> <span class='ocrx_word' id='word_1_477' title='bbox 781 2405 806 2431; x_wconf 89' lang='lat' dir='ltr'><strong>in</strong></span> <span class='ocrx_word' id='word_1_478' title='bbox 818 2415 871 2440; x_wconf 88' lang='lat' dir='ltr'><strong>qua</strong></span> 
     </span>
     <span class='ocr_line' id='line_1_62' title="bbox 75 2438 868 2476; baseline 0.005 -12"><span class='ocrx_word' id='word_1_479' title='bbox 75 2439 193 2465; x_wconf 85' lang='lat' dir='ltr'><strong>maxima</strong></span> <span class='ocrx_word' id='word_1_480' title='bbox 204 2439 327 2475; x_wconf 82' lang='lat' dir='ltr'><strong>gessisti,</strong></span> <span class='ocrx_word' id='word_1_481' title='bbox 349 2438 461 2464; x_wconf 82' lang='lat' dir='ltr'><strong>liberam</strong></span> <span class='ocrx_word' id='word_1_482' title='bbox 473 2444 552 2473; x_wconf 85' lang='lat' dir='ltr'><strong>atque</strong></span> <span class='ocrx_word' id='word_1_483' title='bbox 564 2439 702 2466; x_wconf 85' lang='lat' dir='ltr'><strong>honestam</strong></span> <span class='ocrx_word' id='word_1_484' title='bbox 716 2441 769 2467; x_wconf 87' lang='lat' dir='ltr'><strong>l&#39;ore</strong></span> <span class='ocrx_word' id='word_1_485' title='bbox 782 2448 868 2476; x_wconf 77' lang='lat' dir='ltr'><strong>putes,</strong></span> 
     </span>
     <span class='ocr_line' id='line_1_63' title="bbox 74 2475 870 2514; baseline 0.006 -13"><span class='ocrx_word' id='word_1_486' title='bbox 74 2476 98 2502; x_wconf 92' lang='lat' dir='ltr'><strong>si</strong></span> <span class='ocrx_word' id='word_1_487' title='bbox 115 2475 193 2502; x_wconf 87' lang='lat' dir='ltr'><strong>modo</strong></span> <span class='ocrx_word' id='word_1_488' title='bbox 208 2476 262 2502; x_wconf 90' lang='lat' dir='ltr'><strong>sint</strong></span> <span class='ocrx_word' id='word_1_489' title='bbox 275 2475 375 2511; x_wconf 91' lang='lat' dir='ltr'><strong>populo</strong></span> <span class='ocrx_word' id='word_1_490' title='bbox 390 2476 473 2502; x_wconf 87' lang='lat' dir='ltr'><strong>duces</strong></span> <span class='ocrx_word' id='word_1_491' title='bbox 488 2475 521 2502; x_wconf 88' lang='lat' dir='ltr'><strong>ad</strong></span> <span class='ocrx_word' id='word_1_492' title='bbox 538 2477 719 2504; x_wconf 85' lang='lat' dir='ltr'><strong>resistendum</strong></span> <span class='ocrx_word' id='word_1_493' title='bbox 734 2479 870 2514; x_wconf 88' lang='lat' dir='ltr'><strong>improbo-</strong></span> 
     </span>
     <span class='ocr_line' id='line_1_64' title="bbox 74 2513 277 2540; baseline 0 -1"><span class='ocrx_word' id='word_1_494' title='bbox 74 2521 134 2539; x_wconf 90' lang='lat' dir='ltr'><strong>rum</strong></span> <span class='ocrx_word' id='word_1_495' title='bbox 146 2513 277 2540; x_wconf 86' lang='lat' dir='ltr'><strong>consiliis.</strong></span> 
     </span>
    </p>
   </div>
   <div class='ocr_carea' id='block_1_3' title="bbox 126 2592 868 2616">
    <p class='ocr_par' dir='ltr' id='par_1_3' title="bbox 126 2592 868 2616">
     <span class='ocr_line' id='line_1_65' title="bbox 126 2592 868 2616; baseline 0.004 -3"><span class='ocrx_word' id='word_1_496' title='bbox 126 2592 200 2613; x_wconf 82' lang='lat' dir='ltr'><strong>xvn.</strong></span> <span class='ocrx_word' id='word_1_497' title='bbox 219 2593 295 2613; x_wconf 68' lang='grc' dir='ltr'>ΑΒΘ.</span> <span class='ocrx_word' id='word_1_498' title='bbox 319 2594 403 2614; x_wconf 79' lang='lat' dir='ltr'><strong>Auctor</strong></span> <span class='ocrx_word' id='word_1_499' title='bbox 416 2594 443 2614; x_wconf 76' lang='lat' dir='ltr'><strong>de</strong></span> <span class='ocrx_word' id='word_1_500' title='bbox 458 2593 573 2614; x_wconf 73' lang='lat' dir='ltr'><strong>Ciceroni·</strong></span> <span class='ocrx_word' id='word_1_501' title='bbox 589 2593 656 2614; x_wconf 76' lang='lat' dir='ltr'><strong>nimiu</strong></span> <span class='ocrx_word' id='word_1_502' title='bbox 671 2594 756 2615; x_wconf 78' lang='lat' dir='ltr'><strong>Octavii</strong></span> <span class='ocrx_word' id='word_1_503' title='bbox 776 2595 868 2616; x_wconf 69' lang='lat' dir='ltr'><strong>urinandi</strong></span> 
     </span>
    </p>
   </div>
   <div class='ocr_carea' id='block_1_4' title="bbox 889 201 916 2660">
    <p class='ocr_par' dir='ltr' id='par_1_4' title="bbox 889 201 916 2660">
     <span class='ocr_line' id='line_1_66' title="bbox 889 201 916 2660; baseline 0 0"><span class='ocrx_word' id='word_1_504' title='bbox 889 201 916 2660; x_wconf 95' lang='lat' dir='ltr'><strong> </strong></span> 
     </span>
    </p>
   </div>
   <div class='ocr_carea' id='block_1_5' title="bbox 72 2626 891 2691">
    <p class='ocr_par' dir='ltr' id='par_1_5' title="bbox 72 2626 891 2691">
     <span class='ocr_line' id='line_1_67' title="bbox 72 2626 867 2657; baseline 0.004 -10"><span class='ocrx_word' id='word_1_505' title='bbox 72 2626 148 2647; x_wconf 74' lang='lat' dir='ltr'><strong>studio</strong></span> <span class='ocrx_word' id='word_1_506' title='bbox 167 2626 305 2648; x_wconf 73' lang='lat' dir='ltr'><strong>vehementer</strong></span> <span class='ocrx_word' id='word_1_507' title='bbox 323 2629 477 2655; x_wconf 74' lang='lat' dir='ltr'><strong>conqueritur,</strong></span> <span class='ocrx_word' id='word_1_508' title='bbox 496 2629 636 2655; x_wconf 77' lang='lat' dir='ltr'><strong>oiiiinlcmque</strong></span> <span class='ocrx_word' id='word_1_509' title='bbox 651 2630 802 2656; x_wconf 72' lang='lat' dir='ltr'><strong>reprehendit,</strong></span> <span class='ocrx_word' id='word_1_510' title='bbox 823 2631 867 2657; x_wconf 79' lang='lat' dir='ltr'><strong>qui,</strong></span> 
     </span>
     <span class='ocr_line' id='line_1_68' title="bbox 73 2661 891 2691; baseline 0.005 -9"><span class='ocrx_word' id='word_1_511' title='bbox 73 2661 238 2689; x_wconf 76' lang='lat' dir='ltr'><strong>quumAntouii</strong></span> <span class='ocrx_word' id='word_1_512' title='bbox 248 2663 420 2685; x_wconf 67' lang='lat' dir='ltr'><strong>dominationem</strong></span> <span class='ocrx_word' id='word_1_513' title='bbox 426 2663 570 2691; x_wconf 65' lang='lat' dir='ltr'><strong>oppres-erit,</strong></span> <span class='ocrx_word' id='word_1_514' title='bbox 578 2671 615 2684; x_wconf 74' lang='lat' dir='ltr'><strong>noi</strong></span> <span class='ocrx_word' id='word_1_515' title='bbox 621 2671 653 2684; x_wconf 82' lang='lat' dir='ltr'><strong>am</strong></span> <span class='ocrx_word' id='word_1_516' title='bbox 662 2664 762 2685; x_wconf 79' lang='lat' dir='ltr'><strong>ntabilint</strong></span> <span class='ocrx_word' id='word_1_517' title='bbox 773 2665 859 2686; x_wconf 59' lang='lat' dir='ltr'><strong>(lamii</strong></span> <span class='ocrx_word' id='word_1_518' title='bbox 888 2661 891 2690; x_wconf 69' lang='lat' dir='ltr'><strong>i</strong></span> 
     </span>
    </p>
   </div>
   <div class='ocr_carea' id='block_1_6' title="bbox 896 213 925 2685">
    <p class='ocr_par' dir='ltr' id='par_1_6' title="bbox 896 213 925 2685">
     <span class='ocr_line' id='line_1_69' title="bbox 896 213 925 2685; baseline 0 0"><span class='ocrx_word' id='word_1_519' title='bbox 896 213 925 2685; x_wconf 95' lang='lat' dir='ltr'><strong> </strong></span> 
     </span>
    </p>
   </div>
   <div class='ocr_carea' id='block_1_7' title="bbox 939 198 1734 368">
    <p class='ocr_par' dir='ltr' id='par_1_7' title="bbox 939 198 1734 368">
     <span class='ocr_line' id='line_1_70' title="bbox 939 198 1733 231; baseline 0.01 -13"><span class='ocrx_word' id='word_1_520' title='bbox 939 198 964 218; x_wconf 87' lang='lat' dir='ltr'><strong>ln</strong></span> <span class='ocrx_word' id='word_1_521' title='bbox 971 198 1006 219; x_wconf 84' lang='lat' dir='ltr'><strong>liis</strong></span> <span class='ocrx_word' id='word_1_522' title='bbox 1013 206 1097 226; x_wconf 84' lang='lat' dir='ltr'><strong>qnoque</strong></span> <span class='ocrx_word' id='word_1_523' title='bbox 1103 199 1187 220; x_wconf 69' lang='lat' dir='ltr'><strong>titteris</strong></span> <span class='ocrx_word' id='word_1_524' title='bbox 1193 201 1337 222; x_wconf 77' lang='lat' dir='ltr'><strong>Marklandus</strong></span> <span class='ocrx_word' id='word_1_525' title='bbox 1344 202 1480 230; x_wconf 72' lang='lat' dir='ltr'><strong>suspicionis</strong></span> <span class='ocrx_word' id='word_1_526' title='bbox 1491 208 1618 228; x_wconf 74' lang='lat' dir='ltr'><strong>argumenta</strong></span> <span class='ocrx_word' id='word_1_527' title='bbox 1628 207 1733 231; x_wconf 66' lang='lat' dir='ltr'><strong>quaedam</strong></span> 
     </span>
     <span class='ocr_line' id='line_1_71' title="bbox 939 233 1733 267; baseline 0.013 -15"><span class='ocrx_word' id='word_1_528' title='bbox 939 233 1101 260; x_wconf 76' lang='lat' dir='ltr'><strong>deprehendere</strong></span> <span class='ocrx_word' id='word_1_529' title='bbox 1113 234 1157 255; x_wconf 74' lang='lat' dir='ltr'><strong>sihi</strong></span> <span class='ocrx_word' id='word_1_530' title='bbox 1168 235 1261 256; x_wconf 69' lang='lat' dir='ltr'><strong>videtur.</strong></span> <span class='ocrx_word' id='word_1_531' title='bbox 1285 238 1368 257; x_wconf 75' lang='lat' dir='ltr'><strong>Cascae</strong></span> <span class='ocrx_word' id='word_1_532' title='bbox 1379 238 1435 257; x_wconf 84' lang='lat' dir='ltr'><strong>enim</strong></span> <span class='ocrx_word' id='word_1_533' title='bbox 1442 238 1570 259; x_wconf 70' lang='lat' dir='ltr'><strong>Ciceronem</strong></span> <span class='ocrx_word' id='word_1_534' title='bbox 1581 240 1733 267; x_wconf 69' lang='lat' dir='ltr'><strong>maledixisse,</strong></span> 
     </span>
     <span class='ocr_line' id='line_1_72' title="bbox 940 269 1733 301; baseline 0.01 -13"><span class='ocrx_word' id='word_1_535' title='bbox 940 269 1021 288; x_wconf 79' lang='lat' dir='ltr'><strong>nemini</strong></span> <span class='ocrx_word' id='word_1_536' title='bbox 1029 269 1095 289; x_wconf 79' lang='lat' dir='ltr'><strong>facile</strong></span> <span class='ocrx_word' id='word_1_537' title='bbox 1101 270 1207 291; x_wconf 72' lang='lat' dir='ltr'><strong>credibile</strong></span> <span class='ocrx_word' id='word_1_538' title='bbox 1213 271 1284 292; x_wconf 72' lang='lat' dir='ltr'><strong>visum</strong></span> <span class='ocrx_word' id='word_1_539' title='bbox 1293 272 1330 292; x_wconf 81' lang='lat' dir='ltr'><strong>iri.</strong></span> <span class='ocrx_word' id='word_1_540' title='bbox 1345 272 1442 299; x_wconf 78' lang='lat' dir='ltr'><strong>ineptam</strong></span> <span class='ocrx_word' id='word_1_541' title='bbox 1454 280 1502 293; x_wconf 79' lang='lat' dir='ltr'><strong>esse</strong></span> <span class='ocrx_word' id='word_1_542' title='bbox 1513 274 1577 294; x_wconf 77' lang='lat' dir='ltr'><strong>etiam</strong></span> <span class='ocrx_word' id='word_1_543' title='bbox 1588 276 1733 301; x_wconf 74' lang='lat' dir='ltr'><strong>comparatiu-</strong></span> 
     </span>
     <span class='ocr_line' id='line_1_73' title="bbox 940 304 1734 332; baseline 0.01 -9"><span class='ocrx_word' id='word_1_544' title='bbox 940 311 987 324; x_wconf 87' lang='lat' dir='ltr'><strong>nem</strong></span> <span class='ocrx_word' id='word_1_545' title='bbox 1006 304 1112 331; x_wconf 78' lang='lat' dir='ltr'><strong>supplicii</strong></span> <span class='ocrx_word' id='word_1_546' title='bbox 1131 305 1293 327; x_wconf 75' lang='lat' dir='ltr'><strong>coniuratorum</strong></span> <span class='ocrx_word' id='word_1_547' title='bbox 1313 315 1360 328; x_wconf 75' lang='lat' dir='ltr'><strong>tuni</strong></span> <span class='ocrx_word' id='word_1_548' title='bbox 1370 309 1435 328; x_wconf 82' lang='lat' dir='ltr'><strong>caede</strong></span> <span class='ocrx_word' id='word_1_549' title='bbox 1455 309 1566 329; x_wconf 80' lang='lat' dir='ltr'><strong>Caesaris.</strong></span> <span class='ocrx_word' id='word_1_550' title='bbox 1596 311 1697 331; x_wconf 78' lang='lat' dir='ltr'><strong>Ceterum</strong></span> <span class='ocrx_word' id='word_1_551' title='bbox 1713 316 1734 332; x_wconf 80' lang='lat' dir='ltr'><strong>et</strong></span> 
     </span>
     <span class='ocr_line' id='line_1_74' title="bbox 940 338 1732 368; baseline 0.011 -10"><span class='ocrx_word' id='word_1_552' title='bbox 940 338 1004 359; x_wconf 82' lang='lat' dir='ltr'><strong>liuius</strong></span> <span class='ocrx_word' id='word_1_553' title='bbox 1016 342 1037 359; x_wconf 83' lang='lat' dir='ltr'><strong>et</strong></span> <span class='ocrx_word' id='word_1_554' title='bbox 1046 340 1168 366; x_wconf 71' lang='lat' dir='ltr'><strong>superioris</strong></span> <span class='ocrx_word' id='word_1_555' title='bbox 1182 341 1291 368; x_wconf 72' lang='lat' dir='ltr'><strong>epistulae</strong></span> <span class='ocrx_word' id='word_1_556' title='bbox 1302 343 1441 364; x_wconf 77' lang='lat' dir='ltr'><strong>summarium</strong></span> <span class='ocrx_word' id='word_1_557' title='bbox 1453 351 1464 364; x_wconf 82' lang='lat' dir='ltr'><strong>e</strong></span> <span class='ocrx_word' id='word_1_558' title='bbox 1474 343 1589 365; x_wconf 73' lang='lat' dir='ltr'><strong>Plutarchi</strong></span> <span class='ocrx_word' id='word_1_559' title='bbox 1599 345 1645 366; x_wconf 71' lang='lat' dir='ltr'><strong>vita</strong></span> <span class='ocrx_word' id='word_1_560' title='bbox 1656 346 1702 367; x_wconf 68' lang='lat' dir='ltr'><strong>Cic.</strong></span> <span class='ocrx_word' id='word_1_561' title='bbox 1715 354 1732 367; x_wconf 62' lang='lat' dir='ltr'><strong>c.</strong></span> 
     </span>
    </p>
   </div>
   <div class='ocr_carea' id='block_1_8' title="bbox 939 375 1189 396">
    <p class='ocr_par' dir='ltr' id='par_1_8' title="bbox 939 375 1189 396">
     <span class='ocr_line' id='line_1_75' title="bbox 939 375 1189 396; baseline 0.012 -3"><span class='ocrx_word' id='word_1_562' title='bbox 939 377 1003 394; x_wconf 68' lang='lat' dir='ltr'><strong>XLV.</strong></span> <span class='ocrx_word' id='word_1_563' title='bbox 1015 375 1100 395; x_wconf 77' lang='lat' dir='ltr'><strong>ductum</strong></span> <span class='ocrx_word' id='word_1_564' title='bbox 1111 375 1189 396; x_wconf 73' lang='lat' dir='ltr'><strong>videri.</strong></span> 
     </span>
    </p>
   </div>
   <div class='ocr_carea' id='block_1_9' title="bbox 924 452 1735 2434">
    <p class='ocr_par' dir='ltr' id='par_1_9' title="bbox 924 452 1735 2434">
     <span class='ocr_line' id='line_1_76' title="bbox 998 452 1735 497; baseline 0.012 -16"><span class='ocrx_word' id='word_1_565' title='bbox 998 458 1020 482; x_wconf 82' lang='lat' dir='ltr'><strong>t.</strong></span> <span class='ocrx_word' id='word_1_566' title='bbox 1043 452 1149 484; x_wconf 81' lang='lat' dir='ltr'><strong>Scribis</strong></span> <span class='ocrx_word' id='word_1_567' title='bbox 1164 459 1241 489; x_wconf 80' lang='lat' dir='ltr'><strong>inihi.</strong></span> <span class='ocrx_word' id='word_1_568' title='bbox 1251 461 1341 487; x_wconf 88' lang='lat' dir='ltr'><strong>mirari</strong></span> <span class='ocrx_word' id='word_1_569' title='bbox 1353 461 1518 493; x_wconf 83' lang='lat' dir='ltr'><strong>Ciceronem,</strong></span> <span class='ocrx_word' id='word_1_570' title='bbox 1532 463 1603 497; x_wconf 88' lang='lat' dir='ltr'><strong>quod</strong></span> <span class='ocrx_word' id='word_1_571' title='bbox 1616 463 1683 490; x_wconf 89' lang='lat' dir='ltr'><strong>nihil</strong></span> <span class='ocrx_word' id='word_1_572' title='bbox 1696 465 1735 490; x_wconf 87' lang='lat' dir='ltr'><strong>si-</strong></span> 
     </span>
     <span class='ocr_line' id='line_1_77' title="bbox 939 493 1734 537; baseline 0.013 -19"><span class='ocrx_word' id='word_1_573' title='bbox 939 493 1065 528; x_wconf 82' lang='lat' dir='ltr'><strong>gnificem</strong></span> <span class='ocrx_word' id='word_1_574' title='bbox 1079 503 1207 530; x_wconf 83' lang='lat' dir='ltr'><strong>umquam</strong></span> <span class='ocrx_word' id='word_1_575' title='bbox 1223 497 1256 522; x_wconf 89' lang='lat' dir='ltr'><strong>de</strong></span> <span class='ocrx_word' id='word_1_576' title='bbox 1272 499 1329 524; x_wconf 92' lang='lat' dir='ltr'><strong>suis</strong></span> <span class='ocrx_word' id='word_1_577' title='bbox 1341 500 1416 525; x_wconf 88' lang='lat' dir='ltr'><strong>actis.</strong></span> <span class='ocrx_word' id='word_1_578' title='bbox 1457 500 1588 531; x_wconf 87' lang='lat' dir='ltr'><strong>Quoniam</strong></span> <span class='ocrx_word' id='word_1_579' title='bbox 1604 510 1645 527; x_wconf 88' lang='lat' dir='ltr'><strong>me</strong></span> <span class='ocrx_word' id='word_1_580' title='bbox 1658 498 1734 537; x_wconf 79' lang='lat' dir='ltr'><strong>flagi-</strong></span> 
     </span>
     <span class='ocr_line' id='line_1_78' title="bbox 940 534 1734 570; baseline 0.013 -15"><span class='ocrx_word' id='word_1_581' title='bbox 940 535 987 561; x_wconf 87' lang='lat' dir='ltr'><strong>tas,</strong></span> <span class='ocrx_word' id='word_1_582' title='bbox 1006 536 1098 557; x_wconf 87' lang='lat' dir='ltr'><strong>coactu</strong></span> <span class='ocrx_word' id='word_1_583' title='bbox 1115 537 1160 559; x_wconf 91' lang='lat' dir='ltr'><strong>tuo</strong></span> <span class='ocrx_word' id='word_1_584' title='bbox 1173 534 1298 565; x_wconf 82' lang='lat' dir='ltr'><strong>scribam,</strong></span> <span class='ocrx_word' id='word_1_585' title='bbox 1313 544 1381 570; x_wconf 87' lang='lat' dir='ltr'><strong>quae</strong></span> <span class='ocrx_word' id='word_1_586' title='bbox 1394 538 1489 563; x_wconf 76' lang='lat' dir='ltr'><strong>sentio.</strong></span> <span class='ocrx_word' id='word_1_587' title='bbox 1530 538 1625 564; x_wconf 88' lang='lat' dir='ltr'><strong>Omnia</strong></span> <span class='ocrx_word' id='word_1_588' title='bbox 1638 538 1734 565; x_wconf 84' lang='lat' dir='ltr'><strong>secisse</strong></span> 
     </span>
     <span class='ocr_line' id='line_1_79' title="bbox 939 567 1733 606; baseline 0.011 -13"><span class='ocrx_word' id='word_1_589' title='bbox 939 567 1094 595; x_wconf 89' lang='lat' dir='ltr'><strong>Ciceronem</strong></span> <span class='ocrx_word' id='word_1_590' title='bbox 1109 571 1209 604; x_wconf 89' lang='lat' dir='ltr'><strong>optimo</strong></span> <span class='ocrx_word' id='word_1_591' title='bbox 1221 572 1318 602; x_wconf 85' lang='lat' dir='ltr'><strong>animo,</strong></span> <span class='ocrx_word' id='word_1_592' title='bbox 1333 574 1398 599; x_wconf 90' lang='lat' dir='ltr'><strong>scio.</strong></span> <span class='ocrx_word' id='word_1_593' title='bbox 1438 574 1510 606; x_wconf 84' lang='lat' dir='ltr'><strong>Quid</strong></span> <span class='ocrx_word' id='word_1_594' title='bbox 1522 576 1593 601; x_wconf 82' lang='lat' dir='ltr'><strong>enim</strong></span> <span class='ocrx_word' id='word_1_595' title='bbox 1606 576 1674 602; x_wconf 89' lang='lat' dir='ltr'><strong>mihi</strong></span> <span class='ocrx_word' id='word_1_596' title='bbox 1685 585 1733 602; x_wconf 81' lang='lat' dir='ltr'><strong>ex—</strong></span> 
     </span>
     <span class='ocr_line' id='line_1_80' title="bbox 939 605 1734 648; baseline 0.013 -18"><span class='ocrx_word' id='word_1_597' title='bbox 939 605 1068 638; x_wconf 85' lang='lat' dir='ltr'><strong>ploratius</strong></span> <span class='ocrx_word' id='word_1_598' title='bbox 1084 615 1143 633; x_wconf 86' lang='lat' dir='ltr'><strong>esse</strong></span> <span class='ocrx_word' id='word_1_599' title='bbox 1159 613 1257 642; x_wconf 85' lang='lat' dir='ltr'><strong>potest,</strong></span> <span class='ocrx_word' id='word_1_600' title='bbox 1283 618 1364 644; x_wconf 85' lang='lat' dir='ltr'><strong>quam</strong></span> <span class='ocrx_word' id='word_1_601' title='bbox 1377 610 1451 637; x_wconf 91' lang='lat' dir='ltr'><strong>illius</strong></span> <span class='ocrx_word' id='word_1_602' title='bbox 1463 612 1569 638; x_wconf 86' lang='lat' dir='ltr'><strong>animus</strong></span> <span class='ocrx_word' id='word_1_603' title='bbox 1582 613 1608 639; x_wconf 90' lang='lat' dir='ltr'><strong>in</strong></span> <span class='ocrx_word' id='word_1_604' title='bbox 1624 622 1734 648; x_wconf 87' lang='lat' dir='ltr'><strong>rempu-</strong></span> 
     </span>
     <span class='ocr_line' id='line_1_81' title="bbox 940 642 1733 684; baseline 0.013 -17"><span class='ocrx_word' id='word_1_605' title='bbox 940 642 1057 668; x_wconf 70' lang='lat' dir='ltr'><strong>blicam?</strong></span> <span class='ocrx_word' id='word_1_606' title='bbox 1070 644 1120 670; x_wconf 86' lang='lat' dir='ltr'><strong>Sed</strong></span> <span class='ocrx_word' id='word_1_607' title='bbox 1132 645 1264 679; x_wconf 84' lang='lat' dir='ltr'><strong>quaedam</strong></span> <span class='ocrx_word' id='word_1_608' title='bbox 1276 647 1343 673; x_wconf 84' lang='lat' dir='ltr'><strong>mihi</strong></span> <span class='ocrx_word' id='word_1_609' title='bbox 1357 648 1471 679; x_wconf 86' lang='lat' dir='ltr'><strong>videtur,</strong></span> <span class='ocrx_word' id='word_1_610' title='bbox 1486 650 1552 684; x_wconf 89' lang='lat' dir='ltr'><strong>quid</strong></span> <span class='ocrx_word' id='word_1_611' title='bbox 1564 650 1670 676; x_wconf 67' lang='lat' dir='ltr'><strong>dicam?</strong></span> <span class='ocrx_word' id='word_1_612' title='bbox 1682 652 1733 677; x_wconf 91' lang='lat' dir='ltr'><strong>im-</strong></span> 
     </span>
     <span class='ocr_line' id='line_1_82' title="bbox 939 681 1733 717; baseline 0.011 -12"><span class='ocrx_word' id='word_1_613' title='bbox 939 681 1032 714; x_wconf 83' lang='lat' dir='ltr'><strong>perite,</strong></span> <span class='ocrx_word' id='word_1_614' title='bbox 1047 681 1088 707; x_wconf 93' lang='lat' dir='ltr'><strong>vir</strong></span> <span class='ocrx_word' id='word_1_615' title='bbox 1098 683 1220 708; x_wconf 77' lang='lat' dir='ltr'><strong>omniurn</strong></span> <span class='ocrx_word' id='word_1_616' title='bbox 1233 684 1475 717; x_wconf 82' lang='lat' dir='ltr'><strong>prudentissimus,</strong></span> <span class='ocrx_word' id='word_1_617' title='bbox 1495 696 1526 712; x_wconf 93' lang='lat' dir='ltr'><strong>an</strong></span> <span class='ocrx_word' id='word_1_618' title='bbox 1539 688 1680 714; x_wconf 85' lang='lat' dir='ltr'><strong>ambitiose</strong></span> <span class='ocrx_word' id='word_1_619' title='bbox 1693 688 1733 714; x_wconf 82' lang='lat' dir='ltr'><strong>se-</strong></span> 
     </span>
     <span class='ocr_line' id='line_1_83' title="bbox 938 717 1733 759; baseline 0.011 -17"><span class='ocrx_word' id='word_1_620' title='bbox 938 717 1021 743; x_wconf 87' lang='lat' dir='ltr'><strong>cisse:</strong></span> <span class='ocrx_word' id='word_1_621' title='bbox 1036 719 1084 752; x_wconf 90' lang='lat' dir='ltr'><strong>qui</strong></span> <span class='ocrx_word' id='word_1_622' title='bbox 1097 719 1313 747; x_wconf 88' lang='lat' dir='ltr'><strong>valentissimum</strong></span> <span class='ocrx_word' id='word_1_623' title='bbox 1326 723 1472 749; x_wconf 70' lang='lat' dir='ltr'><strong>Antonium</strong></span> <span class='ocrx_word' id='word_1_624' title='bbox 1484 725 1621 758; x_wconf 85' lang='lat' dir='ltr'><strong>suscipere</strong></span> <span class='ocrx_word' id='word_1_625' title='bbox 1634 734 1679 759; x_wconf 90' lang='lat' dir='ltr'><strong>pro</strong></span> <span class='ocrx_word' id='word_1_626' title='bbox 1691 734 1733 751; x_wconf 82' lang='lat' dir='ltr'><strong>re·</strong></span> 
     </span>
     <span class='ocr_line' id='line_1_84' title="bbox 939 754 1733 796; baseline 0.013 -17"><span class='ocrx_word' id='word_1_627' title='bbox 939 754 1047 788; x_wconf 87' lang='lat' dir='ltr'><strong>publica</strong></span> <span class='ocrx_word' id='word_1_628' title='bbox 1063 765 1114 782; x_wconf 88' lang='lat' dir='ltr'><strong>non</strong></span> <span class='ocrx_word' id='word_1_629' title='bbox 1130 756 1260 784; x_wconf 88' lang='lat' dir='ltr'><strong>dubitarit</strong></span> <span class='ocrx_word' id='word_1_630' title='bbox 1276 759 1426 786; x_wconf 90' lang='lat' dir='ltr'><strong>inimicum.</strong></span> <span class='ocrx_word' id='word_1_631' title='bbox 1469 761 1572 791; x_wconf 82' lang='lat' dir='ltr'><strong>Nescio,</strong></span> <span class='ocrx_word' id='word_1_632' title='bbox 1587 762 1653 796; x_wconf 89' lang='lat' dir='ltr'><strong>quid</strong></span> <span class='ocrx_word' id='word_1_633' title='bbox 1665 763 1733 789; x_wconf 87' lang='lat' dir='ltr'><strong>scri-</strong></span> 
     </span>
     <span class='ocr_line' id='line_1_85' title="bbox 938 792 1733 831; baseline 0.011 -14"><span class='ocrx_word' id='word_1_634' title='bbox 938 792 1000 817; x_wconf 89' lang='lat' dir='ltr'><strong>bam</strong></span> <span class='ocrx_word' id='word_1_635' title='bbox 1016 792 1080 823; x_wconf 90' lang='lat' dir='ltr'><strong>tibi,</strong></span> <span class='ocrx_word' id='word_1_636' title='bbox 1099 795 1151 819; x_wconf 85' lang='lat' dir='ltr'><strong>nisi</strong></span> <span class='ocrx_word' id='word_1_637' title='bbox 1164 803 1263 821; x_wconf 83' lang='lat' dir='ltr'><strong>unum:</strong></span> <span class='ocrx_word' id='word_1_638' title='bbox 1297 798 1374 830; x_wconf 90' lang='lat' dir='ltr'><strong>pueri</strong></span> <span class='ocrx_word' id='word_1_639' title='bbox 1387 802 1411 823; x_wconf 82' lang='lat' dir='ltr'><strong>et</strong></span> <span class='ocrx_word' id='word_1_640' title='bbox 1422 798 1597 831; x_wconf 78' lang='lat' dir='ltr'><strong>cupiditatem</strong></span> <span class='ocrx_word' id='word_1_641' title='bbox 1609 804 1634 825; x_wconf 87' lang='lat' dir='ltr'><strong>et</strong></span> <span class='ocrx_word' id='word_1_642' title='bbox 1649 800 1733 826; x_wconf 85' lang='lat' dir='ltr'><strong>licen-</strong></span> 
     </span>
     <span class='ocr_line' id='line_1_86' title="bbox 938 830 1733 868; baseline 0.011 -14"><span class='ocrx_word' id='word_1_643' title='bbox 938 830 1000 855; x_wconf 87' lang='lat' dir='ltr'><strong>tiam</strong></span> <span class='ocrx_word' id='word_1_644' title='bbox 1017 830 1107 864; x_wconf 89' lang='lat' dir='ltr'><strong>potius</strong></span> <span class='ocrx_word' id='word_1_645' title='bbox 1118 840 1176 857; x_wconf 86' lang='lat' dir='ltr'><strong>esse</strong></span> <span class='ocrx_word' id='word_1_646' title='bbox 1188 832 1326 861; x_wconf 74' lang='lat' dir='ltr'><strong>irritatam.</strong></span> <span class='ocrx_word' id='word_1_647' title='bbox 1345 843 1426 868; x_wconf 86' lang='lat' dir='ltr'><strong>quam</strong></span> <span class='ocrx_word' id='word_1_648' title='bbox 1440 844 1589 868; x_wconf 74' lang='lat' dir='ltr'><strong>repressam</strong></span> <span class='ocrx_word' id='word_1_649' title='bbox 1601 845 1615 862; x_wconf 83' lang='lat' dir='ltr'><strong>a</strong></span> <span class='ocrx_word' id='word_1_650' title='bbox 1626 836 1733 863; x_wconf 82' lang='lat' dir='ltr'><strong>Cicero—</strong></span> 
     </span>
     <span class='ocr_line' id='line_1_87' title="bbox 937 871 1732 907; baseline 0.011 -16"><span class='ocrx_word' id='word_1_651' title='bbox 937 874 982 897; x_wconf 76' lang='lat' dir='ltr'><strong>ne3</strong></span> <span class='ocrx_word' id='word_1_652' title='bbox 1007 871 1164 902; x_wconf 87' lang='lat' dir='ltr'><strong>tantumque</strong></span> <span class='ocrx_word' id='word_1_653' title='bbox 1176 877 1238 895; x_wconf 88' lang='lat' dir='ltr'><strong>eum</strong></span> <span class='ocrx_word' id='word_1_654' title='bbox 1250 871 1367 897; x_wconf 88' lang='lat' dir='ltr'><strong>tribuere</strong></span> <span class='ocrx_word' id='word_1_655' title='bbox 1380 872 1443 897; x_wconf 92' lang='lat' dir='ltr'><strong>huic</strong></span> <span class='ocrx_word' id='word_1_656' title='bbox 1456 872 1649 907; x_wconf 76' lang='lat' dir='ltr'><strong>indulgentiae,</strong></span> <span class='ocrx_word' id='word_1_657' title='bbox 1665 879 1693 900; x_wconf 87' lang='lat' dir='ltr'><strong>ut</strong></span> <span class='ocrx_word' id='word_1_658' title='bbox 1704 883 1732 900; x_wconf 88' lang='lat' dir='ltr'><strong>se</strong></span> 
     </span>
     <span class='ocr_line' id='line_1_88' title="bbox 937 903 1731 945; baseline 0.011 -17"><span class='ocrx_word' id='word_1_659' title='bbox 937 903 1088 930; x_wconf 85' lang='lat' dir='ltr'><strong>maledictis</strong></span> <span class='ocrx_word' id='word_1_660' title='bbox 1105 914 1156 931; x_wconf 91' lang='lat' dir='ltr'><strong>non</strong></span> <span class='ocrx_word' id='word_1_661' title='bbox 1173 906 1318 934; x_wconf 88' lang='lat' dir='ltr'><strong>abstineat:</strong></span> <span class='ocrx_word' id='word_1_662' title='bbox 1343 909 1376 934; x_wconf 92' lang='lat' dir='ltr'><strong>iis</strong></span> <span class='ocrx_word' id='word_1_663' title='bbox 1388 909 1508 943; x_wconf 88' lang='lat' dir='ltr'><strong>quidem,</strong></span> <span class='ocrx_word' id='word_1_664' title='bbox 1520 919 1589 944; x_wconf 87' lang='lat' dir='ltr'><strong>quae</strong></span> <span class='ocrx_word' id='word_1_665' title='bbox 1602 911 1628 936; x_wconf 93' lang='lat' dir='ltr'><strong>in</strong></span> <span class='ocrx_word' id='word_1_666' title='bbox 1641 912 1731 945; x_wconf 90' lang='lat' dir='ltr'><strong>ipsum</strong></span> 
     </span>
     <span class='ocr_line' id='line_1_89' title="bbox 936 940 1731 983; baseline 0.01 -17"><span class='ocrx_word' id='word_1_667' title='bbox 936 940 1081 975; x_wconf 90' lang='lat' dir='ltr'><strong>dupliciter</strong></span> <span class='ocrx_word' id='word_1_668' title='bbox 1092 943 1224 974; x_wconf 88' lang='lat' dir='ltr'><strong>recidunt,</strong></span> <span class='ocrx_word' id='word_1_669' title='bbox 1239 945 1311 979; x_wconf 88' lang='lat' dir='ltr'><strong>quod</strong></span> <span class='ocrx_word' id='word_1_670' title='bbox 1323 950 1347 971; x_wconf 90' lang='lat' dir='ltr'><strong>et</strong></span> <span class='ocrx_word' id='word_1_671' title='bbox 1359 946 1450 980; x_wconf 87' lang='lat' dir='ltr'><strong>plures</strong></span> <span class='ocrx_word' id='word_1_672' title='bbox 1462 948 1561 973; x_wconf 89' lang='lat' dir='ltr'><strong>occidit</strong></span> <span class='ocrx_word' id='word_1_673' title='bbox 1573 956 1633 975; x_wconf 91' lang='lat' dir='ltr'><strong>uno.</strong></span> <span class='ocrx_word' id='word_1_674' title='bbox 1647 957 1731 983; x_wconf 84' lang='lat' dir='ltr'><strong>seque</strong></span> 
     </span>
     <span class='ocr_line' id='line_1_90' title="bbox 936 979 1733 1018; baseline 0.01 -14"><span class='ocrx_word' id='word_1_675' title='bbox 936 979 1012 1012; x_wconf 92' lang='lat' dir='ltr'><strong>prius</strong></span> <span class='ocrx_word' id='word_1_676' title='bbox 1033 984 1135 1013; x_wconf 91' lang='lat' dir='ltr'><strong>oportet</strong></span> <span class='ocrx_word' id='word_1_677' title='bbox 1154 980 1267 1008; x_wconf 87' lang='lat' dir='ltr'><strong>fateatur</strong></span> <span class='ocrx_word' id='word_1_678' title='bbox 1282 983 1424 1014; x_wconf 84' lang='lat' dir='ltr'><strong>sicarium,</strong></span> <span class='ocrx_word' id='word_1_679' title='bbox 1446 993 1527 1018; x_wconf 89' lang='lat' dir='ltr'><strong>quam</strong></span> <span class='ocrx_word' id='word_1_680' title='bbox 1543 985 1652 1011; x_wconf 85' lang='lat' dir='ltr'><strong>obiiciat</strong></span> <span class='ocrx_word' id='word_1_681' title='bbox 1668 986 1733 1011; x_wconf 87' lang='lat' dir='ltr'><strong>Cas-</strong></span> 
     </span>
     <span class='ocr_line' id='line_1_91' title="bbox 935 1017 1731 1051; baseline 0.01 -10"><span class='ocrx_word' id='word_1_682' title='bbox 935 1024 990 1047; x_wconf 85' lang='lat' dir='ltr'><strong>cae,</strong></span> <span class='ocrx_word' id='word_1_683' title='bbox 1006 1017 1079 1051; x_wconf 89' lang='lat' dir='ltr'><strong>quod</strong></span> <span class='ocrx_word' id='word_1_684' title='bbox 1090 1018 1198 1045; x_wconf 83' lang='lat' dir='ltr'><strong>obiicit:</strong></span> <span class='ocrx_word' id='word_1_685' title='bbox 1221 1024 1246 1045; x_wconf 88' lang='lat' dir='ltr'><strong>et</strong></span> <span class='ocrx_word' id='word_1_686' title='bbox 1259 1020 1378 1046; x_wconf 86' lang='lat' dir='ltr'><strong>imitatur</strong></span> <span class='ocrx_word' id='word_1_687' title='bbox 1390 1021 1416 1047; x_wconf 91' lang='lat' dir='ltr'><strong>iu</strong></span> <span class='ocrx_word' id='word_1_688' title='bbox 1431 1021 1512 1047; x_wconf 88' lang='lat' dir='ltr'><strong>Casca</strong></span> <span class='ocrx_word' id='word_1_689' title='bbox 1525 1023 1650 1048; x_wconf 81' lang='lat' dir='ltr'><strong>Bestiam.</strong></span> <span class='ocrx_word' id='word_1_690' title='bbox 1691 1024 1731 1049; x_wconf 73' lang='lat' dir='ltr'><strong>An</strong></span> 
     </span>
     <span class='ocr_line' id='line_1_92' title="bbox 935 1054 1732 1090; baseline 0.009 -11"><span class='ocrx_word' id='word_1_691' title='bbox 935 1054 998 1088; x_wconf 88' lang='lat' dir='ltr'><strong>quia</strong></span> <span class='ocrx_word' id='word_1_692' title='bbox 1015 1063 1067 1081; x_wconf 91' lang='lat' dir='ltr'><strong>non</strong></span> <span class='ocrx_word' id='word_1_693' title='bbox 1078 1056 1206 1081; x_wconf 90' lang='lat' dir='ltr'><strong>omnibus</strong></span> <span class='ocrx_word' id='word_1_694' title='bbox 1218 1057 1290 1083; x_wconf 91' lang='lat' dir='ltr'><strong>horis</strong></span> <span class='ocrx_word' id='word_1_695' title='bbox 1304 1058 1433 1084; x_wconf 90' lang='lat' dir='ltr'><strong>iactamus</strong></span> <span class='ocrx_word' id='word_1_696' title='bbox 1446 1059 1508 1085; x_wconf 88' lang='lat' dir='ltr'><strong>idus</strong></span> <span class='ocrx_word' id='word_1_697' title='bbox 1520 1060 1636 1090; x_wconf 84' lang='lat' dir='ltr'><strong>Martias,</strong></span> <span class='ocrx_word' id='word_1_698' title='bbox 1655 1061 1732 1086; x_wconf 90' lang='lat' dir='ltr'><strong>simi-</strong></span> 
     </span>
     <span class='ocr_line' id='line_1_93' title="bbox 935 1090 1732 1126; baseline 0.01 -10"><span class='ocrx_word' id='word_1_699' title='bbox 935 1090 995 1117; x_wconf 89' lang='lat' dir='ltr'><strong>liter</strong></span> <span class='ocrx_word' id='word_1_700' title='bbox 1015 1096 1094 1126; x_wconf 87' lang='lat' dir='ltr'><strong>atque</strong></span> <span class='ocrx_word' id='word_1_701' title='bbox 1116 1092 1161 1118; x_wconf 90' lang='lat' dir='ltr'><strong>ille</strong></span> <span class='ocrx_word' id='word_1_702' title='bbox 1177 1094 1266 1120; x_wconf 86' lang='lat' dir='ltr'><strong>Nonas</strong></span> <span class='ocrx_word' id='word_1_703' title='bbox 1282 1096 1407 1122; x_wconf 86' lang='lat' dir='ltr'><strong>Decemb.</strong></span> <span class='ocrx_word' id='word_1_704' title='bbox 1425 1106 1487 1122; x_wconf 83' lang='lat' dir='ltr'><strong>suas</strong></span> <span class='ocrx_word' id='word_1_705' title='bbox 1500 1097 1526 1123; x_wconf 90' lang='lat' dir='ltr'><strong>in</strong></span> <span class='ocrx_word' id='word_1_706' title='bbox 1539 1106 1582 1123; x_wconf 94' lang='lat' dir='ltr'><strong>0re</strong></span> <span class='ocrx_word' id='word_1_707' title='bbox 1596 1098 1682 1124; x_wconf 85' lang='lat' dir='ltr'><strong>habet.</strong></span> <span class='ocrx_word' id='word_1_708' title='bbox 1702 1107 1732 1124; x_wconf 86' lang='lat' dir='ltr'><strong>eo</strong></span> 
     </span>
     <span class='ocr_line' id='line_1_94' title="bbox 935 1128 1732 1167; baseline 0.01 -14"><span class='ocrx_word' id='word_1_709' title='bbox 935 1128 1044 1154; x_wconf 90' lang='lat' dir='ltr'><strong>meliore</strong></span> <span class='ocrx_word' id='word_1_710' title='bbox 1065 1130 1217 1157; x_wconf 89' lang='lat' dir='ltr'><strong>conditione</strong></span> <span class='ocrx_word' id='word_1_711' title='bbox 1233 1132 1326 1159; x_wconf 83' lang='lat' dir='ltr'><strong>Cicero</strong></span> <span class='ocrx_word' id='word_1_712' title='bbox 1341 1133 1556 1167; x_wconf 88' lang='lat' dir='ltr'><strong>pulcherrimum</strong></span> <span class='ocrx_word' id='word_1_713' title='bbox 1574 1134 1673 1161; x_wconf 79' lang='lat' dir='ltr'><strong>factum</strong></span> <span class='ocrx_word' id='word_1_714' title='bbox 1691 1137 1732 1161; x_wconf 81' lang='lat' dir='ltr'><strong>vi-</strong></span> 
     </span>
     <span class='ocr_line' id='line_1_95' title="bbox 935 1166 1732 1206; baseline 0.01 -15"><span class='ocrx_word' id='word_1_715' title='bbox 935 1166 1082 1200; x_wconf 83' lang='lat' dir='ltr'><strong>tuperabit,</strong></span> <span class='ocrx_word' id='word_1_716' title='bbox 1103 1176 1184 1202; x_wconf 91' lang='lat' dir='ltr'><strong>quam</strong></span> <span class='ocrx_word' id='word_1_717' title='bbox 1205 1169 1292 1196; x_wconf 87' lang='lat' dir='ltr'><strong>Bestia</strong></span> <span class='ocrx_word' id='word_1_718' title='bbox 1312 1175 1337 1196; x_wconf 91' lang='lat' dir='ltr'><strong>et</strong></span> <span class='ocrx_word' id='word_1_719' title='bbox 1357 1170 1467 1197; x_wconf 86' lang='lat' dir='ltr'><strong>Clodius</strong></span> <span class='ocrx_word' id='word_1_720' title='bbox 1486 1172 1682 1206; x_wconf 85' lang='lat' dir='ltr'><strong>reprehendere</strong></span> <span class='ocrx_word' id='word_1_721' title='bbox 1699 1173 1732 1199; x_wconf 95' lang='lat' dir='ltr'><strong>il-</strong></span> 
     </span>
     <span class='ocr_line' id='line_1_96' title="bbox 935 1203 1731 1244; baseline 0.009 -15"><span class='ocrx_word' id='word_1_722' title='bbox 935 1203 987 1229; x_wconf 90' lang='lat' dir='ltr'><strong>lius</strong></span> <span class='ocrx_word' id='word_1_723' title='bbox 1003 1204 1172 1231; x_wconf 89' lang='lat' dir='ltr'><strong>consulatum</strong></span> <span class='ocrx_word' id='word_1_724' title='bbox 1184 1206 1256 1233; x_wconf 86' lang='lat' dir='ltr'><strong>soliti</strong></span> <span class='ocrx_word' id='word_1_725' title='bbox 1271 1207 1351 1234; x_wconf 84' lang='lat' dir='ltr'><strong>sunt‘?</strong></span> <span class='ocrx_word' id='word_1_726' title='bbox 1371 1210 1396 1234; x_wconf 66' lang='lat'><strong>⁶2.</strong></span> <span class='ocrx_word' id='word_1_727' title='bbox 1409 1209 1576 1235; x_wconf 84' lang='lat' dir='ltr'><strong>Sustinuisse</strong></span> <span class='ocrx_word' id='word_1_728' title='bbox 1591 1210 1658 1236; x_wconf 90' lang='lat' dir='ltr'><strong>mihi</strong></span> <span class='ocrx_word' id='word_1_729' title='bbox 1672 1210 1731 1244; x_wconf 83' lang='lat' dir='ltr'><strong>glo-</strong></span> 
     </span>
     <span class='ocr_line' id='line_1_97' title="bbox 934 1241 1731 1279; baseline 0.01 -13"><span class='ocrx_word' id='word_1_730' title='bbox 934 1241 1017 1267; x_wconf 89' lang='lat' dir='ltr'><strong>riatur</strong></span> <span class='ocrx_word' id='word_1_731' title='bbox 1027 1241 1129 1268; x_wconf 91' lang='lat' dir='ltr'><strong>bellum</strong></span> <span class='ocrx_word' id='word_1_732' title='bbox 1140 1243 1248 1270; x_wconf 82' lang='lat' dir='ltr'><strong>Antonii</strong></span> <span class='ocrx_word' id='word_1_733' title='bbox 1261 1249 1365 1279; x_wconf 81' lang='lat' dir='ltr'><strong>togatus</strong></span> <span class='ocrx_word' id='word_1_734' title='bbox 1377 1246 1470 1272; x_wconf 88' lang='lat' dir='ltr'><strong>Cicero</strong></span> <span class='ocrx_word' id='word_1_735' title='bbox 1481 1252 1578 1273; x_wconf 89' lang='lat' dir='ltr'><strong>noster.</strong></span> <span class='ocrx_word' id='word_1_736' title='bbox 1599 1247 1670 1279; x_wconf 88' lang='lat' dir='ltr'><strong>Quid</strong></span> <span class='ocrx_word' id='word_1_737' title='bbox 1682 1248 1731 1274; x_wconf 88' lang='lat' dir='ltr'><strong>hoc</strong></span> 
     </span>
     <span class='ocr_line' id='line_1_98' title="bbox 934 1279 1730 1318; baseline 0.009 -14"><span class='ocrx_word' id='word_1_738' title='bbox 934 1279 1003 1304; x_wconf 87' lang='lat' dir='ltr'><strong>mihi</strong></span> <span class='ocrx_word' id='word_1_739' title='bbox 1019 1279 1139 1313; x_wconf 87' lang='lat' dir='ltr'><strong>prodest,</strong></span> <span class='ocrx_word' id='word_1_740' title='bbox 1162 1281 1186 1306; x_wconf 89' lang='lat' dir='ltr'><strong>si</strong></span> <span class='ocrx_word' id='word_1_741' title='bbox 1201 1290 1303 1308; x_wconf 82' lang='lat' dir='ltr'><strong>merces</strong></span> <span class='ocrx_word' id='word_1_742' title='bbox 1319 1283 1426 1309; x_wconf 73' lang='lat' dir='ltr'><strong>Antonii</strong></span> <span class='ocrx_word' id='word_1_743' title='bbox 1438 1285 1560 1318; x_wconf 81' lang='lat' dir='ltr'><strong>oppressi</strong></span> <span class='ocrx_word' id='word_1_744' title='bbox 1572 1285 1691 1318; x_wconf 88' lang='lat' dir='ltr'><strong>poscitur</strong></span> <span class='ocrx_word' id='word_1_745' title='bbox 1704 1286 1730 1311; x_wconf 90' lang='lat' dir='ltr'><strong>in</strong></span> 
     </span>
     <span class='ocr_line' id='line_1_99' title="bbox 933 1316 1731 1348; baseline 0.009 -7"><span class='ocrx_word' id='word_1_746' title='bbox 933 1316 1041 1342; x_wconf 77' lang='lat' dir='ltr'><strong>Antonii</strong></span> <span class='ocrx_word' id='word_1_747' title='bbox 1059 1316 1145 1343; x_wconf 89' lang='lat' dir='ltr'><strong>locum</strong></span> <span class='ocrx_word' id='word_1_748' title='bbox 1161 1320 1311 1346; x_wconf 85' lang='lat' dir='ltr'><strong>successio:</strong></span> <span class='ocrx_word' id='word_1_749' title='bbox 1335 1321 1393 1346; x_wconf 88' lang='lat' dir='ltr'><strong>etsi</strong></span> <span class='ocrx_word' id='word_1_750' title='bbox 1406 1321 1506 1347; x_wconf 77' lang='lat' dir='ltr'><strong>vindex</strong></span> <span class='ocrx_word' id='word_1_751' title='bbox 1519 1321 1591 1347; x_wconf 90' lang='lat' dir='ltr'><strong>illius</strong></span> <span class='ocrx_word' id='word_1_752' title='bbox 1607 1321 1669 1347; x_wconf 90' lang='lat' dir='ltr'><strong>mali</strong></span> <span class='ocrx_word' id='word_1_753' title='bbox 1682 1331 1731 1348; x_wconf 91' lang='lat' dir='ltr'><strong>au-</strong></span> 
     </span>
     <span class='ocr_line' id='line_1_100' title="bbox 933 1355 1731 1386; baseline 0.008 -7"><span class='ocrx_word' id='word_1_754' title='bbox 933 1358 988 1379; x_wconf 89' lang='lat' dir='ltr'><strong>ctor</strong></span> <span class='ocrx_word' id='word_1_755' title='bbox 1003 1355 1105 1380; x_wconf 89' lang='lat' dir='ltr'><strong>exstitit</strong></span> <span class='ocrx_word' id='word_1_756' title='bbox 1121 1355 1244 1386; x_wconf 85' lang='lat' dir='ltr'><strong>alterius,</strong></span> <span class='ocrx_word' id='word_1_757' title='bbox 1267 1356 1473 1384; x_wconf 81' lang='lat' dir='ltr'><strong>fundamentum</strong></span> <span class='ocrx_word' id='word_1_758' title='bbox 1490 1363 1514 1384; x_wconf 89' lang='lat' dir='ltr'><strong>et</strong></span> <span class='ocrx_word' id='word_1_759' title='bbox 1531 1358 1635 1384; x_wconf 84' lang='lat' dir='ltr'><strong>radices</strong></span> <span class='ocrx_word' id='word_1_760' title='bbox 1653 1359 1731 1385; x_wconf 83' lang='lat' dir='ltr'><strong>liabi-</strong></span> 
     </span>
     <span class='ocr_line' id='line_1_101' title="bbox 933 1391 1728 1430; baseline 0.008 -14"><span class='ocrx_word' id='word_1_761' title='bbox 933 1391 985 1417; x_wconf 90' lang='lat' dir='ltr'><strong>turi</strong></span> <span class='ocrx_word' id='word_1_762' title='bbox 998 1391 1114 1423; x_wconf 85' lang='lat' dir='ltr'><strong>altiores,</strong></span> <span class='ocrx_word' id='word_1_763' title='bbox 1131 1393 1154 1418; x_wconf 91' lang='lat' dir='ltr'><strong>si</strong></span> <span class='ocrx_word' id='word_1_764' title='bbox 1166 1394 1318 1427; x_wconf 83' lang='lat' dir='ltr'><strong>patiamur‘?</strong></span> <span class='ocrx_word' id='word_1_765' title='bbox 1338 1399 1367 1420; x_wconf 91' lang='lat' dir='ltr'><strong>ut</strong></span> <span class='ocrx_word' id='word_1_766' title='bbox 1378 1396 1430 1421; x_wconf 84' lang='lat' dir='ltr'><strong>iam</strong></span> <span class='ocrx_word' id='word_1_767' title='bbox 1444 1396 1579 1430; x_wconf 86' lang='lat' dir='ltr'><strong>ista,quae</strong></span> <span class='ocrx_word' id='word_1_768' title='bbox 1592 1395 1662 1426; x_wconf 82' lang='lat' dir='ltr'><strong>facit,</strong></span> <span class='ocrx_word' id='word_1_769' title='bbox 1677 1406 1728 1423; x_wconf 88' lang='lat' dir='ltr'><strong>non</strong></span> 
     </span>
     <span class='ocr_line' id='line_1_102' title="bbox 933 1428 1730 1460; baseline 0.008 -7"><span class='ocrx_word' id='word_1_770' title='bbox 933 1428 1210 1460; x_wconf 86' lang='lat' dir='ltr'><strong>dominationem,sed</strong></span> <span class='ocrx_word' id='word_1_771' title='bbox 1221 1431 1362 1457; x_wconf 90' lang='lat' dir='ltr'><strong>dominum</strong></span> <span class='ocrx_word' id='word_1_772' title='bbox 1375 1432 1519 1459; x_wconf 72' lang='lat' dir='ltr'><strong>Antonium</strong></span> <span class='ocrx_word' id='word_1_773' title='bbox 1533 1434 1730 1460; x_wconf 73' lang='lat' dir='ltr'><strong>timentissint‘?</strong></span> 
     </span>
     <span class='ocr_line' id='line_1_103' title="bbox 933 1465 1729 1505; baseline 0.008 -14"><span class='ocrx_word' id='word_1_774' title='bbox 933 1465 989 1501; x_wconf 87' lang='lat' dir='ltr'><strong>Ego</strong></span> <span class='ocrx_word' id='word_1_775' title='bbox 1005 1471 1094 1492; x_wconf 87' lang='lat' dir='ltr'><strong>autem</strong></span> <span class='ocrx_word' id='word_1_776' title='bbox 1105 1468 1218 1502; x_wconf 87' lang='lat' dir='ltr'><strong>gratiam</strong></span> <span class='ocrx_word' id='word_1_777' title='bbox 1231 1477 1282 1494; x_wconf 90' lang='lat' dir='ltr'><strong>non</strong></span> <span class='ocrx_word' id='word_1_778' title='bbox 1296 1469 1389 1501; x_wconf 88' lang='lat' dir='ltr'><strong>habeo,</strong></span> <span class='ocrx_word' id='word_1_779' title='bbox 1408 1471 1431 1495; x_wconf 86' lang='lat' dir='ltr'><strong>si</strong></span> <span class='ocrx_word' id='word_1_780' title='bbox 1443 1471 1514 1505; x_wconf 88' lang='lat' dir='ltr'><strong>quis,</strong></span> <span class='ocrx_word' id='word_1_781' title='bbox 1529 1470 1603 1499; x_wconf 83' lang='lat' dir='ltr'><strong>dum,</strong></span> <span class='ocrx_word' id='word_1_782' title='bbox 1619 1480 1650 1496; x_wconf 92' lang='lat' dir='ltr'><strong>ne</strong></span> <span class='ocrx_word' id='word_1_783' title='bbox 1664 1472 1729 1497; x_wconf 84' lang='lat' dir='ltr'><strong>irato</strong></span> 
     </span>
     <span class='ocr_line' id='line_1_104' title="bbox 932 1504 1728 1542; baseline 0.008 -14"><span class='ocrx_word' id='word_1_784' title='bbox 932 1504 1040 1533; x_wconf 81' lang='lat' dir='ltr'><strong>serviat,</strong></span> <span class='ocrx_word' id='word_1_785' title='bbox 1055 1512 1109 1529; x_wconf 91' lang='lat' dir='ltr'><strong>rem</strong></span> <span class='ocrx_word' id='word_1_786' title='bbox 1123 1505 1208 1539; x_wconf 87' lang='lat' dir='ltr'><strong>ipsam</strong></span> <span class='ocrx_word' id='word_1_787' title='bbox 1221 1514 1273 1532; x_wconf 89' lang='lat' dir='ltr'><strong>non</strong></span> <span class='ocrx_word' id='word_1_788' title='bbox 1284 1505 1453 1541; x_wconf 86' lang='lat' dir='ltr'><strong>deprecatur.</strong></span> <span class='ocrx_word' id='word_1_789' title='bbox 1477 1509 1560 1533; x_wconf 89' lang='lat' dir='ltr'><strong>lmmo</strong></span> <span class='ocrx_word' id='word_1_790' title='bbox 1573 1508 1728 1542; x_wconf 88' lang='lat' dir='ltr'><strong>triumphus</strong></span> 
     </span>
     <span class='ocr_line' id='line_1_105' title="bbox 932 1541 1729 1575; baseline 0.008 -10"><span class='ocrx_word' id='word_1_791' title='bbox 932 1545 957 1566; x_wconf 86' lang='lat' dir='ltr'><strong>et</strong></span> <span class='ocrx_word' id='word_1_792' title='bbox 977 1541 1143 1575; x_wconf 85' lang='lat' dir='ltr'><strong>stipendium</strong></span> <span class='ocrx_word' id='word_1_793' title='bbox 1160 1542 1325 1574; x_wconf 82' lang='lat' dir='ltr'><strong>decernitur,</strong></span> <span class='ocrx_word' id='word_1_794' title='bbox 1345 1549 1370 1570; x_wconf 90' lang='lat' dir='ltr'><strong>et</strong></span> <span class='ocrx_word' id='word_1_795' title='bbox 1384 1545 1512 1570; x_wconf 86' lang='lat' dir='ltr'><strong>omnibus</strong></span> <span class='ocrx_word' id='word_1_796' title='bbox 1524 1545 1638 1571; x_wconf 83' lang='lat' dir='ltr'><strong>decretis</strong></span> <span class='ocrx_word' id='word_1_797' title='bbox 1650 1554 1729 1571; x_wconf 85' lang='lat' dir='ltr'><strong>orna-</strong></span> 
     </span>
     <span class='ocr_line' id='line_1_106' title="bbox 932 1578 1727 1615; baseline 0.008 -12"><span class='ocrx_word' id='word_1_798' title='bbox 932 1581 984 1604; x_wconf 92' lang='lat' dir='ltr'><strong>tur.</strong></span> <span class='ocrx_word' id='word_1_799' title='bbox 1025 1578 1126 1605; x_wconf 87' lang='lat' dir='ltr'><strong>Pudeat</strong></span> <span class='ocrx_word' id='word_1_800' title='bbox 1146 1581 1336 1615; x_wconf 86' lang='lat' dir='ltr'><strong>concupiscere</strong></span> <span class='ocrx_word' id='word_1_801' title='bbox 1357 1580 1503 1613; x_wconf 82' lang='lat' dir='ltr'><strong>fortunam,</strong></span> <span class='ocrx_word' id='word_1_802' title='bbox 1530 1583 1609 1608; x_wconf 83' lang='lat' dir='ltr'><strong>cuius</strong></span> <span class='ocrx_word' id='word_1_803' title='bbox 1631 1592 1727 1610; x_wconf 85' lang='lat' dir='ltr'><strong>nomen</strong></span> 
     </span>
     <span class='ocr_line' id='line_1_107' title="bbox 931 1616 1727 1652; baseline 0.008 -12"><span class='ocrx_word' id='word_1_804' title='bbox 931 1616 1080 1650; x_wconf 85' lang='lat' dir='ltr'><strong>susceperit</strong></span> <span class='ocrx_word' id='word_1_805' title='bbox 1094 1616 1252 1648; x_wconf 84' lang='lat' dir='ltr'><strong>consularis,</strong></span> <span class='ocrx_word' id='word_1_806' title='bbox 1271 1618 1446 1645; x_wconf 87' lang='lat' dir='ltr'><strong>utCiceronis</strong></span> <span class='ocrx_word' id='word_1_807' title='bbox 1458 1624 1506 1646; x_wconf 81' lang='lat' dir='ltr'><strong>cst.</strong></span> <span class='ocrx_word' id='word_1_808' title='bbox 1548 1622 1572 1646; x_wconf 82' lang='lat'><strong>3.</strong></span> <span class='ocrx_word' id='word_1_809' title='bbox 1595 1620 1727 1652; x_wconf 85' lang='lat' dir='ltr'><strong>Quoniam</strong></span> 
     </span>
     <span class='ocr_line' id='line_1_108' title="bbox 931 1653 1727 1691; baseline 0.008 -13"><span class='ocrx_word' id='word_1_810' title='bbox 931 1653 999 1678; x_wconf 90' lang='lat' dir='ltr'><strong>mihi</strong></span> <span class='ocrx_word' id='word_1_811' title='bbox 1011 1657 1095 1679; x_wconf 85' lang='lat' dir='ltr'><strong>tacere</strong></span> <span class='ocrx_word' id='word_1_812' title='bbox 1107 1663 1158 1680; x_wconf 92' lang='lat' dir='ltr'><strong>non</strong></span> <span class='ocrx_word' id='word_1_813' title='bbox 1172 1654 1256 1685; x_wconf 88' lang='lat' dir='ltr'><strong>licuit,</strong></span> <span class='ocrx_word' id='word_1_814' title='bbox 1271 1654 1429 1691; x_wconf 86' lang='lat' dir='ltr'><strong>leges,quae</strong></span> <span class='ocrx_word' id='word_1_815' title='bbox 1443 1657 1490 1683; x_wconf 88' lang='lat' dir='ltr'><strong>tibi</strong></span> <span class='ocrx_word' id='word_1_816' title='bbox 1504 1665 1611 1683; x_wconf 78' lang='lat' dir='ltr'><strong>necesse</strong></span> <span class='ocrx_word' id='word_1_817' title='bbox 1624 1663 1727 1684; x_wconf 89' lang='lat' dir='ltr'><strong>estmo—</strong></span> 
     </span>
     <span class='ocr_line' id='line_1_109' title="bbox 931 1689 1727 1728; baseline 0.008 -13"><span class='ocrx_word' id='word_1_818' title='bbox 931 1689 995 1716; x_wconf 85' lang='lat' dir='ltr'><strong>lesta</strong></span> <span class='ocrx_word' id='word_1_819' title='bbox 1016 1698 1085 1717; x_wconf 83' lang='lat' dir='ltr'><strong>csse.</strong></span> <span class='ocrx_word' id='word_1_820' title='bbox 1126 1692 1231 1718; x_wconf 86' lang='lat' dir='ltr'><strong>Etenim</strong></span> <span class='ocrx_word' id='word_1_821' title='bbox 1247 1693 1304 1726; x_wconf 86' lang='lat' dir='ltr'><strong>ipse</strong></span> <span class='ocrx_word' id='word_1_822' title='bbox 1320 1694 1419 1724; x_wconf 83' lang='lat' dir='ltr'><strong>sentio,</strong></span> <span class='ocrx_word' id='word_1_823' title='bbox 1442 1699 1541 1728; x_wconf 84' lang='lat' dir='ltr'><strong>quanto</strong></span> <span class='ocrx_word' id='word_1_824' title='bbox 1556 1704 1617 1720; x_wconf 85' lang='lat' dir='ltr'><strong>cum</strong></span> <span class='ocrx_word' id='word_1_825' title='bbox 1637 1695 1727 1721; x_wconf 88' lang='lat' dir='ltr'><strong>dolore</strong></span> 
     </span>
     <span class='ocr_line' id='line_1_110' title="bbox 931 1727 1727 1766; baseline 0.008 -14"><span class='ocrx_word' id='word_1_826' title='bbox 931 1727 994 1753; x_wconf 85' lang='lat' dir='ltr'><strong>haec</strong></span> <span class='ocrx_word' id='word_1_827' title='bbox 1011 1727 1042 1753; x_wconf 88' lang='lat' dir='ltr'><strong>ad</strong></span> <span class='ocrx_word' id='word_1_828' title='bbox 1059 1733 1083 1754; x_wconf 87' lang='lat' dir='ltr'><strong>te</strong></span> <span class='ocrx_word' id='word_1_829' title='bbox 1094 1730 1312 1764; x_wconf 87' lang='lat' dir='ltr'><strong>perscripserim:</strong></span> <span class='ocrx_word' id='word_1_830' title='bbox 1336 1739 1383 1756; x_wconf 91' lang='lat' dir='ltr'><strong>nec</strong></span> <span class='ocrx_word' id='word_1_831' title='bbox 1396 1731 1497 1766; x_wconf 82' lang='lat' dir='ltr'><strong>ignoro,</strong></span> <span class='ocrx_word' id='word_1_832' title='bbox 1511 1732 1576 1766; x_wconf 91' lang='lat' dir='ltr'><strong>quid</strong></span> <span class='ocrx_word' id='word_1_833' title='bbox 1589 1734 1688 1758; x_wconf 80' lang='lat' dir='ltr'><strong>sentias</strong></span> <span class='ocrx_word' id='word_1_834' title='bbox 1700 1734 1727 1759; x_wconf 89' lang='lat' dir='ltr'><strong>in</strong></span> 
     </span>
     <span class='ocr_line' id='line_1_111' title="bbox 929 1765 1726 1804; baseline 0.008 -14"><span class='ocrx_word' id='word_1_835' title='bbox 929 1765 1083 1799; x_wconf 83' lang='lat' dir='ltr'><strong>republica,</strong></span> <span class='ocrx_word' id='word_1_836' title='bbox 1105 1771 1131 1792; x_wconf 88' lang='lat' dir='ltr'><strong>et</strong></span> <span class='ocrx_word' id='word_1_837' title='bbox 1146 1775 1227 1801; x_wconf 88' lang='lat' dir='ltr'><strong>quam</strong></span> <span class='ocrx_word' id='word_1_838' title='bbox 1243 1767 1411 1802; x_wconf 79' lang='lat' dir='ltr'><strong>desperatam</strong></span> <span class='ocrx_word' id='word_1_839' title='bbox 1427 1777 1536 1803; x_wconf 86' lang='lat' dir='ltr'><strong>quoque</strong></span> <span class='ocrx_word' id='word_1_840' title='bbox 1548 1771 1635 1796; x_wconf 80' lang='lat' dir='ltr'><strong>sanari</strong></span> <span class='ocrx_word' id='word_1_841' title='bbox 1648 1776 1726 1804; x_wconf 86' lang='lat' dir='ltr'><strong>putes</strong></span> 
     </span>
     <span class='ocr_line' id='line_1_112' title="bbox 929 1803 1725 1840; baseline 0.008 -13"><span class='ocrx_word' id='word_1_842' title='bbox 929 1810 1018 1836; x_wconf 90' lang='lat' dir='ltr'><strong>posse.</strong></span> <span class='ocrx_word' id='word_1_843' title='bbox 1059 1803 1113 1829; x_wconf 85' lang='lat' dir='ltr'><strong>Nec</strong></span> <span class='ocrx_word' id='word_1_844' title='bbox 1126 1804 1279 1830; x_wconf 81' lang='lat' dir='ltr'><strong>mehercule</strong></span> <span class='ocrx_word' id='word_1_845' title='bbox 1292 1810 1325 1835; x_wconf 85' lang='lat' dir='ltr'><strong>tc,</strong></span> <span class='ocrx_word' id='word_1_846' title='bbox 1340 1805 1434 1836; x_wconf 71' lang='lat' dir='ltr'><strong>Attice,</strong></span> <span class='ocrx_word' id='word_1_847' title='bbox 1449 1806 1625 1840; x_wconf 83' lang='lat' dir='ltr'><strong>reprehendo.</strong></span> <span class='ocrx_word' id='word_1_848' title='bbox 1647 1808 1725 1834; x_wconf 73' lang='lat' dir='ltr'><strong>Aetas</strong></span> 
     </span>
     <span class='ocr_line' id='line_1_113' title="bbox 929 1840 1725 1879; baseline 0.008 -14"><span class='ocrx_word' id='word_1_849' title='bbox 929 1840 1010 1870; x_wconf 89' lang='lat' dir='ltr'><strong>enim,</strong></span> <span class='ocrx_word' id='word_1_850' title='bbox 1029 1848 1129 1871; x_wconf 84' lang='lat' dir='ltr'><strong>mores,</strong></span> <span class='ocrx_word' id='word_1_851' title='bbox 1145 1840 1233 1872; x_wconf 89' lang='lat' dir='ltr'><strong>liberi,</strong></span> <span class='ocrx_word' id='word_1_852' title='bbox 1251 1851 1361 1877; x_wconf 80' lang='lat' dir='ltr'><strong>segnem</strong></span> <span class='ocrx_word' id='word_1_853' title='bbox 1373 1843 1506 1870; x_wconf 79' lang='lat' dir='ltr'><strong>efficiunt:</strong></span> <span class='ocrx_word' id='word_1_854' title='bbox 1530 1844 1601 1878; x_wconf 86' lang='lat' dir='ltr'><strong>quod</strong></span> <span class='ocrx_word' id='word_1_855' title='bbox 1613 1845 1725 1879; x_wconf 83' lang='lat' dir='ltr'><strong>quidem</strong></span> 
     </span>
     <span class='ocr_line' id='line_1_114' title="bbox 928 1877 1725 1914; baseline 0.008 -12"><span class='ocrx_word' id='word_1_856' title='bbox 928 1877 1008 1903; x_wconf 88' lang='lat' dir='ltr'><strong>etiam</strong></span> <span class='ocrx_word' id='word_1_857' title='bbox 1028 1886 1062 1904; x_wconf 83' lang='lat' dir='ltr'><strong>ex</strong></span> <span class='ocrx_word' id='word_1_858' title='bbox 1083 1877 1176 1905; x_wconf 85' lang='lat' dir='ltr'><strong>Flavio</strong></span> <span class='ocrx_word' id='word_1_859' title='bbox 1197 1884 1285 1905; x_wconf 87' lang='lat' dir='ltr'><strong>nostro</strong></span> <span class='ocrx_word' id='word_1_860' title='bbox 1306 1881 1441 1914; x_wconf 85' lang='lat' dir='ltr'><strong>perspexi.</strong></span> <span class='ocrx_word' id='word_1_861' title='bbox 1484 1882 1507 1907; x_wconf 68' lang='lat' dir='ltr'><strong>AE.</strong></span> <span class='ocrx_word' id='word_1_862' title='bbox 1530 1881 1581 1907; x_wconf 84' lang='lat' dir='ltr'><strong>Sed</strong></span> <span class='ocrx_word' id='word_1_863' title='bbox 1598 1882 1676 1908; x_wconf 81' lang='lat' dir='ltr'><strong>redeo</strong></span> <span class='ocrx_word' id='word_1_864' title='bbox 1692 1882 1725 1908; x_wconf 89' lang='lat' dir='ltr'><strong>ad</strong></span> 
     </span>
     <span class='ocr_line' id='line_1_115' title="bbox 928 1914 1726 1948; baseline 0.006 -8"><span class='ocrx_word' id='word_1_865' title='bbox 928 1914 1093 1941; x_wconf 85' lang='lat' dir='ltr'><strong>Ciceronem.</strong></span> <span class='ocrx_word' id='word_1_866' title='bbox 1124 1916 1195 1948; x_wconf 85' lang='lat' dir='ltr'><strong>Quid</strong></span> <span class='ocrx_word' id='word_1_867' title='bbox 1209 1917 1276 1943; x_wconf 91' lang='lat' dir='ltr'><strong>inter</strong></span> <span class='ocrx_word' id='word_1_868' title='bbox 1287 1917 1474 1944; x_wconf 77' lang='lat' dir='ltr'><strong>Salvidienum</strong></span> <span class='ocrx_word' id='word_1_869' title='bbox 1489 1924 1586 1944; x_wconf 87' lang='lat' dir='ltr'><strong>etcum</strong></span> <span class='ocrx_word' id='word_1_870' title='bbox 1600 1920 1726 1946; x_wconf 75' lang='lat' dir='ltr'><strong>interest?</strong></span> 
     </span>
     <span class='ocr_line' id='line_1_116' title="bbox 927 1951 1721 1991; baseline 0.008 -14"><span class='ocrx_word' id='word_1_871' title='bbox 927 1951 994 1986; x_wconf 88' lang='lat' dir='ltr'><strong>quid</strong></span> <span class='ocrx_word' id='word_1_872' title='bbox 1010 1957 1099 1978; x_wconf 87' lang='lat' dir='ltr'><strong>autem</strong></span> <span class='ocrx_word' id='word_1_873' title='bbox 1116 1953 1234 1988; x_wconf 79' lang='lat' dir='ltr'><strong>amplius</strong></span> <span class='ocrx_word' id='word_1_874' title='bbox 1247 1954 1291 1980; x_wconf 89' lang='lat' dir='ltr'><strong>ille</strong></span> <span class='ocrx_word' id='word_1_875' title='bbox 1303 1955 1474 1982; x_wconf 65' lang='lat' dir='ltr'><strong>decerneret?</strong></span> <span class='ocrx_word' id='word_1_876' title='bbox 1495 1956 1590 1986; x_wconf 79' lang='lat' dir='ltr'><strong>&#39;l&#39;imct,</strong></span> <span class='ocrx_word' id='word_1_877' title='bbox 1607 1957 1721 1991; x_wconf 84' lang='lat' dir='ltr'><strong>inquies,</strong></span> 
     </span>
     <span class='ocr_line' id='line_1_117' title="bbox 927 1989 1724 2028; baseline 0.006 -14"><span class='ocrx_word' id='word_1_878' title='bbox 927 1989 1007 2014; x_wconf 90' lang='lat' dir='ltr'><strong>etiam</strong></span> <span class='ocrx_word' id='word_1_879' title='bbox 1028 1998 1099 2016; x_wconf 91' lang='lat' dir='ltr'><strong>nunc</strong></span> <span class='ocrx_word' id='word_1_880' title='bbox 1116 1990 1244 2025; x_wconf 87' lang='lat' dir='ltr'><strong>reliquias</strong></span> <span class='ocrx_word' id='word_1_881' title='bbox 1269 1992 1333 2018; x_wconf 85' lang='lat' dir='ltr'><strong>belli</strong></span> <span class='ocrx_word' id='word_1_882' title='bbox 1353 1993 1454 2019; x_wconf 85' lang='lat' dir='ltr'><strong>civilis.</strong></span> <span class='ocrx_word' id='word_1_883' title='bbox 1495 1994 1645 2028; x_wconf 77' lang='lat' dir='ltr'><strong>Quisquam</strong></span> <span class='ocrx_word' id='word_1_884' title='bbox 1661 2004 1724 2028; x_wconf 71' lang='lat' dir='ltr'><strong>crgo</strong></span> 
     </span>
     <span class='ocr_line' id='line_1_118' title="bbox 927 2026 1722 2067; baseline 0.008 -15"><span class='ocrx_word' id='word_1_885' title='bbox 927 2026 962 2052; x_wconf 81' lang='lat' dir='ltr'><strong>ita</strong></span> <span class='ocrx_word' id='word_1_886' title='bbox 984 2027 1059 2053; x_wconf 90' lang='lat' dir='ltr'><strong>timet</strong></span> <span class='ocrx_word' id='word_1_887' title='bbox 1074 2027 1258 2063; x_wconf 80' lang='lat' dir='ltr'><strong>profligatum,</strong></span> <span class='ocrx_word' id='word_1_888' title='bbox 1285 2034 1313 2055; x_wconf 85' lang='lat' dir='ltr'><strong>ut</strong></span> <span class='ocrx_word' id='word_1_889' title='bbox 1331 2038 1418 2064; x_wconf 85' lang='lat' dir='ltr'><strong>neque</strong></span> <span class='ocrx_word' id='word_1_890' title='bbox 1429 2032 1573 2064; x_wconf 84' lang='lat' dir='ltr'><strong>potentiam</strong></span> <span class='ocrx_word' id='word_1_891' title='bbox 1585 2032 1657 2062; x_wconf 80' lang='lat' dir='ltr'><strong>cius,</strong></span> <span class='ocrx_word' id='word_1_892' title='bbox 1675 2033 1722 2067; x_wconf 89' lang='lat' dir='ltr'><strong>qui</strong></span> 
     </span>
     <span class='ocr_line' id='line_1_119' title="bbox 927 2064 1722 2103; baseline 0.008 -14"><span class='ocrx_word' id='word_1_893' title='bbox 927 2064 1075 2090; x_wconf 84' lang='lat' dir='ltr'><strong>exercitum</strong></span> <span class='ocrx_word' id='word_1_894' title='bbox 1092 2065 1220 2091; x_wconf 88' lang='lat' dir='ltr'><strong>victorem</strong></span> <span class='ocrx_word' id='word_1_895' title='bbox 1237 2066 1340 2096; x_wconf 85' lang='lat' dir='ltr'><strong>habeat,</strong></span> <span class='ocrx_word' id='word_1_896' title='bbox 1359 2076 1446 2102; x_wconf 84' lang='lat' dir='ltr'><strong>neque</strong></span> <span class='ocrx_word' id='word_1_897' title='bbox 1459 2069 1632 2094; x_wconf 82' lang='lat' dir='ltr'><strong>temeritatem</strong></span> <span class='ocrx_word' id='word_1_898' title='bbox 1647 2071 1722 2103; x_wconf 88' lang='lat' dir='ltr'><strong>pueri</strong></span> 
     </span>
     <span class='ocr_line' id='line_1_120' title="bbox 927 2102 1719 2139; baseline 0.009 -14"><span class='ocrx_word' id='word_1_899' title='bbox 927 2105 1001 2134; x_wconf 87' lang='lat' dir='ltr'><strong>putet</strong></span> <span class='ocrx_word' id='word_1_900' title='bbox 1012 2102 1239 2128; x_wconf 81' lang='lat' dir='ltr'><strong>extimescendam</strong></span> <span class='ocrx_word' id='word_1_901' title='bbox 1252 2103 1329 2129; x_wconf 78' lang='lat' dir='ltr'><strong>csse‘?</strong></span> <span class='ocrx_word' id='word_1_902' title='bbox 1349 2104 1388 2130; x_wconf 75' lang='lat' dir='ltr'><strong>An</strong></span> <span class='ocrx_word' id='word_1_903' title='bbox 1405 2104 1453 2130; x_wconf 85' lang='lat' dir='ltr'><strong>hoc</strong></span> <span class='ocrx_word' id='word_1_904' title='bbox 1467 2105 1555 2139; x_wconf 82' lang='lat' dir='ltr'><strong>ipsum</strong></span> <span class='ocrx_word' id='word_1_905' title='bbox 1568 2115 1597 2132; x_wconf 85' lang='lat' dir='ltr'><strong>ea</strong></span> <span class='ocrx_word' id='word_1_906' title='bbox 1611 2116 1636 2132; x_wconf 91' lang='lat' dir='ltr'><strong>rc</strong></span> <span class='ocrx_word' id='word_1_907' title='bbox 1650 2106 1719 2135; x_wconf 75' lang='lat' dir='ltr'><strong>facit,</strong></span> 
     </span>
     <span class='ocr_line' id='line_1_121' title="bbox 926 2137 1720 2178; baseline 0.009 -16"><span class='ocrx_word' id='word_1_908' title='bbox 926 2137 998 2171; x_wconf 89' lang='lat' dir='ltr'><strong>quod</strong></span> <span class='ocrx_word' id='word_1_909' title='bbox 1021 2138 1059 2164; x_wconf 92' lang='lat' dir='ltr'><strong>illi</strong></span> <span class='ocrx_word' id='word_1_910' title='bbox 1077 2144 1184 2173; x_wconf 86' lang='lat' dir='ltr'><strong>propter</strong></span> <span class='ocrx_word' id='word_1_911' title='bbox 1199 2140 1405 2174; x_wconf 84' lang='lat' dir='ltr'><strong>amplitudinem</strong></span> <span class='ocrx_word' id='word_1_912' title='bbox 1422 2143 1511 2168; x_wconf 87' lang='lat' dir='ltr'><strong>onmia</strong></span> <span class='ocrx_word' id='word_1_913' title='bbox 1529 2144 1579 2169; x_wconf 84' lang='lat' dir='ltr'><strong>iam</strong></span> <span class='ocrx_word' id='word_1_914' title='bbox 1599 2143 1720 2178; x_wconf 82' lang='lat' dir='ltr'><strong>ultroque</strong></span> 
     </span>
     <span class='ocr_line' id='line_1_122' title="bbox 925 2173 1721 2211; baseline 0.01 -12"><span class='ocrx_word' id='word_1_915' title='bbox 925 2173 1069 2201; x_wconf 85' lang='lat' dir='ltr'><strong>deserenda</strong></span> <span class='ocrx_word' id='word_1_916' title='bbox 1091 2176 1184 2210; x_wconf 73' lang='lat' dir='ltr'><strong>putat?</strong></span> <span class='ocrx_word' id='word_1_917' title='bbox 1212 2179 1234 2202; x_wconf 76' lang='lat' dir='ltr'><strong>t)</strong></span> <span class='ocrx_word' id='word_1_918' title='bbox 1255 2186 1379 2211; x_wconf 79' lang='lat' dir='ltr'><strong>magnam</strong></span> <span class='ocrx_word' id='word_1_919' title='bbox 1397 2179 1537 2205; x_wconf 81' lang='lat' dir='ltr'><strong>stultitiam</strong></span> <span class='ocrx_word' id='word_1_920' title='bbox 1555 2181 1670 2208; x_wconf 80' lang='lat' dir='ltr'><strong>timoris.</strong></span> <span class='ocrx_word' id='word_1_921' title='bbox 1695 2181 1721 2206; x_wconf 87' lang='lat' dir='ltr'><strong>id</strong></span> 
     </span>
     <span class='ocr_line' id='line_1_123' title="bbox 926 2211 1720 2251; baseline 0.01 -15"><span class='ocrx_word' id='word_1_922' title='bbox 926 2211 1025 2245; x_wconf 84' lang='lat' dir='ltr'><strong>ipsum,</strong></span> <span class='ocrx_word' id='word_1_923' title='bbox 1039 2212 1110 2246; x_wconf 88' lang='lat' dir='ltr'><strong>quod</strong></span> <span class='ocrx_word' id='word_1_924' title='bbox 1125 2214 1249 2243; x_wconf 83' lang='lat' dir='ltr'><strong>verearis,</strong></span> <span class='ocrx_word' id='word_1_925' title='bbox 1265 2215 1298 2240; x_wconf 83' lang='lat' dir='ltr'><strong>ita</strong></span> <span class='ocrx_word' id='word_1_926' title='bbox 1311 2223 1414 2246; x_wconf 81' lang='lat' dir='ltr'><strong>cavere,</strong></span> <span class='ocrx_word' id='word_1_927' title='bbox 1429 2221 1465 2244; x_wconf 84' lang='lat' dir='ltr'><strong>ut,</strong></span> <span class='ocrx_word' id='word_1_928' title='bbox 1475 2226 1559 2251; x_wconf 86' lang='lat' dir='ltr'><strong>quum</strong></span> <span class='ocrx_word' id='word_1_929' title='bbox 1573 2219 1654 2244; x_wconf 72' lang='lat' dir='ltr'><strong>vitare</strong></span> <span class='ocrx_word' id='word_1_930' title='bbox 1668 2217 1720 2244; x_wconf 76' lang='lat' dir='ltr'><strong>sor-</strong></span> 
     </span>
     <span class='ocr_line' id='line_1_124' title="bbox 926 2250 1720 2283; baseline 0.01 -10"><span class='ocrx_word' id='word_1_931' title='bbox 926 2254 995 2274; x_wconf 81' lang='lat' dir='ltr'><strong>tasse</strong></span> <span class='ocrx_word' id='word_1_932' title='bbox 1007 2250 1134 2283; x_wconf 83' lang='lat' dir='ltr'><strong>potueris,</strong></span> <span class='ocrx_word' id='word_1_933' title='bbox 1152 2250 1221 2277; x_wconf 89' lang='lat' dir='ltr'><strong>ultro</strong></span> <span class='ocrx_word' id='word_1_934' title='bbox 1232 2260 1350 2277; x_wconf 76' lang='lat' dir='ltr'><strong>arcessas</strong></span> <span class='ocrx_word' id='word_1_935' title='bbox 1362 2258 1386 2278; x_wconf 89' lang='lat' dir='ltr'><strong>et</strong></span> <span class='ocrx_word' id='word_1_936' title='bbox 1399 2253 1527 2279; x_wconf 69' lang='lat' dir='ltr'><strong>attrahas!</strong></span> <span class='ocrx_word' id='word_1_937' title='bbox 1553 2255 1670 2280; x_wconf 78' lang='lat' dir='ltr'><strong>Nimium</strong></span> <span class='ocrx_word' id='word_1_938' title='bbox 1687 2255 1720 2280; x_wconf 81' lang='lat' dir='ltr'><strong>ti—</strong></span> 
     </span>
     <span class='ocr_line' id='line_1_125' title="bbox 926 2288 1719 2325; baseline 0.008 -14"><span class='ocrx_word' id='word_1_939' title='bbox 926 2294 1030 2311; x_wconf 88' lang='lat' dir='ltr'><strong>memus</strong></span> <span class='ocrx_word' id='word_1_940' title='bbox 1050 2291 1161 2313; x_wconf 87' lang='lat' dir='ltr'><strong>mortem</strong></span> <span class='ocrx_word' id='word_1_941' title='bbox 1185 2293 1210 2314; x_wconf 86' lang='lat' dir='ltr'><strong>et</strong></span> <span class='ocrx_word' id='word_1_942' title='bbox 1226 2288 1352 2314; x_wconf 83' lang='lat' dir='ltr'><strong>exsilium</strong></span> <span class='ocrx_word' id='word_1_943' title='bbox 1369 2295 1393 2316; x_wconf 88' lang='lat' dir='ltr'><strong>et</strong></span> <span class='ocrx_word' id='word_1_944' title='bbox 1413 2296 1604 2325; x_wconf 77' lang='lat' dir='ltr'><strong>paupertatem.</strong></span> <span class='ocrx_word' id='word_1_945' title='bbox 1652 2293 1719 2317; x_wconf 77' lang='lat' dir='ltr'><strong>llaec.</strong></span> 
     </span>
     <span class='ocr_line' id='line_1_126' title="bbox 925 2322 1718 2357; baseline 0.009 -9"><span class='ocrx_word' id='word_1_946' title='bbox 925 2322 1051 2349; x_wconf 82' lang='lat' dir='ltr'><strong>videntur</strong></span> <span class='ocrx_word' id='word_1_947' title='bbox 1061 2324 1182 2350; x_wconf 74' lang='lat' dir='ltr'><strong>Ciceroni</strong></span> <span class='ocrx_word' id='word_1_948' title='bbox 1198 2325 1291 2351; x_wconf 90' lang='lat' dir='ltr'><strong>ultima</strong></span> <span class='ocrx_word' id='word_1_949' title='bbox 1303 2335 1361 2351; x_wconf 84' lang='lat' dir='ltr'><strong>csse</strong></span> <span class='ocrx_word' id='word_1_950' title='bbox 1374 2327 1400 2352; x_wconf 92' lang='lat' dir='ltr'><strong>in</strong></span> <span class='ocrx_word' id='word_1_951' title='bbox 1414 2327 1504 2353; x_wconf 82' lang='lat' dir='ltr'><strong>malis:</strong></span> <span class='ocrx_word' id='word_1_952' title='bbox 1537 2334 1575 2357; x_wconf 79' lang='lat' dir='ltr'><strong>ct,</strong></span> <span class='ocrx_word' id='word_1_953' title='bbox 1593 2329 1658 2355; x_wconf 89' lang='lat' dir='ltr'><strong>dum</strong></span> <span class='ocrx_word' id='word_1_954' title='bbox 1672 2329 1718 2355; x_wconf 77' lang='lat' dir='ltr'><strong>lla-</strong></span> 
     </span>
     <span class='ocr_line' id='line_1_127' title="bbox 924 2359 1718 2400; baseline 0.009 -15"><span class='ocrx_word' id='word_1_955' title='bbox 924 2359 997 2390; x_wconf 86' lang='lat' dir='ltr'><strong>l›eat,</strong></span> <span class='ocrx_word' id='word_1_956' title='bbox 1016 2369 1029 2385; x_wconf 91' lang='lat' dir='ltr'><strong>a</strong></span> <span class='ocrx_word' id='word_1_957' title='bbox 1041 2361 1142 2395; x_wconf 87' lang='lat' dir='ltr'><strong>quibus</strong></span> <span class='ocrx_word' id='word_1_958' title='bbox 1156 2362 1286 2396; x_wconf 83' lang='lat' dir='ltr'><strong>impetret.</strong></span> <span class='ocrx_word' id='word_1_959' title='bbox 1303 2372 1372 2397; x_wconf 78' lang='lat' dir='ltr'><strong>qmw</strong></span> <span class='ocrx_word' id='word_1_960' title='bbox 1387 2364 1458 2392; x_wconf 74' lang='lat' dir='ltr'><strong>velit.</strong></span> <span class='ocrx_word' id='word_1_961' title='bbox 1472 2370 1495 2390; x_wconf 85' lang='lat' dir='ltr'><strong>ct</strong></span> <span class='ocrx_word' id='word_1_962' title='bbox 1508 2374 1521 2390; x_wconf 85' lang='lat' dir='ltr'><strong>a</strong></span> <span class='ocrx_word' id='word_1_963' title='bbox 1534 2366 1634 2400; x_wconf 82' lang='lat' dir='ltr'><strong>quilms</strong></span> <span class='ocrx_word' id='word_1_964' title='bbox 1646 2366 1718 2392; x_wconf 83' lang='lat' dir='ltr'><strong>cola-</strong></span> 
     </span>
     <span class='ocr_line' id='line_1_128' title="bbox 924 2397 1716 2434; baseline 0.009 -11"><span class='ocrx_word' id='word_1_965' title='bbox 924 2402 966 2423; x_wconf 86' lang='lat' dir='ltr'><strong>tur</strong></span> <span class='ocrx_word' id='word_1_966' title='bbox 981 2406 1010 2423; x_wconf 86' lang='lat' dir='ltr'><strong>ac</strong></span> <span class='ocrx_word' id='word_1_967' title='bbox 1023 2397 1158 2429; x_wconf 79' lang='lat' dir='ltr'><strong>laudetur,</strong></span> <span class='ocrx_word' id='word_1_968' title='bbox 1180 2401 1352 2429; x_wconf 75' lang='lat' dir='ltr'><strong>servitutem,</strong></span> <span class='ocrx_word' id='word_1_969' title='bbox 1372 2401 1542 2427; x_wconf 75' lang='lat' dir='ltr'><strong>honorificam</strong></span> <span class='ocrx_word' id='word_1_970' title='bbox 1556 2403 1646 2434; x_wconf 86' lang='lat' dir='ltr'><strong>modo,</strong></span> <span class='ocrx_word' id='word_1_971' title='bbox 1666 2413 1716 2430; x_wconf 90' lang='lat' dir='ltr'><strong>non</strong></span> 
     </span>
    </p>
   </div>
   <div class='ocr_carea' id='block_1_10' title="bbox 898 2437 1716 2472">
    <p class='ocr_par' dir='ltr' id='par_1_10' title="bbox 898 2437 1716 2472">
     <span class='ocr_line' id='line_1_129' title="bbox 898 2437 1716 2472; baseline 0.01 -13"><span class='ocrx_word' id='word_1_972' title='bbox 898 2448 899 2453; x_wconf 68' lang='lat'>=</span> <span class='ocrx_word' id='word_1_973' title='bbox 923 2440 1093 2468; x_wconf 88' lang='lat' dir='ltr'><strong>aspernatur:</strong></span> <span class='ocrx_word' id='word_1_974' title='bbox 1125 2437 1147 2462; x_wconf 86' lang='lat' dir='ltr'><strong>si</strong></span> <span class='ocrx_word' id='word_1_975' title='bbox 1169 2437 1318 2472; x_wconf 84' lang='lat' dir='ltr'><strong>quidquam</strong></span> <span class='ocrx_word' id='word_1_976' title='bbox 1345 2439 1370 2463; x_wconf 93' lang='lat' dir='ltr'><strong>in</strong></span> <span class='ocrx_word' id='word_1_977' title='bbox 1387 2444 1504 2464; x_wconf 69' lang='lat' dir='ltr'><strong>extrema</strong></span> <span class='ocrx_word' id='word_1_978' title='bbox 1520 2449 1549 2464; x_wconf 77' lang='lat' dir='ltr'><strong>ac</strong></span> <span class='ocrx_word' id='word_1_979' title='bbox 1566 2441 1716 2467; x_wconf 79' lang='lat' dir='ltr'><strong>miserrima</strong></span> 
     </span>
    </p>
   </div>
   <div class='ocr_carea' id='block_1_11' title="bbox 921 2472 1716 2736">
    <p class='ocr_par' dir='ltr' id='par_1_11' title="bbox 921 2472 1716 2513">
     <span class='ocr_line' id='line_1_130' title="bbox 921 2472 1716 2513; baseline 0.011 -17"><span class='ocrx_word' id='word_1_980' title='bbox 921 2472 1084 2498; x_wconf 80' lang='lat' dir='ltr'><strong>contumelia</strong></span> <span class='ocrx_word' id='word_1_981' title='bbox 1105 2478 1189 2507; x_wconf 82' lang='lat' dir='ltr'><strong>potest</strong></span> <span class='ocrx_word' id='word_1_982' title='bbox 1212 2474 1387 2500; x_wconf 74' lang='lat' dir='ltr'><strong>honor-ilicum</strong></span> <span class='ocrx_word' id='word_1_983' title='bbox 1406 2485 1474 2502; x_wconf 81' lang='lat' dir='ltr'><strong>csse.</strong></span> <span class='ocrx_word' id='word_1_984' title='bbox 1515 2478 1540 2502; x_wconf 72' lang='lat' dir='ltr'><strong>li.</strong></span> <span class='ocrx_word' id='word_1_985' title='bbox 1565 2478 1634 2504; x_wconf 74' lang='lat' dir='ltr'><strong>Licet</strong></span> <span class='ocrx_word' id='word_1_986' title='bbox 1653 2487 1716 2513; x_wconf 81' lang='lat' dir='ltr'><strong>crgo</strong></span> 
     </span>
    </p>

    <p class='ocr_par' dir='ltr' id='par_1_12' title="bbox 922 2510 1712 2546">
     <span class='ocr_line' id='line_1_131' title="bbox 922 2510 1712 2546; baseline 0.011 -13"><span class='ocrx_word' id='word_1_987' title='bbox 922 2514 1023 2542; x_wconf 83' lang='lat' dir='ltr'><strong>patrem</strong></span> <span class='ocrx_word' id='word_1_988' title='bbox 1045 2510 1161 2544; x_wconf 87' lang='lat' dir='ltr'><strong>appellet</strong></span> <span class='ocrx_word' id='word_1_989' title='bbox 1176 2512 1304 2537; x_wconf 77' lang='lat' dir='ltr'><strong>Octavius</strong></span> <span class='ocrx_word' id='word_1_990' title='bbox 1321 2513 1489 2542; x_wconf 80' lang='lat' dir='ltr'><strong>Ciceronem.</strong></span> <span class='ocrx_word' id='word_1_991' title='bbox 1508 2513 1602 2541; x_wconf 75' lang='lat' dir='ltr'><strong>referat</strong></span> <span class='ocrx_word' id='word_1_992' title='bbox 1613 2517 1712 2546; x_wconf 85' lang='lat' dir='ltr'><strong>omnia,</strong></span> 
     </span>
    </p>

    <p class='ocr_par' dir='ltr' id='par_1_13' title="bbox 923 2545 1714 2585">
     <span class='ocr_line' id='line_1_132' title="bbox 923 2545 1714 2585; baseline 0.013 -15"><span class='ocrx_word' id='word_1_993' title='bbox 923 2545 1020 2576; x_wconf 85' lang='lat' dir='ltr'><strong>landet,</strong></span> <span class='ocrx_word' id='word_1_994' title='bbox 1034 2547 1133 2581; x_wconf 76' lang='lat' dir='ltr'><strong>gratias</strong></span> <span class='ocrx_word' id='word_1_995' title='bbox 1145 2553 1218 2583; x_wconf 75' lang='lat' dir='ltr'><strong>agat:</strong></span> <span class='ocrx_word' id='word_1_996' title='bbox 1243 2554 1328 2575; x_wconf 84' lang='lat' dir='ltr'><strong>tamen</strong></span> <span class='ocrx_word' id='word_1_997' title='bbox 1343 2549 1409 2575; x_wconf 87' lang='lat' dir='ltr'><strong>illud</strong></span> <span class='ocrx_word' id='word_1_998' title='bbox 1422 2551 1570 2585; x_wconf 86' lang='lat' dir='ltr'><strong>apparebit.</strong></span> <span class='ocrx_word' id='word_1_999' title='bbox 1580 2553 1660 2579; x_wconf 75' lang='lat' dir='ltr'><strong>verba</strong></span> <span class='ocrx_word' id='word_1_1000' title='bbox 1673 2563 1714 2579; x_wconf 88' lang='lat' dir='ltr'><strong>rc-</strong></span> 
     </span>
    </p>

    <p class='ocr_par' dir='ltr' id='par_1_14' title="bbox 921 2582 1714 2618">
     <span class='ocr_line' id='line_1_133' title="bbox 921 2582 1714 2618; baseline 0.01 -10"><span class='ocrx_word' id='word_1_1001' title='bbox 921 2582 972 2608; x_wconf 77' lang='lat' dir='ltr'><strong>lius</strong></span> <span class='ocrx_word' id='word_1_1002' title='bbox 993 2592 1051 2609; x_wconf 82' lang='lat' dir='ltr'><strong>csse</strong></span> <span class='ocrx_word' id='word_1_1003' title='bbox 1066 2587 1206 2612; x_wconf 85' lang='lat' dir='ltr'><strong>contraria.</strong></span> <span class='ocrx_word' id='word_1_1004' title='bbox 1247 2586 1318 2618; x_wconf 83' lang='lat' dir='ltr'><strong>Quid</strong></span> <span class='ocrx_word' id='word_1_1005' title='bbox 1335 2587 1406 2613; x_wconf 74' lang='lat' dir='ltr'><strong>euim</strong></span> <span class='ocrx_word' id='word_1_1006' title='bbox 1424 2592 1475 2613; x_wconf 85' lang='lat' dir='ltr'><strong>tam</strong></span> <span class='ocrx_word' id='word_1_1007' title='bbox 1488 2587 1605 2615; x_wconf 83' lang='lat' dir='ltr'><strong>alienum</strong></span> <span class='ocrx_word' id='word_1_1008' title='bbox 1617 2590 1650 2616; x_wconf 87' lang='lat' dir='ltr'><strong>ab</strong></span> <span class='ocrx_word' id='word_1_1009' title='bbox 1663 2590 1714 2617; x_wconf 89' lang='lat' dir='ltr'><strong>hu-</strong></span> 
     </span>
    </p>

    <p class='ocr_par' dir='ltr' id='par_1_15' title="bbox 921 2621 1712 2663">
     <span class='ocr_line' id='line_1_134' title="bbox 921 2621 1712 2663; baseline 0.011 -18"><span class='ocrx_word' id='word_1_1010' title='bbox 921 2621 1007 2646; x_wconf 83' lang='lat' dir='ltr'><strong>manis</strong></span> <span class='ocrx_word' id='word_1_1011' title='bbox 1018 2621 1145 2647; x_wconf 80' lang='lat' dir='ltr'><strong>sensibus</strong></span> <span class='ocrx_word' id='word_1_1012' title='bbox 1157 2628 1205 2652; x_wconf 85' lang='lat' dir='ltr'><strong>est,</strong></span> <span class='ocrx_word' id='word_1_1013' title='bbox 1218 2632 1298 2658; x_wconf 87' lang='lat' dir='ltr'><strong>quam</strong></span> <span class='ocrx_word' id='word_1_1014' title='bbox 1310 2632 1371 2649; x_wconf 90' lang='lat' dir='ltr'><strong>eum</strong></span> <span class='ocrx_word' id='word_1_1015' title='bbox 1385 2625 1466 2658; x_wconf 81' lang='lat' dir='ltr'><strong>patris</strong></span> <span class='ocrx_word' id='word_1_1016' title='bbox 1479 2625 1575 2652; x_wconf 81' lang='lat' dir='ltr'><strong>habere</strong></span> <span class='ocrx_word' id='word_1_1017' title='bbox 1589 2626 1652 2654; x_wconf 85' lang='lat' dir='ltr'><strong>loco.</strong></span> <span class='ocrx_word' id='word_1_1018' title='bbox 1665 2628 1712 2663; x_wconf 89' lang='lat' dir='ltr'><strong>qui</strong></span> 
     </span>
    </p>

    <p class='ocr_par' dir='ltr' id='par_1_16' title="bbox 921 2657 1713 2736">
     <span class='ocr_line' id='line_1_135' title="bbox 921 2657 1713 2699; baseline 0.01 -16"><span class='ocrx_word' id='word_1_1019' title='bbox 921 2666 952 2683; x_wconf 86' lang='lat' dir='ltr'><strong>ue</strong></span> <span class='ocrx_word' id='word_1_1020' title='bbox 975 2657 1052 2684; x_wconf 85' lang='lat' dir='ltr'><strong>liberi</strong></span> <span class='ocrx_word' id='word_1_1021' title='bbox 1068 2659 1179 2694; x_wconf 87' lang='lat' dir='ltr'><strong>quidem</strong></span> <span class='ocrx_word' id='word_1_1022' title='bbox 1195 2660 1312 2687; x_wconf 85' lang='lat' dir='ltr'><strong>hominis</strong></span> <span class='ocrx_word' id='word_1_1023' title='bbox 1328 2670 1438 2688; x_wconf 87' lang='lat' dir='ltr'><strong>numero</strong></span> <span class='ocrx_word' id='word_1_1024' title='bbox 1449 2662 1501 2688; x_wconf 74' lang='lat' dir='ltr'><strong>su‘?</strong></span> <span class='ocrx_word' id='word_1_1025' title='bbox 1522 2664 1601 2699; x_wconf 67' lang='lat' dir='ltr'><strong>Atqui</strong></span> <span class='ocrx_word' id='word_1_1026' title='bbox 1613 2674 1644 2692; x_wconf 84' lang='lat' dir='ltr'><strong>eo</strong></span> <span class='ocrx_word' id='word_1_1027' title='bbox 1656 2671 1713 2691; x_wconf 84' lang='lat' dir='ltr'><strong>ten-</strong></span> 
     </span>
     <span class='ocr_line' id='line_1_136' title="bbox 1465 2713 1507 2736; baseline 0.024 -1"><span class='ocrx_word' id='word_1_1028' title='bbox 1465 2713 1507 2736; x_wconf 82' lang='lat' dir='ltr'><strong>t2t</strong></span> 
     </span>
    </p>
   </div>
  </div>
 </body>
</html>
