1941 3052
34 275 91 303 les‘?
113 283 165 302 non
180 274 261 302 limen
274 274 411 302 cubiculi?
433 283 486 301 non
499 274 589 301 cubile
602 273 690 300 filiae?
712 282 764 300 nou
778 281 827 308 pa-

34 314 112 340 rietes
126 313 243 347 denique
260 313 346 348 ipsos,
367 313 537 347 superiorum
556 316 636 338 testes
654 309 827 346 nuptiarum?

34 349 163 386 Perfregit
185 358 215 376 ac
238 350 380 385 prostravit
401 349 490 376 omnia
512 349 658 384 cupiditate
676 357 705 375 ac
723 348 824 375 furore:

33 387 98 414 vicit
120 386 249 422 pudorem
275 386 371 418 libido,
400 387 521 414 timorem
548 386 670 417 audacia,
697 386 826 412 rationem

33 425 157 452 amentia.
200 425 240 451 46.
262 423 335 451 Tulit
352 424 401 451 hoc
419 432 561 451 commune
579 423 695 450 dedecus
713 424 767 450 iam
788 422 828 449 fa-

33 461 136 493 miliae,
152 462 330 497 cognationis,
347 462 463 488 nominis
477 462 592 497 graviter
606 461 692 487 silius:
712 460 829 496 augeba-

34 504 77 526 tur
94 503 183 526 autem
202 499 260 525 eius
276 498 398 526 molestia
417 499 580 534 quotidianis
604 498 780 533 querimoniis
803 500 829 523 et

34 536 144 564 assiduo
157 535 220 563 fletu
235 537 346 563 sororis:
371 537 464 563 statuit
477 540 565 562 tamen
579 535 647 562 nihil
661 535 714 562 sibi
728 535 756 561 in
770 539 829 560 tan-

2 603 3 606 ,
33 574 69 601 tis
82 573 190 600 iniuriis
204 582 234 601 ao
247 578 319 600 tanto
332 573 432 600 scelere
442 574 534 600 matris
543 573 653 609 gravius
666 571 825 603 faciendum,

1 611 4 648 j
34 619 116 647 quam
126 610 213 638 utilla
224 615 307 637 matre
317 619 349 637 ne
364 615 495 637 uteretur:
511 619 552 642 ne,
569 619 651 645 quam
665 609 755 636 videre
769 609 828 635 sine

2 659 3 664 ¹
35 657 143 675 summo
156 649 239 675 animi
252 648 341 675 dolore
355 657 406 675 non
421 652 534 682 poterat,
555 656 584 674 ea
602 648 626 673 si
644 651 727 673 matre
741 650 829 673 utere-

2 714 3 718 ,
35 690 88 717 tur,
104 695 156 713 non
170 685 259 713 solum
272 686 371 717 videre,
387 685 434 712 sed
448 686 527 712 etiam
541 684 653 719 probare
666 692 716 711 suo
728 683 829 710 iudicio

34 728 182 759 putaretur.

92 761 131 787 47.
153 761 261 787 Initium
274 759 347 795 quod
360 759 424 786 huic
436 768 498 786 cum
512 764 594 786 matre
608 758 689 785 fuerit
705 757 829 785 simulta-

3 804 5 807 ’
35 799 83 830 tis,
111 797 236 825 audistis.
275 797 439 824 Pertinuisse
461 797 511 823 hoc
533 796 566 823 ad
590 805 725 827 caussam,
754 800 826 826 tunc,

34 844 121 871 quum
139 835 241 870 reliqua
259 835 450 871 cognoveritis,
471 833 639 870 intelligetis.
680 833 747 860 Nam
760 832 829 859 illud

35 881 78 900 me
95 881 148 899 non
165 872 302 907 praeterit,
321 872 518 906 cuiuscumque
535 871 607 898 modi
626 875 709 897 mater
722 871 769 902 sit,
790 874 830 897 ta-

5 928 6 931 =
35 918 97 937 men
115 910 143 936 in
161 909 261 936 iudicio
279 908 327 936 filii
345 909 379 936 de
396 909 562 944 turpitudine
580 909 697 943 parentis
714 908 769 934 dici
783 908 829 934 vix

4 969 7 978 ,.
34 951 164 982 oportere.
204 947 262 973 Non
276 955 363 973 essem
377 946 410 973 ad
424 946 507 973 ullam
517 955 641 973 caussam
652 946 773 977 idoneus,
786 946 830 972 iu-

5 990 7 1019 ζ
34 984 121 1016 dices,
137 985 160 1011 si
174 983 237 1016 hoc,
257 984 329 1019 quod
342 984 370 1010 in
383 984 574 1010 communibus
588 984 729 1010 hominum
742 983 831 1009 sensi-

34 1022 87 1049 bus
100 1026 180 1057 atque
192 1022 220 1048 in
234 1022 293 1056 ipsa
307 1026 401 1048 natura
415 1022 532 1056 positum
547 1026 626 1056 atque
643 1021 758 1047 infixum
778 1025 826 1051 est,

34 1059 63 1086 id
81 1067 142 1095 ego,
162 1067 248 1094 quum
266 1058 300 1085 ad
318 1059 396 1085 amici
415 1058 533 1093 pericula
547 1058 704 1094 depellenda
718 1058 830 1084 adhibe-

34 1105 89 1128 rer,
109 1105 162 1123 non
178 1096 305 1123 viderem.
346 1096 433 1123 Facile
447 1096 580 1132 intelligo,
603 1105 656 1123 non
675 1095 753 1122 modo
767 1095 830 1121 reti-

6 1163 9 1170 ,
34 1142 93 1161 cere
111 1134 233 1161 homines
253 1137 394 1169 parentum
416 1134 541 1165 iniurias,
567 1133 614 1160 sed
638 1134 717 1160 etiam
740 1133 830 1159 animo

6 1200 8 1202 ,
34 1180 120 1206 aequo
137 1171 205 1198 serre
222 1175 352 1207 oportere.
392 1171 445 1198 Sed
464 1180 512 1207 ego
530 1180 573 1203 ea,
598 1180 668 1206 quae
688 1170 750 1197 ferri
768 1179 830 1205 pos-

8 1237 9 1241 ,
34 1213 110 1240 sunt,
136 1208 257 1240 serenda,
282 1217 352 1244 quae
374 1209 467 1240 taceri,
493 1208 602 1235 tacenda
624 1217 683 1235 esse
706 1208 828 1234 arbitror.

37 1248 77 1273 18.
99 1245 172 1273 Nihil
187 1247 215 1273 in
229 1246 283 1273 vita
297 1246 366 1273 vidit
378 1246 535 1273 calamitatis
549 1246 581 1273 A.
597 1246 751 1277 Cluentius,
768 1244 831 1272 nul-

8 1285 10 1293 *
36 1282 93 1312 lum
106 1283 257 1318 periculum
271 1284 364 1310 mortis
378 1284 456 1316 adiit,
472 1283 540 1310 nihil
555 1283 617 1310 mali
632 1284 735 1314 timuit,
757 1282 829 1318 quod

8 1324 9 1350 ζ
35 1329 88 1348 non
114 1324 198 1348 totum
222 1329 236 1347 a
259 1325 342 1348 matre
365 1326 435 1348 esset
457 1321 599 1348 conflatum
622 1325 648 1348 et
669 1320 827 1356 perfectum.

10 1362 11 1374 ³
34 1357 109 1391 Quae
127 1358 176 1384 hoc
194 1362 312 1393 tempore
329 1358 420 1386 sileret
436 1359 539 1390 omnia,
559 1363 639 1394 atque
656 1367 699 1390 ea,
720 1358 744 1384 si
761 1357 830 1384 obli—

35 1396 114 1422 vione
132 1404 185 1422 non
203 1399 306 1431 posset,
327 1400 415 1423 tamen
434 1396 611 1423 taciturnitate
628 1404 677 1422 sua
690 1399 757 1422 tecta
771 1402 830 1422 esse

35 1437 183 1468 pateretur:
210 1433 258 1460 sed
276 1441 305 1460 ea
324 1442 386 1460 vero
404 1434 443 1460 sic
460 1434 530 1470 agit,
549 1438 580 1460 ut
597 1442 707 1469 prorsus
721 1433 830 1459 reticere

10 1501 11 1505 Ἰ
36 1470 111 1497 nullo
124 1469 204 1498 modo
217 1471 311 1505 possit.
351 1471 404 1498 Hoc
418 1471 489 1498 enim
507 1472 597 1506 ipsum
616 1471 761 1502 iudicium,
782 1470 831 1497 hoc

35 1507 200 1543 periculum,
216 1507 262 1534 illa
275 1509 420 1540 accusatio,
438 1509 525 1535 omnis
540 1509 648 1535 testium
662 1508 746 1543 copia,
762 1515 831 1543 quae

35 1545 126 1572 futura
144 1549 198 1577 est,
217 1554 232 1572 a
249 1550 333 1572 matre
350 1546 428 1572 initio
445 1550 485 1572 est
498 1546 637 1577 adornata,
656 1554 670 1572 a
685 1549 768 1572 matre
782 1545 832 1571 hoc

11 1582 13 1610 ’ξ
35 1587 154 1618 tempore
167 1583 310 1610 instruitur
322 1587 403 1618 atque
415 1583 542 1610 omnibus
556 1584 615 1610 eius
628 1583 726 1618 opibus
745 1587 770 1609 et
787 1591 828 1609 co-

11 1611 14 1663 i
35 1621 89 1656 piis
103 1624 279 1655 comparatur.
319 1621 379 1656 Ipsa
393 1620 509 1656 denique
523 1629 609 1655 nuper
623 1621 732 1652 Larino,
748 1620 831 1647 huius

12 1684 15 1694 ι
35 1657 204 1693 opprimendi
226 1666 334 1690 caussa,
358 1658 469 1685 Romam
492 1658 640 1685 advolavit:
665 1661 770 1693 praesto
792 1661 832 1684 est

12 1698 13 1702 ’
35 1694 133 1722 mulier
146 1694 247 1727 audax,
267 1695 424 1730 pecuniosa,
440 1695 572 1722 crudelis:
592 1695 709 1722 instituit
722 1703 832 1722 accusa·-

13 1733 15 1767 ξ
36 1736 115 1765 tores,
130 1733 239 1759 instruit
252 1736 346 1760 testes:
366 1732 489 1768 squalore
503 1733 585 1760 huius
599 1737 625 1760 et
637 1732 763 1760 sordibus
778 1732 833 1759 lae—

14 1771 15 1806 ]
36 1773 119 1798 tatur:
135 1770 248 1798 exitium
262 1774 381 1807 exoptat:
401 1771 561 1808 sanguinem
575 1779 656 1797 suum
671 1770 832 1806 profundere

14 1825 16 1843 3
35 1816 141 1836 omnem
155 1809 237 1844 cupit,
253 1809 399 1836 dummodo
413 1809 554 1845 profusum
567 1808 650 1837 huius
661 1813 722 1837 ante
732 1808 830 1836 videat.

35 1845 106 1873 Haec
123 1846 175 1873 nisi
193 1847 282 1873 omnia
300 1847 490 1882 perspexeritis
512 1847 539 1874 in
561 1856 670 1879 caussa,
696 1852 796 1875 temere
817 1856 830 1873 a

15 1905 17 1908 .
36 1883 114 1910 nobis
136 1883 210 1910 illam
232 1884 362 1920 appellari
384 1889 516 1920 putatote:
539 1885 583 1912 sin
602 1890 692 1912 autem
709 1890 789 1912 erunt
806 1889 833 1912 et

16 1922 17 1927 ¹
35 1924 126 1956 aperta
140 1924 166 1948 et
179 1920 291 1953 nefaria,
308 1921 430 1949 Cluentio
444 1923 581 1957 ignoscere
595 1923 743 1954 debebitis,
758 1922 831 1958 quod

35 1957 103 1985 haec
116 1966 131 1984 a
144 1966 187 1985 me
200 1958 253 1985 dici
267 1959 395 1994 patiatur:
419 1960 486 1986 mihi
503 1960 641 1996 ignoscere
655 1969 706 1988 non
720 1960 832 1987 debere-

16 2026 17 2030 *
36 1995 85 2026 tis,
107 1995 131 2022 si
149 1999 272 2023 tacerem.
312 1996 365 2023 V11.
389 1998 428 2023 19.
449 1997 527 2024 Nunc
545 1998 597 2024 iam
615 1998 770 2025 summatim
785 2006 833 2025 ex-

17 2039 19 2066 ]
36 2041 148 2068 ponam,
163 2033 264 2068 quibus
277 2032 437 2061 criminibus
450 2033 615 2069 Oppianicus
629 2035 771 2062 damnatus
785 2036 830 2066 sit,

17 2095 19 2100 ,
36 2074 68 2097 ut
84 2073 111 2096 et
127 2070 301 2097 constantiam
315 2070 347 2097 Α.
363 2071 478 2098 Cluentii
496 2076 522 2098 et
538 2073 667 2099 rationem
685 2074 833 2099 accusatio-

18 2120 19 2137 ς
37 2108 80 2134 nis
94 2108 245 2142 perspicere
259 2108 379 2143 possitis.
400 2109 438 2135 Ac
448 2109 565 2143 primum
579 2118 674 2137 caussa
688 2109 831 2137 accusandi

18 2146 20 2178 3
37 2152 107 2180 quae
120 2144 213 2176 fuerit,
232 2145 386 2177 ostendam,
402 2150 431 2173 ut
443 2146 470 2172 id
485 2147 575 2181 ipsum
590 2147 621 2174 Α.
637 2146 790 2174 Cluentium
805 2148 832 2174 vi

38 2185 64 2210 et
76 2182 234 2209 necessitate
247 2187 367 2210 coactum
383 2182 477 2210 fecisse
492 2184 614 2210 videatis.

92 2221 135 2247 20.
157 2218 247 2252 Quum
273 2219 414 2247 manifesto
441 2229 575 2248 venenum
600 2221 830 2256 deprehendisset,

38 2256 111 2292 quod
125 2257 166 2284 vir
178 2257 271 2284 matris
284 2256 449 2293 Oppianicus
463 2258 487 2285 ei
502 2259 662 2293 paravisset,
684 2263 711 2286 et
723 2268 766 2286 res
780 2268 832 2286 non

38 2294 202 2325 coniectura,
222 2294 270 2321 sed
287 2294 373 2322 oculis
391 2303 421 2322 ac
439 2296 564 2322 manibus
578 2300 724 2328 teneretur,
745 2305 832 2332 neque

20 2343 21 2346 ¹
38 2331 67 2358 in
83 2339 178 2359 caussa
197 2331 251 2359 ulla
269 2332 400 2359 dubitatio
419 2337 508 2367 posset
525 2342 597 2360 esso:
625 2334 761 2361 accusavit
778 2334 834 2369 Op-

39 2368 188 2404 pianicum:
203 2377 285 2405 quam
296 2374 454 2402 constanter,
467 2375 492 2397 et
501 2379 583 2406 quam
594 2370 744 2407 diligenter,
761 2376 834 2406 post-

21 2406 69 2432 'ea
85 2405 186 2433 dicam:
215 2415 287 2434 nunc
306 2407 355 2434 hoo
371 2408 440 2434 sciro
462 2416 509 2434 vos
532 2407 619 2439 volui,
644 2407 745 2435 nullam
771 2409 834 2435 huic

2 2451 3 2454 ¹
21 2442 23 2476 i
40 2441 118 2470 aliam
132 2444 275 2471 accusandi
289 2453 412 2471 caussam
428 2444 524 2476 tuisse,
546 2445 598 2471 nisi
613 2445 651 2471 uti
666 2446 833 2480 propositum

22 2479 109 2511 vitae
126 2481 276 2516 periculum
295 2486 322 2508 et
338 2482 507 2517 quotidianas
530 2482 626 2517 capitis
649 2482 762 2509 insidias
785 2483 834 2509 hac

22 2514 24 2548 l
39 2523 93 2544 uua
105 2518 205 2545 ratione
219 2519 322 2546 vitaret.
362 2519 450 2554 Atque
464 2524 494 2546 ut
507 2519 675 2556 intelligatis,
699 2520 741 2546 his
755 2528 834 2547 accu-

39 2557 127 2582 satum
144 2563 204 2582 osse
220 2556 379 2583 criminibus
393 2557 586 2592 Oppianicum,
608 2561 638 2583 ut
656 2565 743 2592 neque
756 2565 835 2584 accu-

23 2616 25 2623 ,
39 2595 110 2618 sator
122 2593 215 2620 timere
229 2601 316 2629 neque
329 2602 391 2620 reus
405 2602 512 2629 sperare
525 2594 661 2621 debuerit:
690 2603 773 2629 pauca
788 2603 835 2621 vo-

4 2647 5 2650 *
23 2627 25 2636 ’
39 2626 82 2655 bis
95 2628 170 2656 illius
183 2629 276 2657 iudicii
290 2631 401 2658 crimina
415 2639 560 2666 exponam;
588 2631 690 2666 quibus
708 2632 832 2668 cognitis,

24 2685 25 2690 ,
41 2672 118 2693 nemo
135 2671 253 2694 vestrum
272 2668 427 2700 mirabitur,
451 2668 542 2701 illum,
566 2668 733 2696 diffidentem
753 2670 834 2696 rebus

24 2693 26 2723 l

40 2703 106 2735 suis,
121 2703 154 2731 ad
168 2703 307 2732 Staienum
320 2710 400 2742 atque
413 2705 446 2733 ad
460 2706 602 2742 pecuniam
615 2705 779 2744 confugisse.

379 165 563 193 ORATIO
595 164 684 192 PRO
716 164 748 192 A.
781 163 1044 192 CLUENTIO.
1078 164 1175 191 CAP.
1202 165 1317 191 3—8.

33 239 144 270 famam,
163 242 189 264 at
202 237 276 265 illam
290 238 376 273 ipsam
390 241 493 264 noctem
507 236 632 272 facesque
646 235 705 263 illas
718 236 826 271 nuptia·
847 236 851 275 Ι

1621 165 1669 191 375

933 236 975 262 2¹.
996 235 1106 262 Larinas
1119 234 1250 270 quaedam
1269 234 1320 261 fuit
1333 234 1443 265 Dinaea,
1464 243 1556 261 socrus
1570 234 1671 269 Oppia—

878 273 944 304 nici,
963 281 1033 308 quae
1051 272 1120 299 filios
1138 272 1233 299 habuit
1245 273 1281 298 M.
1301 277 1326 299 et
1344 272 1502 298 Numerium
1516 272 1625 302 Aurios,
1646 276 1672 298 et

879 310 927 336 Cn.
946 310 1065 346 Magium
1085 315 1111 336 et
1128 309 1209 336 filiam
1227 310 1355 346 Magiam,
1379 313 1490 344 nuptam
1514 308 1670 344 Oppianico.

878 347 915 374 M.
929 348 1029 374 Aurius
1048 346 1276 378 adolescentulus,
1296 346 1366 373 bello
1379 346 1470 373 Italico
1488 351 1581 381 captus
1600 346 1672 380 apud

878 384 1017 416 Asculum,
1034 385 1061 411 in
1075 384 1106 417 Q.
1122 384 1208 420 Sergii
1222 385 1361 415 senatoris,
1378 384 1445 415 eius,
1461 384 1508 419 qui
1522 385 1591 410 inter
1604 384 1673 409 sica-

879 422 932 449 rios
945 422 1087 448 damnatus
1101 426 1155 453 est,
1176 430 1271 448 manus
1285 421 1392 452 incidit,
1412 426 1438 447 et
1455 421 1528 456 apud
1545 429 1607 447 eum
1622 420 1674 447 fuit

878 460 906 486 in
925 459 1070 495 ergastulo.
1110 460 1255 485 Numerius
1269 463 1357 485 autem
1371 459 1483 490 Aurius,
1504 458 1584 485 frater
1602 458 1671 488 eius,

879 501 1001 523 mortuus
1019 501 1071 528 est,
1091 496 1272 531 heredemque
1286 496 1334 523 Cn.
1349 497 1467 531 Magium
1486 495 1593 522 fratrem
1612 495 1674 522 reli—

879 534 947 569 quit.
988 534 1079 561 Postea
1098 534 1197 569 Magia,
1222 542 1290 560 uxor
1313 533 1467 568 Oppianici,
1491 538 1596 560 mortua
1617 537 1670 559 est:

880 575 1014 606 postremo
1027 579 1098 597 unus
1114 571 1162 606 qui
1176 570 1298 606 reliquus
1317 575 1372 597 erat
1385 571 1498 597 Dinaeae
1516 570 1602 602 filius,
1623 570 1672 596 Cn.

880 609 998 644 Magius,
1018 612 1059 635 est
1076 613 1208 634 mortuus.
1248 609 1272 634 Is
1291 608 1416 634 heredem
1434 607 1497 634 fecit
1515 608 1593 634 illum
1611 607 1674 633 ado-

881 645 1024 672 lescentem
1038 645 1231 680 Oppianicum,
1247 646 1344 672 sororis
1359 654 1423 671 suae
1438 645 1536 676 filium,
1557 653 1674 679 eumque

879 683 972 718 partiri
985 691 1048 709 cum
1061 683 1158 709 Dinaea
1172 687 1255 709 matre
1268 682 1356 708 iussit.
1385 683 1493 708 Interim
1507 683 1580 709 venit
1593 682 1674 709 index

880 721 914 747 ad
935 720 1073 751 Dinaeam,
1097 728 1186 755 neque
1207 720 1339 746 obscurus
1363 728 1450 754 neque
1472 720 1603 750 incertus,
1627 719 1675 754 qui

881 758 1014 784 nuntiaret
1024 758 1057 788 ei,
1074 757 1159 783 filium
1171 757 1240 788 eius,
1252 757 1288 783 M.
1299 757 1422 788 Aurium,
1439 757 1529 783 vivere
1540 757 1601 783 etin
1612 765 1676 791 agro

881 794 984 822 Gallico
996 803 1055 821 esse
1068 795 1096 821 in
1110 795 1247 821 servitute.
1270 796 1312 822 22.
1328 794 1432 825 Mulier,
1449 794 1556 820 amissis
1571 794 1673 824 liberis,

880 841 966 868 quum
988 833 1070 859 unius
1093 832 1141 858 filii
1163 831 1338 867 recuperandi
1359 840 1422 866 spes
1444 835 1515 858 esset
1536 836 1673 861 ostentata,

881 878 974 897 omnes
991 878 1055 897 suos
1074 870 1238 904 propinquos
1259 869 1362 904 filiique
1380 869 1423 895 sui
1437 869 1600 895 necessarios
1613 877 1677 895 con-

880 907 998 939 vocavit,
1018 911 1045 934 et
1057 907 1090 934 ab
1104 907 1137 933 iis
1151 906 1216 933 flens
1230 907 1337 942 petivit,
1360 911 1391 933 ut
1403 906 1541 942 negotium
1555 906 1677 940 suscipe-

880 949 951 976 rent,
980 944 1175 972 adolescentem
1197 944 1404 980 investigarent,
1433 944 1486 970 sibi
1507 944 1678 970 restituerent

880 991 943 1010 eum
961 982 1061 1014 filium,
1084 991 1167 1017 quem
1189 986 1277 1008 tamen
1300 990 1385 1008 unum
1407 989 1440 1008 ex
1460 980 1553 1007 multis
1572 980 1677 1007 fortuna

880 1019 1016 1056 reliquum
1030 1028 1089 1046 esse
1103 1019 1242 1046 voluisset.
1272 1019 1341 1046 Haec
1354 1027 1440 1054 quum
1454 1027 1531 1054 agere
1544 1018 1678 1045 instituis-

880 1062 933 1089 set,
953 1066 1080 1092 oppressa
1099 1057 1191 1084 morbo
1208 1061 1257 1084 est.
1298 1058 1389 1092 Itaque
1407 1060 1596 1083 testamentum
1616 1055 1678 1082 feeit

880 1095 1026 1127 eiusmodi,
1051 1099 1081 1122 ut
1098 1094 1139 1121 illi
1157 1094 1211 1121 filio
1228 1094 1284 1121 H-S
1303 1102 1445 1120 ccccioooo
1463 1093 1548 1120 millia
1568 1093 1675 1129 legaret,

881 1133 1006 1159 heredem
1020 1132 1171 1159 institueret
1184 1131 1309 1158 eumdem
1324 1131 1402 1158 illum
1416 1131 1608 1166 Oppianicum,
1631 1139 1678 1157 ne-

881 1175 970 1205 potem
988 1178 1084 1197 suum:
1112 1174 1193 1204 atque
1210 1169 1253 1196 his
1272 1169 1368 1196 diebus
1386 1170 1480 1204 paucis
1501 1173 1542 1195 est
1563 1172 1676 1195 mortua.

881 1207 1028 1243 Propinqui
1041 1212 1129 1234 tamen
1144 1207 1192 1238 illi,
1209 1206 1436 1242 quemadmodum
1450 1206 1511 1233 viva
1525 1206 1622 1232 Dinaea
1636 1206 1678 1232 in-

881 1246 1031 1277 stituerant,
1047 1245 1092 1276 ita,
1106 1248 1209 1271 mortua
1219 1244 1273 1276 illa,
1290 1244 1323 1270 ad
1334 1243 1553 1279 investigandum
1563 1243 1678 1270 Aurium

881 1291 943 1309 cum
961 1283 1054 1310 eodem
1072 1282 1120 1309 illo
1137 1282 1225 1309 indice
1246 1282 1273 1308 in
1296 1290 1391 1317 agrum
1410 1281 1544 1308 Gallicum
1567 1280 1679 1316 profecti

881 1324 954 1348 sunt.
994 1320 1061 1347 VIII.
1082 1321 1125 1348 23.
1147 1319 1255 1346 Interim
1270 1319 1449 1354 Oppianicus,
1465 1323 1495 1345 ut
1508 1323 1576 1350 erat,
1598 1318 1677 1345 sicuti

881 1357 975 1384 multis
989 1365 1023 1384 ex
1035 1357 1116 1384 rebus
1130 1357 1282 1392 reperietis,
1299 1356 1430 1392 singulari
1444 1356 1543 1383 scelere
1556 1358 1582 1383 et
1595 1355 1679 1382 auda-

881 1396 935 1426 cia,
959 1403 1008 1430 per
1030 1394 1174 1430 quemdam
1196 1393 1378 1425 Gallicanum,
1404 1393 1562 1420 familiarem
1585 1402 1676 1424 suum,

882 1433 1000 1468 primum
1026 1432 1105 1458 illum
1131 1431 1247 1458 indicem
1273 1432 1386 1467 pecunia
1412 1431 1544 1466 corrupit:
1581 1430 1678 1457 deinde

881 1471 972 1506 ipsum
986 1469 1113 1501 Aurium,
1134 1478 1187 1496 non
1201 1477 1297 1504 magna
1311 1469 1411 1495 iactura
1430 1468 1510 1500 sacta,
1530 1468 1677 1495 tollendum

882 1507 1153 1542 interficiendumque
1166 1507 1279 1533 curavit.
1320 1506 1361 1532 Illi
1375 1510 1477 1537 autem,
1498 1506 1545 1541 qui
1559 1510 1632 1532 erant
1646 1505 1679 1531 ad

882 1546 1065 1580 propinquum
1082 1544 1301 1580 investigandum
1319 1548 1344 1570 et
1361 1543 1572 1578 recuperandum
1592 1542 1680 1578 profe-

882 1583 931 1614 cti,
957 1582 1057 1609 litteras
1076 1582 1203 1608 Larinum
1221 1581 1254 1608 ad
1272 1582 1382 1612 Aurios,
1406 1581 1480 1608 illius
1503 1580 1679 1607 adolescentis

883 1619 1048 1655 propinquos
1062 1628 1181 1654 suosque
1195 1619 1372 1650 necessarios,
1389 1619 1511 1650 mittunt,
1540 1618 1592 1644 sibi
1607 1617 1681 1644 disii-

882 1657 961 1684 cilem
975 1665 1034 1683 esse
1048 1656 1228 1692 investigandi
1246 1657 1389 1687 rationem,
1409 1655 1482 1691 quod
1500 1655 1681 1689 intelligerent

883 1694 999 1722 indicem
1013 1694 1047 1721 ab
1060 1694 1208 1729 Oppianico
1221 1702 1280 1720 esse
1293 1698 1458 1728 corruptum.
1493 1692 1564 1725 Quas
1580 1693 1680 1719 litteras

882 1732 914 1760 A.
930 1732 1039 1763 Aurius,
1056 1733 1097 1758 vir
1110 1731 1185 1759 sortis
1200 1736 1225 1758 et
1238 1732 1379 1766 experiens
1393 1735 1418 1758 et
1431 1730 1503 1757 domi
1518 1730 1626 1761 nobilis,
1642 1730 1678 1756 M.

883 1769 958 1797 illius
968 1769 1044 1796 Aurii
1055 1770 1232 1805 propinquus,
1249 1769 1276 1795 in
1288 1768 1342 1796 soro
1352 1768 1449 1803 palam,
1465 1767 1558 1795 multis
1569 1767 1681 1794 audien-

884 1808 966 1839 tibus,
982 1815 1069 1842 quum
1079 1807 1184 1833 adesset
1194 1806 1368 1842 Oppianicus,
1385 1806 1484 1837 recitat,
1497 1810 1522 1832 et
1532 1805 1680 1832 clarissima

883 1854 957 1878 voce,
973 1853 1003 1871 se
1017 1853 1113 1872 nomen
1127 1844 1277 1879 Oppianici,
1293 1844 1317 1870 si
1331 1843 1500 1870 interiectum
1515 1843 1550 1870 M.
1566 1843 1679 1870 Aurium

882 1883 1070 1920 comperisset,
1094 1881 1245 1910 delaturum
1268 1890 1327 1908 esse
1347 1886 1467 1908 testatur.
1508 1882 1550 1907 et.
1572 1881 1680 1907 Interim

883 1922 959 1949 brevi
973 1925 1091 1957 tempore
1104 1921 1154 1952 illi,
1170 1921 1218 1956 qui
1233 1923 1307 1947 erant
1320 1919 1347 1946 in
1361 1927 1456 1955 agrum
1471 1918 1605 1946 Gallicum
1620 1926 1681 1953 pro-

883 1959 954 1991 fecti,
970 1959 1098 1986 Larinum
1113 1962 1296 1986 revertuntur:
1319 1956 1486 1984 intersectum
1501 1964 1560 1983 esse
1575 1956 1610 1982 M.
1626 1956 1681 1982 Au-

883 1997 954 2024 rium
968 1997 1130 2024 renuntiant.
1170 1995 1261 2023 Animi
1280 2003 1332 2022 non
1350 1994 1438 2021 solum
1458 1994 1679 2029 propinquorum.

884 2034 931 2061 sed
946 2035 1024 2061 etiam
1039 2035 1159 2061 omnium
1170 2033 1334 2060 Larinatium
1345 2032 1406 2059 odio
1416 2031 1556 2066 Oppianici
1567 2035 1592 2057 et
1607 2030 1681 2057 illius

884 2071 1059 2098 adolescentis
1069 2070 1250 2098 misericordia
1260 2074 1471 2097 commoventur.
1494 2070 1584 2103 ltaque
1595 2076 1681 2103 quum

885 2110 916 2136 A.
932 2109 1045 2140 Aurius,
1061 2109 1097 2140 is,
1114 2109 1161 2144 qui
1177 2112 1252 2134 antea
1267 2107 1448 2137 denuntiarat,
1465 2106 1580 2133 claruere
1594 2105 1682 2132 homi-

884 2155 945 2173 nem
960 2155 990 2173 ac
1003 2147 1084 2173 minis
1099 2146 1205 2181 insequi
1223 2145 1368 2179 coepisset,
1389 2145 1485 2170 Larino
1504 2143 1635 2179 profugit,
1656 2147 1682 2168 et

883 2192 912 2210 se
926 2184 953 2210 in
967 2188 1052 2210 castra
1066 2183 1210 2210 clarissimi
1224 2183 1284 2213 viri,
1300 2181 1329 2214 Q.
1346 2181 1458 2212 Metelli,
1474 2180 1596 2208 eontulit.
1638 2181 1679 2206 2¹5.

884 2221 946 2248 Post
959 2220 1033 2247 illam
1048 2220 1153 2257 fugam,
1176 2224 1202 2247 et
1218 2219 1326 2246 sceleris
1341 2224 1367 2246 et
1384 2219 1560 2246 conscientiae
1575 2222 1679 2248 testem,

885 2267 1033 2293 numquam
1047 2266 1076 2284 se
1089 2257 1211 2288 iudiciis,
1227 2265 1376 2291 numquam
1391 2255 1511 2292 legibus,
1532 2263 1679 2289 numquam

884 2297 1014 2322 inermem
1028 2295 1146 2321 inimicis
1160 2294 1325 2321 committere
1334 2302 1417 2320 ausus
1427 2298 1476 2324 est,
1492 2292 1539 2319 sed
1551 2301 1597 2327 per
1607 2291 1680 2317 illam

884 2333 914 2360 L.
933 2332 1023 2359 Sullae
1042 2333 1097 2359 vim
1115 2337 1194 2366 atque
1217 2332 1353 2358 victoriani
1376 2331 1501 2357 Larinum
1526 2330 1551 2356 in
1575 2337 1683 2355 summo

885 2371 978 2397 timore
995 2370 1117 2396 omnium
1135 2377 1197 2395 cum
1215 2369 1324 2394 armatis
1343 2367 1489 2396 advolavit.
1514 2366 1682 2402 ‹martinon-vi-

885 2416 936 2439 νος,
951 2415 1020 2442 quos
1035 2406 1186 2441 municipes
1200 2405 1324 2436 fecerant,
1340 2405 1464 2435 sustulit;
1485 2414 1513 2430 so
1527 2414 1540 2429 a
1557 2403 1640 2434 Sulla,
1656 2408 1682 2429 et

885 2444 951 2471 alios
966 2449 1097 2479 praeterea
1113 2448 1166 2470 tres
1181 2443 1262 2469 suetos
1276 2451 1335 2469 esso
1345 2442 1427 2469 dixit:
1443 2447 1470 2468 et
1480 2442 1512 2467 ab
1523 2441 1616 2468 eodem
1629 2440 1680 2466 sibi

885 2491 944 2509 esso
961 2482 1135 2516 imperatum,
1156 2485 1186 2507 ut
1199 2480 1313 2507 Aurium
1328 2479 1418 2510 illum,
1439 2479 1486 2514 qui
1505 2479 1556 2505 sibi
1571 2477 1681 2505 delatio-

887 2528 946 2546 nem
962 2519 1078 2545 nominis
1092 2523 1118 2545 et
1129 2518 1225 2553 capitis
1240 2516 1390 2552 periculum
1404 2521 1560 2546 ostentarat,
1577 2521 1603 2542 et
1616 2515 1682 2542 alt&

886 2565 946 2583 rum
964 2556 1077 2582 Aurium
1095 2561 1121 2582 et
1138 2556 1197 2582 eius
1212 2555 1240 2582 C.
1257 2554 1342 2582 tilium
1361 2559 1387 2581 et
1404 2554 1467 2580 Sex.
1484 2554 1606 2583 Vibium,
1627 2561 1683 2588 quo

885 2598 1023 2629 sequestro
1041 2593 1068 2619 in
1087 2592 1133 2620 illo
1151 2593 1238 2620 indice
1258 2591 1453 2626 corrumpendo
1470 2591 1609 2618 dicebatur
1623 2598 1682 2616 esso

886 2639 966 2663 usus,
987 2630 1190 2665 proscribendos
1208 2629 1459 2664 interficiendosque
1477 2634 1589 2655 curaret.
1631 2629 1682 2654 lta-

885 2677 947 2704 que,
963 2667 1018 2694 illis
1032 2667 1218 2694 crudelissime
1233 2666 1388 2697 intersectis,
1406 2675 1457 2693 non
1470 2666 1596 2693 mediocri
1607 2665 1641 2692 ab
1651 2674 1682 2691 eo

885 2706 965 2734 ceteri
979 2706 1179 2742 proscriptionis
1193 2710 1219 2732 et
1232 2705 1325 2733 mortis
1339 2709 1411 2732 metu
1427 2704 1601 2731 terrebantur.
1636 2703 1682 2728 ilis
