1941 3052
808 136 864 161 tm.
899 134 934 161 M.
964 134 995 161 T.
1026 134 1069 161 CI

247 139 307 165 {0:55

243 210 337 237 harum
355 216 441 234 reruni
459 207 592 232 humanus
608 206 715 230 animus
725 209 765 230 cst
778 212 884 239 expers.
925 204 972 230 Sin
985 212 1034 230 au·
1060 206 1063 221 ¹

243 252 296 274 tem
317 251 357 272 est
375 245 468 279 «plinta
489 242 620 277 qum-dnm
642 247 748 271 nnturn,
775 242 808 267 ab
830 241 969 267 Aristotele
992 241 1033 268 in·
1060 244 1062 283 ᾖ

241 284 320 310 ducta
343 283 473 316 priunum:
501 279 565 305 hae(-
585 283 610 304 et
630 278 741 304 deorum
762 283 802 305 est
822 283 847 305 et
870 279 1032 305 animorum.

243 321 350 347 XXVII,
367 321 408 344 oti.
423 318 492 343 Ilanc
504 325 550 342 nos
563 317 720 342 sententiam
732 316 827 346 secuti,
841 316 883 342 his
894 315 961 350 ipsis
974 324 1033 342 ver·
1060 339 1061 342 ,

243 358 284 384 bis
302 358 326 382 in
347 354 525 381 consolatione
547 353 612 379 haec
632 354 826 388 expressimus.
867 355 1033 379 »Animorum

240 397 311 420 nullu
329 397 353 419 in
369 395 445 419 terris
460 394 531 424 oriyo
546 393 655 417 n'rweniri
668 395 756 424 polest.
797 391 867 417 Nihil
881 393 947 416 enim
959 393 1033 417 estin
1060 382 1062 408 Ι

240 434 333 457 intimis
344 432 451 456 mixtum
462 433 538 462 atque
549 433 704 458 concretum,
721 434 765 455 aut
782 430 848 462 quor!
861 437 894 453 ez
905 433 975 454 [erra
985 436 1033 453 na-

239 474 291 495 tum
308 473 383 501 atque·
398 469 483 499 fictum
497 475 549 491 esse
566 467 698 491 videatur:
721 467 785 491 nint!
799 474 830 490 ne
844 470 889 491 ιιιιι
903 467 1033 491 hunn'dum

239 507 347 539 quidem,
359 509 404 530 (rut
415 505 499 535 flabile
509 509 554 529 aut
566 506 675 536 iyncum.
711 502 757 529 llis
768 505 871 529 enimin
882 505 983 528 naturis
992 504 1033 527 m'-
1060 512 1062 517 ’

239 544 274 568 lii!
285 545 356 570 inest,
364 543 430 575 quod
441 544 488 566 vim
502 543 644 570 memoriae,
655 543 753 570 mentis,
762 542 923 573 coqitationis
933 541 1031 569 tumeat,

238 581 305 613 quod
320 584 342 605 ct
356 580 496 611 praeterita
513 582 594 604 teneat
609 583 632 604 et
646 580 736 611 snitum
745 580 880 611 provideat
891 582 913 603 ct
925 578 1033 610 comple-

239 619 273 643 cti
282 619 361 649 possit
370 618 529 649 praesentia:
543 624 609 649 qum·
618 616 674 642 solu
685 617 774 641 dicina
783 619 854 644 sunt,
866 623 911 640 nee
923 616 1034 640 invenie-

238 659 281 680 tur
292 662 419 687 umquam,
431 655 497 678 unde
506 655 541 678 utI
551 655 673 678 liorrtinem
684 655 770 678 venire
778 654 876 685 possint
888 654 940 678 niai
949 661 967 677 a
977 653 1031 677 deo.

237 691 386 724 Sinyularia
405 695 440 716 eat
456 692 535 723 iyitur
550 692 675 724 quaedum
690 695 785 716 natura
799 694 876 723 atquo
890 692 928 715 ria
942 690 1031 717 animi.

236 731 353 755 seiuncta
362 730 395 754 ab
405 729 444 753 his
454 730 557 753 asilaus
567 730 681 761 noli'sque
692 729 802 753 natums.
843 726 896 756 ΙΙα,
909 727 1034 760 quidquid

237 770 272 792 cst
285 767 356 795 illud,
369 767 436 799 quod
446 768 529 795 sentit,
543 767 608 798 quod
619 767 699 797 sapit,
711 766 778 798 quod
789 766 864 793 vicit,
879 766 946 797 quod
958 765 1031 797 riyet,

238 804 343 829 metesu-
353 807 375 828 οι
386 804 513 832 divinum,
535 804 564 828 ob
574 811 678 835 eantque
688 811 741 827 rem
751 806 882 827 aeternum
891 803 925 827 ait
936 808 1033 827 necesse
1060 817 1063 835 ,

237 845 283 866 cst.
324 839 376 866 Nec
392 848 450 865 cero
464 841 525 865 deus
540 842 605 872 ipse,
623 841 667 872 qui
682 841 836 872 intellfqitur
849 847 866 864 α
881 840 964 867 nobis,
980 839 1033 864 σΙίο

236 879 310 903 modo
321 878 429 909 intemyi
437 881 526 909 potest,
538 879 589 902 uisi
600 885 668 902 mens
677 878 761 902 solnm
771 878 897 910 quaedam
908 880 931 901 et
942 877 1031 904 libera,

236 918 368 948 seyreyata
375 916 407 940 ab
413 916 480 939 omni
491 916 648 939 concretione
659 915 769 943 mortali,
781 915 915 947 omniaque
924 915 1034 938 sentiens
1060 928 1062 938 I

236 956 259 982 rt
270 959 378 981 mot-ens,
392 954 496 984 ipsaque
505 953 623 984 praedita
636 955 702 977 motu
713 953 893 984 sempiterna«
922 950 964 976 67.
980 950 1032 976 Hoc

234 988 251 1015 c
261 997 359 1025 genere
371 992 450 1023 atque
461 988 553 1014 eadem
565 996 578 1014 e
591 993 682 1014 natura
694 993 734 1014 est
746 988 862 1013 humana
875 995 961 1013 mens.

292 1025 344 1052 Ubi
360 1026 455 1061 igitur,
477 1030 523 1051 aut
537 1025 626 1060 qualis
641 1030 680 1052 cst
697 1026 744 1051 ista
758 1024 852 1051 mcns‘?
869 1025 920 1051 Ubi
933 1029 975 1050 tua
987 1029 1033 1050 aut

235 1062 344 1098 qualis?
354 1067 464 1097 potesne
475 1062 583 1088 dicen-ei>
594 1072 636 1091 an,
645 1063 667 1088 si
679 1063 768 1088 omnia
780 1062 813 1088 ad
825 1061 1031 1097 intelligendum

236 1109 288 1127 non
302 1099 395 1130 liabeo.
411 1108 480 1134 quae
492 1100 590 1126 habere
603 1099 713 1130 vellem,
731 1108 763 1125 ne
775 1100 809 1126 iis
820 1099 945 1134 quidem,
962 1106 1031 1134 quae

236 1137 335 1168 habeo,
351 1137 418 1163 mihi
430 1145 477 1171 per
492 1142 515 1163 te
527 1138 565 1163 uti
581 1136 689 1163 licebit?
708 1138 764 1163 Non
778 1136 847 1163 valet
858 1141 960 1162 tantum
973 1137 1032 1162 ani-

236 1183 306 1205 mus,
320 1179 349 1201 ut
363 1183 422 1200 sese
434 1175 492 1209 ipse
505 1174 602 1200 videat.
643 1174 684 1205 At,
701 1179 730 1200 ut
741 1173 849 1204 oculus,
863 1174 901 1199 sic
913 1174 1029 1203 animus,

235 1220 264 1238 se
280 1220 331 1238 non
349 1211 457 1241 videns,
475 1211 526 1237 alia
542 1212 637 1238 cernit.
678 1212 734 1238 Non
749 1211 822 1237 videt
838 1216 942 1239 autem.
959 1210 1030 1245 quod
1052 1212 1061 1224 '¹

235 1250 379 1276 minimum
392 1253 444 1278 est.
463 1248 575 1275 formam
586 1257 673 1275 suam.
715 1249 848 1275 Fortasse!
865 1256 1030 1283 quamquam

234 1286 262 1313 id
274 1294 396 1320 quoque:
410 1285 457 1311 sed
469 1285 669 1320 relinquamus:
686 1287 741 1312 vim
754 1290 832 1315 certe,
847 1286 1028 1321 sagacitatem,

236 1324 401 1353 memoriam,
416 1328 527 1354 motum,
541 1323 702 1349 celeritatem
715 1323 798 1349 videt.
839 1323 908 1349 Ilaec
922 1331 1028 1358 magna,

234 1360 299 1387 haec
311 1360 413 1391 divina,
427 1360 491 1386 haec
502 1361 664 1396 sempiterna
676 1365 748 1388 suut.
770 1360 827 1392 Qua
841 1359 907 1386 facie
918 1360 1030 1395 quidem

233 1399 269 1424 sit
280 1402 325 1424 aut
337 1397 383 1423 ubi
396 1397 506 1429 habitet,
521 1406 553 1424 ne
567 1397 753 1433 quaerendum
764 1397 876 1432 quidem
888 1402 936 1424 est.

289 1434 408 1461 XXVIII.
420 1435 462 1466 Ut,
471 1443 557 1470 quum
569 1435 695 1461 videmus
706 1436 824 1470 speciem
835 1435 955 1469 primum
967 1442 1031 1461 can-

233 1471 380 1507 doremque
392 1472 472 1499 caeli:
500 1474 541 1499 68.
563 1472 660 1499 deinde
671 1473 856 1499 conversionis
867 1471 1030 1498 celeritatem
1058 1495 1060 1508 ‚

233 1514 342 1540 tautam,
351 1514 478 1544 quantam
489 1510 604 1545 cogitare
616 1518 667 1536 non
679 1518 838 1544 possumus3
852 1514 909 1536 tum
922 1509 1031 1535 vicissi-

233 1546 340 1573 tudines
361 1547 466 1573 dierum
488 1552 567 1582 atque
592 1548 725 1578 noctium,
753 1547 1030 1581 commutationesque
1051 1534 1060 1582 2¹,

232 1589 383 1619 temporum
396 1584 619 1619 quadripartitas,
640 1584 672 1610 ad
688 1585 868 1611 maturitatem
884 1583 993 1620 frugum
1005 1588 1031 1610 et
1051 1588 1059 1614 ξ’

232 1620 265 1647 ad
278 1622 497 1656 temperationem
509 1630 649 1656 corporum
657 1627 740 1656 aptas,
749 1630 896 1656 eorumque
907 1621 1029 1648 omnium
1051 1623 1059 1660 ι’1

232 1658 426 1685 moderatorem
433 1659 561 1685 etducem
572 1659 670 1691 solem,
689 1659 834 1694 lunamque
846 1659 993 1685 accretione
1004 1663 1030 1685 et
1050 1659 1053 1680 1

231 1695 416 1722 deminutione
427 1695 635 1731 luminis,quasi
646 1695 774 1723 fastorum
785 1697 863 1726 notis,
877 1696 1029 1732 signantem
1050 1702 1053 1730 f

232 1732 303 1765 dies;
328 1737 384 1759 tum
406 1734 432 1759 in
453 1733 547 1760 eodem
567 1733 645 1764 orbe,
669 1735 696 1760 in
710 1742 750 1759 xn
767 1738 856 1768 partes
871 1733 1026 1764 distributo¹
1049 1736 1052 1795 y

232 1771 354 1805 quinque
369 1770 460 1797 stellas
476 1770 552 1802 ferri,
575 1770 683 1797 cosdem
699 1779 796 1796 cursus
811 1771 1028 1797 constantissime
1056 1766 1059 1787 ¹

231 1813 383 1839 servantes,
402 1807 558 1842 disparibus
574 1808 644 1834 inter
658 1817 686 1834 se
702 1807 834 1838 motibus.
856 1812 1029 1834 nocturnam-

231 1853 285 1879 que
305 1844 371 1871 caeli
392 1844 504 1871 sormam
525 1844 646 1880 undique
661 1844 799 1871 sideribus
813 1850 946 1877 ornatam,
971 1850 1027 1872 tum
1050 1871 1051 1883 χ

231 1881 343 1917 globum
358 1886 442 1908 terrae
463 1882 626 1908 eminentem
647 1890 661 1907 e
682 1882 762 1911 mari,
786 1881 870 1908 fixum
891 1882 918 1908 in
938 1882 1028 1909 medio
1050 1890 1051 1897 ¹

232 1918 328 1945 mundi
342 1919 463 1945 universi
480 1919 549 1949 Ioco,
565 1918 671 1945 duabus
682 1919 736 1945 oris
747 1918 911 1945 distantibus
924 1919 1029 1946 habita·
1049 1922 1051 1944 !

231 1955 315 1982 bilem
335 1961 361 1982 et
379 1955 496 1982 cultum:
519 1964 634 1990 quarum
654 1955 748 1987 altera,
771 1965 852 1991 quam
869 1964 917 1982 nos
933 1956 1028 1983 incoli-

232 2001 303 2024 mus,

305 2031 352 2056 sub
363 2033 415 2056 tire
424 2033 507 2063 posita
518 2032 552 2056 ad
562 2032 649 2056 stellas
658 2035 758 2063 septem,
773 2033 839 2056 unde
849 2031 961 2064 horrifer
1047 1963 1058 2076 i.

305 2069 435 2100 aquilonis
444 2069 542 2093 stridor
551 2069 648 2100 yelidas
658 2069 761 2094 molitur
773 2071 854 2100 Πίερες
1048 2079 1049 2107 ἶ

231 2103 312 2131 altera
333 2104 472 2135 australis,
494 2105 584 2140 ignota
605 2104 697 2135 nobis,
720 2113 802 2139 quam
821 2109 917 2131 vocant
931 2104 1026 2131 Graeci

231 2141 392 2175 ἀντίχθοναῑ
418 2143 460 2167 69.
476 2146 577 2168 ceteras
588 2147 676 2176 partes
688 2141 816 2173 incultas,
835 2141 908 2176 quod
922 2147 967 2169 aut
980 2141 1027 2169 fri-

230 2186 294 2214 gore
305 2178 408 2214 rigeant
419 2183 463 2205 aut
474 2183 586 2205 urantur
596 2178 696 2205 calore:
714 2179 758 2205 hic
769 2184 873 2209 autem,
887 2179 935 2206 ubi
947 2179 1025 2206 habi-

231 2220 328 2246 tamus,
343 2224 394 2242 non
406 2216 557 2242 intermittit
567 2224 617 2242 suo
629 2221 747 2251 tempore

284 2286 285 2289 Ἴ
304 2255 401 2279 coeItIm
413 2256 541 2282 nitescere,
557 2255 662 2280 ‹irbores
670 2255 837 2287 frondescere,

253 2289 255 2294 ’
284 2292 286 2294 ’
302 2292 366 2316 vites
376 2291 500 2323 laetificae
507 2293 636 2324 prtmpim‘s
644 2292 786 2324 pubescere,

303 2335 358 2353 ram
363 2329 372 2353 1¹
382 2329 458 2353 bacca
463 2336 518 2353 rum
531 2329 643 2354 ubertate
654 2330 836 2359 incurvescere,

303 2369 395 2397 seqctes
409 2365 502 2398 largiri
511 2367 606 2398 fruycs.
621 2367 711 2397 llorere
722 2367 814 2395 onmia,
1053 2327 1056 2404 i

302 2403 382 2434 sontes
394 2407 499 2432 scatere,
515 2404 599 2428 herbis
607 2405 686 2435 ρνάια
697 2405 875 2428 convestirier.-
1053 2405 1055 2437 l

230 2442 287 2464 tum
303 2438 505 2465 multitudinem
521 2438 671 2473 pecudum.
688 2440 786 2473 partim
802 2439 835 2465 ad
846 2439 1020 2471 vescendum,
1052 2444 1055 2462 ¹

229 2475 326 2508 partim
337 2474 370 2501 ad
381 2475 470 2502 cultus
481 2484 616 2511 agrorum,
632 2477 729 2510 partim
740 2476 773 2502 ad
784 2476 948 2508 vehendum,
961 2485 1024 2512 par-
1052 2467 1055 2484 ¹

229 2512 278 2537 tim
293 2511 326 2537 ad
340 2520 450 2546 corpora
465 2512 616 2545 vestienda,
636 2513 826 2548 hominemque
842 2514 933 2548 ipsum
944 2515 1023 2549 quasi

229 2548 464 2583 contemplatorem
479 2550 546 2576 caeIi
567 2558 597 2576 ac
618 2550 730 2576 deorum
745 2551 921 2586 ipsorumque
936 2551 1023 2578 culto-

229 2592 298 2615 rem;
312 2590 391 2619 atque
406 2585 524 2612 hominis
535 2587 643 2614 utiIitati
655 2595 732 2623 agros
742 2596 835 2614 omnes
845 2593 870 2614 et
881 2589 964 2615 maria
975 2597 1024 2623 pa-

229 2622 326 2648 rentia:
339 2637 375 2641 —
392 2623 434 2648 70.
448 2623 512 2650 haec
527 2625 610 2659 igitur
619 2629 645 2651 et
655 2625 706 2651 alia
718 2625 925 2652 innumerabilia
936 2634 1022 2661 quum

227 2660 374 2689 cernimus,
387 2667 567 2694 possumusne
578 2661 710 2693 dubitare,
727 2662 794 2697 quin
805 2661 849 2688 his
859 2663 959 2697 praesit
972 2663 1023 2690 ali-

1060 620 1062 626 ’
1084 613 1255 648 spirabilem:
1272 614 1339 640 nihil
1350 614 1383 640 ad
1395 614 1436 645 id,
1449 614 1482 641 de
1495 623 1550 650 quo
1560 615 1677 650 agimus.

1084 133 1301 160 CERONIS

1084 205 1146 240 quis
1159 204 1200 230 vel
1211 204 1325 235 effector,
1339 205 1361 231 si
1374 204 1438 231 hacc
1449 211 1507 232 nata
1519 211 1591 236 sunt.
1605 205 1741 233 utI‘latoni
1754 206 1872 240 videtum

1085 241 1136 271 vel.
1149 242 1172 267 si
1184 250 1290 276 semper
1302 241 1417 272 luerunt,
1432 247 1460 269 ut
1471 243 1604 270 Aristoteli
1615 243 1709 278 placet.
1727 244 1876 271 moderator

1085 280 1148 305 tanti
1160 279 1249 313 operis
1260 284 1286 305 et
1296 279 1435 306 muneris?
1448 280 1491 306 Sic
1503 286 1618 307 mentem
1631 281 1761 311 hominis.
1777 290 1876 316 quam-

1086 317 1126 342 vis
1141 324 1200 342 cam
1217 325 1268 342 non
1284 316 1390 347 videas,
1408 322 1436 343 ut
1450 316 1531 343 deum
1547 326 1598 344 non
1613 317 1703 344 vides.-
1727 323 1828 348 umen.
1847 323 1878 346 ut

1060 349 1061 367 ³
1084 352 1165 379 deum
1189 354 1313 388 agnoscis
1335 362 1369 380 ex
1388 354 1517 388 operibus
1539 355 1612 385 eius,
1634 356 1674 381 sic
1693 364 1727 382 ex
1747 356 1877 382 memoria

1085 399 1172 416 rerum
1193 395 1219 416 et
1238 391 1404 420 inventione,
1427 396 1452 417 ct
1471 391 1605 418 celeritate
1625 397 1725 423 motus.
1747 394 1878 428 omnique

1085 427 1286 462 pulchritudine
1303 429 1410 454 virtutis
1423 429 1476 454 vim
1488 428 1609 455 divinam
1621 430 1717 456 mentis
1729 430 1875 465 agnoscito.

1085 464 1184 491 xxix.
1207 465 1234 491 ln
1252 473 1306 499 quo
1321 466 1403 500 igitur
1419 466 1476 492 Ioco
1489 465 1546 492 est‘?
1561 466 1646 493 Credo
1655 466 1783 502 equidem
1795 468 1820 494 in
1832 476 1878 493 ca-

1084 502 1151 537 pite.
1165 507 1200 532 et,
1212 510 1260 528 cur
1270 502 1387 533 credam,
1400 502 1492 529 afferre
1503 512 1623 538 possum.
1645 503 1698 530 Sed
1709 504 1788 530 alias:
1805 513 1878 531 nuuc

1085 539 1182 565 ubiubi
1198 540 1232 565 sit
1243 540 1363 570 animus,
1379 545 1450 566 certe
1463 540 1574 575 quidem
1587 541 1614 567 in
1626 545 1650 567 te
1661 546 1711 567 est.
1749 541 1824 574 Quae
1837 546 1878 568 est

1084 577 1108 602 ei
1121 576 1231 603 natura?
1247 577 1542 612 Propria,puto,ctsua.
1581 577 1632 604 Sed
1647 577 1688 604 Iac
1699 579 1819 613 igneam.
1837 578 1877 605 l'ac

1718 615 1786 642 Illud
1798 616 1878 642 modo

1085 651 1187 681 videto,
1205 656 1233 677 ut
1248 651 1330 677 deum
1346 652 1432 681 noris,
1450 653 1500 678 cui
1515 652 1575 678 cius
1590 652 1697 687 ignores
1711 657 1737 679 et
1753 652 1841 679 locum
1852 657 1878 679 et

1060 704 1062 709 ι
1085 688 1193 719 faciem,
1216 689 1255 714 sic
1268 689 1389 715 animum
1406 689 1455 715 tibi
1472 694 1548 716 tuum
1565 694 1656 716 notum
1670 697 1730 715 esse
1744 695 1876 724 oportere,

1060 735 1062 741 ’
1084 727 1163 752 ctiam
1178 726 1201 752 si
1218 726 1325 761 ignores
1340 731 1365 752 et
1381 725 1468 752 Iocum
1483 731 1509 753 et
1525 726 1647 753 formum.
1686 727 1729 753 7¹.
1751 727 1778 753 ln
1793 727 1877 753 animi

1084 768 1172 789 autem
1184 763 1335 798 cognitione
1347 763 1470 790 dubitare
1484 772 1536 790 non
1553 772 1712 798 possumus,
1730 765 1783 790 nisi
1798 763 1877 799 plane

1085 801 1111 827 in
1124 801 1245 836 physicis
1258 800 1379 835 plumbei
1390 809 1499 831 sumus,
1515 801 1582 835 quin
1595 801 1662 827 nihil
1674 802 1709 827 sit
1719 802 1818 828 animis
1829 800 1878 827 ad-

1084 839 1208 868 mixtum.
1223 837 1290 863 nihil
1302 843 1465 869 concretum,
1479 838 1546 865 nihil
1559 838 1723 873 copulatum.
1738 838 1806 865 nihil
1816 847 1878 865 ooa-

1083 879 1264 911 gmcntatum,
1282 875 1350 901 nihil
1361 875 1474 910 duplex.
1514 875 1591 907 Quod
1602 884 1688 910 quum
1701 876 1734 902 ita
1746 876 1794 904 sit.
1806 880 1877 902 certe

1084 921 1131 939 nec
1143 913 1255 943 secerni,
1270 920 1317 938 nec
1329 912 1425 942 dividi,
1439 921 1488 939 nec
1497 912 1629 947 discerpi.
1646 921 1694 939 nec
1705 913 1818 939 distrahi
1829 921 1878 948 ρο-

1084 955 1146 976 test:
1170 958 1218 976 nec
1239 950 1347 976 interire
1368 951 1460 986 igitur.
1501 950 1547 976 Est
1567 951 1638 976 enim
1659 950 1782 977 interitus
1797 950 1878 985 quasi

1083 987 1233 1018 discessus.
1256 991 1281 1013 ct
1296 988 1408 1013 secretio
1423 996 1453 1013 ac
1468 987 1619 1022 diremptus
1637 995 1730 1013 earum
1748 988 1876 1022 partium,

1083 1033 1152 1059 quae
1166 1029 1225 1050 ante
1237 1025 1373 1050 interitum
1386 1025 1522 1050 iunctione
1532 1024 1621 1059 aliqua
1633 1024 1801 1051 tenebantur.

1138 1061 1184 1087 nis
1204 1066 1230 1087 et
1244 1061 1343 1087 talibus
1359 1062 1508 1087 rationibus
1523 1061 1669 1090 adductus,
1687 1061 1808 1088 Socrates
1829 1069 1879 1087 nec

1082 1103 1224 1133 patronum
1240 1099 1376 1133 quaesivit
1391 1098 1422 1124 ad
1441 1099 1572 1125 iudicium
1587 1099 1698 1133 capitis,
1718 1107 1766 1125 nec
1779 1098 1879 1125 iudici-

1083 1136 1134 1162 bus
1146 1135 1262 1170 supplex
1275 1135 1337 1161 suit:
1355 1135 1534 1170 adhibuitque
1547 1135 1658 1162 liberam
1669 1133 1888 1166 contumaciam:

1082 1181 1096 1199 a
1109 1172 1295 1208 magnitudine
1308 1173 1392 1199 animi
1405 1172 1528 1203 ductam,
1546 1181 1598 1199 non
1610 1181 1624 1198 a
1635 1173 1776 1207 superbia:
1793 1177 1819 1199 et
1830 1181 1878 1198 su-

1082 1218 1174 1245 premo
1186 1210 1256 1236 vitae
1266 1209 1310 1235 die
1321 1209 1354 1236 de
1366 1209 1415 1236 hoc
1427 1211 1486 1244 ipso
1497 1209 1581 1236 multa
1592 1209 1734 1240 disseruit,
1747 1215 1773 1236 et
1783 1210 1878 1244 paucis

1082 1252 1142 1273 ante
1153 1247 1264 1277 diebus,
1281 1255 1366 1282 quum
1378 1247 1455 1273 facile
1466 1252 1556 1282 posset
1566 1247 1646 1273 educi
1657 1255 1671 1273 e
1681 1246 1817 1277 custodia.
1829 1255 1879 1273 no-

1083 1284 1145 1316 luit;
1159 1289 1183 1310 et
1193 1292 1278 1319 quum
1290 1292 1374 1318 paene
1386 1285 1414 1311 in
1425 1293 1507 1311 manu
1519 1285 1572 1310 iam
1584 1283 1751 1311 mortiferum
1764 1283 1878 1310 illudte·

1082 1321 1298 1356 neretpoculum.
1308 1321 1454 1348 locutusita
1466 1327 1514 1351 est,
1522 1327 1552 1348 ut
1563 1330 1615 1348 non
1625 1321 1658 1348 ad
1670 1327 1781 1348 mortem
1793 1320 1875 1352 trudi.

1082 1367 1176 1385 verum
1188 1359 1214 1385 in
1227 1358 1331 1385 caelum
1343 1358 1480 1386 videretur
1489 1359 1644 1386 escendere.
1675 1358 1764 1386 XXX.
1780 1359 1823 1386 72.
1840 1359 1878 1385 Ita

1081 1397 1154 1422 enim
1165 1396 1300 1427 censebat,
1309 1397 1399 1431 itaque
1411 1396 1552 1424 disseruit:
1566 1396 1634 1423 duas
1644 1404 1703 1423 esse
1709 1397 1776 1427 vias,
1784 1395 1878 1431 dupli·

1081 1442 1179 1469 cesque
1190 1442 1287 1460 cursus
1299 1434 1470 1461 animorume
1480 1442 1588 1469 corpore
1594 1433 1794 1460 excedentium.
1809 1434 1877 1460 Nam

1081 1472 1128 1506 qui
1140 1479 1168 1497 se
1180 1471 1307 1497 humanis
1319 1472 1393 1498 vitiis
1405 1472 1673 1501 contaminavissent,
1689 1476 1715 1498 et
1725 1479 1753 1497 se
1765 1476 1831 1498 totos
1843 1470 1878 1497 li-

1058 1511 1059 1526 ³
1082 1508 1224 1535 bidinibus
1239 1507 1421 1540 dedidissent,
1443 1509 1546 1544 quibus
1556 1509 1656 1535 caecati
1667 1508 1710 1535 vel
1721 1508 1877 1535 domesticis

1081 1546 1157 1572 vitiis
1173 1551 1252 1580 atque
1269 1545 1378 1581 flagitiis
1393 1555 1422 1573 se
1437 1547 1667 1581 inquinavissent,
1684 1545 1726 1572 vel
1738 1545 1878 1580 republica

1081 1582 1206 1609 violanda
1218 1582 1326 1609 fraudes
1337 1583 1516 1619 inexpiabiles
1522 1584 1717 1618 concepissent.
1726 1583 1877 1609 iisdevium

1081 1619 1217 1655 quoddam
1229 1620 1279 1647 iter
1292 1628 1364 1651 esse,
1382 1621 1520 1647 seclusum
1531 1629 1545 1647 a
1555 1620 1670 1647 concilio
1680 1620 1806 1647 deorum:
1827 1621 1876 1655 qui

1081 1663 1170 1684 autem
1181 1665 1210 1683 se
1222 1658 1339 1693 integros
1350 1663 1491 1693 castosque
1506 1658 1702 1688 servavissent,
1719 1657 1878 1692 quibusque

1081 1694 1177 1720 suisset
1192 1695 1303 1721 minima
1319 1703 1382 1722 cum
1397 1695 1556 1730 corporibus
1565 1696 1702 1730 contagio,
1719 1702 1832 1729 seseque
1842 1694 1876 1721 ab

1081 1731 1124 1758 his
1135 1740 1242 1766 semper
1252 1737 1436 1763 sevocassent,
1453 1737 1597 1767 essentque
1612 1733 1640 1758 in
1654 1732 1812 1766 corporibus
1823 1731 1877 1758 hu-

1081 1770 1168 1795 manis
1184 1770 1266 1795 vitam
1281 1770 1378 1796 imitati
1394 1769 1519 1801 deorum;
1544 1770 1586 1795 his
1602 1769 1635 1795 ad
1651 1768 1726 1798 illos.
1744 1777 1757 1796 a
1773 1768 1876 1803 quibus

1080 1811 1170 1832 essent
1183 1805 1308 1841 proiecti,
1327 1806 1443 1833 reditum
1459 1806 1566 1833 facilem
1580 1811 1679 1841 patere.
1719 1807 1761 1832 73.
1783 1807 1876 1840 Itaque

1079 1848 1282 1874 commemorat,
1301 1849 1330 1870 ut
1345 1844 1439 1880 cygni,
1457 1845 1505 1879 qui
1518 1852 1570 1870 non
1581 1844 1639 1870 sine
1650 1851 1745 1869 caussa
1756 1843 1875 1878 Apollini

1079 1880 1161 1906 dicati
1176 1881 1244 1911 sint,
1262 1880 1310 1907 sed
1326 1881 1398 1916 quod
1415 1881 1449 1907 ab
1463 1889 1494 1907 eo
1509 1881 1704 1907 divinationem
1720 1880 1818 1906 habere
1835 1880 1876 1906 vi-

1079 1917 1200 1948 deantur,
1214 1926 1267 1952 qua
1279 1918 1460 1953 providentes,
1469 1918 1536 1953 quid
1547 1919 1574 1944 in
1586 1923 1668 1944 morte
1681 1918 1744 1944 boni
1755 1918 1799 1948 sit,
1811 1925 1874 1943 cum

1079 1960 1158 1981 cantu
1170 1960 1196 1981 et
1206 1955 1343 1990 voluptate
1355 1956 1516 1982 moriantur:
1533 1956 1573 1981 sic
1585 1955 1714 1982 omuibus
1725 1959 1750 1981 et
1761 1954 1840 1981 bonis
1850 1959 1876 1980 et

1079 1992 1164 2019 doctis
1181 2000 1239 2018 esse
1255 1991 1420 2019 faciendum.
1460 1993 1514 2019 Nec
1535 2001 1598 2019 vero
1615 1992 1648 2018 de
1664 1992 1714 2019 hoc
1728 1992 1875 2026 quisquam

1079 2029 1203 2056 dubitare
1214 2035 1318 2064 posset,
1334 2031 1388 2056 nisi
1399 2029 1472 2056 idem
1483 2029 1562 2056 nobis
1573 2029 1718 2060 accideret,
1732 2028 1876 2064 diligenter

1079 2067 1112 2093 de
1123 2067 1213 2093 animo
1223 2067 1418 2103 cogitantibus,
1435 2067 1508 2102 quod
1523 2068 1557 2093 iis
1568 2075 1648 2102 saepe
1659 2074 1711 2093 usu
1722 2066 1809 2096 venit,
1826 2065 1874 2100 qui

1080 2103 1186 2141 [quum]
1203 2105 1298 2131 acriter
1312 2105 1399 2131 oculis
1413 2104 1582 2131 deficientem
1597 2103 1682 2131 solem
1695 2104 1872 2133 intuerentur,

1079 2147 1109 2168 ut
1119 2146 1257 2177 aspectum
1268 2143 1378 2168 omnino
1389 2143 1554 2168 amitterent:
1575 2142 1615 2167 sic
1629 2140 1727 2167 mentis
1737 2141 1818 2170 acies,
1831 2147 1875 2165 se-

1079 2180 1137 2214 ipsa
1144 2180 1260 2210 intuens,
1270 2188 1474 2214 nonnumquam
1480 2179 1614 2210 hebescit;
1630 2177 1784 2212 obeamque
1794 2185 1874 2203 caus-

1079 2225 1136 2242 sam
1159 2216 1359 2251 contemplandi
1383 2216 1553 2252 diligentiam
1582 2216 1742 2242 amittimus.
1780 2214 1874 2248 Itaque

1055 2282 1057 2286 ³
1078 2253 1220 2281 dubitans.
1237 2254 1480 2289 circumspectans,
1497 2253 1648 2282 haesitans,
1665 2250 1749 2278 multa
1760 2249 1873 2277 adversa

1054 2317 1056 2319 ,
1079 2299 1218 2321 reverens,
1231 2295 1368 2326 tamquam
1380 2292 1408 2317 in
1419 2296 1487 2321 rate,
1503 2291 1531 2316 in
1542 2290 1610 2316 mari
1621 2290 1754 2315 immenso
1783 2292 1873 2314 nostra

1079 2327 1187 2354 vehitur
1196 2329 1290 2354 oratio.
1329 2329 1371 2354 74.
1393 2327 1447 2355 Sed
1462 2327 1528 2354 haec
1544 2332 1569 2354 et
1585 2331 1673 2353 vetera
1688 2330 1738 2351 eta
1749 2324 1870 2351 Graecis.

1077 2365 1140 2392 Cato
1155 2370 1243 2391 autem
1259 2366 1299 2392 sic
1314 2365 1380 2392 abiit
1395 2373 1409 2391 e
1421 2366 1489 2395 vita,
1505 2369 1536 2390 ut
1545 2371 1669 2390 caussam
1679 2361 1812 2388 moriendi
1824 2370 1872 2388 na-

1076 2407 1150 2429 ctum
1165 2411 1194 2428 se
1209 2411 1268 2429 esse
1283 2402 1422 2438 gauderet.
1462 2402 1538 2428 Vetat
1550 2401 1622 2427 enim
1633 2399 1775 2426 dominans
1786 2397 1832 2424 ille
1842 2399 1871 2424 in

1076 2439 1154 2466 nobis
1168 2439 1249 2470 deus,
1268 2441 1375 2467 iniussu
1390 2439 1454 2466 hinc
1469 2447 1517 2465 nos
1531 2446 1581 2464 suo
1597 2436 1762 2472 demigrare:
1784 2443 1871 2470 quum

1076 2485 1139 2504 vero
1154 2485 1278 2503 caussam
1293 2478 1392 2504 iustam
1407 2476 1475 2503 deus
1487 2477 1547 2510 ipse
1561 2473 1677 2504 dederit,
1697 2478 1727 2499 ut
1741 2477 1804 2499 tunc
1819 2472 1870 2499 So·

1075 2515 1155 2545 crati,
1169 2523 1241 2541 nunc
1252 2514 1358 2545 Catoni,
1372 2522 1452 2548 saepe
1462 2511 1569 2539 multis:
1587 2519 1636 2537 nae
1647 2510 1706 2541 ille,
1719 2509 1826 2536 medius
1837 2509 1870 2536 fi-

1075 2551 1146 2582 diuS,
1156 2552 1198 2578 vir
1207 2552 1316 2587 sapiens
1335 2551 1420 2578 laetus
1431 2559 1465 2577 ex
1475 2549 1519 2576 his
1530 2548 1648 2575 tenebris
1659 2547 1782 2574 inlucem
1793 2546 1869 2573 illam

1075 2589 1230 2615 excesserit.
1271 2590 1325 2615 Nec
1345 2593 1434 2615 tamen
1453 2586 1499 2613 illa
1517 2585 1606 2612 vincla
1621 2585 1736 2612 carceris
1750 2585 1867 2619 ruperit:

1075 2625 1148 2661 leges
1163 2627 1236 2652 enim
1251 2631 1353 2658 vetant3
1370 2624 1418 2651 sed
1434 2629 1571 2659 tamquam
1585 2632 1598 2649 a
1610 2623 1768 2658 magistratu
1779 2626 1825 2648 aut
1833 2620 1868 2647 ab

1050 2650 1054 2689 l
1073 2662 1165 2698 aliqua
1183 2668 1313 2698 potestate
1334 2662 1466 2698 legitima,
1488 2662 1528 2688 sic
1543 2670 1557 2687 a
1577 2660 1627 2687 deo
1647 2664 1773 2687 evocatus
1787 2663 1868 2694 atque
