1941 3052
251 139 302 165 DE
333 136 520 164 FINIBUS
550 136 768 163 BONORUM
799 137 849 163 ET
879 136 1102 163 MALORUM
1134 137 1212 163 LIB.

87 216 147 237 tuas
158 214 182 236 te
194 209 272 236 video
283 216 456 243 compensare
467 216 529 234 cum
544 208 603 234 istis
609 207 759 238 doloribus,
768 216 820 234 non
826 216 884 233 me-

88 248 200 274 moriam
211 254 320 281 corpore
331 250 517 280 perceptarum
532 245 713 280 voluptatum:
737 245 779 271 siu
795 250 884 271 autem

88 285 120 311 ad
132 285 267 312 animum.
281 283 379 309 salsum
391 287 443 314 est,
457 282 529 317 quod
541 291 625 318 negas
636 283 718 309 animi
729 282 815 308 ullum
826 290 884 308 esse

87 321 228 358 gaudium,
240 320 313 355 quod
325 329 376 346 non
389 319 519 346 referatur
529 319 561 346 ad
573 329 682 354 corpus.
723 320 776 346 Cur
787 319 885 345 deinde

87 358 229 386 Metrodori
243 358 340 384 liberos
352 356 542 384 commendas?
561 356 633 389 Quid
645 366 679 383 ex
690 358 740 383 isto
752 361 798 383 tuo
809 365 886 392 egre-

87 397 133 433 gio
140 395 229 423 officio
244 400 270 422 et
285 400 355 422 tanta
371 394 423 421 fide
438 395 488 430 (sic
502 395 575 420 enim
591 394 727 429 existimo)
743 394 776 420 ad
787 403 885 428 corpus

88 432 190 460 rel'ers‘.>

142 470 243 497 XXXI.
261 471 302 496 99.
317 470 375 496 Huc
386 474 412 495 et
422 468 496 500 illuc,
510 469 656 504 Torquate,
669 477 717 495 vos
729 468 842 494 versetis
854 467 887 493 li-

88 513 142 534 cet:
166 507 234 534 nihil
251 508 279 534 in
294 507 343 534 hao
359 506 495 541 praeclara
510 506 622 541 epistola
634 507 765 540 scriptum
777 505 810 531 ab
821 506 887 540 Epi-

88 554 152 572 curo
163 553 314 580 congruens
325 549 351 571 et
361 545 525 570 conveniens
536 544 650 570 decretis
662 544 721 569 eius
736 543 885 577 reperietis.

87 583 125 610 Ita
136 582 308 617 redarguitur
319 583 377 616 ipse
389 591 402 608 a
415 590 487 612 sese,
504 581 705 615 vincunturque
716 581 815 615 scripta
827 581 886 606 eius

88 620 220 655 probitate
233 620 320 654 ipsius
332 628 361 645 ac
373 619 504 645 moribus.
545 619 613 644 Nam
628 619 678 644 ista
690 617 887 643 commendatio

88 666 234 692 puerorum
243 678 249 687 ,
267 657 394 683 memoria
409 661 434 682 et
445 656 540 682 caritas
552 656 685 682 amicitiae
694 675 700 686 ,
717 663 886 680 summorum

88 694 239 721 officiorum
252 695 278 720 in
290 698 409 720 extremo
420 694 517 728 spiritu
533 693 700 719 conservatio
714 692 828 721 indicat,
845 692 887 717 in-

90 737 179 758 natam
189 740 249 758 esse
261 731 364 758 homini
374 731 535 766 probitatem
546 730 704 766 gratuitam,
723 738 775 755 non
788 729 887 755 invita-

90 774 143 796 tam
155 768 349 804 voluptatibus,
366 777 414 794 nec
425 768 606 803 praemiorum
614 766 784 793 mercedibus
791 774 887 792 evoca—

89 811 154 833 tam.
175 806 252 839 Quod
263 807 334 832 enim
347 806 531 832 testimonium
544 805 632 831 maius
643 805 808 839 quaerimus,
817 812 886 838 quae

90 844 201 870 honesta
221 848 247 870 et
266 848 335 869 recta
356 844 423 874 sint,
446 843 504 877 ipsa
525 851 584 868 esse
605 841 734 876 optabilia
753 849 800 875 per
815 849 884 871 sese,

89 890 175 917 quum
188 880 329 907 videamus
341 885 411 906 tanta
423 888 481 905 esse
492 879 580 906 officia
588 878 744 905 morientis‘?
758 880 813 904 100.
822 878 884 908 Sed,

89 923 120 945 ut
130 917 271 953 epistolam
284 916 445 943 laudandam
456 917 570 943 arbitror
581 925 649 947 eam,
663 924 743 951 quam
758 915 836 942 modo
848 920 888 941 to-

89 955 172 982 tidem
188 954 241 981 fere
261 954 352 981 verbis
367 955 556 989 interpretatus
572 962 646 985 sum3
664 954 841 988 (quamquam
857 961 886 978 ea

89 1001 152 1019 cum
172 1001 278 1018 summa
298 993 358 1018 eius
378 991 550 1026 philosophia
571 990 646 1017 nullo
662 990 741 1017 modo
755 999 888 1026 congrue-

89 1030 135 1057 bat
143 1029 160 1065 :)
171 1030 210 1056 sic
222 1029 344 1056 eiusdem
355 1034 545 1056 testamentum
557 1037 609 1055 non
616 1028 887 1062 solumaphilosophi

89 1068 229 1103 gravitate,
245 1067 292 1093 sed
304 1067 384 1093 etiam
396 1067 429 1093 ab
441 1067 529 1101 ipsius
540 1067 671 1092 sententia
682 1065 773 1092 iudico
785 1065 889 1091 discre-

90 1113 163 1140 pare.
203 1104 318 1139 Scripsit
328 1105 400 1130 enim
410 1125 416 1135 ,
434 1109 459 1130 et
470 1103 564 1130 multis
575 1112 655 1138 saepe
667 1103 758 1129 verbis
767 1124 773 1134 ,
791 1108 816 1129 et
827 1103 888 1129 bre-

90 1143 159 1169 viter
170 1146 293 1177 apteque,
307 1142 334 1168 in
346 1150 377 1168 eo
389 1141 466 1173 libro,
479 1150 561 1176 quem
573 1140 652 1167 modo
664 1141 811 1172 nominavi,
820 1149 889 1166 mor—

91 1185 138 1206 tem
149 1181 213 1206 nihil
224 1182 258 1206 ad
269 1188 314 1205 nos
322 1182 465 1212 pertinere:
481 1181 548 1212 quod
559 1181 625 1204 enim
635 1180 787 1204 dissolutum
797 1181 845 1208 sit,
862 1179 889 1204 id

90 1225 142 1243 esse
152 1219 207 1243 sine
216 1225 306 1250 sermm,-
317 1218 385 1250 quod
395 1221 479 1243 autem
489 1219 544 1242 sine
553 1225 629 1242 seusu
639 1218 680 1246 sit,
694 1218 720 1241 id
732 1217 796 1241 nihil
807 1217 889 1241 omni-

89 1263 123 1280 no
137 1256 171 1280 ad
186 1263 231 1280 nos
245 1256 382 1287 pertinere.
422 1254 476 1280 Hoc
493 1254 582 1288 ipsum
594 1252 745 1288 elegantius
757 1253 820 1287 poni
832 1260 890 1278 me—

90 1291 199 1326 liusque
220 1291 315 1326 potuit.
355 1291 423 1317 Nam
444 1290 517 1326 quod
533 1292 568 1317 ita
586 1291 705 1325 positum
721 1295 774 1321 est,
795 1289 889 1322 »Quod

90 1328 254 1355 dissolutum
266 1329 314 1358 sit,
333 1328 359 1354 id
372 1337 431 1355 esse
442 1328 500 1354 sine
517 1337 629 1359 sensu,«
645 1327 672 1354 id
688 1327 823 1354 eiusmodi
838 1332 887 1356 est.

90 1370 184 1393 utnon
195 1366 261 1392 satis
272 1365 351 1400 plane
363 1365 442 1396 dicat,
456 1365 523 1400 quid
534 1366 570 1392 sit
580 1365 754 1391 dissolutum.
772 1367 814 1391 101
823 1386 828 1391 .
836 1364 889 1391 Sed

91 1407 180 1430 tamen
192 1402 323 1438 intelligo,
336 1403 404 1438 quid
417 1402 490 1430 velit.
531 1402 634 1435 Quaero
646 1407 749 1434 autem,
762 1402 829 1437 quid
841 1402 887 1432 sit,

90 1440 177 1476 quod,
190 1449 276 1475 quum
288 1440 473 1471 dissolutione,
492 1439 518 1466 id
531 1445 571 1466 est
582 1444 679 1471 morte,
693 1448 790 1466 sensus
800 1440 889 1466 omnis

90 1478 292 1513 exstinguatur,
309 1482 334 1504 et
344 1486 430 1512 quum
441 1477 540 1512 reliqui
552 1477 620 1504 nihil
633 1478 667 1504 sit
678 1478 801 1508 omnino,
817 1477 890 1512 quod

90 1516 223 1551 pertineat
237 1515 270 1542 ad
287 1523 349 1546 nos,
367 1519 420 1542 tam
437 1519 558 1541 accurate
571 1519 679 1550 tamque
690 1514 836 1550 diligenter
846 1523 891 1540 ca—

91 1557 152 1579 veat
163 1557 188 1579 et
199 1553 309 1582 sanciat,
323 1557 350 1578 ut
360 1553 563 1586 Amynomachus
574 1557 597 1578 et
610 1553 773 1582 Timocrates,
788 1554 891 1578 heredes

90 1593 140 1621 sui,
152 1592 182 1616 de
194 1590 347 1616 Hermarchi
358 1592 485 1616 sententia
495 1591 566 1620 dent,
584 1592 651 1624 quod
661 1592 726 1616 sutis
736 1592 769 1616 sit
780 1592 814 1616 ud
825 1591 890 1615 diem

90 1629 217 1662 aqendum
236 1628 349 1653 natalem
368 1635 443 1653 suum
457 1629 607 1661 quotannis,
629 1636 712 1653 mense
728 1627 889 1653 Ganwlione:

90 1667 199 1698 itemque
208 1666 323 1691 omnibus
333 1666 460 1691 mensibus
469 1667 587 1691 vicesimo
597 1666 638 1690 die
649 1666 725 1691 lunae
734 1666 793 1691 dent
803 1666 838 1690 ad
849 1673 891 1690 eo-

90 1711 149 1729 rum
159 1703 260 1735 epulas,
273 1704 317 1735 qui
327 1711 380 1728 una
389 1710 473 1728 secum
479 1703 652 1735 philosophati
661 1704 726 1732 sint,
742 1707 769 1728 ut
780 1706 803 1728 et
813 1704 855 1728 sui
868 1706 890 1728 et

90 1740 233 1767 Metrodori
247 1742 370 1765 memoria
386 1740 496 1766 colatur.
539 1740 596 1766 ⁴02.
618 1739 688 1765 llaec
702 1747 752 1774 ego
764 1748 815 1766 non
828 1747 891 1774 pos—

91 1785 153 1804 sum
169 1776 258 1802 dicere
274 1785 325 1802 non
341 1784 400 1802 esse
416 1776 535 1803 hominis
550 1777 677 1811 quamvis
688 1781 714 1803 et
725 1776 790 1803 belli
802 1781 827 1803 et
840 1776 891 1803 hu-

91 1814 178 1846 mani;
195 1814 325 1849 sapientis
336 1822 400 1840 vero
411 1813 485 1840 nullo
497 1813 575 1840 modo
583 1834 589 1845 ,
601 1814 709 1849 physici
720 1814 888 1849 praesertim,

91 1859 173 1887 quem
188 1859 217 1877 se
232 1850 278 1877 ille
289 1859 348 1877 esse
360 1850 430 1882 vult,
452 1855 547 1886 putare
558 1850 645 1877 ullum
656 1859 715 1878 esse
727 1853 889 1887 cuiusquam

91 1889 164 1915 diem
176 1887 302 1915 natalem.
323 1887 413 1920 Quid?
424 1896 520 1915 verene
531 1893 618 1923 potest
628 1897 687 1916 esse
698 1888 757 1915 dies
768 1890 888 1924 saepius,

92 1926 141 1961 qui
151 1925 234 1952 semel
247 1924 315 1952 fuit?
325 1926 401 1952 Certe
413 1934 464 1952 non
476 1929 572 1960 potest.
612 1925 653 1952 An
664 1926 787 1953 eiusdem
800 1926 892 1953 modi‘?

92 1963 131 1990 Ne
144 1962 171 1989 id
182 1961 293 1997 quidem
302 1983 308 1993 ,
325 1962 379 1989 nisi
394 1971 479 1997 quum
492 1961 575 1989 multa
587 1971 718 1990 annorum
732 1963 891 1990 intercesse-

93 2001 148 2027 rint
157 1999 253 2030 millia,
266 2004 296 2026 ut
305 2000 428 2026 omnium
440 1999 560 2026 siderum
572 1999 676 2030 eodem,
690 1999 762 2027 unde
773 2001 889 2035 prosecta

92 2038 160 2068 sint,
179 2036 225 2063 fiat
239 2036 272 2063 ad
288 2045 372 2063 unum
385 2041 492 2072 tompus
504 2037 636 2063 reversio:
654 2036 746 2064 nullus
757 2042 798 2064 est
808 2038 891 2073 igitur

92 2075 255 2109 cuiusquam
266 2073 325 2100 dies
336 2073 442 2100 natalis.
483 2074 515 2100 At
530 2073 657 2100 habetur!
680 2074 713 2101 Et
728 2083 777 2110 ego
788 2075 892 2103 scilicet

92 2111 120 2139 id
132 2111 300 2138 nesciebam!
319 2111 386 2142 Sed,
401 2115 429 2138 ut
439 2111 487 2143 sit,
501 2111 616 2138 etiamne
626 2116 808 2146 postmortem
820 2112 892 2139 cole-

93 2148 154 2176 tur‘?
166 2148 248 2184 idque
260 2153 417 2175 testamento
427 2148 534 2175 cavebit
545 2149 577 2180 is,
593 2149 641 2183 qui
654 2149 731 2175 vobis
742 2150 821 2184 quasi
832 2158 892 2176 ora-

92 2185 186 2214 culum
202 2185 331 2218 ediderit,
353 2185 421 2212 nihil
438 2190 498 2220 post
513 2190 624 2212 mortem
636 2186 669 2212 ad
681 2195 729 2213 nos
741 2186 893 2221 pertinere?

92 2224 163 2251 Haec
174 2232 226 2250 non
237 2227 312 2250 erant
325 2223 398 2254 eius,
415 2223 464 2258 qui
475 2222 688 2250 innumerabiles
702 2224 817 2251 mundos
829 2224 893 2251 infi-

93 2261 218 2296 nitasque
230 2261 368 2296 regiones,
385 2269 501 2295 quarum
516 2259 590 2287 nulla
600 2265 671 2287 esset
681 2270 725 2287 ora
734 2282 740 2292 ,
759 2261 832 2288 nulla
843 2270 892 2288 ex-

93 2299 222 2330 tremitas,
236 2303 324 2325 mente
336 2298 543 2333 peragravisset.
582 2298 722 2333 Numquid
734 2298 785 2326 tale
796 2299 892 2325 Demo-

92 2335 195 2363 critus‘?
215 2335 248 2362 Ut
268 2335 335 2365 alios
349 2335 485 2365 omittam,
509 2334 580 2361 hunc
601 2335 720 2370 appello,
743 2344 825 2371 quem
846 2336 891 2362 ille

92 2381 178 2401 unum
190 2377 300 2400 secutus
310 2376 360 2399 est.
403 2374 459 2399 ⁴03.
480 2372 556 2404 Quod
573 2373 596 2398 si
611 2372 670 2399 dies
684 2373 817 2399 notandus
830 2373 889 2404 suit,

92 2418 191 2437 eumne
202 2410 301 2446 potius,
314 2418 368 2445 quo
380 2415 467 2440 natust,
481 2418 514 2436 an
525 2417 588 2436 eum
597 2430 603 2440 ,
618 2418 672 2444 quo
683 2410 793 2445 sapiens
805 2410 891 2437 tuctus

92 2447 151 2475 est?
161 2447 218 2474 Non
230 2448 326 2482 potuit,
335 2447 451 2482 inquies,
461 2446 517 2473 fleri
529 2447 647 2481 sapiens,
657 2447 709 2474 nisi
721 2453 798 2474 natus
809 2452 889 2474 esset.

91 2484 126 2512 Et
141 2485 191 2512 isto
206 2484 285 2512 modo
300 2493 333 2512 ne
348 2485 371 2511 si
387 2485 446 2511 avia
462 2483 574 2519 quidem
589 2484 649 2510 eius
665 2489 725 2511 nuta
741 2493 792 2511 non
808 2489 889 2512 esset.

92 2521 145 2548 Res
156 2525 217 2553 tota,
225 2522 366 2557 Torquate,
376 2530 427 2548 non
438 2521 577 2548 doctorum
589 2520 739 2552 hominum.
748 2521 817 2549 velle
831 2527 891 2557 post

92 2563 205 2586 mortem
219 2558 308 2594 epulis
319 2558 449 2586 celebrari
461 2559 617 2585 memoriam
624 2559 802 2586 suinomiuis.
817 2559 890 2591 Quos

92 2595 204 2631 quidem
215 2595 274 2623 dies
285 2596 515 2632 quemadmodum
527 2596 652 2631 agatis,et
664 2596 690 2622 in
702 2601 829 2631 quantam
843 2596 891 2623 ho-

93 2633 200 2660 minum
216 2632 360 2661 facetorum
376 2634 555 2661 urbanitatem
571 2634 727 2664 incurratis.
751 2642 802 2661 non
819 2633 889 2661 dico.

93 2670 169 2698 Nihil
189 2678 258 2707 opus
273 2675 315 2699 est
329 2670 434 2698 litibus.
474 2671 588 2699 Tantum
605 2670 681 2702 dico,
703 2671 790 2708 magis
806 2671 890 2699 tuisse

1245 138 1279 163 Il.
1306 137 1398 163 CAP.
1422 138 1452 162 '28
1473 152 1509 155 —
1530 138 1571 162 33.
1670 139 1731 162 ¹015

936 213 1055 234 vestrum
1067 215 1145 243 agere
1157 208 1267 242 Epicuri
1279 207 1350 233 diem
1363 207 1486 239 natalem,
1500 215 1581 242 quam
1594 206 1678 237 illius.
1694 212 1732 233 te-

936 250 1066 271 stamento
1077 253 1180 275 cavere,
1195 250 1223 271 ut
1235 250 1366 279 ageretur.

991 282 1103 308 XXXlI.
1129 283 1184 308 ⁴04.
1206 282 1271 311 Sed,
1290 287 1318 308 ut
1331 282 1363 308 ad
1375 282 1542 317 propositum
1555 286 1730 310 revertamur,

936 319 979 353 (de
990 319 1080 345 dolore
1092 320 1164 345 enim
1176 328 1261 354 quum
1273 319 1439 349 diceremus,
1456 319 1489 345 ad
1501 320 1579 345 istam
1592 318 1733 353 epistolam

937 356 1018 382 delati
1038 356 1160 391 sumus1)
1180 365 1251 382 nunc
1272 361 1356 382 totum
1378 356 1446 383 illud
1462 356 1587 383 concludi
1603 357 1641 382 sic
1662 356 1732 382 licet.

937 394 990 426 Qui
1001 394 1028 419 in
1041 402 1147 420 summo
1158 394 1227 420 malo
1239 398 1291 423 est,
1310 394 1332 420 is
1345 399 1415 425 tum,
1433 403 1518 428 quum
1531 395 1558 420 in
1570 402 1600 420 eo
1611 399 1662 423 est,
1682 402 1734 419 nou

937 436 977 457 est
988 431 1093 457 beatus.
1134 431 1246 465 Sapiens
1258 436 1347 457 autem
1359 440 1465 466 semper
1478 432 1572 457 beatus
1587 435 1639 461 est,
1656 435 1681 457 et
1695 435 1736 456 est

938 468 1084 503 aliquando
1094 469 1121 494 in
1134 468 1233 495 dolore.
1265 469 1322 494 Non
1335 474 1374 495 est
1388 469 1471 504 igitur
1482 477 1621 495 summum
1632 467 1734 494 malum

938 505 1023 532 dolor.
1065 506 1118 531 Iam
1134 506 1202 532 illud
1217 505 1296 541 quale
1312 506 1419 532 tandem
1435 505 1492 532 est‘?
1509 507 1579 532 Bona
1593 508 1736 539 praeterita

938 552 988 569 non
998 545 1099 576 effluere
1109 546 1233 576 sapienti:
1245 545 1313 569 mala
1326 546 1467 569 meminisse
1478 553 1525 569 non
1538 548 1660 576 oportere.
1677 542 1736 568 Pri-

938 589 1013 606 mum
1030 580 1057 606 in
1073 585 1196 606 nostrane
1213 585 1341 615 potestate
1357 585 1409 610 est,
1428 580 1494 615 quid
1513 578 1736 606 meminerimus?

938 617 1132 643 Themistocles
1153 618 1278 652 quidem,
1300 627 1385 652 quum
1405 619 1429 644 ei
1445 618 1598 644 Simonides
1619 626 1651 643 an
1673 617 1736 651 quis

938 654 1008 680 alius
1020 659 1103 680 artem
1115 656 1259 681 memoriae
1271 655 1452 689 polliceretur,
1465 655 1620 684 oblivionis,
1636 655 1734 689 inquit,

939 691 1061 718 mallem:
1075 701 1137 718 nam
1149 694 1261 718 memini
1273 693 1362 723 etiam,
1376 701 1445 727 quae
1457 692 1530 719 nolo:
1544 692 1671 718 oblivisci
1683 700 1735 717 non

939 738 1064 764 possum,
1081 738 1150 763 quae
1164 729 1232 755 volo.
1276 731 1331 756 ⁴05.
1354 730 1449 765 Magno
1465 730 1509 755 hic
1526 730 1644 764 ingenio.
1683 728 1735 755 Sed

939 776 981 792 res
993 775 1020 792 se
1032 771 1120 792 tamen
1132 768 1171 792 sic
1184 767 1276 797 habet,
1294 772 1323 793 ut
1334 768 1416 793 nimis
1429 768 1567 801 imperiosi
1579 766 1736 801 philosophi

938 805 986 834 sit,
1004 808 1092 829 vetare
1109 804 1276 830 meminisse.
1317 804 1398 834 Vide,
1422 813 1454 830 ne
1470 805 1519 830 ista
1535 804 1589 830 sint
1604 803 1735 829 Manliana

939 845 1026 867 vestra
1038 846 1083 867 aut
1094 842 1192 867 maiora
1204 842 1299 872 etiam,
1317 842 1341 867 si
1356 842 1485 876 imperes,
1503 841 1575 876 quod
1587 840 1672 866 facere
1685 849 1736 866 non

938 879 1051 913 possim.
1078 878 1159 910 Quid,
1172 879 1196 904 si
1208 879 1287 905 etiam
1300 878 1417 904 iucunda
1430 879 1557 904 memoria
1569 883 1608 904 est
1620 883 1737 912 praeter-

939 917 1037 942 itorum
1054 915 1204 942 malorum?
1219 921 1249 942 ut
1264 916 1406 950 proverbia
1419 915 1547 942 nonnulla
1559 916 1661 941 veriora
1674 916 1735 942 sint.

939 962 1021 988 quam
1038 958 1125 979 vestra
1140 953 1275 989 dogmata.
1316 953 1402 989 Vulgo
1413 954 1485 979 enim
1497 953 1610 982 dicitur,
1629 953 1739 978 Iucunsli

939 994 992 1017 acti
1003 993 1116 1017 labores:
1131 999 1178 1017 nec
1191 990 1259 1017 male
1270 991 1429 1025 Euripides:
1446 990 1615 1017 concludam.
1629 990 1652 1015 si
1664 995 1739 1024 pote·-

939 1037 977 1060 ro,
987 1029 1093 1055 Latine:
1107 1028 1240 1055 Graecum
1252 1029 1324 1054 enim
1337 1029 1409 1054 hunc
1418 1037 1528 1054 versum
1535 1028 1618 1054 nostis
1629 1036 1736 1053 omnes:

996 1066 1091 1092 Suavis
1103 1068 1219 1092 taborum
1230 1071 1265 1092 est
1275 1069 1475 1099 praeteritorum
1486 1069 1618 1091 memoria.

939 1102 992 1129 Sed
1013 1103 1046 1129 ad
1066 1103 1135 1130 bona
1152 1104 1293 1138 praeterita
1309 1103 1461 1130 redeamus.
1502 1102 1575 1135 Quae
1592 1103 1614 1128 si
1631 1111 1645 1127 a
1662 1102 1739 1127 vobis

940 1140 1002 1167 talia
1013 1141 1176 1171 dicerentur,
1189 1141 1318 1176 qualibus
1329 1140 1466 1167 C.Marius
1478 1141 1516 1166 uti
1529 1145 1639 1175 poterat.
1653 1145 1680 1165 ut
1692 1148 1738 1165 ex-

941 1178 1051 1213 pulsus,
1069 1187 1166 1214 egens,
1185 1179 1211 1204 in
1229 1178 1327 1213 palude
1343 1178 1497 1208 demersus,
1515 1183 1682 1211 tropaeorum
1699 1186 1739 1202 rc-

941 1216 1093 1242 cordatione
1110 1215 1210 1242 levaret
1225 1215 1344 1242 dolorem
1361 1224 1454 1242 suum:
1477 1215 1599 1241 audirem
1621 1220 1645 1241 et
1662 1214 1739 1249 plane

941 1253 1094 1288 probarem.
1134 1254 1188 1279 Nec
1209 1254 1281 1279 enim
1303 1252 1408 1279 absolvi
1430 1253 1504 1279 beata
1527 1253 1581 1278 vita
1597 1253 1738 1287 sapientis,

942 1299 1029 1326 neque
1045 1290 1077 1317 ad
1094 1291 1197 1317 exitum
1214 1290 1325 1325 perduci
1341 1291 1450 1325 poterit,
1473 1291 1496 1316 si
1515 1290 1600 1324 prima
1616 1297 1740 1324 quaeque

942 1328 1009 1354 bene
1026 1328 1059 1354 ab
1075 1336 1106 1354 eo
1120 1327 1240 1354 consulta
1257 1333 1336 1362 atque
1354 1327 1420 1353 sacta
1437 1327 1524 1362 ipsius
1541 1326 1677 1353 oblivione
1691 1326 1740 1352 ob-

941 1370 1063 1392 ruentur.
1106 1367 1162 1392 ⁴06.
1189 1365 1241 1391 Sed
1265 1365 1341 1391 vobis
1364 1364 1531 1399 voluptatum
1553 1369 1739 1399 perceptarum

942 1403 1089 1429 recordatio
1102 1403 1184 1429 vitam
1197 1403 1301 1429 beatam
1315 1402 1385 1433 facit,
1399 1407 1423 1428 et
1435 1401 1546 1437 quidem
1558 1410 1667 1436 corpori¹
1680 1410 1740 1435 por-

941 1445 1090 1475 ceptarum.
1117 1440 1183 1466 Nam
1195 1441 1219 1466 si
1230 1448 1299 1475 quae
1311 1444 1374 1466 sunt
1385 1439 1461 1470 aliae,
1477 1438 1574 1465 falsum
1586 1444 1634 1465 est.
1646 1447 1740 1464 omnes

942 1478 1026 1504 animi
1043 1477 1194 1512 voluptates
1209 1486 1269 1504 esse
1284 1486 1298 1504 e
1309 1477 1428 1511 corporis
1440 1477 1575 1503 societate.
1616 1476 1740 1510 Corporis

942 1520 1031 1542 autem
1044 1515 1167 1550 voluptas
1179 1515 1202 1541 si
1215 1516 1294 1541 etiam
1307 1514 1446 1549 praeterita
1459 1513 1580 1543 delectat,
1598 1522 1648 1539 non
1663 1512 1741 1539 imel-

943 1552 1010 1589 ligo,
1037 1561 1086 1579 cur
1105 1552 1261 1579 Aristoteles
1281 1551 1455 1586 Sardanapali
1481 1552 1646 1586 epigramma
1671 1555 1741 1576 tanto

941 1599 1021 1625 opere
1032 1589 1166 1616 derideat:
1185 1591 1212 1616 in
1227 1598 1281 1625 quo
1298 1589 1342 1616 ille
1358 1598 1404 1615 rex
1416 1589 1540 1624 Assyriae
1552 1588 1694 1624 glorietur,
1713 1596 1741 1613 se

941 1636 1035 1654 omnes
1049 1636 1142 1653 secum
1155 1627 1301 1653 libidinum
1314 1626 1464 1661 voluptates
1476 1625 1630 1652 abstulisse.
1665 1625 1741 1657 Quod

942 1666 1014 1692 enim
1028 1673 1060 1691 ne
1073 1665 1153 1691 vivus
1164 1664 1286 1699 quidem,
1296 1664 1393 1699 inquit,
1402 1663 1506 1690 diutius
1518 1664 1617 1689 sentire
1629 1667 1739 1697 poterat,

941 1711 1024 1738 quam
1036 1702 1102 1728 dum
1115 1701 1262 1732 fruebatur,
1275 1710 1329 1736 quo
1342 1701 1419 1728 modo
1430 1701 1456 1727 id
1470 1701 1554 1736 potuit
1566 1705 1669 1726 mortuo
1682 1708 1742 1734 per-

943 1739 1068 1766 manere‘?
1079 1739 1151 1766 Fluit
1163 1740 1246 1775 igitur
1257 1739 1381 1774 voluptas
1392 1739 1521 1773 corporis,
1530 1739 1647 1772 etprima
1659 1746 1742 1772 quae-

941 1786 995 1813 que
1009 1776 1110 1808 avolat,
1128 1777 1293 1812 saepiusque
1309 1775 1439 1811 relinquit
1453 1784 1563 1802 caussas
1575 1774 1740 1810 poenitendi,

941 1824 1024 1850 quam
1035 1814 1207 1847 recordandi,
1222 1815 1312 1849 itaque
1324 1813 1425 1840 beatior
1432 1813 1573 1840 Africanus
1584 1821 1646 1839 cum
1658 1813 1741 1847 patria

942 1852 988 1880 illo
1000 1852 1079 1879 modo
1092 1852 1214 1887 loquens,

1017 1891 1109 1916 Desine
1119 1890 1198 1916 Roma
1210 1894 1266 1915 tuos
1274 1891 1356 1915 hostes
1366 1903 1379 1908 -
1390 1903 1402 1908 -
1413 1903 1426 1908 -

942 1927 1101 1963 reliquaque
1113 1926 1263 1962 praeclare:

1016 1965 1133 1998 Namque
1144 1966 1190 1991 tibi
1201 1968 1361 1991 monumenta
1374 1966 1421 1989 met
1430 1971 1549 1996 peperere
1561 1963 1668 1988 tuberes.

943 2002 1093 2029 Laboribus
1109 2002 1153 2028 hic
1165 2002 1316 2037 praeteritis
1327 2000 1440 2037 gaudet:
1459 2005 1486 2026 tu
1504 1999 1582 2026 iubes
1597 1998 1743 2033 voluptati-

943 2039 1005 2066 bus.
1046 2040 1094 2066 llic
1110 2048 1138 2066 se
1154 2039 1187 2066 ud
1203 2048 1233 2066 ea
1249 2043 1367 2069 revocat,
1385 2046 1399 2064 e
1413 2037 1516 2072 quibus
1532 2036 1599 2063 nihil
1613 2044 1742 2071 umquam

944 2076 1070 2104 retulerat
1081 2076 1114 2103 ad
1125 2085 1237 2111 corpus:
1252 2081 1279 2102 tu
1292 2081 1362 2103 totus
1374 2075 1467 2101 haeres
1479 2075 1505 2101 in
1517 2082 1636 2109 corpore.

999 2113 1124 2140 xxxin.
1149 2115 1205 2140 ¹07.
1226 2113 1294 2139 lllud
1306 2118 1395 2139 autem
1408 2113 1497 2147 ipsum
1509 2112 1556 2147 qui
1568 2111 1683 2137 obtineri
1696 2119 1743 2144 po-

944 2156 1006 2181 test,
1022 2150 1095 2185 quod
1107 2150 1211 2181 dicitis,
1229 2159 1323 2177 omues
1339 2151 1422 2176 animi
1434 2154 1459 2176 et
1471 2149 1621 2183 voluptates
1632 2154 1655 2174 οι
1667 2147 1741 2173 dolo—

944 2197 985 2214 res
997 2187 1029 2214 ud
1040 2189 1159 2222 corporis
1172 2187 1323 2222 voluptates
1334 2196 1364 2213 ac
1375 2187 1480 2213 dolores
1492 2185 1642 2221 pertinere?
1655 2185 1742 2211 Nihil-

944 2234 976 2251 ne
994 2231 1017 2251 ιο
1029 2224 1302 2259 delectatumquam‘?
1322 2224 1429 2258 (Video.
1447 2224 1559 2258 quicum
1572 2223 1686 2257 loquar.)
1706 2222 1741 2247 Te

944 2263 1040 2297 igitur.
1054 2263 1199 2297 Torquate,
1217 2262 1306 2296 ipsum
1319 2270 1366 2296 per
1377 2270 1404 2287 se
1418 2260 1485 2287 nihil
1498 2259 1628 2286 dotcetas?
1642 2260 1742 2285 Omitto

943 2300 1116 2335 dignitatem,
1130 2299 1295 2325 honestatem
1305 2319 1311 2328 ,
1323 2299 1442 2333 speciem
1455 2299 1542 2333 ipsum
1555 2298 1694 2325 virtutum,
1708 2296 1741 2322 de

943 2337 1045 2372 quibus
1057 2342 1116 2363 ante
1128 2336 1297 2363 dictumest:
1313 2336 1377 2362 haec
1390 2335 1488 2361 leviora
1505 2343 1616 2370 ponam:
1635 2342 1738 2368 pmuun,

942 2372 1513 2408 orationem,quumuutscril1i3,autlogis;
1527 2371 1740 2406 ‹pmummnium

944 2411 1087 2441 sartorum,
1110 2420 1118 2436 ‹
1131 2420 1195 2438 uum
1216 2411 1355 2446 regionum
1371 2410 1510 2444 conqfflris
1526 2409 1679 2435 historiam.
1703 2409 1740 2434 >i-

942 2457 1037 2484 guum,
1051 2448 1113 2475 tabu
1127 2458 1150 2478 u,
1165 2448 1239 2474 locus
1250 2456 1388 2477 amoenus,
1403 2447 1468 2476 ludi,
1484 2447 1598 2473 venatio.
1615 2444 1679 2472 villa
1688 2446 1740 2472 Lu-

942 2485 1021 2517 culli,
1038 2485 1110 2520 (nam
1127 2486 1151 2512 si
1167 2490 1239 2512 tuum
1255 2485 1388 2515 dicerem,
1411 2484 1538 2511 latebram
1559 2483 1683 2515 nuberes,
1707 2483 1740 2509 ad

942 2531 1040 2558 corpus
1051 2522 1155 2549 diceres
1162 2523 1294 2558 pertinere
1304 2522 1374 2557 :)sed
1385 2530 1424 2551 ea,
1432 2530 1501 2556 qnae
1512 2521 1580 2550 dixi,
1589 2519 1621 2546 ad
1628 2528 1740 2555 corpus-

943 2568 975 2586 ne
987 2559 1088 2586 rel'ers?
1101 2569 1133 2587 an
1145 2566 1185 2587 est
1195 2559 1313 2595 aliquid,
1327 2559 1399 2595 quod
1412 2564 1435 2586 ιο
1447 2567 1494 2585 sun
1506 2563 1600 2594 sponte
1611 2556 1742 2584 delectet?

942 2597 995 2624 Aut
1006 2598 1238 2632 pertinacissimus
1251 2597 1343 2627 fueris,
1357 2597 1380 2623 si
1392 2597 1418 2623 in
1430 2605 1461 2623 eo
1472 2594 1670 2631 perstiteris,ad
1681 2603 1740 2621 cor-

943 2643 994 2670 pus
1005 2643 1049 2665 ea,
1062 2644 1131 2670 (guae
1142 2635 1214 2665 dixi,
1233 2634 1344 2664 referre,
1362 2638 1408 2661 aut
1419 2633 1571 2660 deserueris
1582 2637 1662 2659 totam
1675 2632 1740 2667 Epi-

941 2672 1000 2699 curi
1018 2671 1195 2710 voluptatem,
1218 2672 1241 2699 si
1257 2672 1407 2709 negaveris.
1449 2673 1505 2698 ⁴08.
1527 2669 1603 2704 Quod
1616 2678 1703 2697 veroa
1715 2675 1742 2697 tu
