1941 3052
754 450 789 478 M.
819 449 995 478 TULLII
1033 449 1326 480 CICERONIS

1023 527 1043 548 Ι)

1052 527 1070 548 F

356 592 680 642 FINIBUS
747 593 1129 642 BONORUM
1194 594 1286 643 ET
1346 594 1729 644 MALORUM

650 692 678 728 A
894 692 919 728 Β
997 692 1022 729 tt

754 694 784 732 D

1103 692 1443 730 UTUM

807 776 993 802 LIBER
1037 777 1282 804 PRIMUS.

787 920 978 947 NOTITIA
1008 921 1301 949 LlTTERAntA.

285 988 361 1008 Cicero
380 988 450 1009 Itium
471 989 563 1009 illm-um
571 1004 578 1014 ,
597 996 653 1016 quus
663 988 698 1010 his
708 989 807 1017 quinque
817 989 895 1014 libris,
914 991 944 1009 ad
954 990 988 1010 Μ.
1001 990 1099 1010 Brulam
1115 990 1218 1018 urriplie,
1232 992 1288 1012 diti!
1296 991 1385 1012 humma
1396 993 1480 1015 eunde
1489 991 1585 1012 Finibm
1594 991 1780 1019 ‹liupulationum
1792 999 1862 1012 unam

227 1023 251 1043 in
273 1023 375 1043 Carnam)
392 1030 434 1044 5111)
450 1028 544 1044 exeunte
553 1031 614 1044 anno
623 1031 647 1052 ρ.
667 1024 690 1044 Π,
702 1031 721 1044 c.
733 1027 779 1045 704.
797 1025 962 1052 Epicureorum
972 1026 1060 1045 decretu
1071 1026 1199 1053 explicante
1216 1026 1239 1046 L.
1251 1026 1342 1046 Manlio
1354 1026 1469 1054 Torquato
1483 1033 1558 1046 corum
1571 1026 1593 1046 C.
1608 1026 1696 1046 Valerio
1710 1027 1815 1051 Triario,
1830 1034 1862 1048 u-

227 1062 271 1079 met
290 1058 340 1086 ipso
353 1062 429 1079 aiacem
443 1063 521 1087 parles
536 1063 616 1086 agente
631 1059 759 1080 adversarii
773 1060 846 1084 (Iibrr.
868 1060 887 1080 Ι.
907 1064 928 1080 et
945 1060 1005 1085 IL),
1022 1072 1048 1076 —
1066 1061 1161 1081 alteram
1173 1061 1304 1089 eorlemsere
1315 1065 1412 1089 tempore
1422 1061 1467 1082 rire
1474 1066 1525 1089 'mn
1536 1061 1560 1082 1,,
1573 1061 1665 1081 Luculli
1674 1062 1759 1082 obitum
1771 1063 1808 1082 (de
1818 1069 1862 1090 qun

227 1093 274 1114 vid.
294 1093 416 1114 Plutarch.
437 1094 527 1114 Ι,ιιτηΙΙ.
549 1100 567 1114 c.
581 1095 644 1119 alh),
665 1094 748 1115 saturne
766 1095 789 1114 in
802 1094 895 1114 Luculli
902 1095 982 1122 paeri,
994 1095 1060 1115 caia:
1072 1099 1120 1115 tam
1133 1099 1195 1116 lutor
1205 1101 1263 1121 erut,
1274 1097 1406 1117 Tusculano
1417 1097 1554 1119 Stoicorum.
1567 1097 1671 1116 (Tamne
1680 1101 1756 1117 aulem
1767 1097 1864 1126 Ptripa-

231 1128 350 1149 (eticorum
375 1129 498 1156 vetuitque
516 1129 651 1149 Academiae
670 1129 770 1149 raciones
789 1133 865 1150 tuente
879 1129 952 1152 (librr.
972 1130 1019 1150 ΙΙΙ.
1039 1134 1060 1151 et
1071 1131 1137 1155 ΙΙ’.)·,
1151 1143 1177 1146 -
1188 1131 1278 1151 tertiam
1290 1131 1382 1151 ,muenia
1393 1132 1416 1151 in
1427 1131 1561 1151 Academiae
1571 1131 1653 1159 'paliis
1664 1139 1725 1153 anno
1733 1132 1786 1161 sen
1799 1141 1823 1162 p.
1838 1134 1863 1154 U.

228 1171 246 1184 c.
264 1166 310 1185 675.
325 1164 359 1183 M.
375 1164 451 1191 Pupio
471 1164 552 1184 Pisone
569 1171 643 1184 coram
655 1164 742 1189 Attica,
750 1166 774 1188 ΙΙ.
786 1168 807 1185 et
817 1164 842 1185 L.
855 1165 1008 1190 Ciceronibus,
1019 1165 1143 1192 meipsius
1158 1170 1254 1193 rogatu,
1274 1166 1480 1193 Peripateticorum
1495 1170 1516 1187 e!
1531 1166 1612 1188 celeria
1625 1169 1760 1189 Academiae
1773 1169 1863 1196 placitu

228 1199 315 1227 copiose
324 1199 462 1227 explanante
473 1199 522 1225 (lib.
533 1198 713 1225 l'.)institat11m
723 1198 853 1227 euefingit.
872 1199 1026 1228 stripeium
1037 1204 1114 1222 antem
1124 1200 1208 1221 bilibri
1217 1208 1278 1221 anno
1291 1201 1315 1221 ι’.
1327 1204 1374 1222 709.

279 1309 296 1330 A
305 1310 323 1329 R
331 1309 357 1329 G,
373 1308 451 1329 Cicero
467 1308 507 1330 hoc
523 1316 588 1336 opere
601 1313 698 1330 veterum
709 1309 890 1337 philosophorum
900 1310 946 1333 πιρὶ
956 1309 1020 1333 πίλους

227 1345 241 1364 i.
254 1352 272 1364 υ.
288 1345 315 1365 de
326 1344 419 1364 Finibus
434 1344 481 1365 sire
491 1345 517 1365 de
528 1352 610 1366 summo
621 1347 643 1364 et
653 1345 709 1365 hono
720 1348 741 1366 et
751 1345 808 1366 malo
819 1346 942 1366 sententias
952 1353 1020 1373 expo-

226 1379 266 1399 nit.
296 1380 328 1400 Ac
343 1379 413 1406 primo
427 1379 513 1406 quidem
529 1379 598 1404 libro,
614 1382 665 1406 post
679 1380 813 1406 prooemium
828 1381 855 1401 de
865 1380 1021 1408 philosophiae

226 1416 323 1435 Graecae
335 1414 422 1435 Latinis
438 1415 521 1435 litteris
536 1415 683 1435 illustrandae
698 1418 720 1435 et
733 1415 759 1436 de
775 1415 834 1435 onini
848 1414 1020 1442 philosophandi

226 1449 300 1469 studio
315 1457 333 1470 e.
350 1453 402 1471 1-4.
431 1451 571 1477 Ῥοημιᾱωε,
587 1454 691 1477 suscepto
705 1451 855 1471 defendendae
865 1450 1021 1478 philosophiae

226 1485 348 1511 Epicureae
358 1485 496 1512 provinciae.
504 1489 532 1509 5.‚
543 1485 647 1506 Ciceroni
658 1485 698 1506 hoc
708 1485 864 1513 philosophiae
872 1492 940 1511 genus
951 1485 1020 1506 omni-

227 1527 253 1540 no
265 1520 434 1547 reprehendenti
449 1528 466 1541 c.
483 1522 502 1541 6.
519 1523 538 1541 7.
555 1520 674 1547 respondet
687 1520 729 1541 hoc
743 1521 817 1540 modo:
834 1520 950 1547 Epicurum
962 1528 1020 1541 sum-

226 1562 282 1575 mnm
295 1556 372 1576 bonum
387 1555 491 1583 posuisse
506 1555 530 1575 in
543 1555 670 1582 solumne,
685 1562 790 1576 nummum
803 1555 883 1576 rnalurn
898 1555 921 1575 in
931 1555 1020 1580 dolore-3

226 1589 349 1616 exemplum
360 1590 417 1610 enim
428 1589 554 1610 animalium
565 1596 641 1610 reeens
651 1594 750 1610 natorum
757 1606 763 1614 ,
779 1597 834 1617 qnae
844 1593 949 1617 appetant
958 1589 1021 1610 volu-

225 1628 315 1650 punem,
326 1624 423 1646 dolorem
435 1625 529 1650 fugiant,
540 1624 596 1645 sotis
607 1626 730 1650 ostendere,
742 1625 876 1652 voluptatem
887 1633 926 1652 pro
937 1632 1019 1645 summu

225 1660 282 1679 bono
293 1660 412 1681 hahendam
423 1666 471 1680 esse
485 1667 504 1680 c.
515 1663 534 1681 Β.
563 1661 635 1684 Quare
646 1660 666 1680 si
677 1660 715 1686 qui
725 1664 828 1681 accusent
837 1659 971 1687 voluptutem
982 1660 1020 1680 du-

224 1695 336 1721 loremque
346 1694 443 1719 iaudent,
456 1702 498 1715 non
508 1694 579 1722 ipsam
588 1694 723 1722 voluptatem
730 1710 738 1720 ,
749 1695 786 1716 sed
797 1702 836 1715 eus
846 1695 921 1722 potius
931 1701 1020 1715 necun-

224 1737 256 1754 re,
267 1730 304 1756 qui
315 1729 431 1750 blanditiis
442 1729 591 1757 praesentium
599 1729 735 1756 voluptatum
745 1729 852 1756 corrupti,
860 1730 947 1750 futuros
957 1729 1019 1750 dolo-

224 1771 260 1785 res
271 1772 313 1785 non
325 1764 462 1792 provideant,
470 1763 652 1791 autperferendis
662 1763 776 1784 doloribus
787 1764 861 1791 parvis
872 1764 967 1785 maiores
976 1771 1020 1784 non

224 1799 333 1826 repellant
343 1802 401 1820 e.10.
420 1800 498 1826 Neque
507 1806 558 1819 vero
568 1798 702 1826 voluptatem
712 1798 811 1824 intelligi
821 1805 866 1819 enm
877 1799 954 1823 sulam.
965 1805 1020 1825 quoe

225 1834 335 1854 suavitate
354 1834 429 1860 aliquo
442 1837 542 1854 naturam
555 1833 625 1861 ipsum
641 1837 738 1857 movent,
757 1834 795 1854 sed
811 1840 856 1854 earn
870 1834 1019 1860 potissimum,

225 1876 280 1895 quae
290 1869 432 1896 percipiatur,
444 1868 503 1889 omni
513 1868 590 1889 dolore
599 1869 697 1889 detracto
708 1875 725 1888 c.
738 1871 770 1889 Η.
794 1869 936 1896 Voluptatem
947 1873 1019 1889 autern

225 1910 275 1924 ense
285 1911 390 1924 summum
399 1904 478 1924 bonnm
486 1919 491 1928 ‚
506 1903 603 1924 dolorem
618 1910 723 1924 summum
733 1903 824 1928 malum,
840 1910 868 1924 ex
877 1911 902 1924 eo
912 1903 1018 1929 intelligi,

225 1938 282 1964 quod
293 1938 350 1958 nihil
359 1937 446 1958 beatius
457 1944 506 1958 ene
517 1938 590 1964 posuit
603 1945 640 1963 eo,
651 1938 689 1965 qui
700 1939 813 1966 perpetuis
823 1939 910 1959 truann-
920 1939 987 1959 animi
998 1943 1019 1959 et

224 1972 324 2000 eorporis
334 1972 494 2000 volnptntihun,
501 1972 562 1993 nullo
569 1972 644 1993 dolore
651 1980 690 1993 nee
699 1973 833 2000 impediente
843 1980 882 1994 nec
891 1973 1018 2000 impenden-

224 2011 254 2032 te,
265 2007 323 2028 nihil
333 2011 409 2028 contra
417 2007 522 2028 miserius
528 2014 561 2031 eo.
569 2007 606 2034 qui
616 2008 718 2028 maximis
728 2009 842 2029 confectus
852 2009 883 2029 sit
893 2009 960 2030 animi
971 2015 1018 2029 cor-

223 2042 329 2069 porisque
339 2042 453 2063 doloribus
460 2058 465 2067 ,
480 2049 519 2063 nee
529 2042 576 2063 ulla
585 2049 624 2070 spe
634 2043 737 2068 duent-ur,
753 2043 801 2064 fore
811 2043 929 2070 aliquando
940 2043 1018 2064 melius

224 2084 242 2097 e.
255 2080 286 2097 1¹2.
312 2077 355 2100 Qui
365 2077 388 2097 in
398 2083 442 2097 una
451 2077 541 2101 virtute,
553 2077 648 2098 numinis
659 2078 776 2105 splendore
786 2078 853 2105 copti,
864 2085 969 2099 summum
981 2080 1018 2099 ho-

225 2119 275 2132 num
286 2115 375 2139 ponunt,
387 2119 430 2132 non
440 2112 522 2136 videre.
533 2119 579 2133 enm
590 2119 617 2133 ne
627 2113 770 2140 expetendam
783 2113 869 2140 quidem
879 2113 961 2138 videri.
973 2114 1019 2134 nisi

223 2146 358 2174 voluptatem
373 2147 456 2167 efficiat
474 2154 498 2167 e..
510 2149 548 2168 13-
556 2150 587 2168 16.
617 2148 708 2169 Nullum
727 2148 798 2173 igitur
815 2155 865 2168 esse
883 2155 977 2170 errorem
995 2149 1019 2170 in

223 2181 281 2208 ipsis
291 2181 372 2202 finibus
379 2197 384 2206 ,
396 2182 433 2202 sed
444 2181 466 2201 in
477 2181 512 2202 hin
522 2183 587 2202 rebus
594 2198 599 2206 ,
615 2189 627 2203 e
637 2182 717 2209 quihus
727 2183 860 2203 efficiantur.
893 2184 970 2204 Futeri
980 2190 1018 2205 nu-

223 2220 266 2237 tem
277 2223 308 2241 se.
316 2216 385 2237 animi
395 2217 529 2244 voluptatem
539 2221 561 2238 et
571 2217 668 2238 dolorem
679 2224 690 2238 e
700 2224 791 2245 corpore
801 2218 870 2243 nasci,
877 2219 914 2239 sed
926 2225 976 2239 esse
986 2223 1018 2239 tn-

223 2258 272 2272 men
286 2251 388 2272 niniurem
402 2252 516 2280 voluptate
531 2257 551 2273 et
567 2252 643 2273 dolore
653 2252 766 2279 corporis,
781 2260 822 2279 quu
833 2260 876 2273 non
886 2253 938 2274 item
953 2256 1019 2280 atque

223 2286 296 2306 animo
306 2286 426 2313 praeterita
437 2291 457 2308 et
468 2288 550 2312 futura,
558 2288 595 2308 sed
602 2287 728 2315 praesentio
738 2291 822 2308 tontum
833 2288 966 2313 sentiamus3
977 2295 1018 2309 un·
1038 2313 1040 2320 k

223 2321 250 2341 de
259 2324 320 2341 tanto
332 2321 381 2348 plus
392 2321 484 2348 quisque
494 2321 616 2349 voluptatis
626 2322 743 2350 percipiat.
754 2325 835 2349 quanto
845 2323 876 2343 sit
886 2323 1017 2350 sapientior.

222 2356 299 2382 ltaque
315 2356 433 2383 Epicurum
448 2356 512 2377 etiam
529 2357 611 2377 nemini
626 2357 672 2378 nisi
686 2357 784 2384 sapienti
796 2357 931 2385 voluptatem
946 2358 1016 2383 illam,

222 2391 305 2410 nemini
315 2391 361 2412 nisi
375 2391 443 2412 stulto
459 2392 556 2413 dolorem
570 2392 675 2413 tribuere.
685 2399 704 2413 e.
718 2395 749 2413 17.
766 2400 812 2419 sqq.
843 2393 920 2420 Neque
931 2393 1017 2414 tandem

223 2425 354 2450 amicitiam,
370 2426 414 2447 isto
425 2434 507 2447 summo
517 2428 574 2447 bono
584 2427 719 2451 constituto,
734 2427 797 2451 tolli,
809 2428 866 2454 quod
876 2427 971 2448 omnium
981 2434 1016 2448 re-

222 2466 282 2484 rnm,
297 2467 350 2487 quos
365 2462 391 2481 ad
406 2462 505 2482 suaviter
517 2462 634 2482 vivendum
649 2462 761 2489 snpientia
769 2463 942 2489 comparaverit,
958 2462 1016 2483 nihil

222 2494 293 2514 rnaius
304 2496 410 2521 amicitia,
421 2496 453 2516 nil
464 2496 582 2517 iucundius
593 2497 630 2517 sit.

277 2535 298 2560 1.
316 2537 338 2562 I.
359 2531 423 2562 Non
435 2545 506 2563 eram
519 2537 636 2568 nescius,
649 2537 737 2567 Brute,
750 2545 845 2571 quum,
859 2546 928 2572 quae
939 2547 1015 2564 sum-
1035 2542 1037 2546 ’

222 2572 274 2597 mis
293 2572 410 2607 ingeniis
424 2575 614 2609 exquisitaque
629 2574 749 2600 doctrina
764 2573 919 2609 philosophi
931 2575 1014 2601 Grae-
1034 2577 1036 2592 ¹

221 2616 252 2634 co
262 2617 384 2635 sermone
398 2611 581 2637 tractavissent
590 2620 644 2644 ,ca
655 2611 756 2641 Latinis
768 2610 863 2637 litteris
874 2611 1014 2638 mandare·
1034 2626 1036 2651 Ι

222 2644 403 2677 11111s‚iore,ut
414 2646 458 2673 hic
470 2653 558 2674 noster
569 2647 642 2675 labor
653 2648 680 2674 in
692 2648 780 2675 varias
791 2648 1013 2683 reprehensiones

1072 1312 1228 1340 incurreret.
1269 1313 1336 1340 Nam
1351 1313 1515 1349 quibusdam
1524 1336 1530 1346 ,
1547 1320 1572 1342 et
1585 1315 1620 1342 iis
1629 1315 1741 1350 quidem
1753 1324 1804 1342 non
1817 1315 1866 1343 ad-

1073 1350 1182 1376 modum
1202 1350 1330 1382 indoctis,
1353 1356 1436 1378 totum
1461 1352 1510 1379 hoc
1525 1352 1651 1388 displicet
1667 1353 1864 1388 philosophari.

1072 1387 1187 1419 Quidam
1199 1393 1288 1414 autem
1300 1397 1351 1415 non
1364 1388 1391 1415 id
1403 1394 1455 1415 tam
1467 1389 1674 1424 reprehendunt„
1689 1391 1712 1417 si
1724 1391 1865 1417 remissius

1072 1430 1178 1459 agatur:
1196 1425 1243 1451 sed
1259 1430 1362 1452 tantum
1377 1426 1498 1453 studium
1514 1432 1622 1462 tamque
1633 1427 1745 1454 multam
1755 1435 1864 1462 operam

1072 1462 1224 1496 ponendam
1236 1463 1263 1489 in
1273 1471 1304 1489 eo
1317 1471 1368 1489 non
1380 1463 1552 1491 arbitrantur.
1591 1464 1677 1491 Erunt
1687 1465 1767 1491 etiam
1776 1485 1782 1495 ,
1799 1465 1865 1491 ethi

1072 1499 1183 1534 quidem
1195 1499 1410 1527 eruditiGraecis
1423 1500 1526 1532 litteris,
1539 1506 1739 1528 contemnentes
1746 1502 1863 1533 Latinas,

1072 1537 1120 1571 qui
1135 1545 1164 1562 se
1179 1536 1270 1563 dicant
1286 1538 1313 1563 in
1325 1537 1434 1564 Graecis
1449 1538 1570 1574 legendis
1584 1547 1693 1574 operam
1707 1538 1787 1565 malle
1800 1547 1866 1565 oon-

1072 1582 1188 1600 sumere.
1230 1574 1365 1601 Postremo
1375 1574 1480 1610 aliquos
1492 1575 1595 1603 futuros
1606 1577 1742 1611 suspicor,
1759 1576 1808 1611 qui
1822 1583 1865 1602 mo

1072 1610 1105 1636 ad
1117 1610 1183 1637 alias
1195 1610 1296 1638 litteras
1307 1617 1414 1644 vocent3
1431 1621 1519 1648 genus
1535 1613 1585 1639 hoc
1599 1613 1750 1644 scribendi,
1767 1613 1818 1639 etsi
1829 1613 1866 1639 sit

1071 1647 1189 1683 elegans,
1202 1656 1331 1682 personae
1343 1654 1430 1676 tamen
1442 1655 1467 1676 et
1477 1650 1617 1685 dignitatis
1630 1658 1689 1677 esse
1700 1654 1807 1686 negent.
1837 1651 1863 1676 2.

1071 1684 1166 1711 Contra
1193 1693 1262 1719 quos
1291 1694 1385 1712 omnes
1411 1686 1556 1713 dicendum
1584 1687 1702 1714 breviter
1727 1687 1863 1714 existimo.

1071 1721 1240 1756 Quamquam
1256 1722 1442 1757 philosophiae
1457 1724 1568 1759 quidem
1583 1724 1811 1759 vituperatoribus
1821 1732 1866 1751 sa-

1071 1759 1105 1785 tis
1121 1767 1279 1793 responsum
1296 1765 1336 1786 est
1350 1768 1381 1786 eo
1397 1759 1478 1791 libro,
1499 1770 1553 1796 quo
1568 1770 1584 1787 a
1598 1761 1677 1788 nobis
1692 1761 1863 1797 philosophia

1071 1795 1180 1822 defensa
1195 1801 1221 1822 et
1235 1796 1383 1823 collaudata
1399 1802 1452 1827 est.
1470 1806 1555 1833 quum
1570 1803 1641 1825 esset
1651 1804 1774 1825 accusata
1785 1804 1811 1825 et
1822 1799 1865 1825 vi-

1071 1837 1189 1868 tuperata
1201 1833 1234 1859 ab
1246 1833 1395 1861 Hortensio.
1432 1834 1485 1867 Qui
1496 1834 1564 1862 liber
1575 1844 1660 1871 quum
1671 1841 1697 1862 et
1708 1836 1757 1862 tibi
1767 1835 1865 1870 proba-

1071 1875 1113 1896 tus
1126 1870 1262 1897 videretur
1277 1876 1303 1897 et
1314 1871 1361 1902 iis,
1381 1880 1450 1906 quos
1466 1880 1515 1908 ego
1530 1880 1609 1907 posse
1620 1872 1739 1899 iudicare
1750 1873 1864 1900 arbitra-

1071 1915 1125 1939 rer,
1139 1907 1215 1942 plura
1227 1909 1347 1943 suscepi,
1362 1909 1476 1940 veritus,
1493 1918 1525 1935 ne
1536 1918 1643 1936 movere
1654 1910 1795 1936 hominum
1806 1914 1865 1937 stu-

1071 1944 1114 1971 dia
1126 1944 1241 1976 viderer,
1255 1946 1368 1972 retinere
1380 1954 1432 1972 non
1442 1955 1531 1981 posse.
1566 1946 1619 1979 Qui
1629 1952 1728 1978 autem,
1741 1948 1765 1974 si
1776 1947 1864 1974 maxi-

1070 1990 1113 2008 me
1125 1982 1174 2008 hoc
1185 1982 1300 2017 placeat,
1314 1982 1477 2010 moderatius
1487 1988 1575 2011 tamen
1586 1984 1615 2010 id
1626 1984 1720 2011 volunt
1730 1984 1796 2015 fieri,
1809 1983 1864 2011 dif-

1071 2019 1168 2045 ficilem
1180 2019 1326 2054 quamdam
1338 2021 1541 2055 temperantiam
1552 2021 1688 2056 postulant
1698 2022 1726 2048 in
1737 2030 1777 2053 eo,
1790 2020 1863 2057 quod

1070 2056 1153 2082 semel
1168 2057 1318 2083 admissum
1333 2058 1449 2084 coerceri
1464 2059 1630 2094 reprimique
1644 2067 1697 2085 non
1712 2063 1812 2093 potest:
1833 2062 1865 2085 ut

1070 2094 1265 2128 propemodum
1286 2094 1446 2121 iustioribus
1466 2100 1575 2121 utamur
1593 2095 1662 2126 illis,
1685 2096 1734 2131 qui
1753 2096 1863 2122 omnino

1070 2136 1182 2158 avocent
1195 2139 1209 2157 a
1225 2131 1410 2166 philosophia,
1428 2140 1510 2167 quam
1524 2132 1581 2163 his,
1597 2134 1645 2168 qui
1657 2132 1738 2159 rebus
1749 2132 1862 2159 infinitis

1070 2168 1181 2195 modum
1195 2169 1372 2199 constituant,
1389 2169 1417 2195 in
1431 2178 1514 2205 reque
1529 2178 1560 2197 eo
1571 2169 1694 2201 meliore.
1714 2178 1768 2205 quo
1778 2170 1863 2196 maior

1069 2206 1117 2236 sit,
1136 2205 1345 2232 mediocritatem
1361 2205 1524 2233 desiderent.
1563 2209 1588 2233 3.
1611 2206 1674 2233 Sive
1689 2208 1762 2233 enim
1774 2206 1807 2233 ad
1817 2214 1862 2232 sa-

1069 2243 1198 2277 pientiam
1214 2243 1350 2277 perveniri
1366 2248 1465 2278 potest:
1483 2252 1536 2270 non
1551 2244 1669 2279 paranda
1683 2244 1761 2270 nobis
1772 2243 1861 2270 solum

1069 2288 1112 2310 ea,
1130 2279 1178 2306 sed
1190 2279 1301 2306 fruenda
1313 2281 1393 2306 etiam
1407 2285 1455 2307 est.
1494 2281 1559 2308 Sive
1570 2281 1620 2307 hoc
1629 2280 1740 2307 difficile
1750 2286 1803 2307 est:
1821 2286 1861 2307 ta-

1069 2325 1130 2343 men
1140 2325 1189 2343 nec
1201 2317 1297 2343 modus
1307 2322 1348 2344 est
1358 2317 1431 2344 ullus
1442 2318 1624 2354 investigandi
1634 2318 1704 2348 veri,
1719 2318 1772 2344 nisi
1783 2318 1861 2344 inve—

1069 2354 1154 2380 neris:
1177 2359 1202 2380 et
1217 2354 1364 2389 quaerendi
1379 2354 1535 2391 defatigatio
1548 2356 1634 2390 turpis
1649 2359 1702 2385 est.
1719 2363 1805 2389 quum
1820 2354 1858 2387 id.

1037 2387 1046 2456 ,k
1068 2391 1141 2425 quod
1155 2392 1306 2426 quaeritur,
1323 2392 1359 2418 sit
1373 2392 1595 2426 pulcherrimum.
1634 2391 1740 2418 Etenim
1751 2392 1775 2418 si
1786 2391 1860 2418 dele-

1068 2433 1184 2459 ctamur,
1202 2437 1287 2463 quum
1298 2429 1458 2456 scribimus:
1480 2430 1543 2464 quis
1554 2433 1594 2455 est
1604 2433 1658 2455 tam
1668 2428 1779 2455 invidus
1788 2450 1794 2460 ‚
1811 2430 1860 2464 qui

1043 2462 1046 2499 I
1067 2465 1100 2491 ab
1112 2473 1142 2492 eo
1154 2474 1202 2492 nos
1213 2465 1346 2492 abducat?
1356 2465 1403 2492 Sin
1415 2466 1582 2493 laboramus:
1597 2466 1659 2500 quis
1671 2470 1720 2495 est,
1733 2467 1781 2500 qui
1793 2466 1860 2493 alie-

1067 2511 1116 2528 nae
1127 2502 1237 2529 modum
1249 2507 1346 2530 statuat
1361 2502 1527 2530 industriae?
1544 2503 1625 2532 Nam,
1643 2507 1672 2529 ut
1683 2503 1859 2530 Terentianus

1065 2539 1193 2566 Chremes
1213 2548 1266 2567 non
1286 2539 1464 2572 inhumanus,
1485 2540 1534 2575 qui
1549 2548 1650 2566 novum
1665 2540 1787 2567 vicinum
1805 2548 1858 2567 non

1065 2575 1124 2603 vult

1138 2616 1231 2647 fodere,
1245 2617 1291 2640 αάι
1304 2623 1390 2645 arare,
1401 2619 1448 2640 aut
1457 2615 1558 2647 aliquid
1566 2616 1635 2647 ferre
1644 2615 1765 2647 denique,-

1064 2658 1117 2677 non
1128 2651 1200 2677 enim
1211 2650 1289 2678 illum
1299 2650 1333 2677 ab
1349 2650 1495 2683 industria,
1512 2650 1562 2677 sed
1575 2650 1610 2677 ab
1625 2650 1751 2678 illiberali
1767 2650 1856 2678 labore
