1941 3052
193 121 251 146 ¹205
755 121 809 144 133.
846 119 880 144 M.
917 118 944 144 T.

189 190 297 217 berc-ule
317 201 366 223 υμυ
383 200 422 216 un·
439 199 518 224 rupto
539 198 588 215 non
615 188 769 214 'incudm-eiu
791 190 888 223 putari.
930 188 980 214 Sed
1002 210 1004 224 Ι

190 234 276 254 inim-u
290 228 410 253 ununulli
425 228 476 255 isti,
489 227 554 255 Tite,
569 225 668 251 [m-iunt
681 226 817 259 imperite,
831 226 878 260 qui
893 226 918 251 iu
933 226 982 251 isto
1002 226 1004 237 ³

189 266 308 300 peric-ulo
322 275 371 291 nnn
386 270 411 290 ut
422 274 434 288 a
449 268 535 297 pocta,
562 262 607 287 sed
622 267 673 288 uta
691 268 755 288 teste
774 263 910 288 veritatem
923 263 981 288 exi-
1002 267 1005 301 i

189 308 260 336 gout.
304 303 355 327 Nm>
367 302 473 329 dubito,
491 301 558 334 quin
573 300 667 329 iidem,
684 305 780 325 etcum
794 300 888 333 Egeria
899 300 981 325 collo-
1002 318 1005 344 Ι

188 345 279 365 cutiuu
294 340 419 367 Numam,
436 342 461 363 et
475 337 508 362 ab
520 336 609 371 aquila
622 337 767 371 Tarquinio
778 338 881 371 apicem
895 338 982 371 impo-
1002 351 1004 356 ¹

188 378 269 402 situm
282 381 383 410 pitteut.
424 376 455 406 Q.
479 374 608 407 intelligo,
623 378 660 403 te,
675 373 766 404 frater,
781 374 847 400 alias
859 375 884 400 in
898 374 983 400 bistu-

189 415 225 440 ria
239 414 309 445 leges
320 411 501 437 observandas
514 416 615 445 putare,
629 411 695 437 alias
708 412 733 437 in
747 417 876 445 poemate.
904 413 928 437 55.
945 412 979 437 M.

188 452 291 484 Quippe
303 458 386 483 quum
401 449 426 474 in
441 448 483 474 illa
496 448 528 474 ad
542 449 688 478 veritatem,
701 449 808 480 Quinte,
823 448 979 479 reserantur,

189 489 213 514 iu
228 488 274 513 lun·
287 486 318 512 ad
331 486 531 512 delectationem
545 486 681 520 pleraque.
697 486 866 520 Quamquam
879 486 980 520 etapud

188 525 388 558 'l'bcopoinpuni
402 528 464 549 sunt
477 522 687 549 innumerabiles
700 523 816 549 [abidae.

241 562 270 588 ll.
294 562 312 587 A
320 571 331 587 vr
339 571 360 586 r.
383 561 478 589 Teneo,
492 569 572 594 quam
585 560 722 594 optabam.
739 561 920 589 occasionem,
935 569 982 586 ne-

186 608 237 634 que
251 599 381 624 omittam.
423 598 457 624 M.
470 599 554 629 Quam
569 597 684 627 tandem,
702 598 778 624 Tite?
798 599 864 624 Λττ.
889 598 982 623 Postu-

188 637 254 662 latur
265 644 277 661 a
291 640 314 661 te
327 635 442 665 iamdiu,
468 635 508 660 vel
526 634 659 669 flagitatur
675 636 764 669 potius
777 635 895 661 historia.
937 635 981 661 Sic
1003 651 1004 662 t

185 674 256 699 cuim
270 678 372 707 putant,
387 677 409 698 te
423 672 495 698 illam
508 677 647 702 tractante,
664 672 734 698 ellici
747 681 824 707 posse
834 693 839 702 ,
854 673 918 699 utin
933 672 981 698 boc
1003 670 1004 678 ¹

185 712 263 737 etiam
276 719 374 743 genere
386 710 512 736 Graeciae
525 709 592 735 nibil
605 709 742 736 cedamus.
783 711 879 744 Atque,
894 715 922 735 ut
933 718 982 735 au-

185 748 256 778 dias,
275 747 340 782 quid
353 756 402 780 ego
416 748 472 781 ipse
484 747 612 776 sentiam,
631 756 682 773 non
698 747 786 773 solum
801 747 867 773 milii
880 747 982 773 videris

185 794 275 811 corum
288 784 399 815 studiis,
417 785 464 819 qui
478 784 572 810 litteris
583 783 762 816 delectantur,
781 784 828 810 sed
842 785 921 811 etiam
935 793 982 819 pa-

186 823 249 849 triae
261 822 358 848 debere
371 822 419 848 boc
432 830 543 853 munus;
563 826 590 848 ut
606 830 648 852 ea,
666 830 735 856 quae
751 821 824 848 salva
836 827 918 857 perte
930 827 979 852 est,
1003 851 1004 856 ¹

185 864 266 894 perte
278 859 403 885 eumdem
415 860 449 885 sit
459 864 559 885 ornata.
586 859 668 885 Abest
679 860 750 885 enim
763 859 873 885 historia
887 859 981 885 litteris

185 897 295 927 nostris,
319 902 347 923 ut
363 902 387 923 et
404 898 460 931 ipse
477 895 597 931 intelligo
612 901 637 922 et
652 905 685 923 ex
702 902 725 923 te
741 905 869 932 persaepe
889 896 979 923 audio.
1003 893 1004 926 J

186 935 260 961 Potes
267 939 390 960 autemtu
403 933 519 968 profecto
530 933 683 960 satisfacere
696 935 722 960 in
734 943 773 965 ea,
782 935 884 969 quippe
895 943 981 969 quum

185 973 307 1006 sitopus.
321 976 350 997 ut
362 971 409 997 tibi
422 971 532 1006 quidem
547 971 631 997 videri
644 971 719 1002 solet,
737 980 821 998 unum
834 972 883 998 boc
895 976 982 998 orato-

185 1010 254 1035 rium
271 1009 398 1035 maxime.
440 1010 465 1034 6.
487 1008 667 1040 Quamobrem
686 1009 846 1045 aggredere,
863 1017 982 1044 quaesu-
1002 1030 1003 1033 .

185 1055 258 1076 mus,
276 1051 302 1073 et
312 1054 389 1072 sume
400 1045 431 1071 ad
444 1045 512 1072 hanc
524 1055 580 1072 rem
592 1051 712 1081 tempus,
725 1055 795 1081 quae
807 1051 847 1073 est
858 1056 871 1073 a
884 1047 981 1073 nostris

185 1084 342 1110 hominibus
354 1083 441 1109 adbuc
453 1088 498 1109 aut
509 1084 627 1119 ignorata
639 1089 685 1110 aut
696 1083 796 1110 relicta.
843 1084 910 1110 Nam
923 1088 982 1119 post

184 1121 294 1147 annales
309 1121 464 1156 pontificum
477 1122 670 1152 maximorum,
694 1121 796 1156 quibus
813 1121 881 1148 nihil
896 1126 982 1156 potest

184 1168 241 1185 esse
254 1158 408 1189 iucundius,
422 1159 445 1184 si
457 1163 501 1184 aut
511 1158 544 1184 ad
557 1159 670 1185 Fabium
685 1163 730 1185 aut
742 1158 774 1185 ad
785 1167 857 1190 eum,
871 1159 919 1194 qui
932 1159 981 1185 tibi

184 1205 290 1230 semper
306 1197 332 1222 in
348 1204 392 1222 ore
411 1200 463 1225 est,
489 1196 616 1222 Catonem
636 1201 682 1222 aut
696 1196 729 1222 ad
742 1196 866 1222 Pisonem
885 1201 930 1223 aut
947 1196 981 1222 ad

185 1233 582 1260 FauniumautmlVennonium
596 1234 701 1266 venias,
715 1242 882 1269 quamquam
892 1243 926 1260 ex
938 1233 981 1260 his
1002 1254 1004 1270 ,

184 1271 252 1297 alius
269 1270 320 1297 alio
336 1270 397 1305 plus
415 1270 494 1297 babet
509 1271 623 1302 virium,
643 1276 730 1298 tamen
746 1271 813 1306 quid
829 1277 882 1298 tam
899 1271 978 1302 exile,

183 1317 264 1343 quam
279 1308 321 1334 isti
333 1307 444 1334 omnes?
459 1309 553 1334 Fannii
564 1313 653 1335 autem
665 1309 742 1335 aetati
754 1310 915 1336 coniunctus
927 1310 982 1335 An-

184 1347 279 1380 tipater
293 1345 383 1380 paullo
400 1344 503 1371 inflavit
518 1345 720 1376 vehementius,
743 1346 892 1382 habuitque
909 1347 980 1372 vires

183 1388 300 1418 agrestes
317 1382 361 1408 ille
375 1382 486 1417 quidem
499 1387 579 1417 atque
591 1383 713 1410 horridas
725 1384 783 1410 sine
795 1385 880 1410 nitore
892 1392 921 1410 ac
933 1392 982 1418 pa-

185 1420 292 1450 laestra,
311 1419 359 1446 sed
376 1425 463 1446 tamen
479 1420 623 1447 admonere
640 1421 758 1456 reliquos
773 1423 873 1456 potuit,
897 1426 925 1448 ut
937 1429 981 1447 ac-

183 1458 300 1484 curatius
312 1457 469 1484 scriberent.
494 1458 562 1484 Ecce
573 1463 662 1485 autem
674 1467 828 1485 successere
840 1459 905 1485 huic
917 1458 981 1485 Gel-

184 1495 222 1525 lii,
237 1495 360 1525 ClodiuS,
376 1494 490 1526 Asellio,
509 1495 577 1521 nihil
590 1496 622 1522 ad
635 1495 770 1528 Caelium,
786 1496 834 1522 sed
846 1497 935 1531 potius
947 1495 980 1522 ad

183 1533 354 1567 antiquorum
368 1532 523 1568 languorem
534 1538 614 1568 atque
626 1534 771 1560 inscitiam.
792 1535 818 1560 ’7.
834 1534 902 1560 Nam
913 1533 980 1569 quid

183 1570 300 1595 Macrum
314 1569 471 1596 numerem‘?
481 1571 559 1597 cuius
573 1571 719 1605 loquacitas
731 1571 810 1598 habet
821 1571 927 1606 aliquid
938 1580 981 1597 ar-

183 1608 332 1642 gutiarum,
346 1623 382 1626 —
398 1615 446 1633 nec
462 1607 488 1633 id
500 1613 588 1634 tamen
600 1617 633 1635 ex
644 1608 690 1635 illa
701 1608 805 1635 erudita
817 1609 981 1635 Graecorum

182 1645 267 1679 copia,
281 1644 328 1670 sed
340 1653 374 1671 ex
386 1644 530 1671 librariolis
542 1646 657 1676 Latinis,
671 1661 702 1665 —
716 1646 743 1672 in
754 1646 921 1672 orationibus
933 1654 982 1672 au-

184 1687 236 1707 tem
254 1681 350 1708 multas
373 1682 501 1716 ineptias,
525 1683 604 1709 elatio
618 1692 754 1709 summam
770 1683 979 1718 impudentiam.

183 1719 306 1749 Sisenna,
314 1720 373 1745 eius
384 1720 598 1750 amicus,omnes
608 1720 697 1747 adbuc
710 1725 813 1747 nostros
824 1721 978 1756 scriptores,

183 1756 236 1782 nisi
247 1756 294 1791 qui
307 1755 372 1782 forte
383 1756 503 1783 nondum
516 1757 668 1788 ediderunt,
677 1758 980 1793 dequibusexistimare

184 1802 234 1819 non
247 1802 402 1828 possumuS,
416 1793 493 1820 facile
504 1795 651 1830 superavit.
686 1796 711 1821 Is
723 1800 811 1822 tamen
823 1804 910 1830 neque
921 1804 981 1822 ora-

182 1836 223 1857 tor
234 1831 260 1856 in
273 1839 384 1857 numero
396 1836 483 1858 vestro
495 1841 624 1867 umquam
636 1837 677 1859 est
688 1832 806 1863 habitus,
819 1833 882 1859 etin
895 1832 980 1859 histo-

183 1869 221 1894 ria
243 1868 345 1902 puerile
365 1868 496 1902 quiddam
517 1874 697 1895 consectatur:
727 1874 757 1896 ut
778 1878 863 1896 unum
883 1869 981 1896 Clitar-

183 1905 274 1935 cbum,
288 1914 375 1939 neque
386 1910 519 1939 praeterea
531 1915 697 1941 quemquam
709 1906 741 1932 de
748 1906 867 1937 Graecis,
881 1906 979 1942 legisse
1002 1909 1003 1931 1

185 1941 319 1974 videatur3
333 1950 394 1968 eum
406 1947 494 1969 tamen
506 1943 575 1969 velle
586 1943 725 1970 dumtaxat
736 1944 848 1976 imitari,
862 1952 943 1978 quem
955 1945 979 1970 si
1001 1954 1003 1962 ¹

183 1979 291 2013 assequi
305 1984 406 2013 posset,
423 1979 591 2014 aliquantum
604 1980 636 2006 ab
648 1981 749 2015 optimo
761 1985 848 2007 tamen
862 1981 977 2008 abesset.

182 2016 269 2048 Quare
282 2021 357 2042 tuum
369 2021 409 2043 est
419 2025 527 2047 munus,
542 2017 832 2052 liocateexspectatur3
847 2019 900 2044 nisi
911 2018 978 2054 quid
1000 2018 1002 2038 ¹¹

182 2053 281 2086 Quinto
293 2053 400 2081 videtur
410 2062 498 2080 secus.
539 2055 580 2081 111.
601 2057 626 2081 8.
647 2055 680 2087 Q.
698 2055 764 2082 Mihi
776 2064 839 2082 vero
850 2056 932 2082 nibil:
954 2061 980 2082 et
1000 2054 1001 2063 ³

182 2099 262 2126 saepe
273 2091 306 2117 de
318 2091 369 2117 isto
380 2091 504 2118 collocuti
514 2101 620 2119 sumus.
651 2092 703 2118 Sed
715 2097 755 2119 est
765 2093 898 2128 quaedam
910 2094 979 2120 inter

182 2137 230 2155 nos
241 2137 322 2163 parva
334 2128 476 2155 dissensio.
518 2129 586 2156 Αττ.
607 2129 680 2161 Quae
694 2130 820 2156 tandem?
838 2130 870 2163 Q.
883 2131 905 2157 A
916 2131 979 2166 qui-

181 2165 233 2192 bus
245 2165 412 2200 temporibus
422 2166 559 2192 scribendi
569 2168 657 2201 capiat
667 2167 819 2194 exordium.
838 2168 895 2204 Ego
905 2169 976 2194 enim

181 2203 214 2229 ab
227 2203 330 2229 ultimis
341 2211 446 2234 censeo,
460 2204 588 2238 quoniam
600 2204 645 2230 illa
655 2205 694 2231 sic
705 2206 804 2240 scripta
815 2211 888 2236 sunt,
901 2211 931 2232 ut
945 2214 978 2232 ne

181 2240 304 2276 legantur
318 2240 443 2275 quidem:
467 2242 525 2276 ipse
541 2246 629 2268 autem
645 2242 785 2277 aequalem
800 2244 894 2269 aetatis
913 2251 978 2269 suae

181 2278 338 2304 memoriam
349 2278 482 2313 deposcit,
501 2284 530 2305 ut
541 2287 570 2305 ea
582 2279 787 2314 complectatur,
805 2280 907 2315 quibus
919 2281 977 2315 ipse

180 2315 311 2342 interfuit.
334 2315 407 2342 Αττ.
430 2316 485 2351 Ego
497 2325 559 2342 vero
572 2316 635 2343 huic
646 2318 735 2352 potius
747 2318 886 2344 assentior.
909 2317 978 2344 Sunt

181 2353 252 2378 enim
265 2354 398 2379 maximae
409 2361 450 2379 res
462 2354 489 2380 in
502 2353 550 2380 hac
557 2355 685 2381 memoria
692 2359 771 2389 atque
777 2360 861 2381 aetate
872 2360 974 2388 uostra3

181 2394 238 2415 tum
249 2395 337 2416 autem
349 2390 469 2417 hominis
480 2391 654 2422 amicissimi,
672 2392 721 2418 Cn.
735 2392 868 2427 Pompeii,
883 2392 976 2419 laudes

181 2425 334 2454 illustrabit.
369 2429 487 2454 lncurret
498 2429 577 2455 etiam
591 2430 618 2455 in
629 2428 764 2456 illummet
775 2430 977 2456 memorabilem

181 2471 280 2489 annum
292 2473 382 2491 suum.
399 2465 472 2497 Quae
484 2465 517 2492 ab
528 2466 579 2493 isto
590 2465 660 2492 malo
670 2466 828 2501 praedicari,
842 2476 934 2502 quam,
948 2472 977 2494 ut

181 2501 269 2531 aiunt,
291 2501 323 2527 de
336 2502 417 2529 Remo
427 2507 454 2529 et
464 2503 586 2530 Romulo.
626 2504 663 2530 Μ.
675 2503 799 2540 Intelligo
810 2505 947 2539 equidem,
961 2514 975 2531 a

180 2545 223 2563 me
234 2538 315 2563 istum
328 2538 444 2566 laborem
455 2540 558 2567 iamdiu
569 2540 709 2575 postulari,
717 2541 816 2568 Attice:
829 2550 910 2576 quem
922 2551 975 2569 non

180 2582 341 2606 recusarem,
354 2576 377 2601 si
389 2577 456 2603 mihi
467 2577 554 2604 ullum
566 2578 729 2605 tribueretur
739 2587 856 2605 vacuum
867 2584 974 2614 tempus

180 2619 210 2637 ac
222 2611 347 2653 liberum.
388 2614 480 2648 Neque
490 2616 564 2642 enim
573 2621 702 2650 occupata
712 2625 791 2651 opera
800 2637 806 2647 ,
823 2625 911 2652 neque
923 2618 975 2643 im-

179 2648 270 2683 pedito
281 2649 370 2676 animo
384 2658 426 2677 res
437 2656 507 2678 tanta
518 2653 622 2688 suscipi
631 2658 731 2688 potest:
749 2659 895 2690 utrumque
905 2663 974 2690 opus

980 118 1254 144 (Iltllill()NlS

1033 194 1085 217 est.
1099 194 1123 215 et
1134 197 1196 214 curu
1211 197 1303 213 vacare
1314 193 1339 214 et
1351 189 1465 222 nogotio.
1503 190 1527 215 9.
1550 189 1617 215 Αττ,
1639 188 1729 220 Quid‘?
1740 188 1771 214 ad
1783 198 1825 214 ce-

1034 232 1086 252 tera
1100 227 1177 260 (quae
1188 226 1320 259 scripsisti
1333 225 1408 259 plura
1417 247 1422 254 ,
1445 234 1526 260 quam
1537 227 1682 261 quisquam
1694 236 1707 251 e
1721 228 1828 261 nostris)

1033 264 1104 298 quml
1118 263 1166 289 tibi
1179 262 1284 288 tandem
1298 268 1403 297 tempus
1417 272 1530 288 vacuum
1544 262 1593 289 fuit
1604 264 1780 290 concessum?
1792 264 1826 290 M.

1032 301 1180 326 Subseciva
1191 299 1323 334 «praedam
1337 305 1453 334 tempora
1467 301 1614 328 incurrunt,
1627 310 1695 335 quae
1707 311 1756 327 ruo
1768 310 1829 335 per-

1035 339 1071 363 iri·
1094 347 1144 363 nnn
1162 338 1259 371 pati0r;
1285 342 1325 365 ut.
1348 338 1370 363 si
1387 338 1433 372 qui
1449 337 1507 363 dies
1523 337 1555 363 ad
1572 339 1756 364 rusticandum
1773 338 1828 364 dati

1033 377 1100 405 sint,
1115 375 1147 401 ad
1158 383 1250 400 corum
1263 383 1405 400 numerum
1417 374 1664 403 accommodentur,
1681 385 1750 410 quae
1762 376 1830 401 ,wri-

1034 413 1134 438 bitnus.
1180 412 1292 438 llistoria
1311 420 1373 437 vero
1390 420 1437 437 nec
1451 413 1554 438 institui
1566 417 1665 446 potest,
1686 414 1736 439 nisi
1752 421 1830 447 prae-

1034 454 1124 484 parato
1134 449 1195 479 otio,
1214 458 1261 475 nec
1274 449 1373 483 exiguo
1384 454 1501 483 tempore
1513 449 1630 475 absolvi:
1649 454 1673 475 et
1685 459 1734 484 ego
1745 451 1828 476 animi

1035 487 1149 522 pendere
1161 486 1242 515 soleo,
1251 495 1346 521 quum,
1360 486 1441 512 semel
1454 486 1520 521 quid
1532 495 1618 516 orsus,
1627 486 1749 513 traducor
1761 487 1826 517 alio,

1034 533 1121 559 neque
1142 530 1193 550 tam
1212 523 1288 549 facile
1306 524 1450 558 interrupta
1470 529 1595 553 contexo,
1618 533 1699 559 quam
1719 524 1830 550 absolvo

1035 562 1164 588 instituta.
1209 563 1247 587 ⁴0.
1273 562 1340 587 Λττ.
1368 562 1538 596 Lab-ationem
1560 561 1678 596 aliquam
1700 562 1828 587 nimirum

1032 600 1115 625 oratio
1124 600 1171 625 ista
1184 598 1300 633 postulat
1310 603 1355 624 aut
1365 598 1499 624 eiusmodi
1511 600 1667 633 quampiam
1679 600 1828 625 cessionem

1035 637 1145 663 liberam
1166 641 1245 671 atque
1265 636 1387 662 otiosam.
1429 636 1462 662 M.
1483 636 1539 671 Ego
1556 645 1618 662 vero
1633 637 1725 662 aetatis
1740 637 1829 671 potius

1034 674 1165 700 vacationi
1181 673 1362 703 confidebam,
1379 682 1463 708 quum
1481 674 1637 708 praesertim
1655 683 1705 699 non
1722 682 1830 700 recusa-

1034 721 1103 741 rem,
1117 711 1286 746 quominus,
1305 719 1377 737 more
1389 712 1475 745 patrio
1485 710 1582 736 sedens
1595 712 1620 737 in
1634 711 1714 741 solio,
1731 720 1829 737 consu-

1035 749 1152 775 lentibus
1165 748 1572 783 responderem.senectutisque
1585 757 1635 774 non
1650 749 1742 774 inertis
1755 753 1830 783 grato

1033 791 1112 821 atque
1127 786 1236 812 honesto
1249 785 1374 821 fungerer
1384 794 1504 811 munere.
1546 786 1590 811 Sic
1601 786 1673 812 enim
1686 786 1753 811 mibi
1767 786 1831 811 lic-e-

1034 828 1108 850 rotet
1121 824 1163 849 isti
1177 824 1228 852 rei,
1251 832 1332 857 quam
1344 823 1482 849 desideras
1491 843 1496 853 ,
1519 828 1543 849 et
1555 823 1647 849 multis
1659 823 1830 849 uberioribus

1033 867 1113 896 atque
1125 860 1273 887 maioribus
1285 869 1390 895 operae,
1404 865 1535 895 quantum
1549 860 1655 891 vellem,
1669 860 1741 886 dare.

1087 898 1131 925 IV.
1156 900 1194 924 u.
1216 898 1284 924 Αττ.
1302 899 1382 932 Atqui
1396 906 1496 929 vereor,
1514 906 1546 924 ne
1558 899 1635 924 istam
1647 906 1770 924 caussam
1783 905 1831 923 ne-

1034 944 1077 962 mo
1088 940 1188 966 noscat,
1202 935 1306 970 tibique
1317 943 1423 970 semper
1433 934 1578 961 dicendum
1591 936 1639 961 sit:
1653 940 1678 961 et
1689 944 1720 961 eo
1731 935 1828 970 magis,

1033 973 1105 1008 quod
1118 978 1142 999 te
1154 973 1211 1007 ipse
1228 973 1351 1003 mutasti,
1373 977 1397 998 et
1413 972 1487 998 aliud
1503 972 1610 999 dicendi
1628 973 1767 999 instituisti
1782 981 1830 1007 ge-

1033 1019 1098 1037 nus:
1118 1015 1155 1041 ut,
1168 1010 1397 1045 quemadmodum
1410 1010 1535 1041 Roscius,
1554 1009 1695 1036 familiaris
1707 1015 1783 1036 tuus.
1802 1010 1829 1036 in

1033 1052 1169 1074 senectute
1181 1055 1307 1073 numeros
1319 1048 1346 1074 in
1357 1052 1436 1073 cantu
1447 1047 1588 1077 ceciderat,
1597 1048 1724 1082 ipsasque
1732 1047 1831 1073 tardio—

1034 1094 1075 1111 res
1088 1084 1185 1111 fecerat
1196 1085 1285 1115 tibias,
1294 1085 1333 1111 sic
1345 1089 1372 1110 tu
1385 1094 1398 1110 a
1409 1084 1831 1119 contentionibus,quibussum—

1034 1123 1085 1148 mis
1097 1123 1136 1148 uti
1147 1121 1392 1156 soleba5,quotidie
1404 1121 1507 1148 relaxes
1518 1121 1631 1157 aliquid,
1645 1123 1736 1148 utiam
1747 1123 1830 1148 oratio

1034 1165 1077 1187 tua
1085 1169 1136 1186 non
1145 1159 1260 1186 multum
1272 1168 1286 1185 a
1298 1159 1521 1194 pbilosophorum
1534 1159 1640 1186 lenitate
1652 1159 1732 1186 absit.
1753 1158 1830 1191 Quod

1033 1198 1167 1224 sustinere
1182 1205 1268 1231 quum
1284 1196 1326 1223 vel
1342 1205 1449 1223 summa
1467 1202 1591 1223 senectus
1607 1205 1684 1231 posse
1696 1196 1829 1227 videatur,

1033 1235 1135 1261 nullam
1152 1234 1202 1261 tibi
1217 1243 1231 1260 a
1247 1235 1352 1260 caussis
1365 1235 1532 1260 vacationem
1543 1234 1622 1261 video
1633 1233 1700 1260 dari.
1743 1235 1781 1260 «2.
1796 1233 1829 1266 Q.

1032 1273 1065 1299 At
1087 1271 1240 1298 mehercule
1260 1280 1310 1308 ego
1325 1271 1474 1298 arbitrabar
1488 1280 1567 1306 posse
1582 1271 1610 1298 id
1626 1270 1726 1306 populo
1742 1276 1831 1298 nostro

1033 1310 1153 1345 probari,
1170 1310 1193 1335 si
1205 1313 1229 1336 te
1241 1309 1274 1335 ad
1286 1311 1329 1335 ius
1340 1309 1558 1344 respondendum
1571 1309 1703 1335 dedisses.
1730 1307 1831 1341 Quam-

1032 1348 1134 1377 obrem,
1148 1355 1233 1382 quum
1246 1346 1376 1381 placebit,
1389 1346 1584 1381 experiendum
1597 1346 1645 1373 tibi
1656 1354 1763 1373 censeo.
1793 1346 1828 1372 M.

1033 1385 1061 1411 Si
1073 1385 1200 1420 quidem,
1216 1384 1328 1416 Quinte,
1347 1384 1452 1410 nullum
1464 1389 1535 1410 esset
1546 1385 1573 1410 in
1585 1383 1748 1418 experiendo
1759 1384 1832 1418 peri-

1032 1422 1135 1449 culum.
1176 1421 1228 1448 Sed
1244 1430 1351 1452 vereor,
1369 1430 1414 1449 ne.
1436 1421 1503 1448 dum
1519 1422 1641 1448 minuere
1658 1421 1738 1447 velim
1757 1420 1831 1447 labo-

1033 1468 1102 1490 rem,
1120 1468 1248 1495 augeam,
1266 1464 1345 1494 atque
1357 1459 1390 1485 ad
1403 1459 1476 1486 illam
1489 1467 1646 1485 caussarum
1657 1467 1779 1493 operam,
1797 1458 1830 1484 ad

1032 1506 1113 1532 quam
1130 1506 1179 1533 ego
1194 1505 1344 1532 numquam
1360 1497 1413 1523 nisi
1432 1502 1540 1532 paratus
1555 1501 1582 1523 et
1597 1495 1741 1523 meditatus
1755 1504 1832 1522 aece-

1032 1534 1075 1565 do,
1089 1534 1252 1570 adiungatur
1265 1534 1329 1560 haec
1341 1535 1408 1560 iuris
1420 1535 1616 1569 interpretatio,
1632 1542 1701 1569 quae
1713 1541 1764 1560 non
1777 1538 1830 1559 tam

1033 1572 1102 1598 mihi
1113 1572 1223 1598 molesta
1235 1572 1270 1598 sit
1281 1577 1388 1606 propter
1400 1571 1528 1602 laborem,
1544 1580 1626 1606 quam
1638 1570 1711 1606 quod
1722 1570 1830 1597 dicendi

1032 1610 1221 1645 cogitationem
1240 1609 1356 1640 auferat,
1378 1610 1437 1635 sine
1457 1617 1510 1644 qua
1530 1609 1564 1635 ad
1579 1608 1682 1635 nullam
1702 1608 1830 1635 maiorem

1033 1655 1162 1682 umquam
1186 1655 1310 1673 caussam
1329 1654 1391 1672 sum
1412 1655 1496 1672 ausus
1520 1645 1655 1672 accedere.
1700 1647 1738 1671 13.
1761 1645 1829 1672 An.

1032 1684 1102 1716 Quin
1115 1685 1199 1720 igitur
1210 1685 1259 1710 ista
1271 1684 1330 1718 ipsa
1341 1683 1462 1718 explicas
1473 1683 1552 1710 nobis
1563 1683 1607 1709 bis
1620 1682 1774 1709 subsecivis
1782 1703 1788 1711 ,
1802 1688 1831 1708 ut

1032 1722 1081 1752 ais,
1098 1721 1274 1756 temporibus,
1291 1725 1317 1747 et
1327 1721 1478 1746 conscribis
1488 1720 1522 1746 de
1533 1721 1591 1746 iure
1601 1719 1677 1746 civili
1688 1719 1828 1750 subtilius,

1032 1767 1113 1793 quam
1125 1757 1224 1785 ceteri?
1235 1759 1302 1784 Nam
1313 1763 1363 1784 eta
1375 1758 1462 1792 primo
1474 1762 1592 1792 tempore
1603 1758 1696 1784 aetatis
1708 1757 1761 1783 iuri
1772 1762 1831 1783 stu-

1031 1796 1094 1822 dere
1106 1800 1130 1822 te
1142 1796 1268 1826 memini,
1286 1803 1371 1830 quum
1388 1795 1446 1830 ipse
1457 1795 1538 1821 etiam
1550 1795 1582 1821 ad
1594 1794 1751 1821 Scaevolam
1763 1802 1831 1820 ven-

1033 1834 1150 1860 titarem:
1168 1841 1255 1867 neque
1270 1841 1402 1867 umquam
1417 1832 1486 1858 mihi
1501 1833 1579 1858 visus
1594 1840 1623 1858 es
1638 1833 1673 1858 ita
1693 1836 1717 1858 te
1737 1831 1770 1858 ad
1787 1831 1831 1858 di-

1031 1870 1148 1897 cendum
1165 1869 1288 1901 dedisse,
1310 1875 1340 1896 ut
1358 1870 1401 1896 ius
1416 1869 1497 1896 civile
1512 1874 1708 1896 contemneres.
1747 1869 1784 1895 M.
1800 1869 1830 1896 In

1033 1908 1143 1944 longum
1161 1915 1313 1934 sermonem
1331 1915 1374 1933 me
1395 1915 1488 1938 vocas,
1511 1907 1610 1933 Attice:
1633 1915 1715 1941 quem
1729 1911 1828 1937 tamen,

1032 1946 1084 1972 nisi
1095 1945 1212 1977 Quintus
1224 1944 1299 1970 aliud
1309 1944 1376 1979 quid
1387 1953 1435 1971 nos
1446 1952 1524 1980 agere
1536 1943 1648 1973 mavult,
1665 1944 1827 1978 suscipiam;

1031 1987 1069 2013 et,
1087 1983 1216 2017 quoniam
1231 1982 1311 2008 vacui
1326 1990 1436 2012 sumus,
1454 1981 1553 2008 dicam.
1593 1981 1625 2014 Q.
1647 1981 1704 2017 Ego
1719 1989 1782 2008 vero
1796 1981 1831 2008 ti-

1031 2020 1125 2046 benter
1135 2019 1279 2046 audierim.
1306 2019 1377 2051 Quid
1389 2020 1461 2045 enim
1473 2027 1550 2055 agam
1561 2018 1670 2054 potius?
1680 2023 1725 2045 aut
1737 2019 1764 2045 in
1775 2027 1830 2054 quo

1031 2057 1130 2083 melius
1141 2057 1214 2083 hunc
1225 2065 1381 2083 consumam
1393 2056 1485 2083 diem?
1516 2058 1555 2083 ⁴4.
1570 2057 1606 2082 M.
1619 2055 1691 2088 Quin
1702 2056 1785 2092 igitur
1795 2055 1830 2082 ad

1031 2095 1076 2121 illa
1087 2095 1173 2129 spatia
1188 2099 1277 2121 nostra
1288 2094 1421 2129 sedesque
1432 2093 1590 2130 pergimus?
1600 2093 1657 2124 ubi,
1665 2102 1751 2128 quum
1763 2094 1829 2120 satis

1030 2133 1080 2158 erit
1099 2131 1283 2163 ambulatum,
1306 2132 1521 2167 requiescemus,
1545 2139 1594 2158 nec
1613 2130 1732 2165 profecto
1749 2130 1828 2157 nobis

1030 2169 1171 2196 delectatio
1185 2169 1284 2200 deerit,
1307 2169 1383 2195 aliud
1397 2178 1432 2195 ex
1447 2168 1500 2195 alio
1515 2168 1718 2204 quaerentibus.
1758 2169 1826 2194 An.

1030 2208 1083 2233 Nos
1095 2215 1172 2233 vero:
1185 2211 1211 2233 et
1222 2206 1271 2232 bac
1282 2206 1394 2241 quidem
1405 2206 1489 2237 adire,
1502 2207 1527 2232 si
1536 2205 1632 2241 placet,
1646 2214 1695 2240 per
1705 2206 1790 2240 ripam
1802 2210 1828 2232 et

1030 2244 1165 2270 umbram.
1205 2243 1257 2270 Sed
1269 2245 1322 2270 iam
1333 2244 1422 2270 ordire
1432 2243 1577 2278 explicare,
1590 2251 1704 2278 quaeso,
1721 2243 1755 2269 de
1769 2243 1827 2268 iure

1029 2281 1182 2316 civiliquid
1193 2283 1303 2307 sentias.
1343 2282 1380 2308 M.
1397 2280 1506 2316 Egone?
1520 2289 1642 2307 summos
1653 2280 1737 2306 fuisse
1749 2279 1776 2306 in
1787 2280 1827 2306 ci-

1028 2320 1110 2345 vitate
1126 2323 1214 2345 nostra
1230 2319 1315 2349 viros,
1341 2319 1388 2354 qui
1405 2319 1432 2344 id
1449 2318 1617 2353 interpretari
1632 2316 1732 2352 populo
1745 2321 1770 2343 et
1785 2325 1828 2343 re—

1029 2357 1179 2391 sponsitare
1194 2355 1266 2382 soliti
1281 2356 1349 2382 sint:
1373 2355 1420 2382 sed
1436 2364 1494 2386 eos,
1517 2363 1614 2391 magna
1632 2353 1780 2389 professos,
1798 2354 1826 2380 in

1027 2395 1119 2428 parvis
1130 2402 1190 2420 esse
1205 2398 1335 2419 versatos.
1375 2392 1447 2425 Quid
1462 2393 1535 2419 enim
1550 2397 1591 2418 est
1605 2397 1721 2422 tantum,
1738 2399 1827 2425 quan-

1027 2435 1085 2457 tum
1097 2432 1140 2457 ius
1151 2429 1287 2457 civitatis?
1297 2430 1364 2465 quid
1375 2435 1465 2456 autem
1475 2435 1528 2456 tam
1539 2430 1679 2465 exiguum,
1692 2436 1774 2463 quam
1786 2434 1827 2455 est

1027 2476 1128 2494 munus
1144 2468 1194 2494 hoc
1209 2477 1316 2498 eorum,
1335 2468 1385 2503 qui
1395 2465 1591 2494 consuluntur?
1608 2474 1774 2501 quamquam
1785 2470 1827 2492 est

1026 2505 1127 2540 populo
1147 2506 1340 2532 necessarium.
1380 2505 1435 2531 Nec
1455 2513 1518 2531 vero
1533 2512 1592 2535 eos,
1614 2503 1663 2537 qui
1677 2503 1702 2529 ei
1718 2503 1825 2529 muneri

1026 2542 1214 2577 praefuerunt,
1232 2543 1355 2569 universi
1370 2542 1438 2568 iuris
1453 2546 1576 2576 expertes
1592 2539 1676 2566 fuisse
1687 2540 1823 2571 existimo,

1026 2580 1074 2606 sed
1086 2580 1135 2606 boc
1145 2579 1226 2606 civile
1232 2579 1306 2615 quod
1313 2584 1416 2609 vocant,
1424 2583 1534 2605 eatenus
1540 2582 1728 2607 exercuerunt,
1735 2577 1825 2612 quoad

1025 2617 1157 2652 populum
1173 2622 1308 2652 praestare
1319 2616 1472 2643 voluerunt.
1511 2615 1542 2642 Id
1552 2620 1641 2641 autem
1654 2615 1681 2641 in
1691 2615 1825 2650 cognitio-

1025 2663 1058 2681 ne
1073 2659 1113 2682 est
1123 2659 1217 2686 tenue,
1234 2655 1263 2682 in
1277 2662 1330 2681 usu
1345 2653 1538 2681 necessarium.
1577 2652 1758 2685 Quamobrem
1769 2659 1824 2687 quo

1933 1066 1941 1178 .-.Α---
