1941 3052
231 116 292 141 ΗΜ
782 113 836 137 tet.
873 111 907 136 M.
943 111 972 136 ΤΔ

1008 110 1293 137 tjttttittoxts

228 186 353 212 rahilium
369 184 458 210 votimt
470 189 626 211 nimum-nin.
640 191 718 217 qnae,
736 182 872 208 interiet-to
884 181 1018 209 inani,co-
1046 180 1048 209 i
1069 182 1217 207 salust-urim.
1253 181 1303 207 Sed
1316 181 1481 208 Simonidem
1493 182 1614 213 arbitror,
1627 183 1689 210 (non
1703 185 1775 210 enim
1787 189 1864 219 poeta

228 224 386 249 inu-ruwnnt
403 228 486 246 tutin-u
506 222 572 246 inti-r
584 229 611 244 su·
622 224 646 244 et
657 219 723 244 tiliae
736 219 801 244 alius
813 218 1018 253 apprehenden-

227 266 266 286 tes
277 261 477 285 continuantur:
493 266 523 283 vx
536 266 590 291 quo
601 256 754 281 estin-innuit
765 264 810 281 eae
823 255 1018 281 reruinfurtnae

227 303 306 331 utqui·
319 298 430 328 figura-¹,
445 304 512 328 quus
525 303 570 318 wis
582 293 651 318 effici
664 302 740 327 posse
752 293 810 318 sine
824 292 933 318 follibus
944 294 1018 318 etin-

226 335 342 359 emtum.-
355 342 404 358 non
418 332 524 365 putati-⁴.
548 332 636 364 ltaqu«¹
650 331 816 364 imposuistis
829 331 854 355 in
865 330 1018 355 cervicibus

1046 275 1049 300 l

227 372 323 398 nostri-⁴
339 370 531 403 >zi-iupiteruutn
547 368 701 396 dominum,
719 376 800 401 quem
815 367 874 392 dies
889 372 914 393 et
929 372 1018 393 noctes
1046 393 1048 400 Α

227 410 390 434 timeremus,
431 406 498 436 Quis
515 406 585 430 enini
603 414 653 430 tion
672 405 861 430 thiu-atomnia
874 404 1018 439 providen—

227 450 277 470 tein
294 449 318 469 vt
332 444 491 477 cogitantem
505 447 529 468 et
541 441 797 467 animadvertentem
809 442 932 467 etouuiia
945 441 976 467 tul
989 451 1017 466 se

225 482 356 516 pertint-re
385 484 535 513 putuutetu,
568 480 704 504 curiosum
730 483 755 504 et
783 478 892 512 plenum
918 479 1017 513 negotii

224 518 323 544 deum?
361 519 402 543 5555.
425 517 491 542 ilinc
514 516 590 542 vohis
611 517 713 542 exstitit
733 516 850 550 primum
868 515 912 541 illa
931 515 1017 541 fatalis

225 555 378 583 necessitas,
392 563 472 588 quain
485 554 638 588 εἱμαρμένην
650 553 753 583 dicitis,
768 557 809 583 ut,
826 553 961 588 quidquid
973 562 1017 578 ac-

1039 471 1048 520 t

1039 569 1047 578 υ
1070 562 1176 587 ΠΟῌἏῙὋ.

223 593 307 622 vidant,
328 591 352 617 itl
369 600 401 617 ex
418 596 522 617 aeterna
536 591 643 616 veritate
655 599 866 625 caussarumque
877 591 1017 616 continua·
1040 588 1041 598 ¹

224 630 293 656 tinne
306 628 415 655 fluxisse
426 628 532 654 dirutis
558 628 654 660 Quanti
669 632 757 653 autent
771 628 834 653 haec
846 627 1016 662 philosophia

223 666 387 692 aestimanda
399 671 448 696 est,
461 666 518 695 cui,
534 670 668 700 tamquam
682 664 810 695 aniculis,
824 669 848 691 et
862 665 894 691 iis
905 665 1016 700 quidem

223 704 346 733 indoctis,
362 703 413 729 fato
425 703 481 729 fieri
495 702 636 729 videantur
645 702 753 728 omuia‘?
771 702 900 737 Sequitur
909 701 1016 737 μαντική

223 746 323 769 vestra,
341 749 411 775 quae
428 741 519 767 Latine
535 740 665 766 divinatio
680 739 792 771 dicitur,
810 748 862 774 qua
880 744 949 766 tanta
966 740 1017 765 im-

223 778 571 812 bueremursuperstitione,
581 778 603 803 si
617 786 663 804 vos
673 777 766 803 audire
780 777 920 806 vellemus.
930 782 958 803 ut
970 777 1018 802 ha-

222 816 356 850 ruspices,
374 824 504 847 augures,
519 815 627 845 harioli,
645 820 718 840 vates
729 820 754 841 et
764 815 926 840 coniectores
939 814 1017 840 nobis

221 858 311 879 essent
322 852 437 879 colendi.
478 854 519 878 56.
543 852 588 878 ttis
604 852 749 878 terroribus
764 852 797 878 ab
808 852 925 886 Epicuro
936 851 1016 877 soluti

221 895 247 916 et
260 891 285 916 in
300 890 448 916 libertatem
463 889 600 916 vindicati,
611 898 658 916 nec
671 890 817 916 metuimus
828 898 882 918 eos,
895 898 964 924 quos
977 890 1017 915 in-

222 927 371 962 telligimus
383 936 431 953 nec
443 927 496 953 sibi
509 928 607 962 lingere
620 927 701 953 ullam
718 926 876 955 molestiam,
886 926 1016 952 necalteri

220 973 362 999 quaerere:
376 969 401 991 et
413 965 456 999 pie
467 969 612 999 sancteque
623 965 738 990 colimus
750 969 870 990 naturam
882 963 1017 990 excellen-

222 1007 273 1029 tem
287 1007 366 1037 atque
378 1007 566 1036 praestantem.
597 1002 648 1027 Sed
661 1002 745 1027 elatus
757 1001 855 1031 studio,
869 1010 970 1031 vereor,
985 1010 1016 1027 ne

223 1039 326 1075 longior
338 1039 444 1065 fuerim.
466 1040 526 1065 Erat
539 1044 626 1065 autem
638 1039 758 1069 difficile,
772 1048 827 1064 rem
840 1044 938 1065 tantam
950 1044 1017 1064 tam-

220 1086 274 1111 que
296 1076 457 1111 praeclaram
476 1077 625 1102 inchoatam
645 1076 806 1111 relinquere.
847 1076 1016 1110 Quamquam

222 1123 273 1140 nou
282 1119 333 1140 tam
341 1113 521 1140 dicendiratio
533 1114 600 1140 mihi
612 1113 722 1149 quidem
736 1113 858 1139 habenda
867 1112 925 1144 fuit,
934 1122 1014 1148 quam

220 1151 359 1178 audiendi.

276 1189 348 1214 XXI.
374 1189 415 1214 57.
437 1189 505 1214 Tum
517 1188 588 1214 Cotta
605 1188 728 1217 comiter,
746 1192 774 1214 ut
789 1187 905 1218 solebat,
923 1189 1014 1223 Atqui,

221 1227 322 1260 inquit,
342 1225 438 1255 Vellei,
457 1226 508 1251 nisi
524 1231 550 1251 tu
563 1225 666 1260 aliquid
678 1225 809 1255 dixisses,
828 1225 895 1251 nihil
908 1234 972 1252 sane
983 1234 1016 1252 ex
1037 1241 1040 1266 ἦ

221 1272 262 1289 me
274 1262 384 1297 quidem
397 1263 489 1288 audire
502 1263 646 1297 potuisses.
684 1263 751 1289 Mihi
763 1264 834 1289 enim
847 1267 964 1289 nontam
977 1262 1017 1289 fa-

219 1300 269 1326 cile
286 1301 311 1326 in
325 1304 440 1326 mentem
453 1301 543 1326 venire
557 1300 637 1329 solet,
654 1308 736 1334 quare
748 1308 843 1326 verum
854 1301 889 1326 sit
900 1299 1013 1335 aliquid,

219 1346 300 1372 quam
312 1346 395 1372 quare
408 1337 515 1363 falsum.
555 1337 637 1372 quue
649 1346 734 1372 quum
747 1346 835 1372 saepe,
849 1342 916 1367 tum,
929 1346 1014 1372 quum

221 1381 243 1401 te
255 1374 376 1401 audirem
389 1374 478 1409 paullo
490 1379 562 1405 ante,
575 1375 696 1410 contigit.
738 1375 824 1409 noges
837 1384 893 1406 me,
907 1375 1014 1410 qualem

219 1412 329 1438 (leorum
346 1417 468 1438 naturam
484 1420 542 1438 esse
558 1411 669 1438 ducam:
692 1412 761 1438 nihil
778 1412 888 1439 fortasse
905 1421 1016 1447 respon-

218 1450 306 1475 deam.
347 1449 474 1481 Quaeras,
489 1454 615 1484 putemne
628 1449 707 1476 talem
719 1458 791 1481 esse,
807 1449 897 1485 qualis
912 1449 990 1477 modo
1001 1459 1015 1476 a

219 1492 242 1513 te
254 1487 289 1512 sit
299 1487 433 1521 exposita:
457 1486 525 1512 nihil
540 1487 628 1513 dicam
641 1487 708 1513 mihi
721 1487 806 1513 videri
818 1488 918 1514 minus.

218 1529 361 1558 antequam
378 1524 520 1559 aggrediar
534 1523 568 1550 ad
583 1533 626 1555 ea,
644 1533 713 1559 quae
729 1533 743 1550 a
759 1529 782 1551 te
794 1524 930 1560 disputata
941 1530 1013 1554 sunt,

217 1561 250 1587 ‹le
267 1566 290 1587 te
308 1562 365 1596 ipso
380 1561 468 1587 dicam
480 1561 546 1596 quid
563 1562 688 1588 sentiam.
728 1563 770 1588 58.
793 1562 878 1597 Saepe
894 1563 966 1589 enim
982 1562 1015 1588 de

218 1599 247 1625 L.
261 1598 368 1629 Crasso,
383 1598 508 1625 familiari
520 1598 566 1625 illo
578 1604 636 1630 tuo,
651 1599 743 1626 videor
754 1599 877 1630 audisse,
893 1609 979 1635 quum
991 1605 1015 1626 te

218 1637 313 1671 togatis
324 1636 451 1662 omnibus
462 1637 520 1662 sine
530 1636 614 1663 dubio
621 1636 772 1667 anteferret,
780 1642 805 1663 et
815 1645 915 1672 paucos
927 1643 1013 1664 tecum

218 1673 364 1707 Epicureos
375 1682 388 1699 e
401 1674 512 1700 Graecia
526 1679 704 1709 compararem
727 1674 788 1705 sed,
806 1674 879 1709 quod
895 1675 928 1701 ab
945 1683 976 1701 eo
991 1679 1014 1701 te

218 1710 330 1736 mirifice
345 1710 423 1746 diligi
440 1711 639 1747 intelligebam,
657 1711 807 1738 arbitrabar
818 1711 895 1738 illum
908 1717 1016 1747 propter

218 1748 432 1774 benevolentiam
454 1748 482 1774 id
498 1748 610 1775 uberius
626 1749 725 1775 dicere.

219 1794 310 1811 vereor
322 1784 430 1812 laudare
441 1791 618 1820 praesentem,
628 1786 719 1813 iudico
730 1791 828 1817 tamen,
837 1786 870 1812 de
877 1795 904 1813 re
915 1787 1014 1813 obscu-

217 1831 244 1849 ra
256 1827 335 1857 atque
346 1822 508 1850 difficillima
520 1832 533 1849 a
546 1828 570 1850 te
581 1823 685 1850 dictum
699 1832 758 1850 esse
773 1823 906 1856 dilucide,
925 1833 1013 1859 neque

217 1861 356 1886 sententiis
371 1860 458 1886 solum
474 1861 595 1895 copiose,
616 1861 663 1887 sed
679 1861 770 1887 verbis
786 1861 866 1887 etiam
881 1862 1011 1893 ornatius,

217 1905 297 1932 quani
309 1897 395 1924 solent
406 1898 499 1924 vestri.
524 1899 566 1924 59.
586 1899 728 1929 Zenonem,
744 1907 826 1933 quem
839 1898 914 1925 Philo
926 1904 1015 1926 noster

216 1934 397 1969 coryphaeum
419 1934 554 1970 appellare
574 1936 769 1970 Epicureorum
789 1935 904 1967 solebat,
927 1945 1013 1971 quum

216 1971 329 1997 Athenis
341 1980 442 2004 essem,
456 1972 600 1999 audiebam
612 1972 778 2008 frequenter,
795 1978 821 1999 et
831 1973 942 2008 quidem
955 1974 1014 2008 ipso

217 2013 322 2035 auctore
338 2009 464 2037 Philone:
479 2010 572 2042 credo,
590 2014 620 2037 ut
634 2009 741 2037 facilius
752 2010 914 2042 iudicarem,
931 2019 1012 2046 quam

216 2045 262 2072 illa
276 2045 343 2073 bene
355 2046 549 2079 refellerentur,
561 2056 647 2083 quum
659 2057 673 2074 a
685 2048 807 2083 principe
816 2048 1012 2083 Epicureorum

217 2084 394 2118 accepissem,
411 2085 641 2119 quemadmodum
657 2085 816 2112 dicerentur.
860 2086 918 2112 Non
930 2086 1014 2121 igitur

217 2119 275 2152 ille,
289 2126 318 2147 ut
329 2121 466 2156 plerique,
479 2122 527 2149 sed
539 2123 590 2149 isto
601 2122 693 2154 modo,
706 2127 736 2149 ut
747 2127 788 2153 tu,
801 2122 938 2154 distincte,
951 2131 1013 2158 gra-

216 2158 293 2188 viter,
305 2163 406 2185 ornate.
447 2159 498 2186 Sed
511 2159 584 2195 quod
595 2160 623 2186 in
635 2159 681 2186 illo
692 2160 761 2186 mihi
772 2168 825 2186 usu
835 2168 916 2195 saepe
927 2161 1010 2190 venit,

216 2194 287 2220 idem
300 2195 391 2226 modo,
409 2204 494 2231 quum
507 2202 531 2223 te
542 2197 664 2224 audirem
673 2217 679 2228 ,
697 2197 848 2228 accidebat,
861 2202 892 2224 ut
901 2197 1012 2224 moleste

216 2230 326 2263 ferrem,
345 2237 447 2259 tantum
463 2235 603 2269 ingenium
619 2234 698 2269 (bona
714 2235 793 2261 venia
808 2243 851 2261 me
865 2235 970 2269 audies)
984 2235 1011 2261 in

216 2273 269 2295 tam
281 2268 363 2301 leves,
372 2278 405 2296 ne
415 2269 503 2296 dicam
516 2272 542 2298 in
554 2276 607 2298 tam
619 2273 733 2306 ineptas,
741 2273 888 2298 sententias
898 2272 1013 2299 incidis-

216 2314 254 2331 se.
276 2308 317 2333 60.
333 2307 387 2333 Nec
398 2315 447 2342 ego
458 2317 530 2334 nunc
542 2309 599 2343 ipse
611 2308 715 2344 aliquid
725 2309 832 2335 afferam
843 2309 951 2336 melius.
979 2310 1013 2336 Ut

216 2343 287 2368 enim
299 2343 378 2370 modo
389 2343 456 2375 dixi,
469 2346 597 2372 omnibus
609 2345 663 2372 fere
675 2347 702 2373 in
714 2346 804 2375 rebus.
817 2352 843 2373 et
854 2347 972 2373 maxime
983 2347 1011 2373 in
1032 2348 1034 2369 ἴ

216 2379 346 2414 physicis,
360 2381 426 2416 quid
438 2390 490 2408 non
501 2383 545 2413 sit,
561 2384 651 2414 citius,
659 2392 741 2418 quam
751 2383 819 2418 quid
830 2384 873 2415 sit,
882 2384 1009 2410 dixerim.

217 2416 301 2443 XXII.
315 2418 400 2453 Reges
411 2427 462 2449 me,
471 2419 538 2454 quid
549 2425 595 2447 aut
604 2420 684 2455 quale
695 2421 731 2447 sit
740 2421 822 2447 deus:
835 2426 942 2448 auctore
951 2426 1011 2448 utar

217 2452 363 2485 Simonide,
377 2455 410 2481 de
421 2464 475 2490 quo
485 2465 570 2491 quum
582 2458 763 2492 quaesivisset
774 2458 824 2484 hoc
835 2458 907 2484 idem
919 2463 1011 2494 tyran-

218 2497 268 2515 nus
288 2490 378 2521 Hiero,
401 2491 569 2520 deliberandi
589 2495 644 2521 sibi
659 2503 745 2521 unum
763 2495 836 2521 diem
852 2496 1008 2530 postulavit.

217 2526 306 2557 Quum
318 2528 388 2554 idem
399 2538 433 2555 ex
443 2538 474 2556 eo
487 2531 615 2565 postridie
625 2537 772 2567 quaereret,
781 2532 896 2559 biduum
902 2533 1008 2568 petivit.

216 2561 306 2594 Quum
325 2566 432 2605 saepius
452 2567 602 2602 duplicaret
620 2577 763 2596 numerum
779 2569 899 2601 dierum,
922 2570 1012 2596 admi-

218 2607 332 2641 ransque
344 2601 423 2643 *Hiero
437 2606 592 2638 requireret,
605 2614 654 2632 cur
664 2607 700 2633 ita
712 2606 821 2639 faceret;
835 2608 910 2642 quia,
922 2616 1010 2642 quan-

218 2641 256 2666 to,
275 2642 375 2672 inquit,
392 2638 495 2667 diutius
509 2643 662 2677 considero,
679 2648 751 2672 tanto
766 2644 835 2671 mihi
848 2653 891 2672 res
902 2644 1010 2672 videtur

963 1487 1015 1514 Sed
1045 1489 1046 1492 ’

766 1749 822 1785 Ego
837 1754 940 1780 autem,
963 1749 1014 1776 etsi
1036 1750 1037 1775 ἶ

1046 998 1047 1019 ¹
1069 1009 1120 1026 non
1136 1002 1202 1027 satis
1217 1000 1320 1027 firmam
1337 1010 1410 1036 ρυιο.

1046 1120 1047 1128 ¹
1068 1113 1264 1139 confiteremur.

1069 219 1156 243 sulum
1168 220 1274 248 mavis.
1295 227 1387 244 verum
1399 220 1478 245 etiam
1490 221 1625 255 ceteroqui
1636 221 1730 247 doctus
1742 222 1864 256 sapiens-

1069 255 1330 290 qiietra‹littir,)quia
1344 256 1426 282 multa
1439 258 1559 283 venirent
1571 259 1596 283 in
1610 264 1724 284 mentem
1737 264 1812 284 acuta
1824 263 1863 284 at-

1046 307 1048 310 ·
1069 302 1122 327 que
1137 292 1260 322 subtilia,
1278 292 1460 323 dubitantem,
1477 294 1543 328 quid
1560 303 1651 321 eorum
1667 300 1737 321 esset
1755 295 1864 321 verissi-

1071 338 1158 359 mum,
1180 329 1337 364 desperasse
1355 339 1462 356 omnem
1480 332 1627 358 veritatem.
1668 334 1709 358 fil.
1730 333 1864 367 Epicurus

1071 376 1132 392 vero
1147 372 1209 392 tuus
1220 368 1290 400 (nam
1302 376 1363 393 cuni
1378 367 1422 393 illo
1434 367 1503 393 malo
1514 368 1645 395 disserere
1654 390 1659 399 .
1672 378 1753 404 quam
1767 375 1863 401 tecum,

1069 404 1135 438 quid
1148 404 1222 433 dicit,
1236 404 1307 438 quod
1321 414 1372 430 non
1385 405 1463 431 modo
1475 406 1646 441 philosophia
1657 406 1770 442 dignum
1783 412 1862 433 esset.

1070 441 1116 467 sed
1130 441 1257 467 mediocri
1269 442 1429 476 prudentia?

1125 479 1267 510 Quaeritur
1283 480 1400 513 primum
1419 480 1444 505 in
1461 488 1490 505 ea
1502 481 1672 514 quaestione,
1689 489 1757 515 quae
1773 487 1813 507 ent
1831 480 1864 507 de

1071 520 1162 541 natura
1179 515 1305 546 deorum,
1328 517 1416 542 sintne
1433 516 1470 542 dii
1491 525 1573 543 necne
1591 518 1655 543 sint.
1696 517 1808 544 Difficile
1825 523 1864 544 est

1217 553 1311 583 Credo.
1324 554 1346 579 si
1361 554 1385 580 in
1398 555 1525 580 concione
1536 559 1692 589 quaeratur:
1711 555 1758 581 sed
1774 556 1800 582 in
1814 555 1864 581 hu·

1071 590 1185 616 iusmodi
1201 599 1324 616 sermone
1339 595 1365 617 et
1382 592 1407 617 in
1422 600 1549 617 consessu
1563 591 1732 618 facillimum.
1774 593 1864 628 Itaque

1069 636 1118 660 ego
1131 628 1187 661 ipse
1199 627 1333 662 pontifex,
1351 629 1398 663 qui
1413 629 1589 655 caerimonias
1604 628 1802 664 religionesque
1813 638 1864 664 pu-

1069 663 1152 690 blicas
1164 666 1334 691 sanctissime
1346 665 1459 692 tuendas
1470 666 1592 695 arbitror,
1607 667 1629 692 is
1642 666 1703 697 hoc,
1721 666 1793 701 quod
1808 667 1864 701 pri—

1070 711 1142 728 mum
1155 707 1203 732 est,
1220 711 1278 728 esse
1290 703 1363 733 deos,
1373 703 1528 737 persuaderi
1541 703 1607 729 mihi
1621 712 1671 730 non
1683 705 1809 738 opinione
1821 712 1864 730 so—

1070 739 1134 767 lum,
1148 739 1286 766 sedetiam
1299 739 1331 766 ad
1345 741 1482 766 veritatem
1495 740 1573 775 plane
1586 740 1677 767 velim.
1698 741 1779 767 Mutia
1790 750 1863 767 enim

1068 782 1224 806 occurrunt,
1246 786 1316 812 quae
1331 778 1503 806 conturbent,
1526 783 1554 804 ut
1571 778 1705 804 interdum
1722 778 1789 804 nulli
1805 787 1864 805 esse

1069 813 1220 840 videantur.
1260 816 1301 840 62.
1324 815 1376 841 Sed
1391 815 1465 844 vide,
1483 824 1564 850 quam
1577 820 1664 841 tecum
1676 824 1753 851 agam
1767 815 1864 842 libera-

1070 850 1142 878 liter:
1155 860 1223 886 quae
1232 853 1385 878 communia
1400 857 1463 878 sunt
1476 852 1552 879 vobis
1563 861 1624 878 cum
1637 854 1732 879 ceteris
1744 852 1864 888 philoso-

1069 888 1139 922 phis.
1154 898 1205 915 non
1217 890 1355 924 attingam,
1375 894 1403 916 ut
1415 889 1463 915 hoc
1475 890 1579 924 ipsum:
1596 889 1682 924 placet
1693 891 1765 916 enim
1776 891 1864 917 omni-

1070 926 1121 951 bus
1137 925 1204 956 fere,
1223 927 1345 961 mihique
1357 927 1408 961 ipsi
1422 928 1447 953 in
1461 928 1569 961 primis,
1587 927 1652 954 deos
1663 936 1732 954 esse.
1773 928 1864 963 Itaque

1069 971 1120 989 non
1133 972 1233 998 pugno.
1275 964 1411 990 Rationem
1424 970 1511 990 tamen
1522 973 1590 993 eam,
1603 973 1672 999 quae
1684 970 1734 991 ate
1745 964 1862 993 affertur.

1452 1001 1548 1028 xxttt.
1570 1002 1646 1034 Quod
1658 1003 1730 1028 enim
1741 1003 1863 1028 omnium

1068 1039 1189 1073 gentium
1201 1046 1385 1073 generumque
1397 1039 1553 1065 hominibus
1565 1040 1599 1065 ita
1612 1039 1760 1070 videretur,
1780 1040 1806 1065 id
1821 1048 1864 1065 sa—

1069 1075 1103 1101 tis
1120 1084 1246 1111 magnum
1263 1084 1322 1102 esse
1338 1082 1526 1110 argumentum
1542 1076 1649 1106 dixisti,
1667 1086 1715 1103 cur
1729 1085 1788 1103 esse
1799 1076 1864 1103 deos

1305 1112 1381 1145 Quod
1402 1122 1487 1148 quum
1509 1113 1566 1140 leve
1582 1122 1630 1148 per
1647 1122 1688 1143 se,
1712 1119 1768 1140 tum
1783 1114 1864 1140 etiam

1069 1149 1166 1176 falsum
1181 1155 1229 1176 est.
1271 1151 1390 1176 Primum
1407 1151 1479 1176 enim
1497 1151 1568 1177 unde
1583 1156 1659 1177 notae
1671 1152 1721 1177 tibi
1731 1156 1795 1178 sunt
1804 1152 1864 1186 opi-

1069 1188 1162 1213 niones
1175 1187 1329 1214 nationum?
1343 1187 1476 1222 Equidem
1488 1188 1610 1219 arbitror,
1619 1188 1717 1214 multas
1728 1197 1787 1214 esse
1797 1196 1865 1224 gen-

1069 1230 1108 1251 tes
1119 1226 1158 1251 sic
1170 1225 1335 1251 immanitate
1347 1225 1476 1255 efferatas,
1485 1225 1592 1260 utapud
1603 1234 1648 1252 eas
1659 1225 1732 1252 nulla
1744 1226 1864 1260 suspicio

1068 1262 1180 1289 deorum
1196 1263 1240 1288 sit.
1281 1264 1323 1289 63.
1345 1262 1434 1295 Quid?
1453 1263 1593 1298 Diagoras,
1611 1263 1697 1293 ἄθεος
1711 1263 1759 1298 qui
1774 1262 1864 1290 dictus

1046 1325 1047 1334 ,
1068 1305 1116 1331 est,
1131 1305 1275 1335 posteaque
1286 1299 1450 1327 Theodorus.
1465 1308 1552 1327 nonne
1563 1305 1652 1335 aperte
1663 1300 1775 1327 deorum
1786 1305 1864 1327 natu-

1046 1339 1047 1346 *
1069 1346 1124 1363 ram
1136 1337 1321 1364 sustulerunt?
1342 1338 1407 1364 Nam
1419 1337 1561 1364 Abderites
1574 1337 1685 1373 quidem
1697 1338 1862 1374 ProtagoraS,

1068 1375 1146 1401 cuius
1158 1384 1171 1401 a
1184 1380 1208 1401 te
1220 1375 1298 1401 modo
1309 1375 1409 1401 mentio
1421 1374 1488 1401 facta
1499 1379 1547 1406 est,
1555 1375 1690 1410 sophistes
1696 1375 1864 1410 temporibus

1045 1421 1046 1437 t
1068 1412 1124 1438 illis
1136 1412 1177 1438 vel
1190 1413 1340 1443 maximus.
1353 1421 1439 1447 quum
1451 1413 1478 1439 in
1489 1413 1623 1447 principio
1635 1412 1697 1439 libri
1707 1413 1752 1439 sui
1765 1413 1804 1439 sic
1816 1420 1864 1447 po-

1067 1451 1181 1481 suisset,
1199 1451 1235 1476 De
1246 1453 1308 1480 diis,
1322 1459 1400 1484 neque
1412 1455 1438 1476 ut
1448 1453 1513 1481 sint,
1524 1459 1604 1484 neque
1614 1455 1701 1477 utnon
1710 1453 1774 1480 sint,
1785 1451 1864 1476 habeo

1067 1489 1164 1520 ‹licere‚·
1176 1487 1382 1514 Atheniensium
1395 1488 1471 1514 iussu
1483 1487 1550 1514 urbe
1561 1492 1640 1523 atque
1651 1496 1715 1523 agro
1725 1492 1766 1514 est
1775 1492 1865 1514 extet·-

1068 1525 1195 1556 minatus,
1209 1525 1327 1560 librique
1338 1526 1397 1551 eius
1408 1526 1435 1551 in
1447 1525 1574 1551 concione
1584 1525 1729 1552 combusti.
1755 1525 1796 1551 Ex
1809 1532 1864 1560 quo

1044 1590 1046 1597 ,
1067 1562 1194 1597 equidem
1205 1563 1340 1593 existimo,
1349 1562 1477 1589 tardiores
1488 1562 1522 1589 ad
1534 1562 1602 1589 banc
1611 1563 1771 1589 sententiam
1782 1561 1864 1597 profi-

1044 1624 1045 1630 ,
1067 1599 1175 1626 tendam
1187 1600 1286 1627 multos
1299 1609 1358 1627 esse
1375 1599 1469 1630 factos,
1487 1600 1589 1635 quippe
1604 1608 1689 1635 quum
1705 1607 1818 1635 poenam
1829 1607 1864 1626 ne

1035 1780 1037 1793 l

1067 1637 1200 1664 dubitatio
1215 1637 1326 1672 quidem
1341 1637 1459 1673 effugere
1470 1638 1612 1672 potuisset.
1651 1636 1724 1669 Quid
1735 1636 1768 1663 de
1779 1637 1864 1663 sacri-

1068 1674 1145 1710 legis,
1158 1674 1225 1710 quid
1237 1675 1269 1701 de
1281 1675 1374 1709 impiis
1385 1675 1556 1709 periurisque
1567 1673 1710 1701 dicemus?

1178 1727 1215 1732 —
1228 1713 1339 1738 Tubulus
1348 1715 1371 1738 si
1381 1712 1476 1737 Lucius
1487 1721 1615 1745 umquam,

1140 1752 1164 1776 si
1175 1750 1270 1782 Lupus,
1281 1754 1327 1775 aut
1340 1749 1430 1779 Carbo,
1446 1747 1510 1785 [aut]
1525 1749 1637 1782 Neptuni
1649 1750 1727 1781 filius,
1740 1763 1776 1768 ——-

1066 1791 1096 1814 ut
1106 1787 1142 1814 ait
1154 1786 1287 1817 Lucilius,
1306 1791 1426 1821 putasset
1443 1794 1502 1812 esse
1518 1785 1595 1818 deos;
1615 1791 1668 1812 tam
1680 1787 1806 1821 periurus
1817 1791 1863 1812 aut

1066 1830 1119 1850 tam
1132 1825 1256 1859 impurus
1268 1823 1381 1850 fuisset?
1410 1824 1451 1849 64.
1473 1823 1530 1849 Non
1546 1828 1587 1849 est
1602 1824 1685 1858 igitur
1700 1828 1753 1850 tam
1767 1822 1864 1858 explo-

1066 1867 1120 1888 rata
1136 1863 1185 1888 ista
1197 1862 1263 1888 ratio
1273 1861 1305 1887 ad
1319 1860 1435 1895 id,quod
1447 1859 1863 1896 vultis,confirmandum,quam

1066 1899 1182 1925 videtur.
1223 1898 1274 1925 Sed
1295 1899 1359 1933 quia
1377 1906 1520 1924 commune
1540 1903 1580 1924 est
1601 1897 1650 1924 hoc
1672 1903 1863 1934 argumentum

1066 1937 1179 1963 aliorum
1190 1937 1270 1962 etiam
1283 1935 1520 1970 philosophorum,
1533 1936 1655 1962 omittam
1667 1935 1717 1962 hoc
1728 1940 1860 1971 tempore:

1066 1973 1099 2000 ad
1111 1978 1197 1999 vestra
1209 1974 1316 2008 propria
1329 1973 1420 1999 venire
1436 1972 1514 2001 malo.

1120 2012 1161 2037 65.
1183 2010 1305 2038 Concedo
1316 2018 1374 2036 esse
1386 2009 1464 2036 deos:
1478 2009 1543 2036 doce
1554 2018 1596 2035 me
1608 2010 1700 2045 igitur,
1713 2008 1786 2036 unde
1796 2010 1860 2040 sint,

1066 2049 1113 2075 uhi
1125 2049 1188 2079 sint,
1201 2047 1296 2083 quales
1307 2048 1362 2074 sint
1372 2055 1490 2082 corpore,
1504 2047 1602 2077 animo,
1617 2048 1681 2073 vita.
1708 2047 1778 2074 Haec
1787 2047 1861 2073 enim

1065 2086 1134 2112 scire
1144 2085 1278 2112 desidero.
1319 2084 1446 2111 Abuteris
1460 2083 1494 2111 ad
1509 2085 1599 2111 omnia
1614 2089 1763 2110 atomorum
1779 2092 1862 2120 regno

1065 2128 1090 2150 et
1102 2123 1218 2149 licentia.
1252 2123 1328 2153 Hinc,
1342 2121 1534 2157 quodcumque
1545 2122 1573 2148 in
1584 2120 1672 2148 solum
1683 2121 1765 2152 venit,
1779 2126 1809 2148 ut
1817 2120 1861 2147 di-

1065 2161 1147 2191 citur,
1170 2159 1278 2195 effingis
1297 2164 1378 2194 atque
1399 2158 1495 2185 efficis.
1535 2158 1609 2191 Quae
1629 2159 1749 2193 primum
1771 2157 1861 2185 nullae

1064 2202 1137 2224 sunt.
1159 2196 1233 2223 Nihil
1245 2201 1286 2223 est
1295 2198 1378 2227 enim,
1394 2195 1466 2231 quod
1478 2201 1553 2222 vacet
1563 2204 1686 2230 corpore;
1702 2194 1861 2230 corporibus

1065 2239 1154 2261 autem
1164 2235 1253 2261 omnis
1263 2234 1404 2261 obsidetur
1413 2233 1501 2265 locus,
1520 2234 1556 2259 ita
1567 2233 1674 2259 nullum
1685 2233 1777 2262 inane,
1791 2231 1859 2258 nihil

1064 2280 1123 2298 esse
1135 2271 1310 2298 individuum
1326 2275 1422 2306 potest.
1462 2270 1559 2296 XXIV.
1581 2272 1623 2296 66.
1645 2270 1714 2296 Haec
1727 2277 1777 2304 ego
1787 2277 1861 2295 nunc

1064 2309 1240 2345 Physicorum
1251 2308 1358 2335 oracula
1370 2307 1466 2334 fundo:
1483 2316 1544 2334 vera
1555 2316 1590 2334 an
1600 2306 1680 2338 falsa,
1694 2307 1798 2333 nescio:
1811 2305 1860 2332 sed

1064 2347 1121 2373 veri
1133 2351 1221 2373 tamen
1234 2345 1374 2375 similiora,
1387 2353 1470 2380 quam
1482 2349 1578 2371 vestra.
1611 2345 1664 2370 Ista
1674 2344 1748 2370 enim
1759 2342 1859 2379 flagitia

1063 2384 1220 2414 Democriti,
1238 2384 1297 2410 sive
1307 2384 1387 2410 etiam
1398 2387 1458 2408 ante
1468 2382 1614 2416 Leucippi,
1629 2389 1688 2407 esse
1697 2379 1859 2416 corpuscula

1063 2421 1196 2456 quaedam
1208 2420 1286 2451 levia,
1295 2420 1347 2447 alia
1358 2427 1461 2454 aspera.
1469 2419 1582 2446 rotunda
1592 2418 1653 2449 alia,
1661 2418 1759 2452 partim
1768 2423 1858 2444 autem

1064 2458 1202 2494 angulata,
1219 2463 1329 2484 curvata
1344 2456 1477 2493 quaedam
1492 2461 1518 2483 et
1532 2456 1611 2491 quasi
1625 2454 1743 2487 adunca3
1767 2463 1801 2482 ex
1815 2454 1859 2481 his

1063 2495 1186 2522 effectum
1198 2504 1258 2521 esse
1269 2495 1374 2521 caelum
1385 2498 1464 2528 atque
1474 2499 1586 2523 terram,
1602 2491 1677 2519 nulla
1687 2497 1799 2528 cogente
1810 2501 1859 2518 na—

1063 2538 1130 2563 tura,
1146 2532 1194 2560 sed
1205 2541 1338 2559 concursu
1348 2531 1464 2567 quodam
1476 2530 1593 2557 fortuito.
1629 2529 1702 2556 Hanc
1712 2534 1741 2556 tu
1751 2530 1858 2564 opinio-

1063 2578 1139 2601 nem,
1156 2570 1186 2597 C.
1202 2569 1300 2600 Vellei,
1319 2577 1405 2604 usque
1418 2568 1452 2594 ad
1473 2567 1541 2594 hanc
1559 2571 1671 2593 aetatem
1692 2566 1854 2602 perduxisti,

1063 2608 1194 2642 priusque
1205 2612 1230 2634 te
1241 2607 1304 2642 quis
1315 2606 1348 2633 de
1357 2606 1431 2633 omni
1443 2606 1512 2631 vitae
1523 2609 1602 2634 statu,
1611 2612 1693 2639 quam
1703 2604 1736 2630 de
1747 2605 1797 2630 ista
1807 2611 1858 2630 au—

1062 2646 1182 2671 ctoritate
1195 2643 1332 2671 deiecerit.
1373 2643 1440 2670 Ante
1451 2643 1524 2669 enim
1534 2641 1673 2672 iudicasti,
1691 2642 1856 2676 Epicureum
